4242 6492
758 360 817 420 Η
2178 359 2633 421 τεητυιιιΑΝι
3996 364 4072 423 12

760 474 1055 551 discipulis,
1086 477 1155 535 ab
1203 476 1331 550 ipsis
1382 478 1513 535 tanti
1564 476 1803 549 magistri
1844 472 2012 533 libro’s
2058 478 2346 547 acceperit,
2378 479 2521 539 Aad
2595 477 2973 549 disputandum
3034 476 3102 536 de
3158 478 3427 552 Scriptura
3491 494 3595 539 non
3663 496 3787 539 esse
3836 482 4071 537 audien-

760 573 830 627 ab
878 572 1062 626 iisdem
1108 572 1564 642 expeditissimam
1618 572 1683 625 ad
1735 581 2022 625 novatores
2086 570 2353 638 quoslibet

760 670 965 739 absque
991 668 1105 724 acie
1148 685 1249 724 nec
1273 684 1446 739 pugna
1502 666 1874 730 debellandos,
1922 666 2351 734 tutissimamque

761 762 1105 819 traditionum
1122 772 1174 817 et
1199 762 1659 831 prtescriptiouum
1693 762 1861 825 viam,
1891 759 2240 829 indagaverit,
2275 768 2351 813 tc-

765 857 960 923 nuerit,
976 867 1357 925 expertamque
1376 854 1642 918 habuerit;
1661 853 1891 922 indeque
1911 852 2185 922 penitusin
2206 866 2351 905 men-

763 959 811 1002 te
835 949 934 1003 hoc
962 950 1181 1003 infixum
1200 948 1816 1023 reposueritconsilium,
1846 961 2013 1001 novos
2043 961 2239 1015 nempe
2260 961 2351 1000 ve-

758 1043 928 1097 ritatis
948 1040 1126 1096 hostes
1145 1041 1209 1094 ad
1227 1040 1484 1109 judicium
1509 1038 1769 1109 rapiendi,
1797 1052 2018 1109 eosque,
2036 1053 2134 1093 nec
2159 1054 2216 1092 re
2234 1052 2354 1107 per-

759 1150 947 1204 pensa,
974 1149 1069 1188 nec
1089 1148 1278 1188 caussa
1304 1133 1575 1204 agitata,vi
1600 1132 1953 1204 quarumdam
1978 1133 2235 1187 duntaxat
2263 1148 2356 1187 ex-

757 1227 1086 1299 ceptionem,
1105 1226 1172 1279 ab
1195 1225 1341 1281 omni
1380 1225 1470 1279 lite
1498 1225 1820 1295 expellendi,
1853 1224 2241 1295 damnatosque
2270 1240 2355 1279 re-

758 1319 1025 1374 mittendi.
1069 1318 1172 1389 (Cf.
1206 1318 1357 1381 Eus.,
1388 1317 1524 1372 Hist.
1546 1318 1769 1385 Eccl.,l.
1800 1318 1865 1384 ll,
1894 1335 1943 1373 ε.
1972 1318 2027 1385 2,
2050 1318 2357 1389 p.4l;Ter-

755 1412 873 1464 tull.
896 1415 959 1464 de
992 1410 1145 1466 Cultu
1170 1410 1259 1479 Κ,
1280 1412 1314 1465 l.
1338 1411 1377 1472 1,
1398 1428 1444 1463 c.
1467 1411 1595 1465 6.-
1621 1410 1765 1465 Hier.
1783 1409 1889 1464 Vir.
1914 1409 2140 1476 lllustr.,
2162 1428 2211 1466 c.
2235 1410 2355 1482 55.)

828 1504 945 1569 Quo
994 1504 1219 1559 consilio
1278 1504 1386 1573 jam
1430 1520 1564 1573 pene
1615 1515 1848 1574 peracto,
1888 1505 1968 1560 vel
2022 1504 2087 1559 ad
2155 1515 2353 1561 metam

758 1606 1105 1665 properante,
1134 1595 1316 1659 subiit,
1372 1597 1486 1651 sive
1532 1612 1596 1651 ex
1641 1597 1960 1651 clericorum
2008 1612 2353 1651 romanorum

756 1689 979 1756 invidia,
1010 1690 1121 1744 sive
1147 1706 1209 1743 ex
1231 1691 1508 1759 impotenti
1543 1691 1786 1760 Septimii
1810 1690 2044 1759 ingenio,
2064 1691 2354 1744 acerrimo-

754 1799 857 1853 que
887 1784 984 1837 viri
1018 1783 1233 1839 africani
1267 1786 1467 1848 animo,
1500 1783 1725 1853 lugenda
1781 1798 1909 1837 sane
1938 1783 2198 1853 procella,
2232 1800 2352 1853 qua:

2456 573 3658 631 dos...................
3738 574 4067 632 XV—XIX.

2508 665 2815 722 Scaeua“.
2832 667 2912 722 Ab
2927 668 3041 738 ipso
3054 666 3266 723 Christo
3281 670 3585 738 Apostolos,
3603 670 3669 725 ab
3681 670 3959 739 Apostolis
3975 682 4068 723 ec-

2456 759 2647 813 clesias
2662 773 2844 813 sanam
2864 760 3201 829 disciplinam
3218 763 3445 830 posteris
3464 762 3890 817 transferendam
3905 775 4073 816 acce-

2455 850 2724 921 pisse,nec
2738 852 2951 907 aliunde
2968 853 3127 907 ullam
3145 855 3937 924 esseaccipiendatii.XX—XX
3953 853 4075 912 Vll.

2532 944 2797 1001 Tum“.
2868 946 2992 1002 ldeo
3033 963 3214 1002 veram
3246 948 3501 1003 Ecclesiae
3547 950 3884 1014 doctrinam,
3939 948 4076 1019 quia

2462 1055 2651 1104 unam;
2695 1040 2880 1094 falsam
2908 1056 3039 1095 vero
3070 1041 3469 1103 haereticorum,
3498 1042 3637 1111 quod
3664 1044 3959 1097 diversam.

2531 1131 2817 1200 Quum-ut.
2854 1132 2983 1188 Illud
3016 1148 3199 1189 verum
3230 1144 3283 1189 et
3310 1135 3572 1201 divinum,
3598 1135 3737 1204 quod
3781 1136 3928 1204 prius
3960 1143 4079 1187 tra-

2460 1223 2649 1279 ditum.
2698 1266 2710 1280 .
2756 1264 2773 1281 .
2817 1266 2831 1280 .
2874 1264 2889 1279 .
2934 1263 2948 1278 .
2994 1264 3009 1279 .
3057 1267 3068 1277 .
3117 1265 3130 1280 .
3176 1264 3190 1280 .
3241 1268 3253 1280 .
3300 1264 3313 1278 .
3361 1269 3373 1281 .
3419 1266 3433 1279 .
3480 1269 3493 1282 .
3539 1266 3553 1281 .
3611 1224 4072 1282 XXIX—XXXI.

2534 1317 2805 1385 QUINTAI.
2840 1317 3083 1373 Firmum
3108 1333 3228 1373 esse
3246 1334 3387 1372 vera:
3420 1317 3671 1373 Ecclesiae
3698 1319 4078 1374 testimonium

2461 1413 2770 1464 continuam
2841 1410 2909 1465 ab
2958 1410 3228 1480 Apostolis
3302 1410 3678 1482 episcoporum
3766 1411 4080 1465 successio-

2462 1501 4077 1557 nem....................XXXII.

2526 1592 2764 1647 Samus.
2803 1592 2934 1647 Vera
2964 1602 3047 1647 est
3071 1592 3354 1664 disciplina
3377 1602 3583 1657 nostra,
3616 1610 3734 1663 qua:
3779 1596 3847 1649 ab
3893 1594 4083 1663 Apos-

2458 1684 2583 1739 tolis
2604 1686 2783 1754 utique
2808 1699 2914 1739 non
2942 1684 3247 1751 damnatur,
3276 1686 3383 1739 imo
3411 1684 3740 1750 defenditur;
3766 1686 3897 1739 falsa
3942 1700 4083 1740 vero

2457 1777 2707 1846 quaelibet
2758 1777 2901 1843 alia,
2962 1786 3146 1847 utpote
3206 1777 3483 1847 Apostolis
3546 1778 3717 1832 aliena
3772 1778 3855 1831 vel
3915 1778 4083 1831 inco-

755 1850 877 1930 eum
905 1877 971 1929 ab
1002 1875 1120 1929 navi
1170 1873 1429 1931 Ecclesia:
1455 1886 1508 1929 et
1537 1850 1691 1945 portu
1723 1874 1844 1929 fidei
1883 1850 2159 1929 εειίιιοιίςω
2189 1850 2350 1928 ίη’ίη-
2382 1850 2606 1940 Bgnna
2650 1908 2663 1923 .
2711 1911 2723 1923 .
2772 1910 2786 1925 .
2831 1906 2846 1923 .
2891 1908 2905 1923 .
2952 1910 2968 1925 .
3010 1908 3023 1923 .
3077 1910 3091 1924 .
3137 1912 3150 1924 .
3198 1908 3213 1924 .
3262 1908 3276 1923 .
3322 1909 3335 1923 .
3384 1910 3396 1924 .
3442 1910 3457 1925 .
3505 1868 4082 1925 .xxxut—xxxv.

756 1969 872 2023 vios
892 1968 1231 2023 Montanismi
1256 1968 1503 2037 sc0pulos
1533 1968 1783 2037 abripuit.
1806 1966 2077 2022 Interdum
2102 1982 2230 2022 vero
2267 1983 2354 2023 re-

757 2062 955 2115 mansit
984 2059 1347 2115 Tertullianus
1387 2060 1631 2115 veritatis
1692 2062 2027 2131 aliquatenus
2055 2060 2356 2116 indefessus

757 2163 1019 2220 assertor,
1052 2165 1105 2209 et
1134 2169 1254 2209 cum
1277 2157 1388 2223 jam
1420 2155 1657 2207 ultimam
1687 2155 1859 2207 anatis
1885 2169 2000 2209 suae
2038 2166 2239 2223 partem
2271 2163 2354 2207 to-

760 2259 865 2302 tam
915 2248 965 2302 in
1000 2248 1293 2303 certamina
1354 2248 1729 2317 impenderet,
1778 2263 1884 2301 non
1944 2248 2150 2317 respuit
2185 2262 2353 2301 exan-

758 2341 917 2395 tlatos
959 2350 1113 2394 antea
1138 2340 1467 2405 Iabores,ac
1504 2338 1556 2392 in
1604 2340 1773 2395 lucem
1820 2340 1999 2393 emisit
2044 2339 2360 2411 praeclarum

761 2432 891 2487 illud
923 2432 1349 2502 Prarscriptionis
1377 2430 1653 2485 catholica:
1682 2441 2108 2486 monumentum.

835 2526 971 2579 Hine
1002 2525 1155 2578 nobis
1179 2525 1347 2578 satius
1373 2524 1546 2577 visum
1570 2532 1653 2577 est
1676 2525 1777 2577 hoc
1812 2538 1947 2591 Opus
1970 2523 2201 2577 medium
2224 2522 2362 2577 inter

762 2617 1031 2679 catholici,
1072 2618 1514 2684 niontanistzeque
1545 2614 1855 2668 Tertulliani
1888 2614 2050 2668 libros
2072 2628 2357 2683 seponere,

764 2712 896 2765 ratis
926 2710 1177 2763 nimirum
1213 2706 1431 2762 huncad
1462 2718 1741 2775 utramque
1770 2707 1885 2775 ejus
1914 2707 2109 2778 ingenii
2142 2706 2354 2774 faciem,

761 2801 1054 2871 ambssque
1073 2800 1192 2855 vitae
1215 2800 1381 2870 ipsius
1404 2806 1582 2868 partes
1609 2800 1878 2868 reSpicere
1898 2813 1961 2854 ac
1977 2799 2167 2854 eodem
2200 2800 2356 2855 titulo

765 2893 1053 2965 pertinere.

1319 2997 1695 3037 ABGUIENTUSI.

836 3098 989 3154 Hunc
1018 3098 1211 3153 librum
1236 3097 1361 3151 licet
1383 3096 1435 3151 in
1461 3097 1595 3150 duas
1622 3094 1868 3152 scindere
1900 3108 2099 3167 partes,
2133 3113 2358 3168 quarum

766 3191 915 3262 prior
967 3191 1162 3261 prtevia
1197 3188 1441 3259 qumdam
1491 3190 1726 3258 quinque
1768 3189 2059 3259 perpendet
2089 3199 2359 3245 momenta
2387 3207 2433 3270 ρ

767 3300 888 3354 qua:
917 3284 1056 3337 viain
1090 3282 1155 3337 ad
1185 3281 1619 3351 praescriptiones
1644 3290 1909 3345 sternunt,
1941 3282 2205 3351 posterior
2235 3298 2362 3338 vero

771 3392 966 3432 novem
987 3377 1279 3445 praecipuos
1294 3374 1551 3430 adversus
1581 3373 1813 3430 haereses
1840 3375 2216 3446 praescribendi
2244 3391 2361 3433 mo-

765 3468 866 3525 dos
895 3468 1131 3539 exponit.
1164 3468 1297 3522 lline

1372 3578 1548 3633 Partis
1591 3580 1777 3649 prioris

852 3700 1141 3771 Propositio
1188 3699 1353 3768 prima
1381 3714 1399 3751 :
1449 3706 1700 3766 oportere
1743 3705 1797 3751 et
1846 3694 2082 3753 haereses
2129 3711 2270 3763 esse,
2314 3705 2370 3752 et

773 3796 1060 3867 plurimum
1087 3794 1283 3859 valere,
1344 3792 1677 3862 multumque
1720 3791 1773 3846 in
1824 3792 2210 3847 subvertendas
2252 3792 2371 3845 ani-

776 3883 1251 3953 masprolicere..
1298 3924 1309 3936 .
1356 3921 1430 3936 ..
1477 3926 1490 3938 .
1536 3922 1549 3937 .
1595 3920 1610 3937 .
1655 3919 1669 3935 .
1717 3922 1788 3938 ..
1836 3923 1849 3937 .
1896 3922 1910 3937 .
1956 3925 1971 3938 .
2016 3923 2029 3937 .
2074 3921 2088 3936 .
2142 3882 2370 3938 .I—lll.

848 3980 1013 4051 Prop.
1045 3979 1109 4034 ll.
1144 3977 1449 4048 Fugiendas
1491 3991 1611 4032 esse
1648 3976 1903 4044 haereses,
1949 3984 2133 4047 utpote
2162 3976 2371 4032 dissen-

774 4074 1017 4132 sionibus
1045 4083 1097 4127 et
1119 4070 1582 4143 persecutionibus
1609 4069 1839 4139 pejores.
1888 4107 1902 4121 .
1948 4107 1963 4123 .
2009 4108 2023 4122 .
2068 4107 2082 4121 .
2156 4068 2366 4125 lV—V.

852 4170 1014 4236 Prop.
1046 4165 1134 4221 ΙΙΙ.
1182 4164 1438 4219 Ηιετθείιη
1469 4177 1591 4219 esse
1615 4161 1954 4230 electionem,
1985 4170 2041 4218 et
2087 4164 2141 4217 in
2181 4180 2286 4234 quo
2318 4165 2377 4220 lit

771 4263 986 4325 electio.
1017 4261 1140 4315 inde
1168 4260 1564 4314 damnationem
1606 4297 1620 4311 .
1665 4296 1678 4310 .
1716 4300 1732 4314 .
1779 4296 1793 4311 .
1844 4297 1857 4310 .
1981 4297 1994 4310 .
2038 4296 2053 4311 .
2098 4296 2114 4311 .
2159 4298 2172 4312 .
2218 4297 2231 4312 .
2284 4257 2372 4314 Vl.

851 4358 1013 4428 Prop.
1044 4355 1133 4411 ιγ.
1157 4354 1387 4409 Cunctas
1411 4353 1645 4409 brereses
1674 4353 1741 4408 ab
1762 4352 2018 4407 alterutro
2056 4351 2234 4420 fonte,
2260 4352 2375 4409 sive

785 4447 1061 4507 saecularis
1104 4446 1380 4516 sapientiae
1417 4445 1531 4499 sive
1568 4443 1859 4513 prurientis
1901 4443 2249 4509 curiositatis,
2289 4443 2373 4497 di-

784 4556 1005 4597 manare
1047 4580 1063 4596 .

855 4633 1021 4704 Prop.
1052 4630 1119 4687 ν.
1144 4632 1408 4701 lntegram
1455 4628 1771 4684 servandam
1802 4642 1921 4683 esse
1966 4628 2087 4683 fidei
2114 4629 2373 4697 regulam,

781 4742 884 4783 nec
904 4726 957 4782 in
976 4725 1125 4781 litem
1144 4740 1377 4794 unquam
1407 4737 1529 4779 esse
1552 4721 1981 4792 discerpendam.
2042 4721 2372 4779 XIII—XIV.

1353 4834 1488 4890 Pars
1538 4833 1784 4905 posterior

854 4932 1005 4989 Hanc
1050 4945 1250 4987 PRIIAI
1297 4929 1513 4985 exhibet
1551 4926 2031 5000 praescriptionem,
2092 4930 2377 4989 lizereticos

1126 4518 2456 4593 ................vn—xn.D

2532 1964 2827 2019 Ssnnnu.
2878 1964 2957 2019 Ad
2982 1965 3356 2020 inveniendam
3388 1966 3669 2021 veritatem
3709 1965 4084 2021 consulendas

2462 2070 2582 2110 esse
2629 2056 2890 2112 ecclesias
2942 2058 3262 2127 apostolicas
3302 2071 3363 2112 ac
3406 2073 3513 2127 prie
3553 2059 3801 2111 omnibus
3852 2057 4083 2113 felicem

2460 2148 2742 2202 ecclesiam
2772 2150 2858 2203 cui
2878 2157 3044 2202 totam
3067 2148 3363 2204 doctrinam
3393 2150 3635 2220 Apostoli
3661 2166 3781 2203 eum
3805 2150 4085 2217 sanguine

2458 2252 2555 2293 suo
2588 2238 2956 2309 profuderunt.
2998 2278 3013 2293 .
3061 2281 3074 2294 .
3121 2282 3134 2294 .
3180 2277 3193 2293 .
3240 2279 3254 2293 .
3301 2282 3314 2294 .
3361 2280 3375 2293 .
3422 2282 3435 2294 .
3492 2239 4076 2297 XXXVI—XXXVII.

2540 2332 2818 2387 Ocnvau.
2841 2331 2936 2387 Jus
2968 2332 3171 2386 nullum
3209 2332 3260 2386 in
3287 2332 3482 2386 Saeras
3513 2334 3813 2401 Scripturas
3856 2333 4059 2387 lia-reti

2466 2421 2545 2477 cis
2568 2433 2897 2492 competere.
2931 2463 2945 2477 .
2990 2464 3005 2477 .
3048 2462 3062 2477 .
3111 2464 3124 2477 .
3171 2464 3184 2477 .
3232 2462 3245 2477 .
3292 2464 3304 2477 .
3352 2463 3364 2476 .
3412 2463 3425 2476 .
3469 2462 3484 2476 .
3532 2464 3544 2476 .
3596 2424 4075 2480 XXXVIII—XL.

2538 2514 2752 2569 NONMI.
2803 2515 3013 2570 Nullam
3056 2518 3335 2571 veritatem
3403 2517 3579 2572 inesse
3623 2534 3744 2573 cum
3813 2536 4083 2591 perversa

2464 2608 2841 2665 htereticorum
2860 2611 3300 2675 comersatioue;
3329 2612 3414 2665 ubi
3435 2627 3564 2667 vero
3577 2623 3774 2667 metum
3798 2614 3851 2669 in
3874 2615 4081 2685 Deum,

2466 2693 2536 2756 ibi
2579 2704 2895 2771 gravitatem
2942 2704 3315 2768 honestam,et
3354 2704 3895 2759 communicationem
3926 2707 4077 2761 deli-

2463 2792 2795 2860 beratam,et
2836 2796 3226 2863 promotionem
3270 2794 3570 2863 emeritam,
3594 2805 3649 2850 et
3679 2796 4084 2865 subjectionem

2465 2888 2792 2957 religiosam,
2824 2896 2879 2942 et
2908 2889 3296 2958 apparitionem
3346 2886 3625 2954 devotam,
3669 2900 3724 2945 et
3763 2894 4084 2959 processio-

2465 2997 2587 3037 nem
2614 2982 2931 3046 modestam,
2985 2990 3040 3036 et
3077 2980 3374 3037 Ecclesiam
3427 2982 3653 3047 unitam,
3703 2992 3757 3037 et
3797 2983 3894 3038 Dei
3952 3000 4081 3040 om-

2466 3074 4081 3137 nia.......’.............XLl-XLV.

2536 3167 2903 3236 Subjiciuntur
2942 3168 3126 3222 ultima
3166 3168 3340 3237 capita
3381 3184 3500 3239 qua:
3528 3170 3827 3239 catalogum
3858 3170 4087 3228 luereti-

2467 3274 2655 3313 corum
2682 3260 2977 3323 continent,
3011 3260 3077 3315 de
3098 3260 3251 3323 cuius
3292 3265 3518 3316 αὖ9ιντία
3556 3262 3679 3317 vide
3723 3262 3799 3317 sis
3838 3274 4085 3321 annota-

2469 3354 2669 3409 tionem
2695 3352 2779 3408 his
2802 3354 3066 3424 capitibus
3095 3369 3384 3409 annexam.
3462 3354 3600 3409 Enn.

2706 3463 3073 3505 ARGUIENTUI
3112 3463 3213 3502 PER
3250 3461 3484 3503 JACOBUH
3524 3463 3817 3504 ΡΑιίειιωί.

2472 3542 2724 3596 Adversus
2743 3542 3024 3604 hwreticos,
3040 3542 3143 3595 sive
3153 3542 3365 3595 Intreses
3381 3553 3485 3594 tum
3503 3544 3741 3612 temporis
3756 3554 4087 3616 grassantes,

2543 3634 2825 3703 scripturus
2851 3632 3199 3687 Tertullianus
3218 3675 3233 3700 ,
3260 3632 3433 3687 uidens
3490 3634 3918 3706 disputationibus
3959 3639 4073 3692 sive

2546 3726 2677 3780 nihil
2698 3737 2784 3779 aut
2814 3743 2996 3797 parum
3026 3727 3228 3798 proﬁci,
3264 3728 3412 3780 certis
3438 3728 3928 3799 pra'scriptionibus,
3977 3730 4089 3785 sive

2548 3818 2893 3872 doctrinarum
2922 3827 3195 3871 retractatu
3222 3817 3319 3891 (uti
3350 3819 3456 3889 ipse
3481 3819 3603 3873 alibi
3623 3820 3893 3892 loquitur),
3912 3822 4090 3877 revin-

2547 3910 2733 3965 cendos
2757 3911 3083 3965 existimavit.

2994 4002 3221 4059 CAPUT
3260 4002 3545 4061 PRIMUM.

2480 4096 2787 4167 Priusquam
2835 4106 3005 4151 autem
3040 4096 3108 4149 ad
3163 4099 3479 4166 propositum
3520 4098 3725 4163 veniat,
3779 4098 3928 4153 docet
3979 4117 4093 4157 non

2549 4201 2781 4260 oportere
2816 4207 2909 4245 nos
2948 4190 3194 4244 admirari
3222 4208 3376 4262 super
3400 4192 3616 4247 [nereus
3637 4234 3652 4260 ,
3680 4209 3738 4247 eo
3778 4192 3917 4263 quod
3946 4210 4094 4265 pra:-

2552 4282 2797 4335 nuntialaz
2827 4283 3035 4353 fuerint.

2550 4376 2799 4432 Conditio
2839 4378 3182 4446 przesentium
3254 4388 3552 4449 temporum
3599 4378 3680 4452 (l)
3728 4382 3892 4435 etiam
3943 4380 4095 4440 hanc

2481 4470 2900 4524 admonitionem
2951 4478 3209 4540 provocat
3250 4481 3487 4527 nostram
3518 4490 3531 4525 :
3561 4488 3667 4527 non
3694 4482 3949 4544 oportere
3982 4492 4091 4535 nos

2481 4561 2663 4616 mirari
2688 4574 2851 4630 super
2879 4560 3111 4617 htereses
3156 4562 3320 4629 istas,
3363 4564 3481 4619 sive
3526 4564 3648 4634 quia
3688 4575 3852 4630 sunt,
3885 4567 4094 4624 futurae

2482 4654 2624 4707 enim
2670 4653 3197 4723 prteuuntiabantur,
3226 4655 3337 4709 sive
3368 4656 3489 4723 quia
3522 4655 3682 4710 ﬁdem
3713 4658 4092 4726 quorumdam

2480 4746 2827 4811 subvertunt,
2849 4746 2916 4799 ad
2940 4744 3043 4800 hoc
3072 4745 3215 4801 enim
3242 4755 3390 4811 sunt,
3412 4757 3467 4802 ut
3498 4747 3649 4814 fides,
3683 4749 3934 4805 habendo
3967 4762 4096 4809 ten-

2483 4842 2737 4896 lationem
2760 4881 2774 4905 ,
2816 4841 3009 4895 habeat
3037 4840 3118 4914 (2)
3154 4842 3314 4897 etiam
3346 4840 3737 4912 probationem.
3770 4842 3923 4901 Vane
3956 4860 4095 4918 ergo

2483 4944 2538 4989 et
2568 4932 2959 4988 inconsiderate
3010 4932 3255 5004 plerique
3301 4933 3403 4989 hoc
3448 4934 3567 5005 ipso
3617 4933 4093 5009 scandalizantur,

2021 5020 2404 5085 LECTIONES
2440 5024 2852 5083 VARIANTES.

834 5116 909 5182 (l)
938 5123 1053 5167 Jun.
1080 5120 1125 5167 et
1141 5110 1307 5166 Paris.
1328 5110 1543 5165 inseruit
1564 5111 1755 5164 fratres.
1780 5111 1892 5167 coll.
1917 5128 1961 5164 c.
1984 5114 2064 5164 29.

2536 5117 2607 5183 (2)
2640 5117 2867 5168 Haberet
2902 5117 3051 5169 Seml.
3093 5120 3259 5170 Venet.
3293 5120 3402 5178 Itiq.

2145 5201 2705 5261 COMMENTARIUS.

779 5299 1013 5353 Auctore
1044 5296 1266 5352 inditum
1307 5294 1471 5349 fuisse
1514 5294 1856 5349 arbitramur.
1900 5295 2361 5365 Prtescriptionem

779 5370 1152 5424 haereticorum
1183 5367 1332 5431 dicit,
1364 5368 1487 5436 quia
1520 5367 1914 5435 prmscribimus
1967 5367 2235 5422 haereticis
2266 5372 2363 5424 hoc

777 5442 893 5510 ipso
920 5441 1058 5510 quod
1083 5441 1190 5493 sint
1219 5441 1449 5493 literetici
1469 5481 1481 5501 ,
1508 5437 1699 5510 quibus
1728 5439 1863 5491 lianc
1894 5454 2050 5490 unam
2096 5442 2365 5508 exceptin-

779 5508 900 5567 nem
939 5508 1295 5579 opponimus,
1332 5510 1473 5579 quod
1519 5508 1774 5563 adversus
1820 5510 2061 5580 regulam
2113 5511 2362 5580 dogmata

778 5583 1088 5652 proferant:
1122 5584 1298 5650 itaque
1320 5623 1332 5643 ,
1365 5591 1421 5633 ut
1466 5582 1682 5652 minime
1729 5579 2057 5643 audiendos,
2108 5581 2172 5635 ab
2197 5579 2365 5635 omni

776 5650 1133 5722 disputatione
1182 5653 1579 5707 submovemus.
1642 5650 1756 5704 Non
1805 5652 1977 5720 agitur
2022 5652 2106 5706 hic
2150 5653 2215 5705 de
2264 5655 2367 5707 alia

776 5725 1194 5792 praescriptione.
1220 5722 1338 5789 Ipse
1355 5722 1729 5781 Tertullianns,
1757 5724 1930 5790 primo
1950 5722 2207 5776 adversus
2234 5723 2371 5777 Mar-

772 5796 979 5849 cionem
1014 5794 1171 5858 libro,
1196 5793 1361 5856 Alius,
1396 5796 1596 5856 inquit,
1621 5794 1817 5845 libellus
1851 5795 1982 5845 hunc
2013 5796 2224 5864 gradiuit
2255 5812 2367 5846 sus-

777 5867 982 5930 tinebit,
1042 5868 1285 5921 adversus
1324 5866 1586 5920 Imreticos
1610 5867 1759 5917 etiam
1797 5866 1903 5919 sine
1934 5875 2150 5919 tractatu
2182 5868 2372 5920 doctri-

2470 5315 2651 5351 narum
2682 5298 3008 5371 revincendos
3026 5341 3040 5361 ,
3070 5298 3207 5368 quod
3229 5299 3322 5353 hoc
3349 5299 3451 5353 sint
3477 5300 3539 5353 de
3576 5301 3967 5371 prazscriptione
3992 5322 4093 5361 no-

2469 5371 2657 5445 vitatis.
2690 5370 2834 5445 lirgo
2857 5372 3191 5445 prce-scriptio
3240 5371 3609 5445 lintreticorum
3638 5383 3719 5426 est
3747 5370 4095 5445 prgseriptio

2475 5442 2731 5495 novitatis
2754 5482 2765 5501 ,
2800 5452 2854 5493 et
2904 5443 3077 5493 minus
3118 5450 3264 5495 recte
3298 5445 3501 5496 editum
3536 5443 3797 5497 hactenus
3826 5444 3933 5498 fuit
3956 5442 4096 5510 {De

2472 5511 2951 5581 Prwsrriptionibus
2972 5512 3210 5565 adversus
3228 5514 3507 5567 Iiwreticos.
3529 5513 3600 5566 Ea
3630 5514 3882 5581 loquendi
3910 5517 4095 5575 forma

2474 5584 2601 5635 dixit
2639 5583 3069 5651 prmscriptionem
3098 5584 3445 5637 Ita'reticortun
3469 5625 3484 5647 ,
3518 5600 3620 5651 qua
3644 5586 3779 5653 juris
3808 5600 4093 5654 auctores,

2474 5654 3066 5725 prwscriptiouemdoli,
3103 5658 3533 5724 prtzscriptionem
3573 5660 3672 5725 fori
3693 5698 3704 5717 ,
3734 5662 4095 5726 prtescriptio—

2477 5742 2591 5777 nent
2627 5728 2866 5790 temporis
2884 5768 2897 5789 ,
2928 5726 3354 5793 prtescriptionem
3380 5730 3449 5779 rei
3469 5729 3733 5793 judicattr.
3765 5728 3883 5782 litt}.
3902 5760 3978 5772 --
4011 5731 4096 5785 De

2477 5796 2879 5871 prwscriptione.
2932 5796 3121 5849 Nescio
3161 5811 3227 5849 an
3261 5798 3345 5851 liic
3373 5798 3640 5871 explicare
3672 5799 3895 5871 debeam
3937 5804 4093 5871 quod

2482 5866 2549 5921 ab
2583 5866 2700 5921 aliis
2743 5877 2867 5922 ante
2910 5881 3005 5923 nos
3036 5881 3317 5923 excussum
3346 5866 3451 5924 est.
3480 5868 3821 5941 Prtescriptio
3865 5888 3934 5928 cx
3957 5866 4091 5932 'usu
