4242 6492
140 353 185 415 15

1194 355 1395 411 LIBER
1437 353 1523 409 ΒΕ
1568 353 2263 412 PRASSCRIPTIONIBUS.

3309 351 3376 413 14

133 473 243 543 quod
282 478 466 527 tantum
500 468 739 525 haereses
773 464 1003 526 valeant.
1034 470 1299 538 Quantum
1341 466 1441 542 (α).
1473 472 1515 525 si
1567 486 1673 526 non
1700 475 1752 533 Α
1780 472 1892 526 niat
1920 472 2166 527 veritate.
2202 470 2390 526 Mirum
2441 466 2679 539 scilicet,
2713 475 2769 527 ut
2808 462 3005 528 malum
3053 469 3197 529 vires
3244 488 3371 529 suas

132 567 309 619 fuissent
340 562 408 634 (1)
443 565 454 616 !
508 565 639 617 Cum
668 564 808 633 quod
840 562 920 635 (2)
950 565 1195 618 sortitum
1224 574 1324 629 est,
1352 573 1409 619 ut
1437 560 1520 637 (5)
1555 580 1671 618 om-

133 659 309 711 nimodo
342 657 425 717 sit,
453 656 589 709 sicut
634 653 715 727 (4)
758 671 1002 710 caussam
1052 655 1244 725 accipit
1288 654 1357 709 ob
1394 670 1551 725 quam
1581 656 1670 722 sit,

130 752 188 804 sic
210 750 277 819 (5)
302 751 395 801 vim
417 747 761 818 consequitur
789 746 869 818 t6)
903 762 995 817 per
1013 762 1168 818 quam
1202 748 1288 812 sit,
1318 761 1415 802 nec
1441 746 1525 818 (7)
1553 761 1672 803 esse

133 862 216 899 non
244 844 388 914 possit
440 841 537 912 (8).

703 932 927 989 CAPUT
967 932 1028 988 ll.

130 1032 212 1086 Sed
230 1030 573 1084 abominandus
593 1031 758 1097 potius
787 1040 834 1083 et
864 1030 1242 1100 prwcavendas,
1275 1039 1513 1098 tanquam
1539 1044 1674 1081 mor-

182 1135 262 1176 tem
286 1133 511 1176 retentam
535 1121 806 1187 aliter-entes
826 1162 841 1186 ,
879 1122 1009 1175 nihil
1034 1122 1214 1175 virium
1253 1121 1489 1175 habentes
1509 1161 1525 1187 ,
1575 1119 1675 1173 nisi

183 1217 297 1283 apud
312 1232 387 1268 eos
411 1217 496 1283 qui
519 1218 571 1267 in
598 1215 699 1283 ﬁde
727 1215 920 1284 inﬁrmi
946 1224 1083 1269 sunt.

182 1307 375 1361 Febrem
403 1309 651 1377 denique,
684 1308 821 1360 inter
847 1316 1071 1362 caeteros
1113 1305 1419 1361 mortiferos
1457 1313 1511 1360 et
1549 1320 1674 1359 cru-

130 1400 279 1451 (iarios
309 1398 383 1467 (9)
436 1400 613 1454 exitus
645 1398 720 1467 (b)
754 1398 1027 1468 erogando
1059 1398 1173 1469 (10)
1208 1398 1408 1453 homini
1444 1398 1669 1469 deputa-

132 1504 226 1554 tam,
254 1508 408 1561 neque
438 1494 559 1562 quia
587 1502 667 1546 est
710 1494 986 1556 miramur,
1009 1500 1091 1547 est
1120 1492 1262 1547 enim
1290 1510 1303 1557 ;
1347 1507 1518 1562 neque
1547 1492 1672 1562 quia

130 1596 271 1655 cingat
300 1586 584 1648 hominem,
620 1586 685 1640 ad
722 1586 824 1639 hoc
853 1588 994 1639 enim
1026 1596 1126 1640 est.
1160 1586 1387 1640 l’roinde
1414 1586 1669 1651 haereses,

131 1682 176 1731 ari
201 1682 480 1749 languorem
530 1689 582 1733 ct
632 1679 902 1733 interitum
934 1678 1057 1733 tidei
1087 1678 1373 1748 productas
1393 1721 1407 1745 ,
1437 1678 1479 1732 si
1511 1693 1673 1747 expa-

136 1776 352 1826 \‘est'itnus
381 1772 482 1826 hoc
524 1788 616 1827 eas
663 1788 851 1842 posse,
900 1772 1043 1842 prius
1086 1782 1207 1837 est,
1238 1782 1297 1826 ut
1340 1787 1671 1841 expavesca-

1780 564 2000 628 habeat;
2034 564 2134 618 nisi
2164 562 2277 634 (ιιι)
2305 561 2444 632 quod
2474 564 2704 620 lia-reses
2739 565 2876 635 apud
2905 580 2998 620 eos
3025 564 3247 620 multum
3280 582 3342 620 va

1781 658 1946 721 leant,
1980 656 2069 727 qui
2100 656 2150 710 in
2181 655 2284 711 ﬁde
2327 672 2431 710 non
2470 656 2588 729 (15)
2615 657 2809 713 valent.
2840 657 2892 711 lu
2924 673 3093 729 pugna
3131 658 3370 727 pugilum

1780 760 1834 806 et
1860 750 2210 820 gladiatorum
2234 791 2247 815 ,
2279 750 2595 821 plerumque
2626 765 2730 806 non
2758 752 2881 822 quia
2908 750 3060 806 furtis
3087 760 3171 807 est
3207 751 3373 808 vineit

1779 842 1931 912 quis,
1956 850 2049 897 aut
2090 842 2212 912 quia
2257 857 2364 896 non
2412 850 2589 911 potest
2615 842 2790 908 vinci,
2819 841 2915 898 sed
2957 845 3209 913 quoniam
3242 843 3369 909 ille,

1779 934 1871 1005 qui
1919 934 2090 989 victus
2148 942 2262 1000 est,
2312 933 2474 989 nullis
2518 934 2723 989 viribus
2767 933 2900 1000 fuit;
2932 934 3068 990 adeo
3111 934 3251 989 idem
3281 934 3373 989 ille

1780 1028 1949 1081 victor
1975 1027 2110 1082 bene
2149 1026 2348 1081 valenti
2389 1034 2571 1096 postea
2613 1035 2953 1097 comparatus
2974 1067 2988 1089 ,
3016 1026 3179 1081 etiam
3208 1042 3371 1098 snpe-

1780 1128 1926 1173 ratus
1959 1117 2180 1173 recedit.
2211 1117 2329 1173 Non
2360 1118 2518 1173 aliter
2544 1118 2777 1174 haereses
2807 1118 2875 1174 de
2900 1118 3250 1189 quorumdam
3293 1120 3375 1173 in-

1781 1211 2123 1267 ﬁrmitatibus
2152 1210 2353 1267 habent
2382 1211 2525 1282 quod
2559 1213 2760 1281 valent,
2787 1213 2920 1268 nihil
2948 1212 3209 1282 valentes,
3242 1214 3286 1268 si
3316 1214 3367 1268 in

1782 1306 1920 1363 bene
1946 1307 2212 1363 valentem
2244 1306 2402 1362 [idem
2429 1308 2721 1363 incurrant.

2401 1398 2628 1455 CAPUT
2667 1398 2756 1455 Ill.

1780 1490 1958 1563 Neque
1983 1492 2325 1547 scandalizari
2354 1508 2652 1562 quamquam
2700 1503 2933 1564 oportere
2987 1492 3032 1548 si
3082 1494 3369 1565 episcopus,

1848 1586 1892 1639 si
1925 1588 2207 1652 diaconus,
2244 1587 2286 1641 si
2325 1586 2513 1652 vidua,
2546 1586 2589 1640 si
2618 1587 2781 1657 virgo,
2824 1587 2867 1640 si
2895 1584 3178 1652 doctor,si
3218 1599 3372 1639 etiam

1851 1686 2046 1749 martyr
2088 1678 2261 1747 lapsus
2290 1695 2321 1732 a
2346 1680 2523 1749 regula
2545 1679 2719 1749 fuerit,
2748 1679 2953 1749 quiuea:
3001 1681 3229 1750 personis
3277 1697 3380 1734 non

1848 1770 2097 1839 probatur
2124 1770 2272 1837 ﬁdes,
2292 1770 2381 1824 sed
2410 1786 2473 1824 ea:
2499 1771 2603 1839 [ide
2627 1787 2875 1841 personae.

131 1868 334 1935 mttstll)
358 1866 453 1921 hoc
480 1882 571 1921 eas
603 1881 916 1935 essezqtue,
941 1866 1066 1919 dum
1095 1866 1457 1927 sunt,habent
1488 1882 1666 1939 posse;
1699 1847 1747 1907 Β
1846 1861 2033 1917 Solent
2078 1863 2295 1933 quidem
2345 1864 2430 1917 isti
2476 1865 2733 1920 miriones
2788 1864 2904 1937 (16)
2959 1868 3116 1921 etiam
3154 1866 3221 1922 de
3260 1870 3381 1939 qni-

135 1961 292 2013 rtdum
320 1970 567 2030 possunt,
601 1958 801 2013 habent
840 1974 980 2013 esse.
1027 1958 1131 2014 Sed
1162 1960 1305 2013 enim
1336 1960 1533 2015 febrem
1554 2005 1568 2028 ,
1616 1974 1668 2017 ιιι

134 2053 357 2105 malumst
378 2053 442 2106 de
465 2067 655 2105 caussa
688 2060 741 2105 et
766 2050 830 2106 de
855 2051 1083 2120 potentia
1119 2066 1235 2113 sua,
1262 2062 1317 2105 nt
1345 2062 1526 2107 notmn
1554 2064 1669 2121 est,

134 2154 185 2211 iri
213 2148 555 2201 abominamur
584 2147 760 2217 potius
801 2162 959 2216 quam
991 2148 1269 2211 miramur,
1303 2156 1387 2211 ct,
1417 2158 1672 2218 quantum

135 2238 173 2290 in
194 2240 320 2293 llOillS
343 2248 438 2299 est,
471 2252 871 2308 praecavetnus,
906 2253 1008 2291 non
1042 2237 1299 2293 habentes
1326 2240 1672 2295 abolitionem

133 2330 223 2397 ejus
262 2333 307 2383 in
356 2342 530 2385 nostra
584 2339 886 2398 potestate;
938 2329 1171 2384 lncreses
1225 2346 1388 2394 vero,
1440 2340 1672 2387 mortem

135 2433 340 2475 aeternam
379 2430 431 2475 et
468 2421 686 2490 majoris
749 2421 886 2491 ignis
914 2420 1159 2476 ardorem
1206 2421 1529 2487 inferentes,
1560 2423 1674 2493 (1‘2)

137 2513 519 2581 maluntquidam
566 2512 746 2565 mirari
775 2512 915 2581 quod
948 2512 1048 2567 hoc
1073 2514 1299 2583 possint,
1329 2531 1487 2584 quam
1530 2515 1678 2570 devi-

138 2618 227 2661 tarc
261 2622 319 2660 ne
358 2606 597 2675 possint,
626 2620 747 2657 cum
782 2604 1007 2659 habeant
1033 2604 1304 2659 devitandi
1335 2617 1674 2675 potestatem.

138 2697 355 2753 Ceterum
385 2698 512 2751 nihil
544 2696 828 2762 valebunt,
863 2699 906 2750 si
950 2696 1063 2751 illas
1112 2707 1313 2751 tantum
1349 2700 1527 2755 valere
1574 2718 1678 2756 non

141 2794 373 2843 mirentur.
418 2794 523 2843 Ant
570 2790 711 2843 enim
736 2789 872 2859 (15),
899 2788 1024 2842 dum
1069 2791 1345 2856 mirantur,
1382 2792 1433 2845 in
1462 2794 1687 2849 seanda-

141 2883 224 2935 iUItl
252 2883 707 2936 subministrantur
732 2898 745 2945 ;
770 2894 878 2945 aut,
910 2883 1029 2951 quia
1062 2883 1523 2950 seandalizantur,
1566 2887 1687 2943 ideo

141 2976 385 3039 mirantur,
416 2972 587 3044 quasi,
616 2972 759 3043 quod
792 2981 995 3027 tantum
1026 2974 1252 3041 valeant,
1287 2990 1349 3030 ex
1383 2977 1559 3048 aliqua
1590 2995 1681 3035 ve-

1779 1954 2003 2010 busdam
2033 1957 2310 2025 personis,
2343 1954 2411 2010 ab
2440 1955 2632 2011 haeresi
2657 1960 2827 2026 captis
2853 2002 2867 2024 ,
2895 1958 3145 2015 :editieari
3178 1961 3228 2014 in
3258 1962 3374 2015 rni~

1780 2066 1904 2104 nam
1936 2069 1947 2104 :
1979 2065 2146 2121 quare
2172 2050 2257 2105 ille
2300 2050 2386 2105 vel
2414 2049 2534 2113 ille,
2570 2049 2862 2106 ﬁdelissimi
2890 2094 2904 2119 ,
2935 2053 3334 2123 prudentissimi
3364 2097 3379 2121 ,

1780 2142 2181 2197 etusitatissimi
2214 2141 2327 2212 (l7)
2346 2147 2397 2197 in
2421 2141 2679 2207 Ecclesia,
2708 2143 2758 2197 in
2791 2143 3171 2214 illam-partem
3204 2158 3381 2200 trans-

1781 2233 2003 2289 ierunt?
2032 2233 2195 2301 Quis,
2230 2232 2332 2289 hoc
2373 2234 2581 2301 dicens,
2613 2250 2719 2289 non
2760 2235 2872 2304 ipse
2900 2235 3001 2290 sibi
3056 2237 3381 2308 respondet,

1781 2341 1954 2396 neque
2016 2326 2340 2396 prudentes,
2391 2341 2562 2397 neque
2648 2326 2873 2393 ﬁdeles,
2933 2344 3105 2398 neque
3158 2332 3386 2386 usitatos

1783 2418 2160 2485 aestimandus,
2208 2434 2342 2489 quos
2382 2417 2619 2473 luereses
2667 2420 2940 2489 potuerint
2965 2421 3287 2476 demutare?
3319 2424 3386 2477 Et

1786 2513 1887 2567 hoc
1916 2513 2108 2567 tnirum
2140 2508 2379 2583 (opinor)
2406 2521 2462 2565 ut
2491 2512 2743 2581 probatus
2773 2511 2933 2581 aliqui
2974 2524 3148 2577 retro,
3199 2524 3385 2583 postea

1786 2607 2040 2664 excidat?
2066 2606 2216 2673 Saul,
2245 2606 2413 2659 bonus
2443 2620 2553 2675 pra:
2580 2605 2810 2671 exteris,
2830 2606 3001 2661 livore
3033 2616 3212 2675 postea
3235 2624 3389 2663 ever-

1792 2703 1939 2755 titur.
1970 2698 2157 2764 David,
2189 2699 2270 2753 vir
2296 2697 2468 2753 bonus
2496 2696 2790 2752 secundum
2818 2712 2913 2752 cor
2940 2699 3169 2763 Domini,
3204 2710 3391 2769 postea

1790 2796 1953 2851 caulis
1978 2804 2031 2849 et
2060 2792 2229 2863 stupri
2269 2806 2395 2847 reus
2436 2800 2535 2845 est.
2592 2790 2879 2857 Salomon,
2922 2796 3070 2847 omni
3118 2795 3287 2863 gratia
3338 2804 3393 2848 et

1791 2887 2051 2956 sapientia
2101 2884 2332 2939 donatus
2365 2898 2394 2937 a
2448 2883 2672 2936 Domino
2693 2925 2707 2949 ,
2738 2883 2802 2936 ad
2837 2884 3188 2940 idololatriam
3212 2902 3240 2941 a
3274 2902 3395 2941 mu-

1792 2979 2014 3036 lieribus
2075 2976 2361 3031 inducitur.
2395 2971 2512 3047 (ά)
2544 2973 2654 3030 Soli
2682 2977 2823 3031 enim
2876 2977 2967 3033 Dei
3014 2977 3152 3033 Filio
3206 2992 3391 3035 scrva-

1332 3090 1707 3155 LECTIONES
1744 3091 2154 3153 VARIANTES.

192 3208 253 3267 tl)
285 3206 506 3265 Quantum
523 3208 621 3257 sint
658 3204 809 3257 Seml.
830 3208 975 3257 Pam.
1001 3206 1246 3261 Utrumvis
1264 3207 1524 3263 delendum
1540 3218 1701 3266 censet
1728 3216 1772 3280 C

146 3271 348 3319 Hannon.

193 3332 253 3390 (1)
286 3333 400 3389 Quid
430 3335 593 3393 l’cnel.
622 3333 766 3381 Pam.
794 3330 901 3393 Rig.

194 3396 252 3457 (Si
287 3394 343 3442 [ι
362 3392 613 3457 supprim._
628 3393 777 3457 Seml.

197 3455 257 3522 (pi)
287 3452 424 3522 ξιυυι
446 3452 690 3522 suimrint.
716 3452 1018 3522 Yencl._Rig.

196 3520 249 3581 (Ῑρ,
286 3518 395 3566 Πιυιὶ
415 3516 592 3579 prosit
652 3520 818 3581 Venet.
845 3516 955 3581 Rig.

199 3580 258 3640 (ti)
290 3581 602 3642 Consequitur
639 3580 759 3628 Jun.
793 3580 971 3630 tt'ouw.

202 3643 260 3702 (7)
290 3642 357 3707 hic
388 3650 540 3692 Venet.
569 3643 788 3705 Gourcy,
813 3642 919 3707 Rig.
947 3652 1078 3693 Pam.

199 3709 261 3773 (Ag)
290 3704 494 3773 ξραμερι
521 3711 599 3773 est
622 3704 847 3773 utpbssit
874 3704 1057 3755 irouw.

202 3768 263 3830 (9)
293 3766 606 3817 Cruciatorios
641 3764 727 3815 alii
766 3764 944 3815 volunt.

1868 3211 1972 3274 (10)
2009 3207 2339 3276 ᾼΞεεοιειιᾴο.
2364 3211 2426 3276 et
2447 3202 2594 3271 paulo
2639 3214 2743 3271 post
2788 3214 3010 3273 aegrotat,
3036 3208 3088 3261 in
3130 3208 3403 3276 exemplari

1808 3274 1957 3336 (eger.
1998 3274 2062 3323 Le
2098 3274 2189 3323 Pr.
2222 3274 2390 3321 Venet.

1855 3327 1977 3401 "(in
2007 3336 2346 3401 lixpavearnus
2382 3328 2526 3401 .alii;
2564 3328 2651 3382 alii
2652 3345 2786 3401 _uero
2809 3344 3214 3400 espaveseantur.

1895 3400 1974 3460 12)
2008 3397 2306 3460 lnierenteis
2338 3397 2443 3458 mg.
2481 3404 2618 3444 Pam.
2652 3398 2819 3446 Venet.

1895 3457 1973 3526 13)
2007 3457 2202 3526 Etenim
2227 3457 2433 3526 Franci].

1897 3522 1975 3583 14)
2011 3520 2185 3570 Mirum
2223 3533 2314 3583 pro
2336 3518 2428 3568 nisi
2473 3518 2715 3570 Heuman.

1896 3581 1975 3635 15)
2010 3584 2188 3633 Parum
2217 3581 2324 3634 alii.

1897 3645 2306 3722 lBLlnﬁrmiores
2358 3639 2467 3707 Βία·
2510 3643 2679 3693 Venet
2734 3656 2797 3696 Cx
2838 3649 3088 3712 Agaburdi
3131 3654 3403 3722 excinplurt

1807 3717 2152 3761 antiquissimo.

1869 3770 1973 3836 (t7)
2009 3771 2337 3822 Vetustissimi
2362 3772 2512 3825 Seml.
2538 3787 2602 3829 ex
2624 3770 2833 3841 antiquis
2847 3778 3223 3844 exemplaribus.

1469 3874 2028 3935 COMMENTARIUS.

157 3990 323 4063 forensi
354 3997 659 4063 usurpatur,
688 3986 1052 4063 signiﬁcatque
1083 3986 1455 4063 refutationem
1484 4006 1583 4060 qua
1616 3992 1706 4063 qui

158 4062 450 4128 postulatur,
480 4059 774 4129 adversarii
819 4061 1213 4114 accusationem
1261 4061 1489 4129 disjirit,
1521 4073 1612 4118 aut
1635 4059 1705 4119 'in

158 4140 543 4205 enitrretorqnet
690 4128 900 4199 Ulpian.
1032 4128 1367 4205 aleuliani
1398 4133 1461 4187 de
1490 4133 1705 4205 udult.).

158 4201 228 4255 Sic
257 4202 493 4275 frequens
535 4201 592 4254 in
622 4201 739 4269 jure
764 4203 1131 4275 accusationem
1158 4204 1416 4273 disjicere,
1446 4201 1705 4275 excipere,

160 4276 418 4339 producere.
469 4272 719 4326 Putarem
760 4287 969 4341 quoque
1015 4272 1100 4326 ltie
1145 4272 1422 4341 legendum
1473 4272 1710 4331 aduersus

160 4346 406 4405 hirretit'os,
436 4354 523 4397 aut
553 4346 784 4404 haereses,
817 4360 919 4396 non
952 4344 1321 4399 ha’relicorum.
1424 4346 1498 4401 Ls:
1528 4347 1621 4401 Pn.

220 4416 435 4469 Dubitari
467 4429 571 4467 non
603 4423 777 4482 potest
806 4416 930 4483 quin
958 4416 1085 4469 illud
1104 4458 1117 4480 ,
1146 4416 1384 4471 adversus
1413 4419 1706 4485 hwreticos,

160 4489 216 4559 sit
238 4503 347 4539 rem
374 4486 529 4559 lectio
562 4486 859 4559 Auctoris,
887 4486 976 4555 qui
1018 4488 1068 4540 in
1108 4488 1451 4543 conclusione
1492 4490 1713 4559 hujusce

162 4557 259 4610 libri
297 4560 368 4611 sic
403 4556 556 4610 habet
588 4573 601 4608 :
628 4554 940 4610 Generaliter
966 4569 1132 4610 actum
1161 4568 1229 4612 est
1258 4578 1287 4611 a
1309 4562 1449 4613 nobis
1475 4554 1713 4615 adversus

162 4630 344 4682 ha‘rrsts
368 4643 535 4701 omnes
560 4628 740 4701 certis,
775 4638 818 4680 et
838 4630 1099 4701 justis,_et
1125 4632 1417 4701 necessariis
1448 4634 1715 4701 prwscrip-

163 4702 371 4771 tionibus.
405 4700 578 4754 Locus
622 4700 735 4771 ipse
763 4715 920 4767 quem
969 4699 1129 4754 refert
1183 4699 1453 4771 Rigaltius
1488 4718 1519 4756 e
1562 4699 1665 4757 lib.
1700 4703 1717 4756 ι

164 4771 262 4823 adv.
280 4770 431 4823 itare.
461 4771 511 4823 in
538 4769 764 4837 gratiam
792 4785 903 4823 sua:
928 4772 1206 4826 sententia:
1226 4769 1421 4838 ,‘nobis
1456 4773 1614 4828 etiam
1645 4772 1719 4827 la-

166 4852 273 4893 \‘rt:
306 4843 442 4893 Alius
484 4841 683 4894 libellus
728 4840 862 4893 hunc
908 4843 1123 4911 gradum
1170 4844 1432 4898 sustinebit
1482 4844 1721 4901 adversus

164 4913 416 4976 litrreticos,
444 4914 593 4965 etiam
624 4912 733 4965 sine
786 4923 1057 4965 retractatu
1090 4915 1436 4969 doctrinarum
1464 4917 1721 4970 reuincen-

164 4985 258 5043 dos,
288 4986 415 5051 quod
448 4984 541 5055 hoc
580 4984 678 5035 sint
722 4982 783 5036 de
824 4986 1196 5055 prwscriptione
1243 4989 1495 5041 novitatis.
1540 4986 1723 5055 Neque

165 5058 287 5107 enim
333 5056 460 5107 dicit
485 5053 677 5107 Noster
711 5071 724 5107 :
765 5053 1144 5126 pra’scriptione
1167 5058 1514 5111 hwreticorum
1536 5100 1549 5117 .
1581 5053 1675 5113 sed
1706 5075 1719 5111 :

168 5126 524 5191 pra’srriptiotte
546 5127 847 5179 novitatis...
882 5128 1121 5181 adversus
1172 5129 1431 5183 hwreticos
1459 5144 1477 5192 ;
1506 5132 1725 5195 praeter-

168 5212 217 5249 ea
262 5198 396 5265 quod
426 5197 623 5249 locutio
653 5198 965 5265 praescriptio
996 5199 1343 5252 hcereticorum
1371 5201 1615 5269 ambigua
1650 5201 1727 5254 1οο

170 5278 256 5340 ret,
284 5277 335 5322 et
366 5270 545 5321 haberi
577 5269 767 5321 melius
796 5278 973 5336 posset
999 5268 1067 5323 de
1096 5271 1357 5325 luereticis
1377 5268 1726 5340 praeseribere

171 5338 403 5413 adrersns
430 5354 526 5413 nos
558 5340 877 5399 volentibus,
897 5355 1054 5408 quam
1080 5345 1147 5394 de
1179 5343 1350 5405 nobis,
1373 5338 1566 5411 quibus
1593 5359 1728 5413 pra:-

172 5409 385 5465 scriberc
415 5411 676 5465 adversus
716 5426 1080 5482 quoscumque
1111 5413 1323 5480 proprio
1356 5409 1477 5482 jure
1512 5409 1604 5467 fas
1623 5424 1725 5469 est.

896 5483 1025 5537 Eoo.
1057 5499 1119 5537 ea:
1147 5500 1295 5544 apere
1326 5501 1391 5540 oe
1430 5485 1667 5539 Govacr.

232 5551 374 5606 CAP.
401 5552 607 5622 L—(a)
641 5552 897 5616 Quantum
914 5556 1071 5607 sinon
1091 5556 1310 5677 {uissent
1330 5557 1420 5610 .'Si
1462 5559 1744 5624 mirantur,

232 5624 501 5677 auit.nttod
531 5633 739 5677 tantum
770 5626 1000 5677 lustreses
1023 5641 1080 5677 va
1112 5636 1231 5677 cant
1257 5643 1271 5677 :
1299 5638 1553 5677 ttttantttm
1585 5630 1744 5677 mira-

178 5624 501 5693 inquit,qnod
531 5633 739 5677 Lautum
770 5626 1000 5679 luereses
1023 5624 1231 5680 valeant
1257 5643 1271 5690 ;
1299 5638 1553 5694 quantum
1585 5630 1748 5682 mira-

177 5706 360 5761 rentur,
380 5697 421 5747 si
439 5697 660 5749 omnino
676 5696 907 5750 lnercses
928 5712 1031 5750 non
1055 5695 1298 5751 fuissent!
1321 5698 1470 5765 Quod
1493 5716 1620 5753 sane
1642 5714 1754 5755 ma—

178 5768 276 5830 jore
306 5768 471 5839 multo
500 5767 855 5839 admiratione
897 5768 1114 5837 dignum
1166 5767 1333 5832 foret,
1358 5786 1479 5823 eum
1526 5768 1756 5839 Spiritus

182 5838 385 5896 Sanctus
431 5837 640 5896 futuras
684 5838 1017 5911 prauliserit,
1044 5854 1141 5895 nec
1187 5840 1292 5897 falli
1334 5837 1583 5916 potuerit.
1610 5842 1760 5899 llunc

1808 3992 2023 4076 locum,
2052 4002 2208 4076 antea
2241 3991 2739 4076 deprayatissimum
2767 4039 2782 4061 ,
2837 4001 3241 4076 emendatrimus
3301 4020 3406 4076 ope

1811 4064 2136 4135 exemplaris
2160 4066 2447 4137 Agobardi,
2478 4068 2562 4124 cui
2590 4080 2853 4127 consonat
2879 4074 3039 4129 etiam
3063 4064 3395 4134 divionens'e.

1882 4206 2037 4288 (λθ-Ρ.
2051 4205 2563 4288 11.ε-(1))Ενορίςηάο
2586 4212 2793 4267 homini.
2806 4213 2949 4288 lianc
2975 4145 3408 4288 Ιιξςιίοξῖἳιιξῖῗιύω

1813 4289 1899 4362 est
1917 4278 2351 4362 liigaltijmtvera
2376 4278 2757 4362 v'idctur,s_erra
2768 4302 2826 4362 re
2844 4286 3231 4362 libet_.Verbnm
3257 4278 3405 4362 er'ogo

1814 4349 2057 4404 adhibuit
2102 4350 2459 4426 'l‘ertnllianus
2510 4353 2749 4422 pluribus
2800 4358 2852 4410 in
2886 4357 3012 4410 locis
3068 4360 3291 4426 eodem,
3343 4349 3404 4417 ἶιι

1815 4430 1991 4501 patet,
2023 4436 2181 4475 sensu
2205 4437 2361 4488 quem
2392 4424 3005 4501 interimoexprimeret;
3030 4438 3113 4501 ut,
3145 4447 3196 4483 ν.
3227 4424 3304 4501 g.,
3336 4441 3408 4487 tot

1816 4494 2102 4574 innocentes
2145 4509 2413 4574 erogantur
2468 4500 2483 4563 (
2511 4494 2803 4574 Apologet.,
2836 4516 2947 4567 cap.
2978 4494 3109 4574 44‘),
3135 4494 3253 4555 caro
3282 4494 3407 4574 sup-

1739 4586 1793 4647 D
1820 4564 1993 4647 pliciis
2038 4575 2274 4647 erogatur
2305 4564 2601 4647 idcucarnis
2634 4564 2867 4647 “csum,
2896 4564 3010 4647 illi).
3044 4570 3157 4641 8),
3200 4564 3409 4642 virginis

1822 4632 2139 4715 erogftoreni
2162 4632 2182 4704 (
2209 4635 2272 4689 de
2296 4632 2575 4703 Pudicitia,
2607 4656 2725 4709 cap.
2760 4639 2825 4695 16
2850 4632 3033 4712 ).Eon.
3081 4632 3154 4697 ἐπ’
3174 4632 3315 4715 aper.
3344 4647 3405 4701 υ.

1823 4721 1889 4761 ns
1922 4706 2163 4762 Gouacs.

1896 4776 1970 4847 (e)
2001 4777 2365 4832 Abominamur
2393 4782 2559 4851 potius
2586 4796 2736 4847 quam
2766 4783 3026 4837 miramur.
3073 4784 3259 4839 Mirum
3299 4804 3410 4845 non

1826 4858 1910 4905 est
1941 4856 2017 4902 tot
2052 4851 2286 4905 haereses
2310 4862 2556 4905 exstare:
2589 4861 2642 4905 et
2666 4856 3135 4921 quemadmodum.
3166 4860 3207 4911 si
3252 4860 3413 4915 febris

1826 4921 2116 4995 Contingat,
2148 4936 2254 4995 non
2276 4922 2549 4995 miramur,
2571 4924 2666 4995 sed
2694 4924 2808 4992 ejus
2838 4924 3167 4995 depellendae
3196 4930 3414 4985 modum

1828 4991 2152 5063 qumrimus;
2182 4992 2251 5044 ita
2278 4991 2344 5045 de
2392 4994 2581 5047 Incresi
2632 4991 2922 5063 age’tidtnn.‘
2951 5007 3003 5051 et
3034 4999 3205 5053 tnodis
3236 5004 3416 5055 omni-

1829 5062 1927 5114 bus
1966 5062 2275 5116 cnitemlum
2308 5079 2374 5117 ne
2408 5064 2734 5119 sttholescat.
2768 5062 2996 5123 Attende
3040 5085 3199 5125 aurea
3256 5074 3417 5127 verba

1832 5134 2107 5209 Augustini
2140 5131 2157 5204 (
2188 5133 2280 5209 lib_.
2318 5132 2381 5209 |_|l
2412 5145 2595 5209 contra
2624 5134 2757 5201 Jul.,
2787 5154 2903 5207 cap.
2931 5140 2964 5193 ὃ
2991 5141 3007 5207 )
3044 5158 3054 5191 :
3100 5140 3235 5194 Mira
3274 5154 3413 5209 sunt,

1828 5220 1942 5273 qua:
1961 5204 2145 5267 dicitis,
2162 5220 2200 5280 ρ
2228 5203 2539 5280 Pelagiani;
2570 5222 2697 5259 nova
2724 5203 2873 5273 sunt,
2912 5203 3025 5279 qua:
3066 5213 3265 5277 dicitis;
3287 5203 3422 5280 {alsit

1829 5285 1975 5349 sunt,
2005 5290 2117 5349 qua:
2136 5276 2335 5330 dicitis:
2360 5278 2489 5330 mira
2524 5287 2809 5346 stupemus,
2842 5276 2971 5334 noua
2996 5276 3261 5348 cavemus,
3287 5276 3424 5349 ialsa

1832 5346 2196 5400 convincimus.
3150 5354 3223 5408 LE
3248 5346 3346 5409 Pu.

1904 5419 1988 5472 CA
2000 5417 2057 5471 Ρ.
2080 5415 2321 5489 lll.—-(tl)
2336 5415 2447 5471 Soli
2462 5418 2590 5471 enim
2608 5417 2699 5473 Dei
2721 5418 2855 5474 Filio
2865 5424 3275 5479 servubatursine
3292 5426 3424 5480 deli-

1848 5499 1927 5563 cto
1946 5490 2383 5563 permanereyon
2400 5490 2649 5563 mirnmsi
2662 5507 2765 5563 nec
2782 5493 3139 5548 beatissimam
3159 5496 3427 5563 Virginem

1855 5556 2231 5615 hieaddiderit
2254 5556 2486 5624 Christo,
2516 5562 2626 5631 qui,
2659 5562 2793 5615 libro
2817 5564 2885 5617 de
2914 5566 3088 5619 Carne
3115 5556 3331 5631 Christi,
3359 5569 3428 5622 de

1854 5645 1919 5705 ea
1954 5632 2226 5705 scripserit
2257 5631 2437 5705 minus
2452 5644 2809 5705 consentanea
2851 5639 3183 5705 scqnentimn
3213 5648 3432 5693 :etatum

1860 5701 2138 5772 theologis.
2170 5701 2441 5756 Laudabili
2491 5716 2620 5757 sane
2662 5702 2854 5758 affectu
2889 5701 3210 5771 Augustinus
3241 5710 3331 5762 lib.
3364 5716 3434 5764 de

1863 5772 2057 5828 Natura
2110 5782 2159 5844 et
2187 5772 2367 5827 Gratia
2422 5773 2678 5828 adversus
2726 5775 2903 5844 Pelag.
2945 5779 3119 5833 dixit:
3159 5780 3231 5833 De
3257 5792 3435 5833 sancta

1867 5844 2056 5916 virgine
2103 5843 2291 5913 Maria,
2323 5854 2524 5915 propter
2556 5846 2793 5903 honorem
2823 5846 3048 5914 Domini,
3085 5853 3274 5907 nullout
3301 5868 3453 5927 pror-
