4242 6492
160 400 213 458 t7
1233 400 1433 457 LIBER
1475 400 1562 455 or.
1604 399 2298 458 t'tUESCRlPTlONIBUS.
2909 367 2913 371 ’
3338 400 3409 459 t8

161 519 269 589 quod
314 516 488 571 bonum
518 525 594 571 est
642 525 800 571 tenete
845 518 863 587 (
891 514 909 570 I
942 515 1097 571 Thess
1127 557 1141 583 ,
1168 515 1232 582 γ,
1256 517 1372 584 21).
1412 516 1573 583 Quasi
1606 532 1710 570 non
1739 518 1792 577 Λ

159 614 314 675 liceat,
340 611 587 664 omnibus
622 609 763 664 male
808 609 1154 674 examinatis,
1186 609 1239 665 in
1278 610 1595 665 electionem
1625 609 1704 679 (1)

160 705 339 775 alierijus
360 702 479 757 tnali
510 702 809 773 impingere
837 717 930 772 per
958 716 1219 757 errorem.

742 857 967 915 CAPUT
1010 857 1072 913 ν.

155 994 403 1068 Fugicadas
430 998 650 1051 Itwreses
677 996 986 1069 pra’ﬁnitum
1014 1012 1113 1050 non
1137 996 1292 1049 modo
1321 994 1695 1051 dissensionum

203 1074 588 1153 ctscliismatum,
606 1089 693 1142 sed
709 1088 859 1142 etiam
885 1088 1115 1159 ipsarum
1142 1090 1395 1143 Inereseon
1424 1091 1640 1144 nomine.

213 1246 383 1311 Porro,
416 1247 459 1300 si
486 1247 856 1302 dissensiones
886 1257 940 1301 et
968 1248 1256 1304 schismata
1282 1251 1556 1321 increpat,
1588 1268 1708 1321 qua}

153 1342 245 1395 sine
266 1341 412 1395 dubio
430 1342 571 1395 nrala
602 1350 747 1406 sunt,
769 1351 821 1396 et
850 1342 1197 1398 incontinenti
1224 1344 1298 1415 (α)
1324 1344 1555 1399 lucreses
1583 1346 1709 1399 sub-

150 1432 520 1505 jungit(lCor.,
544 1432 638 1497 XI,
669 1434 801 1502 18).
836 1433 989 1502 Quod
1009 1436 1161 1489 malis
1190 1436 1439 1507 adjungat
1465 1436 1567 1507 (Ξ),
1598 1454 1710 1492 nia-

154 1526 239 1578 lum
258 1526 422 1596 utique
441 1525 743 1596 proﬁtetur,
763 1536 818 1581 et
836 1527 1053 1590 quidem
1088 1530 1290 1597 majus;
1311 1544 1433 1584 cum
1483 1530 1606 1585 ideo
1634 1530 1708 1603 (5)

156 1620 406 1675 credidisse
430 1635 490 1674 se
510 1620 654 1675 dicat
676 1620 744 1676 de
764 1622 1148 1676 schismatibus
1174 1634 1229 1678 et
1256 1624 1703 1692 dissensionibus,

152 1714 249 1782 quia
291 1715 443 1769 sciret
485 1716 647 1769 etiam
702 1714 938 1771 barreses
980 1726 1230 1786 oportere
1270 1733 1407 1773 esse.
1462 1719 1708 1775 Ostendit

155 1810 285 1871 enim,
314 1810 571 1878 gravioris
599 1810 723 1864 mali
770 1821 1053 1881 prospectu
1110 1810 1213 1882 (4),
1244 1812 1313 1867 de
1366 1810 1450 1884 (5)
1500 1814 1709 1869 leviori-

152 1900 231 1953 bus
255 1916 305 1954 se
342 1900 496 1957 facile
522 1901 851 1966 credidisse;
878 1912 1024 1958 certe
1042 1944 1055 1967 ,
1080 1918 1185 1957 non
1228 1912 1286 1958 ut
1314 1904 1435 1960 ideo
1461 1906 1527 1961 de
1555 1907 1707 1962 malis

156 1990 428 2058 crediderit,
455 1993 579 2063 quia
609 1992 843 2050 bmrescs
868 1994 1023 2049 bona:
1053 2004 1267 2061 essent;
1300 1998 1392 2052 sed
1420 1998 1493 2052 uti
1524 1999 1591 2055 de
1618 2015 1710 2069 pe~

154 2084 260 2151 joris
310 2101 517 2156 quoque
563 2097 704 2142 notae
757 2089 1141 2145 tentationibus
1190 2103 1548 2160 prtemoneret
1602 2109 1707 2151 non

154 2190 250 2229 esse
272 2177 585 2244 mirandum,
618 2194 751 2250 quas
794 2180 1000 2235 diceret
1029 2182 1250 2239 tendere
1292 2184 1372 2255 (6)
1412 2186 1479 2240 ad
1512 2186 1707 2256 proba-

153 2266 260 2323 biles
276 2286 503 2341 quosque
533 2272 974 2335 manilestandos.
998 2276 1203 2332 scilicet
1221 2294 1356 2349 quos
1381 2296 1486 2335 non
1516 2292 1707 2352 potue-

155 2362 210 2416 rit
229 2362 525 2433 depravare.
568 2366 806 2436 Denique
834 2369 878 2421 si
910 2378 1076 2423 totum
1116 2371 1404 2442 capitulum
1432 2374 1498 2429 ad
1532 2377 1707 2433 unita-

157 2467 242 2511 tem
277 2456 680 2527 continendam,
724 2468 778 2513 et
831 2462 1197 2530 separationes
1243 2466 1570 2521 coercendas
1624 2483 1710 2523 sa-

154 2548 216 2618 pit
237 2548 325 2617 (7),
354 2547 585 2603 haereses
615 2566 743 2605 vero
770 2566 877 2606 non
906 2553 1084 2607 minus
1114 2554 1182 2609 ab
1199 2556 1399 2612 unitate
1425 2557 1706 2625 divellunt,

154 2655 283 2709 quam
302 2640 659 2722 schismataet
688 2643 1051 2701 dissensiones
1076 2663 1090 2709 ;
1119 2648 1236 2703 sine
1273 2648 1436 2704 dubio
1460 2660 1515 2705 et
1538 2651 1708 2707 barre-

154 2747 224 2786 ses
248 2733 291 2786 in
316 2748 377 2787 ea
405 2734 716 2790 conditione
742 2737 1186 2805 reprehensionis
1208 2742 1501 2809 constituit,
1530 2744 1580 2797 in
1604 2761 1708 2816 qua

153 2824 403 2879 schismata
432 2835 483 2882 et
512 2826 901 2883 dissensiones.
936 2830 1011 2885 Ac
1052 2846 1146 2900 per
1188 2831 1323 2897 hoc,
1355 2850 1458 2888 non
1492 2837 1572 2905 (8)
1617 2854 1710 2896 eos

152 2917 421 2986 probabiles
476 2916 641 2982 facit,
672 2919 761 2989 qui
812 2921 865 2973 in
913 2919 1150 2976 Iurreses
1194 2922 1542 2995 diverterint,
1588 2945 1709 2985 cum

152 3014 351 3066 maxime
393 3012 587 3067 diverti
635 3013 704 3068 ab
752 3012 1019 3083 ejusmodi
1064 3015 1345 3086 objurget,
1376 3019 1609 3078 edocens
1631 3024 1711 3096 (9)

152 3120 279 3157 unum
326 3122 491 3160 omnes
540 3106 682 3176 loqui
733 3117 779 3161 et
824 3107 1047 3176 idipsum
1077 3125 1256 3179 sapere
1282 3110 1325 3183 (Ι
1353 3110 1497 3183 σωκ,
1524 3116 1565 3181 I,
1596 3119 1710 3188 10),

153 3194 267 3263 quod
294 3200 445 3253 etiam
469 3197 710 3255 barreses
736 3214 843 3255 non
865 3200 1069 3255 sinunt.

2442 519 2667 578 CAPUT
2706 521 2795 578 VI.

1816 652 2019 725 Quippe
2047 670 2195 721 cmn,
2233 654 2466 726 Epistola
2488 657 2556 709 ad
2584 656 2787 723 Titum,
2818 656 3091 728 Apostolus
3112 655 3405 711 Itwreticum

1885 748 2201 812 describens,
2235 748 2449 804 Itwreses
2492 750 2652 803 dictas
2705 749 2925 804 insinuet
2971 765 3139 820 grceca
3196 765 3312 803 voce
3340 762 3406 802 ex

1884 839 2293 907 interpretatione
2321 841 2575 895 electionis
2595 883 2609 905 ,
2639 858 2739 912 qua
2778 842 2891 913 quis
2917 840 3018 895 sive
3042 841 3109 894 ad
3139 839 3405 894 instituen-

1886 929 2007 994 das,
2043 930 2145 985 sive
2167 930 2235 985 ad
2265 931 2616 1002 suscipiendas
2641 948 2727 987 eas
2757 933 2937 987 utitur.

1885 1084 1995 1141 Nec
2026 1085 2226 1141 diutius
2253 1086 2321 1142 de
2348 1086 2449 1141 isto
2475 1087 2618 1158 (10),
2645 1088 2689 1142 si
2749 1087 2889 1143 idem
2923 1094 3007 1143 est
3034 1084 3151 1159 (11)
3179 1086 3399 1151 Paulus,

1813 1179 1901 1247 qui
1934 1188 1986 1232 et
2016 1178 2139 1233 alibi
2183 1177 2419 1234 lucreses
2451 1180 2587 1233 inter
2616 1180 2848 1235 carnalia
2878 1181 3101 1236 erimina
3133 1188 3409 1243 numerat,

1815 1270 2056 1325 scribens
2082 1269 2148 1324 ad
2175 1270 2392 1326 Galatas
2420 1271 2511 1345 (V,
2534 1272 2651 1341 20),
2678 1281 2733 1327 et
2753 1273 2841 1344 qui
2861 1272 2982 1328 Tito
3010 1275 3245 1343 suggerit
3267 1275 3285 1344 (
3311 1273 3405 1337 Ill,

1816 1360 1885 1415 I0
1916 1372 1959 1415 et
2000 1363 2055 1417 11
2091 1366 2140 1431 ),
2176 1364 2431 1418 hominem
2474 1366 2767 1419 lnereticum
2806 1376 2919 1434 post
2958 1368 3175 1437 primum
3203 1383 3411 1434 correp-

1815 1454 1999 1507 tionem
2022 1455 2388 1521 recusandum,
2418 1457 2554 1525 quod
2577 1474 2839 1526 perversus
2866 1460 2931 1513 sit
2954 1459 3208 1531 ejusmodi
3238 1470 3287 1513 et
3317 1460 3409 1514 de-

1813 1546 2028 1614 linquat,
2062 1557 2170 1601 uta
2195 1550 2463 1619 semetipso
2493 1551 2787 1607 damnatus.
2814 1550 2923 1608 Sed
2950 1562 3003 1607 ct
3026 1553 3079 1607 in
3100 1553 3245 1608 omni
3273 1568 3412 1623 pene

1813 1638 2035 1707 epistola
2067 1639 2133 1694 de
2163 1640 2477 1697 adulterinis
2505 1644 2767 1700 doctrinis
2792 1644 3059 1715 fugiendis
3096 1645 3370 1702 inculcans
3391 1687 3410 1715 ,

1816 1731 2049 1788 Itan-eses
2072 1742 2235 1802 taxat,
2260 1751 2483 1807 quarum
2507 1751 2666 1806 opera
2690 1746 2816 1793 sunt
2841 1738 3099 1794 adultera:
3124 1739 3408 1803 doctrinm,

1818 1822 2052 1879 haereses
2096 1825 2253 1882 dicta:
2296 1843 2468 1897 grmca
2519 1844 2650 1884 voce
2698 1830 2800 1900 (b),
2833 1845 2900 1885 ex
2974 1832 3414 1901 interpretatione

1816 1917 2095 1973 electionis
2115 1934 2216 1989 qua
2239 1922 2382 1989 quis,
2404 1921 2517 1976 sive
2538 1921 2603 1977 ad
2630 1922 3002 1991 instituendas,
3027 1924 3139 1979 sive
3155 1923 3220 1980 ad
3242 1925 3412 1980 susci-

1815 2011 2039 2080 piendas
2067 2027 2159 2067 eas
2190 2014 2373 2069 utitur.
2400 2014 2475 2084 (ε)
2514 2014 2639 2071 Ideo
2676 2025 2731 2070 et
2767 2017 2869 2071 sibi
2912 2016 3223 2073 damnatum
3268 2018 3411 2073 dixit

1817 2105 2148 2169 baereticum,
2179 2108 2300 2177 quia
2328 2117 2384 2163 et
2414 2109 2464 2163 in
2495 2124 2601 2180 quo
2632 2109 2933 2176 damnatur,
2962 2111 3063 2165 sibi
3093 2113 3272 2182 elegit.
3306 2111 3413 2165 No-

1815 2200 1895 2255 bis
1928 2216 2053 2255 vero
2082 2201 2213 2254 nihil
2240 2216 2306 2255 ex
2347 2210 2531 2256 nostro
2557 2202 2779 2256 arbitrio
2810 2203 3065 2257 inducere
3116 2203 3273 2270 licet,
3308 2204 3405 2259 sed

1816 2308 1913 2347 nec
1934 2292 2130 2361 eligere
2151 2292 2266 2363 (l2)
2282 2292 2421 2361 quod
2444 2292 2636 2363 aliquis
2657 2292 2724 2347 de
2740 2293 2963 2347 arbitrio
2991 2309 3091 2348 suo
3121 2294 3411 2351 induxerit.

1816 2384 2102 2453 Apostolos
2152 2384 2363 2438 Domini
2412 2383 2674 2438 habemus
2715 2393 2993 2452 auctores,
3029 2388 3118 2456 qui
3162 2402 3262 2441 nec
3311 2388 3416 2455 ipsi

1815 2479 2101 2551 quidquam
2128 2493 2193 2535 ex
2224 2494 2323 2533 suo
2351 2478 2592 2541 arbitrio,
2615 2478 2754 2547 quod
2783 2478 3103 2535 inducerent
3131 2479 3271 2554 (I3),
3302 2480 3415 2535 ele-

1814 2582 2005 2641 gerunt
2030 2589 2043 2635 ;
2073 2570 2165 2625 sed
2216 2580 2492 2640 acceptam
2519 2586 2548 2624 a
2590 2570 2806 2626 Christo
2832 2570 3166 2642 disciplinam
3185 2572 3416 2627 lideliter

1820 2663 2123 2717 nationibus
2160 2663 2585 2733 assignaverunt.
2642 2662 2823 2733 Itaque
2861 2664 3058 2718 etiamsi
3098 2664 3308 2735 angelus
3348 2665 3413 2719 de

1816 2756 1957 2810 cretis
1999 2756 2147 2809 aliter
2193 2756 2600 2827 evangelisaret,
2643 2753 2728 2827 (cl)
2757 2754 3029 2808 anathema
3076 2755 3329 2810 diceretur
3379 2774 3413 2810 (ι

1818 2848 1958 2903 nobis
1989 2847 2007 2917 (
2034 2847 2075 2915 I,
2100 2848 2191 2915 8).
2222 2848 2538 2904 Providerat
2574 2848 2681 2919 jam
2729 2858 2855 2903 tunc
2901 2847 3133 2917 Spiritus
3180 2848 3407 2904 Sanctus

1821 2940 2056 2995 futurum
2088 2939 2161 3012 (ι’)
2193 2942 2243 2995 in
2271 2941 2477 3010 virgine
2532 2940 2760 3009 quadam
2803 2938 3120 2995 Pbilumene
3160 2940 3408 3010 angelum

1818 3032 2168 3097 seductionis,
2204 3032 2675 3103 lransligurantem
2697 3045 2756 3087 se
2779 3032 2828 3086 in
2860 3029 3103 3101 angelum
3133 3030 3286 3093 lucis,
3316 3046 3411 3086 cn-

1814 3125 1900 3196 jus
1940 3127 2106 3197 signis
2135 3134 2190 3179 et
2225 3124 2507 3196 praestigiis
2537 3124 2755 3194 Apelles
2782 3121 3052 3191 inductus,
3080 3138 3271 3179 novam
3295 3122 3407 3179 ha:-

1739 3211 1783 3272 C
1820 3220 1960 3275 resin
1994 3218 2221 3275 induxit.

1341 3319 1638 3381 LECTION
1645 3331 1724 3389 ES
1773 3336 1859 3392 VA
1871 3337 1936 3393 Ill
1948 3335 2191 3392 ANTES.

198 3408 268 3483 (1).
290 3408 551 3483 lujectione
603 3406 793 3469 Seml.,°
851 3406 1115 3459 inlectione
1169 3407 1443 3475 suspicatur
1498 3416 1709 3483 Junius;

151 3468 364 3520 electione
385 3482 559 3522 rr'ouw.

199 3534 260 3597 (ἓ)
292 3534 493 3597 Mlius?!
514 3541 627 3597 Jun-

215 3594 261 3649 3)
290 3594 589 3648 Idém'Seml.

220 3660 261 3715 t)
295 3657 534 3721 Despectu
568 3658 719 3721 Scml.

203 3720 261 3781 [5)
284 3721 353 3768 De
384 3719 509 3773 abest
539 3719 701 3773 Paris.

197 3784 259 3834 l6)
292 3781 577 3843 Impendere
602 3783 749 3835 Rhea.
775 3790 889 3833 Jun.
922 3791 1038 3834 Par.

198 3843 261 3907 (7)
289 3844 437 3907 Aptes
480 3846 658 3909 Seml.;
682 3849 780 3911 apit
801 3845 877 3896 vel
905 3854 1021 3911 apet
1065 3855 1201 3911 Jun.,
1240 3849 1293 3900 id
1316 3856 1403 3912 est,
1439 3866 1532 3905 uno
1575 3859 1713 3921 quasi

1810 3426 1999 3479 uinculo
2021 3436 2187 3492 aptum
2208 3428 2484 3491 constringit
2506 3433 2551 3476 et
2570 3424 2791 3478 continet.

1874 3494 1947 3549 (8)
1980 3492 2080 3539 Nos
2135 3495 2299 3540 Venet.

1871 3550 1944 3674 (9)
1981 3553 2273 3615 Objurgans,
2299 3560 2349 3601 et
2370 3551 2553 3600 docens
2578 3548 2727 3601 Seml.
2757 3551 2899 3601 Pam.

1902 3617 1980 3674 10)
2014 3614 2216 3674 Disputo
2232 3614 2350 3665 add.
2378 3616 2616 3664 Hermum.

1902 3617 1980 3675 10)
2014 3614 2216 3675 Disputo
2232 3614 2350 3665 add.
2378 3616 2616 3664 Hermum.

1869 3678 1973 3737 (11)
2006 3677 2066 3727 Ει
2085 3677 2234 3728 Seml.

1876 3741 1982 3802 (12)
2018 3739 2282 3802 Indulgere
2306 3740 2456 3791 Seml.

1881 3801 1979 3863 (l5)
2015 3801 2253 3853 inducere
2295 3805 2464 3853 Venet.

1474 3938 2033 4009 COMMENTARIUS.

150 4022 252 4097 ritus
288 4040 349 4097 ea:
377 4023 482 4097 Deo
523 4026 761 4080 sint......
854 4025 875 4080 l
931 4024 1110 4091 Joan.,
1143 4024 1231 4090 IV,
1263 4028 1288 4082 1
1324 4028 1361 4097 ).
1416 4029 1503 4086 Sic
1542 4034 1702 4090 modo

150 4094 314 4147 curiosi
345 4096 555 4166 quidam
598 4097 739 4152 male
782 4096 954 4151 feriati
985 4094 1369 4153 ratiocinantur
1413 4100 1480 4156 de
1517 4119 1701 4159 sacra-

152 4166 314 4240 mentis
352 4168 598 4240 omnibus
628 4168 919 4234 Eeelesim,
947 4169 1116 4236 prisca
1160 4170 1268 4223 sint
1302 4186 1364 4225 ea
1410 4188 1610 4240 necne,
1634 4178 1702 4232 de

151 4234 306 4290 ritibus
333 4248 385 4292 et
413 4238 601 4310 formis
642 4241 897 4303 rixantes,
925 4234 979 4292 et
1006 4240 1291 4310 explorare
1329 4258 1388 4296 se
1427 4245 1564 4300 velle
1598 4234 1703 4302 'di-

150 4315 251 4381 cunt
272 4309 289 4380 (
312 4318 364 4363 ut
388 4308 517 4363 olim
548 4308 840 4381 dicebant)
872 4320 1047 4362 utrutn
1077 4308 1215 4367 uera
1260 4312 1551 4381 proferant,
1581 4332 1700 4371 ont-

150 4378 509 4435 nium‘scilicet
556 4380 681 4435 hinc
720 4378 841 4436 inde
880 4382 1175 4435 rationibus
1216 4382 1492 4441 discussis.
1537 4378 1703 4443 Aiunt

149 4450 267 4503 enim
287 4452 562 4528 scriptum
599 4468 719 4508 esse
747 4470 759 4503 ε
792 4450 983 4528 _0n_mia_
1006 4454 1229 4528 probate.
1248 4456 1347 4528 Sic
1374 4458 1574 4512 sensim
1610 4475 1703 4528 per

148 4524 414 4588 superbiam
467 4532 705 4578 nostram
755 4522 915 4578 nimis
960 4524 1102 4578 facili
1150 4534 1203 4579 et
1246 4527 1448 4581 lubrico
1477 4522 1700 4585 assensu

148 4588 511 4669 delabim_ur__i_u
539 4595 961 4669 _bmrcs_es.......
995 4594 1299 4651 Christiane
1328 4597 1511 4664 lector,
1559 4600 1699 4655 haud
1727 4607 1780 4666 D

146 4663 385 4739 quibusvis
425 4665 576 4739 illud,
606 4665 777 4739 autnia
817 4667 1045 4736 probate,
1078 4675 1379 4738 cceteraqne
1424 4663 1698 4739 superiora

147 4730 263 4810 dicta
292 4736 452 4810 luere.
508 4736 626 4791 Non
680 4730 827 4791 enini
876 4746 1001 4810 puto
1058 4742 1246 4800 ἰδιώτην
1294 4730 1702 4810 quempiam,si

147 4803 253 4883 velit
275 4806 547 4883 ambulare
576 4817 752 4873 caute,
772 4803 1057 4883 possegltoc
1089 4803 1695 4883 implere'prteéeptuut:

146 4877 644 4952 quia__sapicntibus,
682 4890 736 4952 et
782 4892 885 4933 non
936 4877 1354 4952 insipientibus;
1382 4877 1701 4952 imperatum

146 4954 226 5025 est
260 4947 376 5003 Ilaec
402 4950 586 5025 et__alia
628 4950 818 5025 eodem
853 4947 1185 5025 pertinentia
1240 4947 1600 5025 liieronjmus
1624 4956 1705 5007 in-

147 5022 414 5095 terpretans
452 5021 580 5095 illud
619 5018 745 5095 (ad
770 5018 927 5091 Eph.,
962 5021 1024 5087 ν,
1056 5022 1164 5095 15)
1193 5037 1206 5075 :
1247 5021 1418 5095 Videte
1446 5018 1705 5095 quomodo

146 5101 270 5163 caute
312 5092 594 5146 ambuletis.
628 5092 787 5148 Amb.
812 5108 1023 5161 quoque
1074 5093 1329 5163 legendus
1375 5096 1426 5149 in
1465 5092 1599 5150 illud
1643 5097 1709 5151 ad

146 5156 313 5215 Thess.
342 5164 646 5217 mandatum
675 5183 689 5219 ;
721 5156 906 5217 Omnia
934 5156 1165 5233 probate.
1496 5168 1634 5222 Pan.

200 5254 341 5329 CAP.
367 5256 605 5329 Y.—(a)
635 5256 699 5311 Et
728 5258 1055 5329 incontinenti
1082 5258 1294 5312 Iiwreses
1319 5260 1596 5329 subjuugit.
1628 5259 1713 5313 lu-

144 5326 426 5388 cnuliuenti.
448 5329 497 5383 id
523 5326 607 5383 est
622 5331 827 5383 statim.
846 5328 1087 5383 Justinus
1118 5328 1253 5383 solet
1272 5326 1452 5385 dicere
1467 5326 1529 5384 ei:
1553 5332 1713 5385 conti-

146 5400 276 5461 nenti,
293 5415 383 5452 ceu
404 5399 475 5455 lib
496 5399 560 5459 ν.
577 5410 630 5452 ut
644 5417 707 5453 ea:
733 5401 1005 5454 continenti
1018 5400 1329 5455 Alcibiadem
1349 5401 1527 5456 ducent
1550 5402 1714 5457 Cono-

147 5469 322 5545 ueduce
346 5480 615 5545 mutarent.
647 5470 713 5525 Et
742 5472 834 5527 lib.
866 5471 976 5537 VII,
994 5474 1149 5527 teneri
1172 5490 1272 5529 non
1303 5474 1621 5545 potuit,quin
1648 5489 1711 5528 ea:

144 5542 386 5594 continenti
411 5544 520 5596 acie
548 5544 857 5599 decerneret.
1304 5542 1313 5545 ⁷
1459 5545 1634 5599 linea.

172 5628 337 5710 'CaI‘.
364 5631 523 5686 VL—
544 5632 630 5705 (b)
658 5632 838 5710 Greece
864 5650 999 5689 uoce.
1028 5637 1446 5710 llﬂdtgﬁCillCli‘
1476 5636 1709 5705 idipsum

146 5704 395 5767 signitieat.
560 5704 563 5705 ⁷
796 5706 926 5760 Eoo.
958 5722 1023 5759 ea:
1048 5704 1197 5775 opere
1218 5704 1281 5761 D.
1315 5725 1379 5763 or.
1398 5704 1635 5763 Genitor.

204 5791 268 5864 (ε)
297 5794 416 5850 Ideo
462 5805 511 5852 et
538 5796 653 5851 sibi
696 5797 993 5851 damnatum
1038 5798 1166 5851 dixit
1209 5799 1516 5854 luereticum.
1548 5798 1713 5854 Paulo

148 5864 273 5930 prius
298 5866 446 5934 dixit,
474 5879 528 5921 ut
559 5885 591 5921 η
619 5870 886 5940 semetipso
914 5868 1203 5924 damnatus.
1236 5870 1338 5925 l’ro
1367 5888 1475 5941 quo
1519 5872 1712 5942 legitur

1808 4044 1968 4100 hodie
1993 4045 2130 4116 apud
2169 4045 2518 4115 Apostolum:
2555 4044 2763 4116 proprio
2784 4043 2991 4116 judicio
3017 4042 3405 4116 condemnatus.

1812 4115 2005 4172 Verum
2027 4114 2161 4171 illud
2191 4114 2239 4171 et
2272 4118 2392 4186 legit
2418 4118 2579 4169 etiam
2607 4114 2661 4171 et
2689 4116 2927 4170 declarat
2953 4114 3030 4169 sic
3066 4114 3086 4186 (
3124 4116 3200 4169 uti
3222 4116 3406 4186 etiam

1810 4190 2084 4243 annotavit
2127 4185 2456 4258 Quintinus)
2496 4187 2557 4241 Β.
2613 4188 2991 4258 Hieronymus.
3036 4185 3331 4241 Hmreticus
3376 4203 3411 4241 a

1810 4261 2102 4329 semetipso
2154 4257 2442 4313 damnatus
2484 4272 2607 4313 esse
2634 4257 2875 4329 dicitur,
2934 4267 3214 4326 prepterea
3264 4258 3411 4326 quod

1810 4328 2039 4391 adulter,
2074 4330 2381 4393 fornicator,
2415 4328 2705 4393 homicida,
2731 4338 2788 4383 et
2811 4336 3006 4384 castora
3036 4328 3161 4382 vitia
3196 4344 3289 4396 per
3314 4343 3408 4383 sa-

1808 4402 2058 4456 cerdotes
2086 4403 2152 4456 ab
2182 4401 2418 4457 Ecclesia
2446 4399 2851 4469 prepelluntur;
2883 4399 3119 4455 lueretici
3143 4408 3322 4453 autem
3353 4401 3411 4454 in

1808 4475 2132 4541 semctipsos
2156 4472 2475 4527 sententiam
2506 4471 2685 4526 lerunt
2705 4513 2720 4537 ,
2751 4471 2974 4526 arbitrio
2998 4485 3095 4525 suo
3117 4469 3187 4524 de
3215 4470 3407 4541 Eccle-

1807 4548 1882 4598 sia
1935 4540 2280 4605 reeedeutes;
2329 4560 2447 4613 qua:
2491 4544 2760 4608 recessio,
2793 4542 3022 4613 propria:
3063 4540 3407 4597 conscientiae

1807 4615 2021 4667 videtur
2044 4628 2166 4667 esse
2193 4615 2489 4667 damnatio.
3195 4611 3334 4667 Part.

3239 4628 3334 4668 AI.

1876 4707 1954 4777 (d)
1992 4706 2273 4760 Anathema
2299 4708 2554 4760 diceretur
2578 4724 2610 4760 a
2636 4706 2796 4761 nobis.
2823 4704 3124 4759 Providerat
3140 4704 3255 4774 jam
3290 4714 3411 4777 tunc

1808 4774 1905 4851 Sp.
1940 4774 2001 4832 S.
2028 4777 2130 4851 llic
2161 4778 2308 4832 locus
2334 4778 2403 4851 ab
2431 4778 2755 4851 Hieronymo
2781 4777 3091 4851 citatur,_in
3113 4789 3241 4851 cap.
3282 4774 3311 4851 _I
3340 4776 3414 4829 ad

1808 4846 1982 4905 Galat.
2021 4849 2319 4919 Eleganter,
2351 4850 2555 4916 inquit,
2587 4846 2645 4902 in
2682 4850 2777 4904 hoc
2815 4848 2924 4903 loco
2977 4848 3057 4919 uir
3088 4846 3415 4919 doctissimus

1812 4915 2182 4982 Tertullianus,
2208 4915 2451 4973 adversus
2478 4920 2707 4987 Apellen:
2733 4929 2779 4974 et
2796 4920 2907 4990 ejus
2932 4918 3177 4990 virginem
3221 4915 3411 4970 Philu-

1811 5008 2026 5055 mcnem,
2055 5008 2205 5059 quant
2233 4992 2443 5062 angelus
2467 4991 2673 5058 quidam
2700 4988 2934 5044 diabolici
2962 4988 3171 5062 spiritus
3191 4996 3246 5062 et
3289 5003 3410 5062 per-

1813 5079 1986 5117 rersus
2012 5058 2323 5133 impleverat,
2356 5062 2488 5115 hunc
2508 5078 2613 5116 esse
2632 5062 2802 5133 scribit
2828 5061 3093 5133 angelum,
3118 5058 3222 5133 cui,
3248 5058 3410 5133 multo

1814 5129 2093 5204 antequam
2124 5134 2328 5203 Apelles
2358 5142 2664 5196 nasceretur,
2694 5129 2919 5204 Spiritus
2948 5130 3129 5187 Sancti
3164 5129 3404 5204 ua_ticinio
3443 5133 3446 5137 ’

1813 5206 1877 5259 sit
1904 5199 2180 5259 auat/tenta
2202 5222 2292 5275 per
2314 5205 2609 5276 Apostolum
2639 5202 3013 5273 praplretatum.
3209 5199 3332 5257 RIG.

1888 5297 1967 5372 (ο)
1999 5297 2063 5352 1η
2084 5299 2276 5372 virgine
2294 5297 2515 5372 qundam
2545 5295 2862 5372 Philumena
2893 5294 3205 5372 Philumena
3230 5292 3410 5372 puella

1818 5363 2435 5438 fuitalexandrina,qu;e
2460 5367 2703 5422 familiari
2722 5372 2965 5438 dammae
2990 5364 3209 5438 obsessa
3238 5363 3409 5438 multa

1819 5442 2197 5514 mentiebatur.
2230 5432 2376 5514 Hanc
2417 5448 2598 5514 postea
2611 5436 2938 5514 compressit
2971 5433 3214 5514 Apellesz
3243 5432 3406 5514 adeo-

1815 5529 1919 5585 que
1965 5514 2119 5582 hujus
2169 5504 2450 5585 impudica:
2495 5504 2959 5585 mu_licri_s:a_more
2988 5520 3165 5585 aecus
3189 5504 3321 5585 luit,
3348 5519 3407 5585 ut

1818 5576 2011 5639 librum
2034 5576 2315 5652 scripserit
2344 5584 2445 5636 hoc
2477 5583 2658 5643 titulo,
2689 5579 3005 5652 Philumena:
3039 5576 3325 5652 P_rop_lretia:
3352 5584 3407 5652 _et

1819 5644 2163 5709 Pltaneroses:
2190 5654 2321 5707 Vide
2348 5652 2574 5718 Euseb,
2612 5652 2703 5705 lib.
2742 5650 2782 5705 V
2813 5650 2945 5705 Ilist.
2979 5656 3033 5703 et
3068 5644 3301 5715 BfAng.
3330 5644 3404 5718 de

1822 5726 1960 5798 Ilzer.
1984 5727 2048 5779 ad
2086 5724 2535 5798 Quodvultdenm.
2562 5716 2777 5798 Castori
2811 5723 2921 5798 lere
2944 5733 3131 5798 omnes
3156 5716 3401 5798 consulto

1820 5797 2078 5865 impuram
2112 5790 2264 5850 ’hanc
2306 5795 2670 5850 mulierculam
2716 5794 2927 5850 silentio
2971 5790 3199 5919 obruelrc
3224 5790 3403 5913 ξηιΜί

1820 5878 1957 5919 sunt.
3176 5875 3204 5913 ε
3277 5874 3329 5912 n.

1816 5878 1957 5926 SUﬂl.
3129 5874 3204 5919 LE
3237 5874 3329 5913 ιίι.
