4242 6492
187 378 239 435 21
1279 378 1479 434 LIBER
1524 378 1610 435 DE
1652 378 2342 439 PR/ESCRIPTIONIBUS.
3377 385 3451 442 2‘2

192 505 283 560 est,
308 504 420 564 post
460 492 735 549 Christum
786 493 1003 559 .lesuut;
1058 508 1156 549 nec
1200 494 1577 564 inquisitione,
1632 506 1752 565 post
1780 506 1830 564 Α
1858 497 1945 567 qui
1994 497 2125 551 foris
2166 513 2401 567 semper,
2430 498 2703 570 quomodo
2729 499 2957 568 pulsabit
2981 515 3047 555 eo
3076 500 3162 556 ubi
3183 516 3448 573 nunquam

188 588 519 656 Evangelium.
551 588 684 641 Cum
711 587 1012 651 credimus,
1045 587 1177 641 nihil
1212 587 1582 641 desideramus
1612 588 1749 641 ultra
1852 588 1987 643 fuit?
2042 606 2201 659 quam
2258 590 2337 659 (6)
2380 591 2597 661 januam
2658 594 2825 659 novit,
2858 593 2907 647 in
2935 609 3090 665 quam
3121 594 3200 666 (7)
3244 610 3342 649 nec
3366 610 3451 650 re-

186 679 393 734 credere.
441 678 552 732 Hoc
584 680 726 733 enim
769 679 913 747 prius
951 678 1256 744 credimus,
1289 694 1395 733 non
1444 693 1565 734 esse
1608 678 1749 749 quod
1853 692 2062 752 ceptus,
2097 698 2194 737 nec
2248 684 2452 751 ejectus
2503 684 2828 753 aliquando?
2876 700 2944 739 an
3006 686 3086 756 (8)
3117 686 3207 756 qui
3248 686 3352 740 scit
3394 701 3452 741 se

188 773 301 827 ultra
325 770 542 826 credere
572 771 885 826 debeamus.
1856 776 2001 832 intus
2044 775 2204 830 fuisse
2230 785 2284 831 et
2313 776 2457 831 foras
2485 786 2662 832 actum
2686 820 2697 841 ,
2729 778 2775 831 is
2814 777 2992 847 petitis
3018 778 3246 847 pulsabit
3294 777 3370 848 (9)
3398 786 3455 833 et

755 863 980 920 CAPUT
1017 864 1154 920 VIII.
1858 870 2058 924 ostium
2093 869 2238 923 novit
2276 868 2391 940 (10)
2425 872 2430 886 ⁴

1858 870 2058 924 ostium
2093 869 2238 923 novit
2276 868 2391 940 (l0)
2425 871 2448 922 ?
2501 869 2695 935 Etiam,
2739 886 2933 925 PETI’I‘E
2967 888 3034 925 er
3083 886 3374 928 Αςειιιικτις
3403 874 3452 927 ei

186 958 313 1013 Nihil
330 970 493 1021 autem
518 959 716 1013 obstare
742 958 872 1011 illud
902 974 921 1012 :
944 958 1201 1025 Quasnrrn
1235 973 1302 1013 ετ
1340 974 1641 1014 ικνεκιετιε
1661 976 1679 1023 ;
1700 960 1754 1013 id
1857 966 2131 1034 competit,
2155 966 2241 1034 qui
2267 965 2463 1019 sciebat
2489 980 2517 1017 a
2543 980 2645 1033 quo
2666 975 2810 1020 esset
2833 965 3119 1033 petendum
3142 964 3325 1037 (ll),a
3347 980 3452 1035 quo

242 1055 361 1106 enim
389 1055 580 1106 dictum
607 1053 676 1104 ad
697 1068 779 1106 eos
804 1052 982 1121 quibus
1009 1054 1232 1104 nondum
1260 1054 1465 1121 agnitus
1501 1051 1753 1106 Christus.
1860 1066 1912 1112 et
1942 1068 2053 1111 erat
2074 1058 2274 1127 aliquid
2298 1058 2682 1127 repromissum
2708 1074 2721 1121 ;
2754 1072 2781 1110 a
2800 1056 2910 1112 Deo
2932 1056 3136 1112 scilicet
3156 1057 3449 1123 Abraham,

242 1147 396 1200 Venio
438 1147 617 1215 itaque
649 1146 711 1202 ad
762 1145 907 1198 illum
936 1146 1246 1204 articulum.
1294 1161 1451 1214 quem
1502 1154 1556 1200 et
1588 1145 1755 1200 nostri
1861 1150 2010 1205 Isaac
2056 1162 2109 1206 et
2153 1150 2349 1215 Jacob,
2402 1167 2563 1222 quem
2620 1152 2864 1205 nationes
2923 1167 3028 1205 non
3083 1153 3249 1222 magis
3290 1166 3453 1205 nore—

182 1240 490 1309 praetcndunt
530 1238 595 1291 ad
641 1237 922 1292 ineundam
964 1238 1371 1303 curiositatem,
1419 1247 1472 1292 et
1522 1236 1757 1292 licerelici
1865 1252 2005 1311 rant,
2040 1260 2198 1314 quant
2224 1245 2385 1298 ullam
2426 1245 2897 1313 repromissionem
2930 1244 3064 1315 ejus.
3114 1245 3179 1299 Et
3221 1244 3340 1299 ideo
3385 1244 3451 1297 ad

184 1333 421 1388 inculcant
441 1331 508 1386 ad
531 1330 920 1401 importandum
942 1331 1409 1397 scrupulositatem
1438 1329 1537 1401 (l).
1572 1331 1756 1402 Serip-
1863 1335 2024 1390 Israel
2056 1337 2370 1406 loquebatur
2400 1352 2413 1389 :
2442 1335 2562 1390 Non
2592 1353 2727 1403 sunt,
2763 1337 2931 1406 inquit
2965 1336 3206 1404 (Matth,
3240 1336 3304 1401 X,
3341 1335 3455 1405 15),

184 1432 275 1477 111111
297 1434 373 1477 est
403 1423 720 1493 (inquiunt):
753 1423 978 1488 Qnterite
992 1433 1035 1474 et
1064 1423 1324 1476 invenietis
1350 1422 1584 1492 (Matth,
1617 1422 1752 1486 VIII,
1866 1428 2049 1482 missus
2078 1430 2176 1483 nisi
2202 1430 2269 1482 ad
2297 1446 2409 1483 oves
2437 1428 2662 1498 perditas
2692 1429 2871 1482 domus
2900 1428 3069 1482 Israel
3115 1427 3253 1501 (12).
3305 1428 3454 1483 Non-

185 1516 245 1583 7).
267 1514 479 1582 Quando
507 1516 645 1568 banc
669 1530 859 1568 vocent
883 1514 1138 1568 Dominus
1159 1514 1357 1579 emisit,
1385 1514 1748 1569 recordemur.
1860 1520 1984 1576 dum
2013 1522 2219 1575 canibus
2241 1521 2474 1589 jactaliat
2505 1539 2685 1591 partem
2717 1521 2958 1589 ﬁliorum,
2989 1521 3220 1575 nondum
3250 1522 3459 1575 inviam

184 1609 302 1663 I’uto
328 1610 375 1662 in
405 1609 657 1678 primitiis
682 1610 813 1680 ipsis
852 1608 1113 1663 doctrina:
1143 1624 1274 1672 su:e,
1307 1625 1426 1663 cum
1455 1608 1629 1662 adhuc
1658 1608 1754 1662 du-
1859 1613 1972 1685 (15)
2004 1613 2265 1667 nationum
2294 1615 2666 1667 iremandabat
2700 1612 2940 1686 (.llattlt.,
2970 1613 3203 1677 XXVIII,
3237 1614 3351 1681 Ill);
3383 1614 3457 1667 si-

185 1699 418 1755 bitaretur
468 1700 611 1771 apud
644 1716 835 1756 omnes
858 1743 871 1765 ,
924 1717 989 1754 an
1034 1700 1279 1755 Christus
1325 1710 1490 1764 esset,
1533 1711 1586 1755 et
1628 1716 1748 1754 cum
1858 1706 2070 1775 quidem
2116 1707 2166 1758 in
2201 1704 2307 1760 (ine
2335 1705 2611 1774 praecepit,
2643 1715 2698 1758 ut
2727 1705 2985 1759 vaderent
3013 1705 3077 1759 ad
3107 1706 3376 1759 docendas
3404 1712 3459 1759 ct

182 1795 450 1848 adhucnec
490 1796 680 1849 I’etrus
730 1796 873 1849 IIIlttn
928 1795 1021 1848 Dei
1077 1793 1266 1847 Filium
1322 1795 1749 1862 pronuntiasset;
1861 1790 2177 1866 tinguendas
2206 1798 2471 1863 nationes,
2493 1799 2829 1852 consecuturi
2864 1813 2985 1852 mox
3010 1798 3264 1867 Spiritum
3286 1798 3455 1854 Sanc-

183 1885 693 1940 curiit-tinittloannes
714 1886 781 1941 de
824 1886 910 1940 illo
925 1899 1103 1940 certus
1126 1901 1244 1940 esse
1260 1886 1507 1939 desiisset
1540 1885 1614 1957 (ιι)
1644 1884 1747 1957 (2).
1781 1904 1828 1963 Β
1860 1897 1967 1942 111111
2002 1886 2351 1955 Paractetum,
2378 1891 2467 1959 qui
2494 1889 2614 1943 illos
2656 1890 2967 1943 deducturus
3004 1900 3130 1943 esset
3160 1892 3212 1943 in
3259 1906 3459 1944 onmem

184 1976 345 2031 Ilerito
371 1994 494 2047 ergo
521 1988 644 2032 tunc
670 1979 869 2031 dictum
899 1989 979 2031 est
1013 1977 1118 2049 (3),
1144 1978 1366 2041 Quwrite
1392 1986 1437 2030 et
1463 1979 1744 2045 invenietis,
1852 1982 2110 2035 veritatem
2137 1981 2341 2055 (.Ioan.,
2365 1981 2506 2046 XVI,
2544 1981 2655 2052 15).
2683 1981 2748 2036 Et
2774 1985 2872 2035 hoc
2897 1997 3019 2051 erga
3052 1982 3300 2051 illos(M)
3337 1983 3463 2038 fecit

183 2069 372 2138 quando
391 2070 709 2137 qumrettdtts
735 2070 910 2124 adhuc
934 2072 1180 2139 erat,qui
1211 2070 1384 2124 adhuc
1410 2072 1619 2140 agnitus
1642 2085 1747 2125 non
1858 2073 1997 2146 (15).
2070 2073 2225 2141 Quod
2275 2074 2321 2128 si
2387 2074 2689 2130 nationibus
2740 2075 2855 2145 (I6)
2891 2073 3138 2129 destinati
3185 2073 3459 2141 doctores,

183 2173 281 2217 erat
334 2164 469 2235 (4).
521 2164 587 2219 Et
634 2165 734 2219 hoe
787 2176 1041 2235 quantum
1093 2167 1157 2219 ad
1213 2166 1471 2230 Judaeos;
1520 2166 1586 2221 ad
1632 2166 1751 2223 illos
1856 2154 2096 2235 Apostoli
2127 2169 2223 2235 ipsi
2273 2183 2484 2237 quoque
2551 2167 2823 2222 doctorem
2897 2168 3239 2222 consecuturi
3306 2178 3462 2222 erant

184 2257 311 2309 enim
342 2259 562 2325 pertinet
610 2268 752 2311 totus
795 2274 974 2313 sermo
1004 2262 1391 2329 suggillationis
1431 2261 1606 2324 istius,
1657 2262 1748 2330 qui
1854 2257 2213 2322 Paracletum.
2246 2260 2413 2312 mIlIlO
2452 2260 2619 2328 magis
2650 2260 2857 2314 vacabit
2882 2260 2999 2331 (I7)
3032 2276 3154 2330 erga
3186 2274 3285 2314 nos
3311 2275 3459 2322 QUAE-

184 2346 423 2402 liabebant
450 2348 535 2401 ubi
558 2360 863 2418 quiererent
882 2349 1177 2404 Christum.
1207 2351 1283 2423 (b)
1309 2349 1530 2415 Habent,
1553 2351 1746 2421 inquit,
1856 2368 1978 2407 nm:
2008 2368 2073 2406 ET
2093 2368 2410 2415 INVENIETIS,
2436 2352 2780 2422 quibusultro
2797 2362 2913 2407 erat
2940 2352 3236 2407 obventura
3262 2352 3463 2409 doctri-

187 2436 376 2508 Iloysen
394 2449 434 2491 et
463 2438 664 2494 lIeliant
691 2440 865 2509 (ιω-η
887 2440 1025 2505 XVI,
1054 2442 1167 2513 29),
1194 2443 1243 2496 id
1265 2452 1346 2497 est
1368 2442 1536 2512 legem
1564 2452 1618 2498 et
1640 2459 1754 2513 pro-
1854 2459 1923 2499 na
1949 2459 2042 2514 per
2059 2446 2363 2513 Apostolus,
2381 2455 2435 2499 et
2456 2444 2585 2514 ipsis
2604 2446 2640 2497 Α
2652 2444 2873 2514 postolis
2899 2460 2992 2514 per
3013 2444 3269 2514 Spiritum
3291 2446 3461 2498 Sanc—

184 2528 351 2599 pltetas
365 2530 628 2585 Christum
659 2532 1029 2601 pnedicantes,
1056 2534 1351 2589 secundum
1388 2537 1528 2605 quod
1552 2547 1604 2591 et
1627 2536 1749 2591 alibi
1858 2545 1992 2590 tum.
2012 2536 2201 2590 Omnia
2215 2538 2427 2606 quidem
2447 2537 2587 2591 dicta
2618 2537 2825 2590 Domini
2845 2536 3093 2591 omnibus
3113 2536 3282 2606 posita
3306 2546 3452 2603 sunt,

185 2622 367 2694 (Joan.,
389 2624 451 2689 Υ,
477 2625 586 2693 59),
612 2625 945 2691 Scrutantini,
964 2628 1156 2697 inquit,
1175 2628 1467 2697 Scripturas
1494 2630 1544 2681 in
1574 2631 1754 2695 quibus
1858 2646 1976 2701 quae
2000 2630 2115 2700 (18)
2140 2645 2233 2700 per
2258 2646 2415 2685 aures
2438 2630 2744 2686 Judmorum
2768 2629 2834 2683 ad
2858 2644 2955 2684 nos
2982 2632 3307 2685 transierunt
3335 2648 3349 2696 ;
3385 2630 3456 2701 (ε)

184 2728 376 2777 salutem
406 2726 655 2791 speratis;
684 2725 788 2778 illic
826 2725 956 2777 enim
999 2724 1061 2777 de
1083 2741 1160 2777 me
1194 2725 1491 2795 loquuntur.
1530 2725 1642 2780 IIoc
1670 2726 1755 2799 (5)
1858 2725 1954 2781 sed
2008 2725 2257 2794 pleraque
2304 2726 2354 2778 in
2408 2739 2661 2792 personas
2692 2725 2916 2785 directa,
2948 2740 3051 2778 non
3082 2725 3462 2793 proprietatem

186 2818 297 2881 erit,
324 2820 576 2882 υυιεειιτε
611 2832 677 2871 ετ
702 2831 1035 2880 INVENIETIS;
1062 2832 1180 2870 nam
1212 2825 1266 2870 et
1289 2819 1563 2887 sequentia
1588 2819 1637 2872 in
1660 2818 1756 2873 Ju-
1861 2818 2236 2872 admonitionis
2267 2818 2423 2875 nobis
2447 2818 2858 2881 constituerunt,
2893 2816 2986 2870 sed
3009 2818 3332 2887 exemplum.

188 2909 319 2964 deos
352 2921 653 2979 eontpetcre
695 2911 1032 2964 manifestum
1058 2920 1157 2963 est:
1191 2910 1400 2964 Pulsate
1428 2923 1476 2965 et
1506 2914 1759 2981 aperietur
2466 2908 2695 2965 CAPUT
2739 2908 2833 2963 IX.

186 3004 321 3057 robis.
359 3002 521 3057 Judaei
570 3012 716 3057 retro
748 3017 908 3071 penes
937 3002 1099 3056 Deum
1121 3002 1352 3067 fuerant;
1383 3002 1575 3057 dehinc
1600 3005 1756 3073 ejecti
1862 3000 1917 3056 Ν
1922 3002 2028 3056 abis
2048 3012 2240 3067 autem,
2259 3003 2343 3071 qui
2354 3003 2467 3075 jam
2495 3001 2987 3066 credidimus,alind
2999 3017 3099 3055 non
3113 3000 3466 3071 qua’rendum.

189 3093 246 3146 ob
276 3094 476 3160 delicta,
518 3104 670 3149 extra
699 3095 865 3148 Deum
888 3109 1008 3148 esse
1030 3104 1329 3163 coeperunt.
1358 3088 1610 3149 Nationes
1625 3111 1755 3151 vero
1930 3093 2074 3149 Cedo
2106 3111 2247 3149 nunc
2280 3106 2471 3165 sponte
2501 3093 2567 3147 de
2590 3093 2758 3163 gradu
2787 3092 2927 3147 isto:
2962 3091 3209 3145 omnibus
3251 3091 3455 3146 dictum

190 3200 431 3249 mmmam
472 3203 638 3258 penes
671 3188 858 3249 Deum,
890 3187 988 3240 nisi
1026 3187 1348 3241 stillicidium
1392 3188 1454 3241 de
1499 3188 1672 3253 situla,
1708 3198 1755 3242 et
1860 3188 1949 3254 sit,
1969 3205 2217 3254 omnium
2246 3205 2310 3243 ετ
2341 3202 2677 3250 mean-ms;
2711 3197 2889 3241 tamen
2920 3194 2974 3239 et
3002 3184 3087 3239 hic
3113 3184 3323 3253 expedit
3350 3184 3465 3255 (l9)

192 3280 335 3345 putris
360 3298 418 3335 ea:
441 3297 583 3348 area,
612 3289 656 3335 et
683 3280 809 3350 foris
842 3295 1037 3349 semper
1066 3278 1219 3352 (lsai,
1250 3277 1361 3344 XL,
1424 3278 1538 3351 15).
1572 3278 1753 3349 Itaque
1780 3270 1823 3332 C
1857 3294 2018 3336 sensu
2057 3281 2173 3351 (20)
2210 3290 2416 3337 certare
2446 3278 2560 3350 (2t)
2612 3278 2691 3351 (ά)
2725 3294 2848 3335 cum
2886 3277 3341 3348 interpretationis
3368 3294 3467 3347 gu-

1400 3394 1777 3453 LECTIONES
1817 3397 2228 3455 VARIANTES.

243 3488 309 3562 (ﬁt)
338 3488 678 3562 Curiositatre'ﬁ
703 3486 907 3538 Semler.
2068 3490 2267 3562 [gnatis
2294 3489 2445 3562 ,ςειηιτ
2562 3550 2573 3562 ⁸

242 3552 307 3611 (2)
341 3554 606 3609 Qutesisset
631 3553 870 3602 Henman.
1930 3552 2035 3611 (15)
2071 3553 2299 3603 Gentium
2323 3554 2402 3602 vel
2424 3552 2592 3604 inserit
2615 3554 2823 3604 Sentler.

244 3615 311 3685 (ᾗ)
343 3615 658 3685 steritoergo
680 3623 794 3685 tunc
814 3614 994 3664 dictum
1021 3620 1097 3685 est
1117 3611 1248 3685 abest
1269 3611 1484 3685 (tl-Seml.
1931 3611 2037 3685 (lt)
2072 3615 2204 3685 Ergo
2226 3616 2310 3685 illo
2341 3619 2503 3685 Venet.
2525 3678 2536 3685 _
2561 3624 2668 3685 post
2694 3615 2802 3685 Rig.
2827 3630 2845 3679 ;
2867 3629 2988 3680 ergo
3014 3616 3122 3666 illos
3145 3617 3351 3668 Setnter.

242 3672 309 3746 (ᾖ)
339 3679 425 3746 Qui
450 3672 607 3746 adhuc
632 3679 824 3739 agnitus
846 3690 942 3725 non
966 3683 1071 3726 erat
1093 3673 1223 3727 abest
1240 3687 1273 3725 α
1296 3672 1443 3725 Seml.
1934 3672 2039 3746 (15)
2075 3672 2347 3746 {maturius
2368 3692 2391 3746 ;_
2408 3678 2495 3730 alii
2517 3672 2609 3746 le'g.
2646 3672 2775 3746 facit".

243 3739 303 3804 (5)
339 3739 425 3788 Hic
448 3737 603 3804 Seml.
643 3737 684 3804 *ξ
1934 3737 2038 3804 (to)
2074 3742 2203 3801 Erga
2229 3742 2333 3791 illos
2355 3737 2396 3791 si
2422 3737 2687 3804 vacat,"qui
2721 3743 2996 3792 nationibus
3041 3743 3279 3793 Hermian.

262 3748 289 3788 5
339 3748 425 3788 Hic
448 3748 603 3789 Seml.
1934 3748 2038 3801 (ιϋ)
2074 3748 2203 3801 Erga
2229 3748 2333 3791 illos
2355 3748 2396 3791 si
2422 3751 2577 3802 vacat,
2603 3748 2687 3804 qui
2721 3748 2967 3792 nationibu

262 3748 308 3923 ὅ)
341 3802 588 3859 Quomodo
635 3802 875 3851 Heutnan.
1927 3802 2030 3862 (17)
2068 3805 2149 3852 Ita
2170 3806 2435 3874 Heilman;
2458 3802 2544 3853 alii
2575 3803 2733 3854 volunt
2756 3805 2970 3853 vacabat.

262 3863 286 3911 7
342 3866 441 3922 Qua
469 3864 620 3914 Seml.
1928 3863 2034 3923 (18)
2070 3866 2151 3915 Itu
2170 3874 2325 3919 Poris.
2353 3872 2456 3923 post
2478 3869 2619 3917 Pam.
2645 3879 2756 3923 qua:
2778 3866 2907 3917 abest
2926 3880 2957 3916 tt

1928 3863 2034 3933 (lg)
2070 3866 2151 3933 {tu
2170 3865 2325 3933 Poris.
2353 3872 2456 3927 post
2478 3869 2619 3917 Pam.
2645 3879 2756 3930 qua:
2778 3866 2907 3917 abest
2926 3880 2957 3916 tt
2987 3869 3154 3917 Venet.
3184 3866 3292 3933 Rig.

2072 3926 2138 3974 Εἴ
2149 3930 2313 3990 (10111111
2353 3924 2519 3979 Venet.

1933 3988 2035 4049 (20)
2071 3988 2258 4040 Sensus
2282 3989 2437 4043 Seml.
2467 3990 2794 4042 Paris.Fran.

1937 4051 2037 4114 (21)
2073 4052 2233 4104 Certa:
2256 4053 2422 4107 Paris.
2449 4064 2595 4106 λιν-(111.

1536 4196 2093 4259 COMMENTARIUS.

194 4323 570 4384 argumentum,
601 4312 923 4368 Christianis
950 4327 1142 4367 exesas
1169 4327 1290 4368 esse
1318 4312 1517 4369 debere
1550 4315 1763 4384 sopbis—

195 4386 311 4438 ticas
380 4385 705 4455 quimstiones
784 4394 839 4439 et
887 4385 1254 4452 captiunculas
1314 4384 1521 4451 logica).
1577 4387 1769 4454 quilms

196 4458 450 4526 religionis
463 4466 517 4510 et
540 4455 821 4525 theologia:
850 4455 1052 4525 puritas
1071 4466 1475 4524 conspurcatur.
1501 4455 1767 4520 Quorsum

195 4529 321 4581 enim
349 4545 376 4581 a
402 4529 623 4582 Platone
651 4540 739 4580 :tut
768 4527 1057 4582 Aristotele
1084 4526 1339 4595 pendebis
1368 4536 1421 4581 ut
1445 4526 1769 4581 christianos

196 4598 291 4651 sis?
333 4600 443 4668 qui,
477 4614 601 4653 cum
648 4599 844 4651 ethnici
897 4598 1053 4654 ambo
1105 4597 1337 4662 fuerint,
1371 4607 1424 4654 et
1469 4614 1495 4650 a
1544 4600 1767 4653 veritate

196 4669 359 4729 alieni,
394 4669 524 4723 nihil
555 4668 653 4723 nisi
683 4670 928 4735 ligmenta
962 4677 1015 4721 et
1044 4670 1363 4736 itnpostnras
1395 4670 1605 4725 tradere
1634 4686 1760 4738 pos-

262 3863 308 3922 7)
342 3866 441 3922 Qua
469 3864 620 3914 Seml.

265 3927 311 3983 8)
344 3929 511 3973 Annon
565 3936 795 3975 tlt’ttmtm.

262 3988 309 4047 9)
342 3987 556 4036 Pulsavit
588 3991 751 4037 Venet.

270 4050 337 4113 I0}
374 4051 445 4113 Ad
468 4052 646 4099 ostium
668 4048 795 4113 quod
819 4051 954 4113 novit
976 4048 1214 4113 Heuman.

244 4076 341 4176 iii)
370 4076 1335 4176 Χυρίἰΐὲἒέὲῗᾈέἱε¹ἰιᾌῧιῖι¹ἇὲἔὶΐὲειπι.

1874 4328 1980 4371 tum
2010 4321 2292 4391 prapltetia:
2319 4322 2369 4373 in
2402 4321 2493 4375 illo
2524 4330 2634 4391 post
2670 4322 2823 4377 totius
2861 4322 3071 4391 spiritus
3101 4321 3153 4374 in
3194 4318 3472 4376 Dominum

1876 4391 2261 4464 translationem
2290 4392 2565 4464 defecisse;
2598 4403 2652 4446 ut
2700 4410 2846 4463 quem
2898 4392 3283 4462 prtedicaverat,
3325 4409 3473 4463 quem

1872 4462 1981 4531 ipse
2010 4462 2380 4534 designatterat‘.
2430 4462 2749 4534 postmodum
2777 4481 2844 4517 an
2887 4466 2997 4532 ipse
3012 4474 3136 4518 esset
3169 4462 3476 4534 sciscitatum

1874 4533 2427 4605 miserit(tllattlt.,XI,
2448 4536 2527 4605 ‘2).
2552 4537 2645 4590 Cui
2669 4535 2845 4590 simile
2873 4544 2955 4589 est
2980 4546 3031 4588 et
3059 4534 3183 4588 illud
3207 4533 3347 4598 (Lib.
3370 4533 3464 4596 ιν,

1873 4604 2003 4656 Adv.
2032 4602 2224 4672 Marc.)
2258 4625 2269 4658 :
2312 4605 2434 4675 Ipso
2453 4602 2566 4673 jam
2612 4605 2831 4659 Domino
2856 4607 3117 4668 virtutum,
3151 4606 3399 4659 Sermone
3425 4615 3472 4659 et

1874 4675 2071 4741 Spiritu
2108 4675 2278 4730 Patris
2296 4719 2311 4744 ,
2341 4689 2581 4743 operante
2606 4678 2657 4730 in
2680 4678 2825 4731 terris
2845 4687 2890 4730 et
2922 4678 3253 4745 prmdicante,
3281 4692 3479 4731 necesse

196 4750 325 4793 sunt.
360 4740 631 4806 Quorsum
676 4740 887 4793 illorunt
935 4742 1216 4806 opiniones
1265 4750 1350 4792 aut
1399 4756 1612 4794 errores
1644 4756 1763 4793 cum

195 4810 486 4865 Christianis
507 4812 769 4880 dogmatis
796 4812 1140 4880 permiscebis
1157 4813 1179 4864 ‘t
1202 4812 1281 4864 An
1307 4812 1479 4864 nescis
1498 4812 1764 4866 infelicent

197 4882 401 4947 pictoris
448 4883 586 4936 illius
615 4884 836 4939 exitum.
869 4897 1027 4950 quem
1070 4881 1231 4937 refert
1260 4881 1537 4936 Zonaras?
1570 4883 1616 4937 Is
1645 4897 1766 4936 cum

197 4950 454 5025 Christum
482 4956 763 5025 llntninum
791 4953 976 5007 eodem
1014 4953 1192 5025 habitu
1221 4954 1487 5022 armisque
1515 4954 1771 5025 cllingerc

196 5023 338 5078 Vellet
366 5025 561 5094 quibus
604 5024 787 5077 Jovem
833 5039 986 5078 suum
1020 5024 1367 5093 depinxerat,
1426 5026 1563 5079 illius
1591 5023 1769 5079 statim

196 5108 372 5149 manus
404 5099 455 5148 in
501 5097 679 5153 tabula
724 5097 949 5157 exaruit,
998 5097 1050 5149 in
1086 5111 1187 5165 qua
1229 5106 1423 5149 tantam
1449 5096 1774 5164 impietatem

198 5166 504 5220 adumbrare
531 5166 786 5220 voluerat.
818 5165 1023 5221 Caveas
1070 5167 1255 5221 sedulo
1284 5182 1349 5221 ne
1398 5165 1531 5221 duas
1563 5167 1658 5220 has
1690 5182 1773 5222 res

204 5241 408 5307 omnino
431 5239 731 5292 contrarias
755 5235 948 5307 infelici
980 5249 1174 5293 conatu
1202 5238 1512 5307 coniungas.
1546 5239 1618 5293 Ls
1645 5240 1739 5293 Ρη.

259 5306 630 5364 CAI’.VI|I.—-
659 5307 737 5376 (:t)
760 5306 884 5362 Cum
900 5308 1293 5363 etiainJoannes
1310 5314 1371 5362 de
1384 5306 1648 5363 illocertns
1675 5326 1780 5363 esse

202 5378 427 5433 desiisset.
450 5380 562 5434 Hoc
583 5388 683 5439 est,
709 5380 867 5433 etiam
893 5390 1008 5439 post
1036 5395 1311 5434 excessum
1330 5380 1568 5435 Joannis.
1589 5380 1780 5435 En}.—

201 5448 351 5503 Recte
380 5451 459 5504 sic.
484 5452 861 5520 interpretatur
890 5448 1160 5505 Macereus
1198 5451 1263 5505 de
1288 5450 1491 5505 Joanne
1522 5453 1778 5521 Baptista,

235 5521 281 5590 ui
304 5521 369 5575 de
400 5521 618 5576 Christo
645 5533 845 5580 certus.
879 5531 1059 5590 utpote
1106 5540 1235 5577 voce
1255 5521 1433 5575 audita
1461 5522 1528 5576 de
1581 5525 1731 5577 caelis
1764 5541 1777 5576 :

231 5589 294 5662 lic
309 5603 375 5645 est
404 5590 454 5644 F
455 5592 575 5662 ilius
604 5609 740 5646 meus
762 5592 991 5655 dilectus,
1018 5593 1067 5645 in
1090 5611 1186 5660 quo
1208 5594 1328 5645 mihi
1357 5594 1480 5648 bene
1504 5595 1788 5662 complucui

206 5660 547 5731 (Matth.,lll,
604 5664 717 5731 17),
766 5664 873 5731 jam
920 5679 1040 5718 esse
1084 5663 1337 5725 desierat,
1368 5666 1417 5718 id
1446 5675 1527 5720 est
1556 5660 1783 5731 obierat,

204 5732 489 5789 decollatus
519 5734 835 5790 abllerodc.
864 5733 965 5789 Sed
996 5737 1160 5803 magis
1193 5738 1366 5803 placet
1384 5752 1592 5800 sensus,
1629 5752 1786 5803 quem

206 5804 394 5859 indicat
422 5806 667 5876 Latinius
697 5809 747 5859 in
777 5806 891 5859 Lib.
925 5820 1039 5874 set].
1071 5807 1133 5859 de
1160 5805 1444 5876 Baptismo,
1476 5818 1528 5861 ltI
1555 5809 1624 5861 sit
1646 5809 1785 5864 idem

206 5877 335 5943 quod
385 5879 458 5932 ibi
487 5879 557 5946 (c.
591 5875 679 5944 111)
706 5877 772 5929 de
804 5876 1008 5933 Joanne
1037 5878 1224 5948 legitur
1254 5897 1264 5931 :
1296 5877 1465 5943 Usque
1490 5880 1615 5934 adeo
1632 5881 1785 5950 spiri-

1870 4756 1978 4817 erat
2021 4749 2301 4813 portionem
2333 4748 2511 4801 Sancti
2542 4749 2768 4817 Spiritus
2786 4750 2889 4807 iant
2908 4748 3173 4802 abscedere
3193 4766 3223 4800 a
3250 4746 3473 4801 Joanne.

1874 4816 2095 4872 ΡΑ11.-
2125 4819 2326 4873 Revera
2358 4820 2567 4876 videtur
2588 4816 2952 4874 ’Tertullianus
2974 4819 3065 4872 lib.
3090 4819 3153 4872 de
3190 4818 3477 4887 Baptismo,

1880 4890 2165 4960 impegisse
2193 4892 2243 4944 in
2266 4901 2369 4943 tam
2402 4890 2691 4945 absurdum
2721 4906 2980 4945 errorem.
3005 4889 3273 4960 Ceterum
3304 4892 3476 4943 faten-

1882 4959 2009 5014 dum
2033 4959 2124 5015 est
2150 4970 2391 5031 tempore
2418 4962 2759 5028 primitiarum
2809 4962 3056 5015 doctrina!
3083 4959 3276 5014 Christi
3308 4960 3473 5016 Joan-

1888 5046 2011 5086 nem
2047 5032 2333 5101 Baptistam
2368 5031 2600 5086 nondum
2641 5046 2760 5086 esse
2804 5032 3049 5095 desiisse,
3080 5041 3135 5102 ut
3158 5032 3480 5102 interpreta-

1880 5110 1966 5157 tus
1996 5116 2075 5158 est
2126 5103 2417 5159 Macereus.
2462 5102 2592 5157 Enn.
2626 5120 2687 5157 ex
2710 5119 2862 5171 opere
2904 5103 2968 5158 Ι).
2999 5119 3065 5158 ne
3092 5101 3330 5158 Gouncr.

1958 5194 2035 5264 (b)
2066 5193 2265 5249 Habent
2303 5204 2349 5249 et
2376 5193 2587 5265 Moysen
2606 5203 2651 5249 et
2678 5193 2902 5248 Heliam.
2924 5195 3095 5249 Etiam
3130 5194 3213 5250 Itic
3241 5194 3473 5263 amplius

1882 5267 2007 5334 quid
2028 5267 2153 5335 legit
2182 5282 2337 5334 quam
2370 5268 2624 5321 habeatur
2654 5266 2811 5320 Luca:
2838 5265 2977 5327 XVI,
3010 5266 3097 5319 ubi
3127 5267 3295 5319 solum
3352 5266 3454 5332 legi

1885 5347 1969 5392 tur
1984 5353 2156 5405 graece
2183 5348 2237 5390 et
2263 5338 2423 5392 latine
2449 5356 2460 5392 :
2495 5336 2690 5391 Habent
2714 5337 2923 5407 Moysen
2952 5337 2996 5390 et
3026 5337 3319 5407 prop/tetas;
3349 5335 3483 5390 For-

1886 5411 2045 5462 tassis
2065 5410 2328 5478 cogitans,
2369 5424 2489 5463 eum
2527 5410 2639 5462 bzec
2665 5410 2943 5472 scriberet,
2973 5408 3481 5478 superapparitione

1888 5481 2045 5535 Mosis
2084 5489 2137 5533 et
2166 5481 2327 5534 lIelite
2357 5482 2406 5533 itt
2435 5490 2617 5533 monte
2643 5479 2876 5535 Tltabor.
2906 5479 3035 5533 I’tut.

1952 5571 2488 5697 i(iegeISelt‘lmpleraqae
2526 5574 2576 5625 in
2623 5588 2862 5643 personas
2892 5572 3099 5626 directa.
3147 5571 3476 5637 Judteorum,

1890 5657 2111 5699 scutcet.
2150 5657 2268 5699 liIG.

1963 5736 2115 5790 CAP.
2148 5735 2311 5789 IX.—
2346 5734 2423 5806 (d)
2449 5734 2575 5789 Cum
2605 5736 3031 5804 interpretationis
3047 5734 3405 5805 gubernaculo.
3423 5731 3480 5788 Id

1893 5820 1995 5872 est,
2012 5825 2131 5861 eum
2150 5810 2374 5872 ratione,
2391 5824 2510 5864 cum
2527 5808 2798 5877 disciplina
2823 5806 3059 5871 rationis,
3078 5821 3196 5875 qure
3220 5820 3350 5860 sane
3366 5819 3482 5858 om-

1894 5893 2013 5936 nem
2037 5880 2526 5950 interpretationem
2542 5880 2840 5950 gubernare
2861 5877 3099 5943 debet,et
3122 5878 3170 5930 in
3194 5892 3255 5931 ea
3274 5890 3489 5945 semper
