4242 6492
707 282 781 341 23
2130 276 2593 336 τεητυιιιιΑΝι

3959 275 4050 335 25-

715 400 1025 457 bernaculo.
1056 398 1134 471 (a)
1181 396 1335 455 Nulla
1377 412 1476 452 vox
1516 395 1696 453 divina
1729 398 1799 451 ita
1842 395 2102 451 dissoluta
2144 404 2228 449 est
2254 404 2308 449 et
2334 395 2385 455 Λ
2413 391 2676 455 instituit;
2710 391 2913 463 utique,
2947 390 3161 462 quando
3191 405 3296 446 non
3342 392 3549 447 invenis
3578 390 3687 464 (8);
3721 393 3907 463 utique
3949 394 4045 463 (9)

715 495 1009 557 dill'usa.ut
1047 493 1206 551 verba
1228 500 1431 547 tantum
1476 490 1851 553 defenduntur,
1874 500 1925 543 et
1942 490 2078 543 ratio
2116 488 2312 541 verbo-

716 600 835 641 rum
886 598 991 640 non
1044 584 1419 639 constituatur.
1444 582 1550 637 Sed
1580 582 1632 637 in
1666 582 1853 653 primis
1902 581 2003 635 hoc
2036 593 2311 654 propono:

718 695 882 735 unum
911 678 1090 748 utique
1112 678 1191 748 (l)
1218 687 1479 733 etcertum
1506 676 1703 745 aliquid
1721 676 1795 743 (b)
1814 675 2111 729 institutum
2130 688 2253 728 esse
2281 688 2311 726 a

719 771 958 836 Christo,
990 768 1132 841 quod
1162 768 1385 825 credere
1426 766 1739 822 omnimodo
1766 764 2002 821 debeant
2042 766 2308 830 nationes,

715 874 769 921 et
796 866 997 920 idcirco
1025 878 1289 934 qumrere,
1335 870 1393 919 ut
1422 862 1646 929 possint,
1675 875 1797 915 cum
1827 860 2153 921 invenerint,
2183 873 2307 914 cre-

714 959 865 1015 dere.
894 956 1064 1015 Unius
1092 972 1254 1029 porro
1275 966 1331 1011 et
1358 956 1490 1011 certi
1530 955 1757 1011 instituti
1800 954 2005 1010 inlinita
2035 953 2311 1023 inquisitio

715 1068 821 1109 non
856 1061 1035 1123 potest
1070 1065 1214 1116 esse,
1251 1049 1599 1121 qumrendum
1636 1059 1720 1106 est
1755 1049 1931 1105 donec
1964 1048 2226 1114 invenias,
2255 1056 2312 1103 et

717 1144 1045 1200 credendum
1076 1144 1165 1197 ubi
1198 1144 1500 1209 inveneris;
1532 1152 1588 1198 ct
1614 1142 1747 1197 nihil
1776 1144 2025 1213 amplius,
2059 1144 2158 1197 nisi
2184 1156 2309 1197 cus.

716 1237 1025 1292 todiendum
1058 1237 1201 1308 quod
1223 1235 1497 1292 credidisti
1524 1255 1535 1288 :
1563 1235 1689 1291 dum
1722 1235 1825 1290 hoc
1855 1236 2073 1305 insuper
2094 1236 2306 1301 credas,

718 1329 862 1383 aliud
892 1344 997 1383 non
1017 1344 1138 1384 esse
1154 1329 1509 1395 credendum,
1531 1329 1757 1399 ideoque
1782 1343 1884 1384 nec
1908 1330 2314 1400 requirendum,

717 1437 841 1477 cum
879 1422 929 1475 id
962 1422 1230 1475 inveneris
1257 1431 1312 1476 et
1330 1421 1632 1476 credideris
1660 1421 1803 1492 quod
1830 1421 1898 1475 ab
1927 1437 1993 1477 eo
2015 1424 2314 1477 institutum

713 1522 815 1577 est,
855 1513 943 1583 qui
996 1528 1100 1568 non
1132 1512 1275 1567 aliud
1324 1512 1420 1569 tibi
1465 1512 1683 1567 mandat
1719 1514 2131 1583 inquirendum,
2154 1530 2313 1586 quam

718 1602 861 1673 quod
910 1603 1154 1658 instituit.
1210 1604 1284 1659 De
1330 1603 1433 1659 hoc
1479 1604 1695 1675 quidem
1750 1604 1795 1659 si
1831 1605 1950 1675 quis
1978 1604 2313 1675 (2)dubitat,

725 1694 993 1750 constabit
1022 1710 1187 1764 penes
1214 1711 1312 1750 nos
1342 1696 1417 1766 (ε)
1445 1712 1566 1751 esse
1598 1696 1671 1761 id,
1700 1696 1843 1766 quod
1871 1712 1900 1750 a
1921 1697 2136 1754 Christo
2164 1699 2317 1755 insti-

2424 487 2595 541 tlonec
2628 488 2885 540 invenias.
2922 486 3174 541 Invenisti
3196 496 3532 551 autem,cum
3554 486 3828 541 credidisti
3864 501 4045 541 :nam

2427 595 2534 634 non
2558 579 2889 635 credidisses
2914 620 2930 645 ,
2972 581 3016 635 si
3038 595 3142 634 non
3172 581 3497 645 invenisses;
3518 580 3654 635 sicut
3675 596 3770 635 nec
3794 581 4049 650 quassis-

2418 689 2506 728 ses
2528 715 2542 737 ,
2570 672 2679 727 nisi
2711 682 2767 726 ut
2793 672 3085 727 invenires.
3122 673 3199 726 Ad
3228 672 3327 727 hoc
3364 688 3491 742 ergo
3525 674 3739 742 quaeris,
3781 683 3840 727 ut
3870 674 4050 728 inve-

2417 765 2707 832 nias;etad
2722 766 2823 821 hoc
2853 766 3082 827 invenis,
3111 776 3167 820 ut
3186 766 3398 821 credas.
3419 764 3648 821 Omnem
3666 767 4045 835 prolationem

2417 859 2502 930 (tt)
2538 858 2817 929 quaerendi
2858 868 2915 915 et
2979 859 3287 915 inveniendi
3330 860 3600 915 credendo
3646 861 3798 915 ﬁxisti
3839 880 3853 915 :
3891 862 4053 917 hunc

2418 954 2511 1009 tibi
2593 955 2811 1010 modum
2879 956 3065 1011 statuit
3124 956 3326 1011 fructus
3390 958 3506 1028 ipse
3568 958 3840 1027 quaerendi
3875 957 4047 1027 (10);

2417 1043 2557 1101 hanc
2597 1045 2691 1101 tibi
2750 1044 2947 1101 lassam
2995 1047 3371 1102 determinavit
3426 1050 3561 1117 ipse,
3622 1050 3709 1117 qui
3781 1060 3834 1103 te
3924 1063 4053 1102 non

2417 1138 2533 1193 vult
2594 1138 2738 1194 aliud
2794 1138 3047 1203 credere,
3105 1154 3265 1209 quam
3333 1139 3479 1211 quod
3548 1140 3793 1203 inStiluit,
3879 1140 4056 1195 ideo-

2418 1244 2523 1299 que
2554 1245 2654 1287 nec
2682 1244 2943 1299 quaerere.
2983 1229 3276 1295 Caeterum,
3302 1230 3346 1283 si
3376 1230 3503 1299 quia
3530 1239 3589 1284 et
3625 1230 3727 1284 alia
3766 1240 3910 1285 tanta
3964 1232 4049 1285 ab

2426 1324 2546 1377 aliis
2572 1333 2699 1377 sunt
2727 1323 2987 1383 inStituta.
3017 1332 3302 1391 propterea
3334 1324 3386 1376 in
3415 1332 3621 1378 tantum
3650 1339 3891 1393 quaerere
3917 1323 4043 1377 de-

2426 1415 2615 1471 bemus
2643 1416 2695 1470 in
2722 1424 2979 1487 quantum
3014 1431 3303 1486 possumus
3346 1417 3611 1482 invenire,
3637 1432 4051 1489 semper'qmn—

2424 1525 2626 1569 remus.
2650 1518 2704 1564 ct
2733 1524 3003 1579 nunquam
3034 1510 3257 1564 omnino
3286 1509 3591 1565 credemus.
3611 1509 3713 1565 Ubi
3741 1512 3895 1565 cnim
3929 1514 4058 1566 erit

2425 1603 2544 1657 linis
2566 1603 2883 1673 quterendi?
2909 1604 2985 1673 (e)
3006 1604 3092 1658 tibi
3136 1604 3295 1658 statio
3322 1604 3722 1660 credendi?ubi
3740 1608 4055 1674 expunctio

2425 1695 2777 1751 inveniendi?
2830 1698 2972 1767 apud
3020 1695 3384 1751 Marcionem?
3446 1697 3551 1753 Sed
3603 1706 3657 1753 et
3705 1697 4049 1753 Valentinus

718 1794 885 1840 tntutn
911 1794 1015 1841 est.
1047 1784 1266 1840 Interim
1308 1802 1371 1840 ex
1412 1786 1599 1843 lidnt-ia
1645 1788 1975 1859 probationis
2006 1784 2308 1859 prmvenio,
2348 1764 2396 1824 Β
2427 1790 2706 1859 proponit:
2736 1804 2988 1853 ουιειιιτε
3018 1805 3085 1845 ετ
3114 1804 3438 1845 meum-ts.
3470 1790 3624 1859 Apud
3652 1789 4049 1845 Valentinum?

718 1877 818 1946 ('5),
844 1876 1143 1932 admonens
1170 1877 1428 1948 quosdam
1471 1879 1602 1934 nihil
1639 1895 1761 1936 esse
1791 1881 2144 1953 quaerendum
2171 1883 2311 1938 ultra

714 1968 858 2039 quod
894 1969 970 2040 (4)
1008 1969 1353 2025 crediderunt
1386 1970 1437 2025 id
1460 1986 1581 2027 esse
1613 1972 1719 2043 (5),
1746 1972 1887 2043 quod
1930 1989 2173 2043 qumrere
2210 1974 2312 2031 de-

727 2061 988 2127 buerunt;
1022 2078 1088 2117 ne
1126 2062 1205 2132 (6)
1226 2078 1480 2127 ουιειιιτε
1508 2080 1578 2119 ετ
1609 2080 1911 2122 ικνειιιιετιε
1940 2067 2055 2123 sine
2083 2068 2163 2139 (7)
2198 2069 2312 2124 dis-

717 2152 915 2223 ciplina
944 2153 1168 2210 rationis
1200 2156 1638 2227 interpretentur.

1352 2294 1582 2354 CAPUT
1636 2298 1705 2354 X.

722 2409 922 2481 Alioqui
966 2412 1013 2465 si
1063 2428 1259 2484 semper
1306 2414 1582 2484 querimus
1601 2455 1616 2480 ,
1662 2430 1923 2483 nunquam
1971 2414 2281 2473 inveniemus
2299 2459 2314 2486 ,

1250 2524 1509 2577 nunquam
1537 2509 1819 2563 credemus.

788 2615 946 2672 Ratio
970 2626 1150 2673 autem
1176 2617 1304 2673 dicti
1327 2618 1486 2690 hujus
1508 2620 1561 2675 in
1590 2620 1759 2678 tribus
1778 2622 2018 2679 articulis
2033 2625 2272 2682 constitit
2294 2668 2311 2694 ,

718 2712 771 2767 in
803 2728 883 2778 re,
927 2713 979 2768 in
1007 2722 1269 2784 tempore,
1301 2715 1352 2769 in
1386 2716 1579 2771 modo:
1615 2716 1667 2771 in
1702 2733 1785 2782 re,
1817 2719 2029 2790 utquid
2057 2721 2126 2775 sit
2164 2736 2314 2791 quae-

717 2805 944 2862 rendum
972 2808 1286 2865 consideres
1309 2826 1322 2874 ;
1345 2809 1398 2863 in
1427 2818 1698 2880 tempore,
1716 2820 1774 2866 ut
1793 2811 2029 2881 quando;
2046 2813 2097 2867 in
2117 2813 2277 2868 modo
2292 2855 2307 2880 ,

716 2910 776 2956 ut
818 2916 1116 2975 quousque.
1162 2902 1327 2973 Igitur
1353 2905 1705 2974 quaerendum
1750 2916 1831 2960 est
1875 2905 2019 2976 quod
2061 2907 2307 2966 Christus

2417 1880 2524 1936 Sed
2570 1889 2624 1937 et
2651 1882 2867 1951 Apelles
2912 1882 3009 1936 hac
3051 1897 3136 1936 me
3166 1882 3605 1953 pronuntiatione
3649 1882 3913 1951 pulsabit;
3978 1894 4046 1938 et

2417 1974 2623 2030 llebion
2652 1984 2707 2029 et
2727 1976 2941 2041 Simon,
2967 1984 3022 2031 et
3038 1990 3227 2032 omnes
3260 1976 3480 2031 ordines
3496 1991 3600 2029 non
3630 1975 3823 2029 habent
3849 1976 4042 2041 aliud,

2416 2082 2525 2137 quo
2552 2082 2611 2121 se
2640 2067 2768 2121 mihi
2800 2068 3152 2133 insinuantes,
3180 2082 3267 2123 me
3306 2067 3406 2122 sibi
3446 2066 3718 2121 addicaut.
3747 2066 3866 2137 (ll)
3904 2066 4045 2121 Erit

2432 2160 2612 2230 itaque
2654 2161 2732 2230 (Ῑ)
2774 2175 3033 2231 nusquam
3059 2160 3252 2223 ,-dum
3306 2160 3502 2230 ubique
3549 2160 3835 2214 convenior
3879 2158 4048 2228 (l2),

2420 2266 2673 2314 ουειιιτε
2701 2268 2767 2307 ετ
2791 2267 3094 2307 taveaterts
3119 2252 3223 2323 (g),
3248 2260 3301 2308 et
3327 2252 3470 2307 velut
3491 2253 3515 2320 (
3523 2250 3610 2319 l5)
3633 2251 3675 2304 si
3690 2265 3951 2320 nusquam
3985 2261 4051 2305 et

2418 2344 2571 2414 quasi
2602 2345 2689 2415 qui
2713 2360 2983 2415 nunquam
3005 2344 3453 2415 apprehenderim
3480 2343 3609 2396 illud
3630 2344 3767 2412 quod
3781 2342 4047 2397 Christus

2423 2436 2672 2502 instituit,
2695 2436 2834 2507 quod
2856 2437 3022 2507 qumri
3046 2444 3276 2507 oportet,
3301 2435 3444 2507 quod
3466 2436 3613 2492 credi
3636 2450 3853 2491 necesse
3880 2446 3995 2491 est.

3023 2572 3252 2631 CAPUT
3291 2571 3384 2628 XI.

2425 2682 2589 2738 Nemo
2620 2683 2753 2739 enim
2781 2685 2988 2754 qturrit,
3030 2684 3128 2739 nisi
3150 2686 3236 2753 qui
3263 2694 3352 2738 aut
3381 2700 3481 2738 non
3526 2683 3704 2737 [tabuit
3724 2723 3741 2750 ,
3771 2691 3861 2737 aut
3894 2701 4035 2754 per-

3147 2777 3297 2830 didit.

2486 2912 2705 2983 Impune
2725 2919 2931 2969 erratur
2952 2910 3051 2967 nisi
3067 2908 3407 2980 delinquatur
3422 2908 3688 2981 (quamvis
3704 2922 3906 2976 errare,
3926 2907 4042 2963 de-

1943 3087 2322 3148 LECTIONES
2362 3089 2778 3148 VARIANTES.

778 3243 850 3317 (.11
886 3241 1058 3317 [usus
1079 3242 1231 3317 εεξηιο
1256 3250 1368 3294 ωη-

780 3305 856 3365 (‘2)
891 3305 990 3365 Qui
1016 3310 1179 3358 Venet.

781 3364 858 3487 (ὅ)
892 3364 1141 3419 Praei/eno
1168 3365 1414 3431 Latinius;
1459 3371 1735 3432 prevento,
1763 3364 1971 3417 Semler.

803 3431 833 3479 4
889 3432 1009 3487 Oua:
1039 3434 1201 3483 Venet.

803 3431 854 3490 4)
889 3432 1009 3490 Qua:
1039 3434 1201 3483 Venet.

780 3492 857 3555 (5)
891 3493 975 3543 Est
999 3493 1148 3555 Rhea.

806 3552 854 3619 t5)
894 3554 968 3619 με
990 3554 1230 3619 rejecerat
1252 3552 1400 3606 then.
1419 3560 1463 3619 et
1487 3564 1665 3605 Wouw.

809 3615 855 3679 7)
895 3616 950 3679 In
971 3617 1019 3666 d.
1040 3615 1088 3666 "r.
1113 3619 1388 3679 interprete
1414 3618 1589 3679 legerat
1616 3615 1767 3667 then.

806 3677 859 3739 8)
894 3677 1129 3739 Quamdiu
1155 3677 1258 3731 non
1273 3677 1502 3731 invenisti
1522 3688 1634 3729 Jun.

2340 3246 2385 3308 C
2481 3244 2555 3308 (9)
2582 3243 2761 3308 Utique.
2781 3241 2875 3308 rei.

2480 3301 2584 3368 (Ill)
2622 3301 2867 3370 Cr'edendi
2912 3301 3019 3361 Riq.
3119 3363 3148 3370 __
3352 3362 3389 3370 _
3474 3366 3500 3370 μ
3707 3360 3761 3370 _.

2478 3362 2583 3429 (ll)
2621 3368 2851 3430 Et'itaque
2898 3363 3148 3430 Agobardi
3187 3362 3323 3415 liber.
3352 3362 3449 3415 Ero
3471 3366 3658 3427 itaque,
3701 3362 3807 3429 Rig.
3854 3365 4038 3414 Venet.

2419 3439 2550 3480 Pam.
2580 3431 2704 3489 Ergo
2745 3432 2905 3492 itaque
2933 3432 3170 3492 Heilman.

2482 3495 2589 3556 ([2)
2624 3491 2873 3556 Convenio
2903 3491 3004 3556 [τίς.

2482 3496 2566 3554 (12
2624 3496 2873 3542 Convenio
2903 3496 3004 3556 [τίς.

2481 3496 2589 3615 (15;
2622 3554 2681 3603 Et
2718 3553 2871 3604 velint
2907 3567 2987 3602 tne
3011 3555 3081 3602 sic
3106 3564 3219 3615 esse
3264 3563 3501 3615 nusquam
3544 3557 3676 3598 Pam.
3703 3554 3755 3598 et
3778 3549 3930 3599 velint
3955 3553 4031 3599 sic

2421 3613 2689 3679 nusquam,
2719 3618 2858 3679 quasi
2900 3615 3049 3665 Seml.
3087 3613 3243 3679 Rhea.
3273 3621 3325 3662 et
3350 3613 3495 3661 velim
3516 3614 3587 3679 sic
3636 3624 3871 3674 nusquam
3901 3619 4030 3662 Jun.

2421 3676 2640 3730 Delenda
2661 3676 2818 3730 eaiset
2846 3689 2918 3728 tr.
2946 3686 2998 3729 et
3023 3677 3157 3729 velut
3177 3678 3219 3728 si
3244 3689 3476 3742 nusquam
3510 3676 3750 3724 Hetmwn.

2098 3830 2656 3891 COMMENTARIUS.

726 4015 975 4072 regnare.
1004 3998 1161 4072 Hunc
1206 3993 1599 4072 loctnn_eodem
1632 4008 1797 4051 sensu
1839 4002 2165 4052 tractaverat
2202 3994 2319 4051 Ire-

724 4067 877 4128 naius
908 4072 999 4127 lib.
1036 4069 1102 4134 ll,
1131 4085 1251 4138 cap.
1286 4067 1353 4121 Mi
1381 4067 1500 4122 llic.

798 4162 879 4233 (a)
914 4161 1083 4233 Nulla,
1137 4177 1236 4215 una:
1279 4160 1484 4233 divina._
1520 4158 1762 4233 Similem
1804 4159 1977 4233 locum
2014 4159 2210 4233 allegat
2249 4160 2317 4215 ad

729 4230 1026 4302 marginem
1058 4230 1365 4298 Quintilius,
1399 4231 1487 4298 qui
1531 4231 1580 4285 in
1613 4230 1849 4285 Decretis
1876 4233 2073 4285 citatur
2103 4230 2144 4296 l,
2172 4248 2227 4302 q.
2263 4234 2317 4296 l,

728 4321 781 4358 c.
829 4306 989 4361 Marc.
1042 4304 1158 4359 Non
1189 4313 1437 4372 putemus
1468 4302 1520 4355 in
1547 4302 1944 4369 Scripturarum
1976 4303 2154 4355 verbis
2197 4317 2321 4359 esse

731 4376 1103 4441 Evangelium,
1137 4374 1232 4430 sed
1278 4374 1327 4425 in
1358 4387 1555 4437 sensu;
1590 4387 1695 4425 non
1725 4373 1778 4427 in
1809 4372 2113 4441 superﬁcie,
2145 4374 2239 4428 sed
2263 4376 2315 4428 in

2422 3995 2611 4050 sanctis
2638 3995 2896 4065 Apostolis
2932 3996 3041 4065 ejus
3066 4004 3115 4050 et
3143 3994 3403 4065 prapltetis
3440 3995 3493 4048 in
3533 3993 3739 4064 spiritu.
3771 3993 3907 4048 Ρη.

2496 4065 2572 4136 (e)
2600 4065 2725 4121 Nos.
2756 4066 2812 4121 Id
2837 4077 2941 4127 est.
2960 4065 3286 4136 Cathnlicos.
3314 4066 3549 4120 SEILER.

2493 4134 2644 4191 CAP.
2678 4136 2912 4207 X.—(d)
2947 4134 3311 4191 Prolationem.
3331 4138 3385 4192 Id
3406 4135 3984 4202 est,con|inuationem
4008 4178 4025 4205 ,

2423 4206 2783 4262 durationem.
2816 4206 3061 4267 sum.

2498 4278 2573 4350 (e)
2606 4278 2701 4334 Ubi
2730 4281 2901 4334 statio.
2950 4280 3082 4334 Tota
3127 4279 3380 4350 periodus
3424 4279 3708 4348 allegorica
3734 4290 3838 4341 est,
3882 4293 3909 4331 a
3961 4296 4028 4335 re

2424 4352 2683 4407 castrensi
2712 4360 2944 4422 sumpta,
2976 4366 3039 4405 ac
3077 4354 3119 4405 si
3150 4351 3294 4405 dicat
3324 4370 3337 4404 :
3367 4350 3532 4422 lixisti
3610 4350 3759 4422 palos
3806 4352 4029 4422 tcnjtorii

730 4420 997 4509 medu'lht;
1028 4420 1132 4500 no,n
1166 4420 1229 4499 in
1258 4420 1565 4500 sermonum
1595 4442 1756 4511 foliis,
1796 4420 1905 4499 sedr
1918 4444 1971 4498 in
2013 4420 2195 4500 radice
2235 4461 2312 4500 ra-

2422 4431 2486 4515 ει
2502 4422 2748 4515 sta-tionis
2964 4439 3029 4477 ne
3067 4438 3196 4493 ergo
3222 4421 3446 4515 ulterius
3485 4420 4025 4515 proferanturll’fr-

726 4520 905 4575 tionis.
933 4517 1067 4572 I‘au.

802 4633 883 4705 (h)
914 4632 1087 4705 Unum
1112 4632 1283 4699 utique
1308 4641 1359 4705 et
1384 4639 1578 4684 certum
1604 4630 1816 4705 aliquid.
1844 4631 2127 4705 Rectejhoc
2151 4630 2317 4705 inter-

732 4702 971 4774 pretatur
1014 4703 1286 4759 Macereus
1330 4703 1397 4757 de
1423 4718 1526 4774 una
1551 4702 1729 4772 regula
1760 4718 1853 4757 seu
1893 4703 2138 4772 symbolo
2169 4702 2311 4768 ﬁdei,

730 4773 883 4847 cujus
922 4776 1286 4847 mnusquisque
1314 4773 1571 4847 articulus
1598 4788 1737 4847 unus
1765 4783 1866 4835 est.
1900 4784 2078 4829 certus
2114 4784 2171 4847 et
2213 4774 2312 4829 de-

729 4844 1068 4902 terminatus.
1100 4844 1284 4914 Neque
1312 4846 1454 4898 enim
1489 4844 1726 4900 Ecclesia
1760 4856 1876 4913 post
1906 4846 2191 4912 Apostolos
2219 4860 2313 4898 no-

727 4934 852 4972 vum
871 4914 1101 4987 aliquem
1122 4916 1242 4970 fidei
1261 4916 1540 4969 articulum
1559 4916 1882 4987 credendum
1898 4917 2309 4985 proposuit.Etsi

727 4991 870 5042 enim
900 4986 1096 5042 clarius
1120 4986 1437 5055 explicuerit
1462 4988 1719 5055 quosdam
1741 4986 2101 5052 obscuriores,
2130 4989 2217 5056 qui
2242 4989 2312 5041 ob

728 5062 809 5113 sui
837 5069 926 5112 aut
952 5058 1353 5123 obscuritatem,
1375 5066 1469 5111 aut
1492 5058 1911 5126 ambiguitatem,
1938 5066 2153 5125 possent
2177 5074 2311 5113 eon-

732 5130 983 5184 tentionis
1001 5143 1189 5184 caussa
1217 5143 1337 5183 esse
1368 5128 1507 5183 inter
1551 5127 1770 5190 tideles,
1818 5139 1873 5184 et
1913 5130 2213 5182 distinxerit
2260 5131 2310 5184 in

731 5201 930 5269 plures,
956 5200 1047 5270 qui
1068 5201 1215 5268 prius
1242 5199 1295 5253 in
1323 5214 1433 5254 uno
1454 5199 1693 5268 generali
1714 5200 1936 5270 articulo
1961 5199 2313 5269 comprehen-

730 5269 1025 5327 dehantur:
1053 5287 1158 5326 non
1187 5280 1468 5341 propterea
1499 5269 1752 5325 censendi
1782 5280 1907 5324 sunt
1934 5271 2111 5341 plures
2139 5274 2308 5341 reipsa

728 5344 938 5396 articuli
972 5341 1116 5403 lidci,
1172 5341 1265 5397 sed
1292 5340 1654 5395 distinctione
1695 5351 1748 5395 et
1790 5340 2143 5410 explicatione
2171 5340 2310 5397 dun-

729 5421 894 5469 taxat.
924 5413 1075 5481 Quod
1098 5413 1242 5468 enim
1272 5420 1481 5467 veteres
1510 5413 1561 5466 in
1586 5427 1783 5480 genere
1804 5423 2187 5481 cognoverunt,
2213 5430 2310 5470 nos

726 5484 1028 5538 distinctius
1054 5494 1107 5538 et
1138 5483 1512 5551 particulatim.
1540 5493 1815 5538 crescente
1836 5486 1886 5537 in
1905 5483 2306 5541 tliesltominum

727 5554 1124 5625 (ltzereticorum
1142 5569 1333 5622 nempe
1344 5554 1432 5624 qui
1450 5553 1605 5608 Iidem
1626 5554 1959 5625 impngnant)
1976 5555 2301 5621 curiositate,

725 5635 781 5682 ct
828 5627 997 5694 gratia
1031 5625 1125 5679 Dei
1171 5627 1223 5679 in
1268 5626 1558 5695 Scripturis
1587 5626 1952 5690 explicandis;
1981 5625 2129 5693 juxta
2173 5626 2301 5682 illud

723 5699 910 5764 Apost.
936 5697 955 5767 (
982 5695 1171 5765 Epltes.
1216 5695 1301 5757 IlI,
1332 5694 1397 5766 5)
1420 5695 1571 5761 Quod
1612 5696 1727 5749 aliis
1751 5696 2153 5766 generatimtibus
2199 5716 2300 5753 non

724 5778 798 5824 est
824 5770 1055 5841 agnitum
1080 5767 1202 5836 ﬁliis
1246 5768 1527 5835 hominum,
1573 5768 1722 5823 sicuti
1747 5786 1880 5824 nunc
1907 5770 2179 5824 revelatum
2225 5781 2296 5826 est

2425 4494 2613 4547 venisti
2677 4494 2741 4549 ad
2787 4493 3014 4547 fructum
3078 4490 3350 4563 quaerendi
3385 4534 3399 4555 ,
3446 4507 3564 4561 quia:
3618 4492 3687 4545 ob
3740 4492 3875 4563 hanc
3913 4490 4021 4545 de-

2426 4565 2852 4619 terminationem
2878 4566 2971 4619 tibi
3001 4562 3137 4618 Deus
3186 4565 3487 4627 imperavit,
3538 4577 3636 4617 nec
3668 4563 3805 4617 ultra
3849 4562 4024 4617 debes

2418 4650 2677 4703 qtncrere.
2725 4634 2815 4689 Est
2844 4637 2985 4700 enim
3013 4636 3194 4700 statio,
3221 4634 3309 4690 ubi
3355 4634 3530 4689 solent
3554 4636 3853 4688 consistere
3885 4634 4027 4687 mili-

2422 4716 2563 4760 tares
2591 4717 2643 4759 et
2671 4705 3019 4761 confabulari.
3062 4706 3191 4761 Lac.

2490 4777 2553 4848 (Γ)
2585 4777 2695 4831 Erit
2728 4779 2913 4847 itaque.
2949 4777 3071 4831 Haec
3101 4778 3227 4832 milti
3253 4776 3440 4831 ﬁducia
3478 4786 3561 4829 est
3606 4790 3823 4848 sensum
3879 4774 4025 4832 hunc

2416 4847 2536 4903 esse
2558 4870 2569 4903 :
2599 4850 2729 4902 Dum
2752 4858 2829 4901 tot
2850 4864 2911 4902 ac
2929 4850 3088 4902 tantis
3105 4849 3367 4903 assentior
3385 4847 3709 4918 quaarendttm
3732 4862 3858 4918 esse,
3872 4861 4024 4915 qne-

2418 4920 2567 4973 rendi
2623 4920 2782 4974 linem
2817 4935 2920 4973 non
2954 4919 3163 4982 faciam,
3197 4919 3338 4989 quod
3370 4916 3601 4972 maxime
3630 4926 3819 4986 optant
3849 4916 4024 4970 haere-

2421 4990 2528 5052 tici,
2593 4992 2667 5044 uti
2738 5006 2971 5059 qna-ram
3019 4988 3233 5059 semper
3257 5006 3379 5044 cum
3443 4990 3522 5042 eis
3583 4989 3731 5057 quasi
3779 4988 4020 5042 nondum

2418 5062 2707 5129 repereritn
2758 5060 2899 5129 quod
2938 5060 3179 5115 Christus
3207 5061 3451 5125 instilttit,
3483 5062 3625 5130 quod
3654 5059 3844 5129 quaeri,
3874 5059 4020 5128 quod

2417 5132 2638 5188 credere
2669 5147 2887 5186 necesse
2917 5142 3021 5187 est.
3054 5134 3279 5187 ALBASP.

2493 5202 2798 5272 (g)Quazrite
2813 5213 2858 5255 et
2872 5203 3213 5257 invenietisln
3234 5213 3383 5257 textu
3402 5202 3613 5268 obiecto
3626 5202 3757 5256 nihil
3776 5213 3853 5257 est
3876 5202 4020 5273 quod

2416 5270 2592 5329 faveat
2614 5276 2755 5328 liberi
2786 5276 3035 5327 examinis
3080 5275 3460 5337 assertorilnts,
3486 5274 3578 5326 sed
3606 5275 3779 5343 agitur
3809 5270 4018 5328 tantum

2416 5345 2482 5399 de
2503 5345 2746 5413 precibus
2768 5359 2887 5398 cum
2915 5345 3102 5399 lidueia
3124 5346 3191 5399 ad
3224 5347 3433 5399 Patrem
3456 5344 3544 5413 qui
3576 5345 3627 5397 in
3650 5344 3801 5398 canis
3835 5354 3917 5398 est
3946 5354 4023 5400 at-

2418 5417 2685 5477 tollendis,
2720 5417 2840 5485 quia
2866 5417 3121 5484 profecto.
3146 5416 3388 5483 siquidem
3407 5432 3517 5479 nos,
3550 5431 3665 5466 cum
3695 5416 3851 5468 simus
3869 5414 4020 5478 mali,

2414 5488 2642 5542 novimus
2658 5486 2789 5540 bona
2815 5488 2937 5540 data
3003 5488 3126 5539 dare
3143 5489 3263 5555 filiis
3281 5486 3498 5546 nostris.
3534 5485 3703 5538 multo
3718 5488 3877 5557 magis
3915 5486 4021 5540 Pa-

2410 5570 2486 5612 ter
2538 5569 2726 5616 noster.
2759 5559 2925 5627 quiin
2974 5557 3110 5611 cwlis
3139 5568 3231 5623 est,
3281 5558 3421 5611 dabit
3465 5557 3595 5608 bona
3644 5556 3924 5623 petentibus
3958 5574 4020 5610 se

2408 5628 2648 5697 (Matth,
2682 5628 2805 5694 γη,
2862 5630 2974 5695 11).
3030 5629 3210 5697 Neque
3256 5627 3568 5683 dissimilem
3596 5627 3848 5681 exhibent
3881 5644 4021 5681 sen-

2403 5715 2521 5753 sum
2578 5701 2691 5755 loea
2749 5701 2845 5755 Ev.
2899 5700 3028 5756 Luc.
3088 5700 3282 5756 ibidem
3335 5699 3565 5769 objecta.
3601 5700 3732 5754 Eoo.
3766 5715 3829 5754 ex
3855 5715 4016 5769 apere

2404 5771 2465 5826 D.
2499 5787 2565 5826 ne
2591 5770 2827 5827 Councv.
