4242 6492
695 362 769 421 2⁸1
2103 371 2565 431 TERTULLIANI

3922 382 4009 438 28

697 484 997 541 caelestium
1040 484 1289 556 fructum,
1319 487 1396 562 (a)
1426 498 1479 547 et
1503 489 1570 546 ad
1616 489 1868 562 profanos
1902 490 2287 563 adjudicaudos
2313 494 2367 555 Α
2390 494 2543 550 dunt.
2576 492 2829 566 quamdiu
2856 506 3123 567 quaerunt.
3158 496 3341 567 Itaque
3383 507 3437 553 tu
3468 500 3556 569 qui
3603 500 3823 571 perinde
3847 517 4011 573 qua:-

697 576 779 649 (1)
811 577 913 647 igni
952 588 1227 649 perpetuo,
1257 581 1394 636 facta
1422 582 1499 652 (b)
1532 584 1810 654 utriusque
1836 586 2003 656 partis
2051 588 2284 642 resusci-

702 667 899 726 tatione
917 684 1040 725 cum
1068 672 1245 729 carnis
1276 675 1613 730 restitutione
1643 676 1747 748 (2).

1293 787 1519 846 CAPUT
1557 789 1699 847 XIV.

701 892 853 954 Hanc
897 901 1128 973 regulam
1188 916 1219 953 a
1263 901 1463 957 Christo
1502 906 1783 959 institutam
1831 905 2000 961 nullas
2024 908 2164 978 apud
2205 924 2295 963 nos

769 992 951 1047 habere
998 996 1313 1064 quastioues,
1333 996 1431 1051 nisi
1453 1013 1577 1067 quas
1605 998 1820 1054 Itwreses
1842 1000 2083 1073 inferunt,
2115 1012 2160 1057 et
2183 1020 2296 1072 qua:

768 1084 1030 1140 hiereticos
1046 1087 1261 1157 faciunt.

769 1174 894 1231 Haec
951 1175 1134 1247 regula
1179 1192 1208 1231 a
1255 1177 1488 1248 Christo,
1539 1189 1597 1236 ut
1649 1182 1977 1254 probabitur.
2028 1187 2287 1254 instituta,

698 1266 872 1323 nullas
902 1266 1061 1324 habet
1087 1269 1224 1339 apud
1255 1286 1354 1325 nos
1382 1274 1728 1343 qutestioues,
1764 1278 1863 1332 nisi
1892 1294 2025 1349 quas
2058 1280 2290 1337 haereses

695 1358 952 1427 inferunt,
1001 1370 1055 1415 et
1100 1377 1219 1432 qua:
1250 1362 1529 1419 luereticos
1577 1365 1799 1421 faciunt.
1844 1368 2132 1439 thterum,
2176 1388 2286 1429 ma-

695 1466 857 1510 nente
887 1456 1051 1510 forma
1079 1457 1195 1526 ejus
1222 1457 1275 1511 in
1316 1472 1412 1512 suo
1434 1459 1643 1528 ordine,
1686 1470 1943 1532 quantum
1986 1464 2113 1520 libet
2143 1482 2290 1537 quae-

696 1564 785 1603 ras
817 1560 870 1603 et
898 1559 1113 1619 tractes,
1137 1562 1189 1607 et
1219 1568 1434 1607 omnem
1463 1556 1732 1611 libidinem
1760 1560 2087 1614 curiositatis
2118 1560 2289 1616 ellun-

695 1639 825 1705 das;
872 1641 913 1695 si
941 1642 1067 1712 quid
1114 1643 1204 1697 tibi
1252 1645 1596 1711 videtur,vel
1648 1651 1995 1722 ambiguitate
2032 1653 2287 1721 pendere,

694 1733 779 1788 vel
802 1734 1129 1790 obscuritate
1150 1736 1482 1805 obumbrari,
1500 1750 1582 1795 est
1600 1744 1778 1814 utique
1807 1744 1970 1799 frater
1995 1747 2185 1817 aliquis
2206 1748 2287 1818 (5)

698 1824 891 1881 doctor
937 1828 1107 1897 gratia
1157 1830 1395 1886 scientia:
1446 1831 1713 1900 donatus,
1770 1847 1851 1892 est
1904 1838 2096 1909 aliquis
2151 1842 2290 1896 inter
2327 1864 2373 1924 Β

694 1921 1013 1976 exercitatos
1026 1933 1392 1993 conversatus,
1408 1927 1597 1997 aliquis
1615 1929 1691 1999 (ιι)
1712 1940 1907 1998 tecum,
1922 1933 2183 1989 curiosius
2210 1934 2292 2007 (5)

697 2022 902 2076 tamen,
935 2029 1213 2085 quaerens;
1244 2020 1553 2084 novissime,
1580 2020 1825 2091 ignorare
1872 2025 2065 2081 melius
2092 2036 2195 2092 est,
2228 2044 2295 2083 ne

693 2104 835 2174 quod
859 2120 962 2160 non
986 2106 1183 2162 debeas
1226 2110 1392 2176 noris,
1422 2113 1544 2182 quia
1587 2115 1731 2183 quod
1786 2116 1985 2172 debeas
2024 2121 2162 2174 nosti
2210 2122 2293 2191 (6)

695 2191 875 2260 Fides,
906 2194 1097 2266 inquit,
1142 2208 1229 2251 tua
1257 2208 1304 2252 te
1332 2201 1526 2255 salvum
1570 2205 1687 2273 fecit
1713 2203 1891 2274 (Lua,
1926 2207 2110 2274 XVIII,
2165 2210 2290 2283 £2);

694 2303 801 2343 non
832 2289 1146 2347 exercitatio
1174 2290 1594 2363 Scripturarum.
1636 2298 1794 2354 Fides
1822 2302 1873 2355 in
1905 2304 2085 2372 regula
2118 2308 2285 2375 posita

694 2390 810 2437 est:
838 2381 1004 2438 habes
1031 2383 1222 2454 legem,
1252 2396 1308 2442 et
1337 2388 1565 2444 salutem
1593 2390 1660 2446 de
1703 2392 2080 2453 observatione
2109 2399 2241 2470 legis
2270 2419 2283 2456 :

693 2476 1010 2531 exercitatio
1051 2489 1228 2534 autem
1278 2480 1330 2536 in
1383 2483 1696 2540 curiositate
1740 2488 2026 2557 consistit,
2082 2491 2288 2549 habens

693 2566 916 2637 gloriam
959 2568 1125 2624 solam
1175 2570 1241 2624 de
1283 2572 1487 2641 peritia:
1532 2574 1730 2631 studio.
1787 2576 1953 2634 Cedat
2003 2583 2287 2641 curiositas

694 2656 848 2721 ﬁdei;
881 2656 1037 2713 cedat
1075 2658 1242 2729 gloria
1267 2662 1443 2717 saluti.
1474 2662 1636 2720 Certe
1680 2675 1773 2722 aut
1815 2685 1920 2724 non
1951 2672 2284 2744 obstrepant,

692 2759 785 2803 aut
810 2751 1105 2820 quiescant.
1151 2752 1423 2811 Adversus
1450 2759 1688 2829 regulam
1739 2762 1869 2818 nihil
1919 2767 2077 2832 scire,
2107 2772 2285 2826 omnia

692 2840 831 2895 scire
858 2850 961 2895 est.
993 2841 1062 2897 Ut
1091 2858 1195 2898 non
1230 2844 1428 2903 inimici
1461 2860 1643 2906 essent
1667 2854 1908 2910 veritatis
1938 2856 2199 2927 haeretici,
2233 2871 2290 2918 ut

694 2931 762 2990 de
811 2933 1135 3006 refugiendis
1179 2939 1259 2993 eis
1308 2956 1413 2995 non
1464 2958 1956 3016 praemoneremur,
1999 2953 2155 3021 quale
2207 2964 2291 3012 est

694 3027 938 3082 conferre
968 3043 1087 3083 cum
1113 3029 1416 3087 hominibus
1438 3035 1528 3103 qui
1562 3045 1617 3089 et
1640 3037 1736 3105 ipsi
1767 3039 1942 3095 adhuc
1962 3057 2020 3097 se
2048 3061 2291 3113 quaerere

694 3117 1085 3190 proﬁteantur?
1138 3122 1194 3177 Si
1247 3124 1389 3179 enim
1435 3124 1613 3181 adhuc
1663 3144 1787 3185 vere
1834 3145 2100 3202 quaaruul,
2159 3140 2292 3195 nihil

2394 589 2488 654 ris,
2522 598 2769 659 spectans
2811 592 2876 644 ad
2904 605 2997 645 eos
3041 592 3131 661 qui
3172 602 3224 647 et
3268 591 3370 663 ipsi
3412 604 3676 663 quaerunt,
3722 596 3913 653 dubius
3972 609 4012 648 a

2394 682 2591 748 dubiis,
2622 685 2857 741 incertus
2886 686 2954 740 ab
2976 686 3214 751 incertis,
3244 702 3420 743 caecus
3442 704 3470 744 a
3517 689 3675 744 θενεῖς
3703 691 3752 745 ia
3781 690 4014 746 foveam

2394 776 2678 835 deducaris
2704 794 2923 835 necesse
2954 789 3036 834 est
3098 779 3340 851 (Matth,
3368 780 3483 845 XV,
3532 782 3643 853 14).
3699 782 3825 848 Sed,
3868 796 4014 838 cum

2397 870 2696 941 decipiendi
2747 873 2912 941 gratia
2943 873 3283 943 praetendunt
3322 889 3383 930 se
3411 874 3586 931 adhuc
3623 876 3701 946 (8)
3726 892 4013 947 quaerere,

2398 974 2456 1019 ut
2484 966 2637 1020 uobis
2675 982 2770 1036 per
2798 967 3177 1023 sollicitudinis
3221 967 3559 1039 injectionem
3586 980 3838 1028 tractatus
3864 986 4018 1029 suos

2396 1059 2697 1124 insinuent;
2731 1059 2985 1131 denique,
3015 1060 3105 1117 ubi
3145 1062 3376 1116 adierint
3404 1062 3485 1131 (9)
3528 1062 3592 1117 ad
3640 1079 3756 1129 uos,
3784 1064 4012 1128 statim,

2394 1167 2513 1222 qua:
2530 1152 2779 1209 dicebant
2800 1154 3084 1223 quaerenda
3112 1168 3254 1218 esse,
3284 1155 3609 1211 defendunt:
3631 1156 3741 1226 jam
3768 1157 3891 1211 illos
3918 1158 4021 1212 sic

2392 1242 2650 1299 debemus
2675 1245 2907 1300 refutare
2928 1246 3072 1316 (10).
3091 1256 3149 1302 ut
3175 1248 3349 1303 sciant
3376 1249 3601 1319 nosH!)
3626 1266 3729 1304 non
3751 1250 4017 1317 Christo,

2394 1335 2490 1391 sed
2519 1337 2617 1392 sibi
2647 1348 2928 1409 negatores
2956 1356 3098 1395 esse.
3146 1340 3283 1396 Cum
3314 1342 3457 1397 enim
3501 1353 3745 1413 qureruut
3790 1344 4017 1410 adhuc,

2392 1429 2629 1484 nondum
2656 1440 2869 1496 tenent;
2893 1447 3013 1487 cum
3032 1440 3208 1488 autem
3239 1448 3344 1487 non
3368 1433 3489 1505 (19.)
3519 1444 3721 1501 tenent,
3753 1435 4020 1490 nondum

2392 1519 2769 1587 crediderunt,
2819 1537 2925 1578 non
2966 1533 3093 1578 sunt
3132 1523 3427 1580 christiani.
3485 1528 3592 1593 At,
3638 1543 3755 1581 cum
3808 1536 4027 1582 tenent.

2392 1612 2608 1680 quidem
2660 1622 2715 1667 et
2762 1613 3024 1681 credunt,
3070 1616 3414 1685 quaerendum
3464 1626 3641 1672 tamen
3690 1617 3899 1681 dicunt,
3952 1628 4027 1669 ut

2394 1703 2700 1760 defendant.
2743 1708 3041 1778 Antequam
3072 1708 3380 1776 defendant,
3413 1723 3629 1781 negant,
3657 1710 3795 1782 quod
3820 1714 4025 1765 conti-

2398 1802 2575 1851 tentur
2594 1812 2652 1851 se
2684 1798 2920 1853 nondum
2949 1799 3263 1864 credidisse,
3288 1802 3413 1856 dum
3437 1815 3701 1873 quaerunt.
3732 1804 3830 1872 Qui
3859 1819 4023 1873 ergo

2404 1901 2504 1941 nec
2534 1888 2633 1942 sibi
2666 1900 2791 1944 sunt
2819 1890 3121 1958 christiani,
3144 1903 3344 1963 quanto
3374 1896 3539 1964 magis
3564 1897 3751 1950 nobis?
3771 1897 3873 1962 Qui
3901 1914 4028 1965 per

2399 1978 2662 2035 fallaciam
2690 1984 2927 2047 veniunt,
2960 1985 3171 2054 qualem
3203 1984 3360 2040 fidem
3384 1987 3692 2057 disputant?
3723 1988 3818 2043 Cui
3850 1991 4029 2043 veri-

2397 2072 2493 2126 tati
2520 2076 2942 2143 patrocinantur.
2960 2078 3048 2147 qui
3068 2093 3189 2133 eam
3211 2093 3238 2130 a
3267 2078 3547 2134 mendacio
3570 2079 3825 2135 inducunt
3850 2081 4033 2152 (i3)?

3002 2188 3229 2247 CAPUT
3277 2190 3395 2247 XV.

2397 2292 2565 2351 Porro
2594 2298 2663 2352 ad
2690 2300 3004 2369 propositum
3044 2304 3245 2358 veniens
3290 2301 3664 2371 Tertulliauus,
3712 2307 4032 2375 praescribit

2464 2407 2565 2443 non
2623 2392 2960 2449 admittendos
3008 2396 3267 2451 hwreticos
3311 2397 3387 2451 ad
3416 2397 3575 2450 ullam
3611 2397 3674 2452 de
3711 2397 4033 2464 Scripturis

2467 2481 2885 2551 disputationem.

2466 2595 2570 2651 Sed
2599 2597 2699 2667 ipsi
2726 2598 2791 2653 de
2818 2599 3111 2669 Seripturis
3134 2611 3318 2670 agunt,
3361 2610 3415 2657 et
3449 2603 3517 2658 de
3538 2602 3825 2674 Scripturis
3868 2621 4027 2661 sua-

2392 2686 2540 2744 dent.
2574 2689 2648 2761 (c)
2675 2692 2903 2748 Aliunde
2929 2693 3134 2748 scilicet
3178 2694 3321 2766 loqui
3352 2696 3467 2763 (l4)
3499 2697 3805 2767 possentdc
3835 2698 4035 2755 rebus

2392 2781 2537 2848 ﬁdei,
2561 2786 2660 2839 nisi
2686 2801 2751 2839 ex
2782 2783 2949 2841 literis
2973 2786 3089 2841 fidei
3122 2786 3143 2839 ?
3171 2788 3257 2857 (ά)
3293 2788 3545 2843 Venimus
3572 2790 3728 2860 igitur
3757 2790 3821 2844 ad
3870 2808 4033 2860 pro-

2389 2876 2658 2946 positum:
2703 2878 2807 2931 huc
2846 2878 2959 2947 (15)
3005 2879 3145 2933 enim
3194 2880 3579 2947 dirigebamus,
3630 2891 3684 2937 et
3728 2881 3830 2937 huc
3879 2884 4034 2955 (16)

2402 2968 2857 3038 prtestruebamus
2902 2970 3240 3029 allocutionis
3271 2972 3385 3044 (l7)
3415 2974 3723 3044 prefatione
3768 2974 3911 3044 (18).
3966 2989 4037 3034 ut

2390 3058 2500 3129 jam
2554 3059 2677 3114 hinc
2725 3060 2793 3115 de
2844 3076 2910 3117 eo
2950 3064 3378 3133 congrediamur,
3432 3065 3499 3121 de
3543 3081 3650 3136 quo
3700 3066 4031 3126 adversarii

2396 3161 2705 3221 provocant.
2738 3153 3043 3224 Seripturas
3089 3156 3407 3221 obtendunt,
3431 3167 3484 3211 et
3511 3157 3610 3212 hac
3638 3174 3731 3213 sua
3771 3160 4030 3217 audacia

697 3210 874 3267 adhuc
920 3214 1052 3267 certi
1119 3227 1435 3287 repererunt
1480 3219 1589 3291 (7);
1632 3230 1688 3276 et
1742 3223 1901 3294 ideo,
1946 3244 2293 3303 quaecumque

2400 3244 2577 3298 statim
2633 3244 2891 3314 quosdam
2949 3258 3196 3310 moveut;
3255 3250 3306 3302 in
3357 3248 3474 3319 ipso
3524 3265 3654 3305 vero
3702 3266 4032 3322 congressu

696 3304 943 3361 videntur
971 3305 1182 3363 interim
1236 3319 1434 3379 tenere,
1484 3312 1869 3373 dubitationem
1913 3335 2065 3377 suam
2114 3337 2294 3384 osten-

2398 3334 2579 3391 firmos
2599 3336 2813 3407 quidem
2841 3336 3087 3409 fatigant,
3116 3338 3355 3396 infirmos
3380 3340 3619 3412 capiunt,
3650 3341 3862 3399 medios
3885 3359 4031 3404 cum

1929 3437 2308 3505 LECTIONES
2347 3449 2759 3508 VARIANTES.

786 3537 834 3601 1)
863 3537 1391 3601 Judicandos'Semler.
1419 3554 1555 3598 Pam.

786 3538 807 3589 1
863 3538 1357 3597 Judicandos'Semlet

756 3538 834 3719 {Si
864 3601 1246 3678 Resurrectione
1290 3607 1357 3657 al.

779 3664 809 3711 5
864 3663 1028 3719 ΑΙιαιιι
1052 3666 1099 3716 d.
1124 3682 1172 3719 tt.
1200 3682 1239 3719 s.
1266 3670 1314 3719 d.
1342 3684 1357 3719 ε

678 3663 1028 3776 ῬέῗὲςαΑιὶίιιιί
1052 3666 1099 3716 d.
1124 3682 1172 3730 g.
1200 3682 1239 3719 s.
1266 3670 1314 3720 d.
1342 3683 1388 3719 e.
1417 3669 1565 3734 aliqui
1588 3672 1655 3722 in.
1677 3684 1723 3724 e.
1744 3686 1789 3725 c.
1815 3675 1963 3742 aliqui
1992 3678 2157 3732 Venet.
2179 3682 2288 3751 Κίρ.

759 3786 834 3910 (ἒ)
868 3788 1060 3861 Aliquid
1088 3792 1155 3841 La
1178 3792 1320 3843 Cerd.
1348 3791 1497 3865 Seml.

823 3850 839 3910 )
873 3850 1102 3902 CUI‘IUSUS
1152 3857 1317 3906 Venet.
1344 3860 1454 3910 Rw.
1494 3901 1497 3908 λ

787 3850 839 3923 β)
873 3850 1102 3923 βυιίίυςυε
1152 3857 1317 3906 Venet.
1344 3855 1454 3923 Rig.
1494 3857 1648 3911 Paris.
1678 3868 1814 3911 Pam.
1840 3868 1887 3914 et
1922 3862 2097 3916 iterum
2138 3865 2300 3920 statim

694 3910 882 3963 addunt
906 3923 1084 3967 tecum.

758 3974 837 4054 (μϐ)
853 3976 1146 4054 quiaquod
1161 3979 1348 4054 debeas
1391 3986 1517 4054 nosti
1551 3982 1726 4036 delevit
1748 3985 1896 4038 Seml.
1920 3990 2031 4053 quia
2056 3992 2186 4054 quod
2208 3994 2298 4045 de-

696 4035 937 4104 bcs_nosti
963 4035 1148 4104 tegebat
1173 4043 1241 4091 La
1276 4044 1420 4095 Cerd.

767 4098 831 4171 (ἶ)
872 4098 1327 4171 err'ehenderunt
1362 4106 1518 4171 (faris.
1545 4121 1649 4171 pro
1670 4117 1810 4159 certe
1849 4119 1961 4165 Jun.
2010 4118 2134 4167 certi
2179 4132 2299 4170 vere

698 4161 870 4271 congio
899 4161 1171 4227 legendum.
1200 4177 1343 4220 Fran.
1370 4161 1727 4222 inserit'adltuc
1759 4172 1905 4224 ultra.

762 4224 780 4271 ί
820 4225 831 4271 1
868 4224 1050 4271 Adhuc
1088 4229 1249 4271 Paris-

762 4224 831 4289 (8)
868 4224 1050 4276 Ad'hoc
1084 4229 1249 4280 Paris.

2484 3564 2539 3619 9)
2576 3564 2815 3614 Adierunt
2846 3564 2993 3615 Seml.

2485 3626 2562 3693 lli)
2597 3626 2845 3693 ﬁeputare
2892 3630 3056 3680 Venet.
3082 3627 3191 3693 Rig.

2487 3689 2565 3748 ll)
2597 3688 2696 3738 Vos
2745 3691 2913 3739 Venet.

2490 3749 2562 3813 l2)
2588 3750 2702 3821 _Non
2726 3750 2986 3821 delendum
3007 3765 3134 3805 cens.
3160 3751 3315 3806 Seml.
3336 3760 3380 3805 et
3397 3760 3500 3819 post
3524 3759 3699 3806 tenent
3743 3754 4038 3821 tegendum

2399 3818 2450 3862 et
2475 3813 2686 3862 nondum
2717 3814 2941 3863 credunt.

2466 3876 2565 3933 (15)
2607 3875 2829 3925 Indicuut
2866 3874 2999 3926 Sent!

2490 3936 2569 3997 14)
2604 3937 2827 3987 Suadere
2864 3951 2961 3988 non
2986 3940 3133 3990 Seml.

2494 4000 2568 4118 l5)
2602 4000 2705 4049 Hoc
2722 3998 2872 4050 Seml.
2902 4000 3009 4064 Rig.

2494 4062 2547 4110 lli
2603 4061 2705 4111 Hoc
2731 4062 2903 4113 delevit
2920 4065 3009 4112 Sen

2488 4061 2568 4113 16)
2603 4061 2705 4111 Hoc
2731 4062 2903 4113 delevit
2920 4061 3069 4112 SEml.

2492 4123 2563 4174 l7l
2604 4124 2675 4173 Ad
2701 4125 2955 4174 locutionis
2976 4124 3045 4173 al.

2492 4125 2544 4173 l7
2604 4125 2675 4173 Ad
2701 4125 2955 4174 locutionis
2976 4125 3045 4173 al.

2463 4125 2570 4249 (18)
2606 4186 2953 4238 Praefationem
2986 4185 3138 4239 Seml.

2460 3564 2479 3813 ἔ

2463 3876 2485 4121 l

2073 4343 2630 4414 COMMENTARIUS.

700 4443 1049 4534 beatitudine,
1061 4450 1163 4532 ,ιιμὶ
1177 4450 1379 4534 justitia
1407 4461 1583 4534 clpa:
1606 4462 1658 4509 et
1673 4454 1923 4534 gaudium
1950 4461 2287 4534 est._s__Yerba

702 4526 829 4571 sunt
858 4521 1154 4589 Augustini,
1214 4522 1307 4577 lib.
1338 4523 1403 4578 de
1433 4521 1564 4599 [fide
1595 4536 1648 4579 et
1680 4521 1863 4599 Symb.
1908 4544 2027 4597 cap.
2059 4531 2167 4599 VII,
2200 4535 2287 4590 M.

1443 4596 1565 4651 th.
1591 4596 2123 4657 emendantibus’Euu.

778 4658 854 4732 (α)
978 4665 1043 4715 ad
1074 4663 1316 4745 profanos
1335 4665 1721 4745 adittdirandas,
1750 4679 1853 4745 etc_.
1886 4670 2121 4728 Meminit
2151 4675 2286 4745 ignis

704 4728 1088 4803 TertUIliaAnus,
1118 4728 1207 4803 qui
1230 4736 1313 4789 hic
1338 4738 1663 4793 creberrime
1690 4728 1739 4793 in
1765 4739 1972 4796 inferno
2012 4728 2281 4802 statuitur:

705 4800 841 4883 Begu
864 4813 917 4856 et
937 4800 1187 4883 Calvinus
1208 4807 1411 4883 volunt,
1443 4823 1547 4863 uou
1571 4824 1689 4863 esse
1735 4811 1908 4881 ignem
1952 4815 2002 4867 in
2040 4800 2249 4871 inferno

706 4872 802 4947 sed
854 4888 948 4941 per
1002 4875 1537 4947 illumgdesignatum
1607 4895 1725 4934 esse
1752 4872 2032 4939 'tniserum
2092 4872 2285 4944 statuni

706 4943 1100 5022 damnatorum.
1155 4945 1259 5022 sed
1289 4943 1452 5022 certe
1483 4953 1551 5004 ita
1604 4949 1853 5022 frequens
1898 4959 2095 5010 mentio
2125 4969 2202 5016 est
2237 4943 2287 5015 in

707 5014 982 5087 Scriptura
1015 5016 1168 5085 hujus
1194 5017 1351 5087 ignis,
1379 5030 1436 5074 ut
1474 5014 1777 5078 necessaria
1822 5024 2111 5083 debeamus
2134 5014 2288 5087 lateri

707 5084 883 5154 ignem
911 5101 1031 5140 esse
1061 5084 1111 5140 iit
1141 5084 1369 5143 inferno.
1399 5090 1528 5147 Lac.

780 5157 862 5226 (b)
898 5156 1169 5231 Utriusque
1207 5163 1368 5231 partis
1412 5168 1809 5223 resuscitatione.
1840 5168 2053 5225 Piorum
2084 5180 2137 5227 et
2188 5173 2287 5228 im-

707 5226 936 5297 piorum.
969 5229 1086 5285 th.

952 5298 1222 5381 XVq—(c)
1241 5305 1460 5381 Aliunde
1478 5309 1666 5363 scilicet
1689 5311 1823 5381 loqui
1847 5322 2044 5381 possent
2066 5314 2127 5365 de
2152 5316 2297 5369 rebus

710 5372 1054 5454 ﬁdei.0mnes
1079 5376 1190 5454 haec
1205 5372 1360 5454 verba
1379 5380 1445 5431 ita
1465 5372 1909 5454 accipiuuu'quasi
1932 5394 2161 5454 negetex
2180 5388 2298 5443 aliis

710 5446 880 5500 literis
931 5445 1210 5522 haereticos
1240 5447 1395 5502 fidem
1427 5445 1832 5520 suam'probare
1856 5445 2030 5522 ραςευῖ
2052 5472 2207 5521 quam
2232 5475 2297 5513 ex

709 5526 936 5596 utroque
956 5515 1327 5596 Testamento:
1350 5521 1476 5596 mihi
1504 5515 1628 5576 vero
1655 5524 1755 5577 alia
1784 5515 1995 5593 subiicit
2021 5515 2291 5596 cogitatio,

709 5603 903 5669 nempe
927 5589 1039 5669 lucc
1078 5590 1261 5669 eadem
1294 5594 1535 5669 negative
1584 5589 1902 5669 posita_nou
1953 5589 2295 5669 cssefncque

709 5659 1155 5736 aliudquidquam
1185 5660 1265 5715 his
1296 5659 1900 5729 Auctorem'iutendere,
1931 5683 2086 5736 quam
2119 5659 2294 5725 imre-

708 5731 843 5783 tiens
893 5747 1269 5810 nonnunquam
1324 5736 1481 5810 etiam
1536 5746 1841 5810 argumenta
1890 5731 1961 5793 cf
2004 5738 2295 5810 Scripturis

707 5815 1004 5879 arcessere,
1056 5806 1295 5870 quamvis
1340 5807 1391 5858 in
1450 5807 1814 5879 probationem
1859 5824 1973 5865 suae
2029 5806 2293 5879 Opinionis

708 5873 1145 5951 philosophorum
1192 5880 1389 5959 scripta
1438 5876 1635 5933 ducere
1688 5879 1927 5959 possint.
1979 5873 2292 5957 ex'quibtts

2393 4482 2694 4549 com_menta_
2736 4489 2831 4531 sua
2879 4475 3191 4549 hauserunt,
3237 4478 3312 4532 uti
3354 4478 3600 4549 probavit
3646 4493 3764 4547 cap.
3801 4478 3863 4537 8.
3918 4484 4026 4542 Ad

2394 4544 2854 4622 confirmationem
2898 4548 3120 4622 hujusce
3148 4544 3535 4622 explicationis.
3567 4544 3727 4621 quam
3757 4562 4036 4622 tuemur,

2317 4624 2368 4683 ι)
2396 4615 2578 4669 referri
2599 4627 2792 4698 potest,
2832 4618 2974 4698 nulla
3027 4620 3138 4698 haec
3189 4615 3622 4690 interrogationis
3653 4631 3777 4676 nota
3804 4615 4037 4698 scribi,

2394 4702 2552 4755 quant
2586 4688 2673 4763 qui
2706 4703 2769 4763 ex
2823 4688 3036 4743 diverso
3067 4688 3511 4763 interpretantur,
3543 4701 3803 4763 coguntur
3848 4688 4041 4754 afﬁni:-

2390 4772 2547 4835 gere;
2598 4758 2747 4813 fateri
2803 4769 2977 4813 tamen
3034 4758 3534 4835 cogorvlegentium
3585 4758 3793 4819 animos
3841 4765 4040 4835 longe

2391 4825 2595 4903 facilius
2638 4844 2899 4898 occupare
2928 4825 3269 4897 contrariam,
3295 4825 3401 4887 sed
3441 4836 3483 4887 si
3513 4835 3635 4903 quis
3661 4836 3926 4892 Auctoris
3956 4825 4033 4898 iii

2392 4899 2620 4981 dicendo
2637 4916 2859 4981 acumen
2880 4913 2934 4956 et
2956 4903 3227 4981 solertiam
3252 4913 3480 4981 repetat,
3506 4899 3559 4959 et
3578 4906 3679 4960 sibi
3706 4921 3968 4978 proponas
3983 4923 4007 4966 t
4021 4957 4038 4981 ,

2390 4985 2507 5025 eant
2533 4971 2827 5027 adulteram
2858 4988 2978 5028 esse
3007 4971 3393 5045 deprehendet.
3435 4979 3669 5032 ALBASP.

2466 5061 2545 5141 (d)
2588 5062 2843 5141 'Yenimus
2896 5065 3049 5141 igitur
3097 5067 3166 5119 ad
3211 5067 3570 5141 propositum,
3600 5068 3989 5128 Tertullianus
4015 5118 4035 5141 ,

2394 5134 2884 5201 inquitQuintinus.
2918 5134 3032 5192 hoc
3061 5154 3220 5191 unum
3248 5134 3359 5192 toto
3392 5154 3489 5194 suo
3522 5139 3655 5193 libro
3684 5134 4027 5203 docenduni

2395 5208 2692 5275 proposuit,
2724 5223 2828 5264 non
2859 5221 2979 5263 esse
2999 5207 3066 5263 de
3091 5208 3381 5277 Scripturis
3397 5222 3518 5262 eum
3538 5208 3803 5264 Gnosticis
3832 5213 4037 5271 alter-

2400 5278 2653 5349 candum,
2702 5277 2795 5349 sed
2838 5294 3009 5346 neque
3056 5279 3401 5349 loquendum.
3436 5280 3564 5335 Nam
3605 5280 4035 5349 disputationes

2400 5347 2765 5416 hujuscemodi
2794 5361 2990 5403 vexant
3031 5351 3081 5404 in
3127 5347 3237 5405 iide
3273 5350 3531 5414 infirmos,
3564 5347 3918 5416 conturbant,
3961 5370 4035 5415 et

2401 5419 2650 5491 vacillare
2676 5419 2890 5491 faciunt.
2936 5430 2989 5474 ct
3018 5420 3122 5475 alio
3149 5436 3292 5491 s:cpe
3324 5422 3649 5476 transferunt
3682 5423 3917 5488 medios,
3965 5432 4033 5485 in

2404 5489 2632 5544 ltzeresin
2661 5506 2787 5545 vero
2814 5490 3099 5547 deturbant
3143 5489 3399 5547 infirmos.
3435 5493 3555 5548 llaec
3600 5495 3741 5549 veris
3781 5498 4024 5557 veriora

2399 5562 2442 5614 si
2490 5574 2591 5615 non
2624 5572 2767 5622 sunt,
2798 5562 3055 5619 adversus
3118 5562 3401 5618 haereticos
3452 5564 3715 5623 altercari.
3758 5567 4033 5629 scribere

2401 5646 2506 5707 non
2537 5646 2807 5707 cessemus
2829 5675 2842 5695 ,
2894 5648 3065 5707 neque
3089 5634 3397 5704 jejuuemus
3442 5644 3494 5688 et
3549 5650 3765 5690 oremus
3795 5635 3847 5689 in
3880 5653 4031 5707 eos,

2402 5702 2615 5774 interim
2646 5712 2820 5757 tamen
2874 5716 2926 5758 et
2954 5702 3156 5774 ubique
3178 5721 3465 5768 memores,
3511 5706 3653 5774 quod
3696 5706 3793 5760 hoc
3821 5702 4033 5773 genus

2399 5772 2783 5831 dmmoniorum
2809 5790 2911 5831 non
2939 5772 3210 5845 ejicietut',
3242 5779 3340 5832 nisi
3366 5778 3416 5833 in
3437 5772 3675 5903 (tagione
3696 5772 4030 5847 ctjejunio,

3548 5863 3637 5902 Att.

3548 5863 3637 5902 AI.
