4242 6492
330 337 405 394 29

1454 329 1658 388 LIBER
1697 328 1785 386 DE
1824 324 2518 389 PRESCRIPTIONIBUS.

3566 315 3640 376 30

336 453 591 523 scrupulo
618 450 914 508 dimittunt.
942 450 1024 522 (α)
1076 447 1225 505 Hunc
1252 446 1411 519 igitur
1457 447 1789 518 potissimum
1816 460 1938 516 gra-
1963 456 2016 511 Α
2111 460 2214 498 non
2254 444 2501 514 recipiant
2549 440 2807 514 integras,
2853 447 2900 494 et
2940 438 2984 494 si
3016 438 3340 512 aliquatenus
3391 435 3639 509 integras,

334 547 465 602 dum
485 549 832 609 obstruimus,
868 559 974 599 non
1003 542 1366 597 admittendos
1397 539 1479 611 (l)
1524 554 1618 594 eos
1671 538 1736 594 ad
1770 538 1929 593 ullam

337 643 405 698 de
452 642 744 711 Seripturis
785 640 1221 710 disputationem.
1282 636 1361 707 (b)
1408 636 1462 691 Si
1523 635 1604 691 ha:
1653 642 1777 688 sunt
1829 632 1930 687 illa:

335 736 475 788 vires
519 734 598 805 (Ξ)
630 749 849 797 eorum,
889 732 962 786 uti
1013 746 1105 786 eas
1139 730 1336 785 habere
1368 729 1576 799 possint
1604 728 1708 796 (5),
1740 725 1931 795 dispici

332 828 495 883 debet
548 830 631 882 cui
682 833 951 896 competat
1001 825 1271 895 possessio
1316 823 1730 892 Scripturarum,
1764 834 1833 876 ne
1887 818 1932 874 is

329 920 648 975 admittatur
686 918 753 973 ad
785 934 899 985 eas,
923 917 1008 972 cui
1037 917 1183 971 nullo
1206 916 1365 971 modo
1381 915 1654 985 competit.

932 1051 1159 1110 CAPUT
1198 1052 1336 1111 XVI.

332 1168 593 1232 Primum,
622 1169 758 1237 quod
777 1168 901 1235 ﬁdes
944 1178 1117 1222 nostra
1137 1168 1426 1238 obsequium
1455 1167 1697 1237 Apostolo
1735 1166 1930 1235 debeat,

406 1262 806 1330 disputationem
849 1260 1156 1331 pro/tibenti,
1185 1263 1305 1314 dum
1336 1271 1446 1331 post
1475 1276 1630 1315 unam
1654 1260 1929 1331 correptio.

404 1373 521 1409 neut
549 1357 813 1409 convenire
832 1356 1123 1409 Itwreticunt
1147 1355 1434 1409 interdixit.

408 1469 521 1523 lloe
560 1469 627 1523 de
673 1469 897 1523 consilio
945 1467 1279 1535 difﬁdentia,
1328 1478 1421 1524 aut
1459 1466 1528 1523 de
1575 1466 1756 1523 studio
1781 1466 1934 1522 aliter

328 1562 581 1617 ineundae
607 1561 1001 1615 constitutionis
1031 1561 1330 1616 iuduxerim
1355 1560 1453 1632 (ε),
1486 1560 1584 1615 nisi
1612 1559 1749 1613 ratio
1799 1574 1931 1614 con-

325 1657 547 1719 stiterit,
601 1654 652 1709 in
682 1654 867 1724 primis
897 1656 1007 1722 illa,
1059 1653 1137 1727 (4)
1170 1654 1313 1724 quod
1366 1653 1498 1709 fides
1544 1664 1726 1708 nostra
1770 1652 1933 1709 obse-

325 1751 514 1819 quium
551 1749 809 1818 Apostolo
840 1749 1051 1813 debeat,
1093 1748 1391 1818 prohibenti
1417 1749 1740 1819 quaestiones
1770 1750 1923 1814 inire,

2107 539 2331 594 diversas
2348 538 2691 605 expositiones
2719 536 3186 591 comminiscantur.

2100 630 2324 697 Deinde,
2339 632 2585 699 quoniam
2602 629 2733 684 nihil
2751 628 2993 699 proficiat
3005 626 3315 699 congressio
3328 625 3602 697 Scriptura
3616 655 3641 670 -

2034 740 2175 789 rum,
2194 725 2291 779 nisi
2312 724 2464 793 plane
2495 732 2550 777 ut
2578 722 2837 778 stomachi
2861 722 2979 791 quis
2998 722 3140 776 ineat
3168 720 3523 786 eversionem,
3549 728 3642 776 aut

2035 816 2265 871 cerebri.
2285 815 2389 870 Ista
2409 814 2629 871 haeresis
2661 830 2767 869 non
2800 814 2987 882 recipit
3008 813 3264 884 quasdam
3297 811 3635 881 Scripturas:

2037 908 2145 962 etsi
2173 921 2306 976 quas
2324 907 2535 976 recipit,
2552 922 2654 960 non
2670 905 2855 976 recipit
2871 903 2941 977 (e)
2963 905 3196 974 integras
3213 917 3226 958 :
3243 902 3639 974 adjectionibus

2038 1009 2093 1054 et
2131 1000 2549 1069 detractionibus
2578 998 2643 1054 ad
2677 997 3078 1069 dispositionem
3109 997 3335 1052 instituti
3356 996 3437 1050 sui
3475 996 3642 1051 inter-

2037 1095 2226 1151 vertit:
2248 1102 2303 1149 et
2327 1094 2369 1147 si
2400 1094 2731 1162 aliquatenus
2753 1093 2987 1161 integras
3015 1097 3251 1161 praestat,
3274 1088 3639 1143 niholominus

2038 1186 2279 1244 diversas
2295 1186 2659 1255 expositiones
2685 1190 3044 1239 commentata
3087 1181 3369 1236 convertit.
3410 1179 3639 1235 Tantum

2045 1282 2257 1337 veritati
2301 1281 2373 1352 (f)
2428 1280 2692 1349 obstrepit
2736 1277 2949 1332 adulter
3002 1289 3230 1341 sensus,
3289 1282 3543 1344 quantum
3588 1282 3643 1329 et

2039 1384 2323 1447 corruptor
2352 1373 2730 1446 stylus.Vari:e
2757 1371 2842 1443 (5)
2870 1369 3314 1441 praesumptiones
3340 1368 3643 1422 necessario

2037 1470 2225 1524 nolunt
2254 1468 2329 1540 (6)
2358 1481 2650 1538 agnoscere
2667 1481 2751 1532 ea,
2780 1479 2874 1533 per
2892 1478 3011 1532 qua:
3041 1462 3393 1517 revincuntur
3423 1459 3529 1533 (g);
3561 1459 3643 1515 his

2038 1564 2279 1619 nituntur
2328 1578 2447 1632 qua:
2500 1577 2564 1616 ex
2617 1560 2751 1615 falso
2802 1564 3243 1627 composuerunt.
3296 1562 3350 1609 et
3403 1568 3523 1623 quin
3575 1553 3643 1607 de

2036 1655 2381 1727 ambiguitate
2401 1660 2656 1723 ceperunt
2706 1650 2806 1721 (7).
2843 1646 2981 1716 Quid
3028 1644 3388 1715 promovebis,
3437 1643 3643 1699 exerci-

2036 1749 2295 1803 tatissime
2311 1746 2865 1815 Scripturarum,cum
2895 1740 2938 1794 si
2964 1737 3091 1810 quid
3118 1736 3447 1801 defenderis,
3479 1750 3644 1805 nege-

324 1846 483 1897 novis
527 1845 747 1901 vocibus
792 1858 951 1899 aures
994 1839 1403 1899 adcommodare
1450 1841 1492 1915 (1
1533 1840 1694 1907 Tim.,
1725 1842 1813 1908 γι,
1845 1845 1923 1913 4),
1957 1831 2004 1891 Β
2032 1848 2118 1895 tur
2140 1854 2203 1893 ex
2236 1838 2469 1901 diverso,
2511 1837 2554 1890 si
2594 1834 2718 1906 quid
2767 1832 3063 1902 negaveris,
3096 1827 3447 1884 defendatur?
3482 1826 3552 1881 Ει
3578 1839 3633 1883 Ill

325 1937 643 1989 haereticqu
676 1945 795 2005 post
821 1950 981 1989 unam
1012 1938 1411 2006 correptionem
1436 1936 1725 1991 convenire
1772 1935 1927 2007 (Tit.,

322 2028 417 2096 Ill,
449 2030 559 2099 10),
584 2043 685 2083 non
708 2039 825 2099 post
844 2031 1288 2099 disputationem.
1342 2029 1490 2084 Adeo
1518 2030 1930 2085 interdixitdis-

322 2126 681 2193 putationem,
702 2123 1093 2191 correptionem
1119 2123 1404 2194 designans
1425 2136 1666 2177 caussam
1692 2122 1930 2178 haeretici

320 2216 682 2272 conveniendi
706 2233 719 2280 ;
741 2226 793 2270 et
818 2215 918 2270 hoc
955 2231 1113 2269 unam
1142 2216 1249 2285 (d),
1273 2215 1497 2280 scilicet,
1526 2215 1647 2284 quia
1686 2229 1789 2268 non
1847 2224 1931 2270 est

324 2308 688 2375 Christianus;
720 2325 785 2363 ne
836 2324 985 2362 more
1008 2309 1306 2371 christiani,
1340 2307 1507 2363 senth
1538 2317 1592 2363 et
1620 2309 1834 2375 iterum,
1870 2318 1925 2364 ct

315 2400 421 2455 sub
448 2399 657 2453 duobus
688 2410 777 2453 aut
801 2401 966 2454 tribus
991 2399 1466 2470 testibus(Matth.,
1486 2398 1677 2465 XVIII,
1712 2402 1801 2464 15,
1833 2399 1921 2471 l6)

315 2491 661 2561 castigandus
677 2491 968 2554 videretur;
985 2504 1104 2545 cum
1128 2493 1196 2544 ob
1214 2490 1314 2545 hoc
1329 2493 1399 2546 sit
1418 2493 1782 2564 castigandus,
1802 2508 1925 2563 pro-

316 2594 441 2653 pter
462 2583 600 2654 quod
624 2598 730 2639 non
774 2584 843 2639 sit
871 2598 991 2639 cum
1038 2583 1130 2637 illo
1152 2582 1554 2654 disputandum.

901 2718 1129 2776 CAPUT
1168 2718 1344 2774 XVII.-

314 2852 518 2909 Deinde
552 2856 689 2923 quod
717 2856 846 2909 nihil
891 2856 1126 2926 proﬁciat
1168 2856 1457 2926 congressio
1490 2855 1919 2927 Scripturarum;

387 2966 503 3001 cum
532 2949 745 3003 haereses
772 2950 1019 3019 quasdam
1064 2966 1165 3003 non
1192 2950 1463 3021 recipiant,
1496 2961 1543 3003 et
1573 2952 1759 3022 siquas
1784 2953 1887 3006 reci
1898 2981 1914 2993 ο

385 3040 550 3107 piant,
576 3040 940 3110 adiectionibus
958 3051 1004 3096 et
1029 3041 1425 3096 detractionibus
1454 3042 1800 3109 intervertant,
1825 3053 1916 3099 aut

2037 1931 2247 2002 quidem
2273 1930 2401 1984 nihil
2425 1927 2639 1998 perdes,
2667 1926 2767 1981 nisi
2800 1939 2983 1979 vocem
3015 1923 3066 1976 in
3090 1920 3470 1987 contentione;
3498 1919 3635 1976 nihil

2037 2023 2406 2096 consequeris,
2432 2022 2529 2075 nisi
2554 2021 2710 2075 bilem
2743 2018 2811 2073 de.
2836 2015 3296 2086 hlasphematione
3323 2014 3425 2087 (8).

2608 2111 2833 2168 CAPUT
2882 2107 3068 2166 XVIII.

2038 2212 2142 2267 Ille
2186 2214 2360 2277 etiam,
2384 2210 2529 2280 cujus
2574 2224 2755 2262 caussa
2782 2207 2835 2259 in
2888 2220 3209 2276 congressum
3256 2204 3641 2269 Scripturarttm

2106 2302 2387 2368 descendis,
2457 2301 2696 2355 incertior
2750 2296 3007 2363 discedet,
3052 2296 3116 2351 de
3157 2296 3267 2364 pari
3318 2295 3644 2351 altercatione

2104 2395 2323 2467 negandi
2354 2403 2401 2448 et
2431 2390 2756 2465 defendendi.

2105 2487 2198 2542 Ille
2226 2501 2374 2551 vero,
2403 2486 2451 2544 si
2480 2485 2599 2555 quis
2627 2493 2729 2547 est,
2781 2482 2933 2553 cujus
2962 2496 3150 2537 caussa
3196 2481 3249 2537 in
3280 2497 3628 2553 congressum

2032 2580 2315 2637 descendis
2364 2578 2786 2648 Scripturarum,
2837 2585 2895 2630 ut
2918 2591 3042 2630 eum
3073 2575 3404 2631 dubitantem
3442 2578 3639 2633 confir-

2034 2687 2169 2739 mes,
2194 2672 2260 2727 ad
2293 2671 2591 2735 veritatem,
2633 2685 2698 2723 an
2746 2669 2915 2740 magis
2950 2667 3017 2722 ad
3065 2668 3299 2725 hrcreses
3345 2669 3637 2742 deverget?

2033 2763 2149 2820 Hoc
2197 2766 2311 2833 ipso
2358 2773 2555 2825 motus,
2603 2760 2743 2831 quod
2795 2772 2845 2814 te
2871 2759 3048 2816 videat
3095 2761 3223 2815 nihil
3280 2763 3631 2830 promovisse,

2024 2873 2182 2928 inquo
2230 2856 2395 2927 gradu
2427 2854 2655 2925 negandi
2684 2863 2737 2908 et
2778 2853 3098 2908 defendendi
3134 2853 3345 2908 diversa
3376 2854 3453 2925 (9)
3483 2868 3632 2924 parte

2022 2948 2375 3021 statutoUO),
2398 2959 2543 3003 certe
2564 2946 2701 3016 pari,
2717 2946 3063 3000 altercatione
3088 2946 3343 3001 incertior
3367 2948 3628 3013 discedet,

2019 3047 2267 3099 nesciens
2295 3058 2453 3114 quam
2483 3040 2712 3097 lnnresin
2734 3038 2958 3110 judicet.
2994 3038 3076 3109 (It)
3098 3039 3223 3094 llaec
3242 3039 3423 3111 utique
3446 3050 3495 3095 et
3529 3040 3628 3111 ipsi

1554 3155 1943 3215 LECTIONES
1978 3156 2395 3215 VAIllANTES.

372 3286 390 3345 (
399 3286 441 3349 l)
482 3286 777 3349 Admittendi
806 3287 958 3339 Seml.

370 3347 442 3420 (ἓν)
474 3347 648 3420 Sintne
674 3349 769 3420 illa
806 3351 927 3411 juris
948 3348 1104 3401 Latin.
1124 3362 1215 3420 p_ro_
1238 3351 1351 3420 i|_l_:e,
1377 3351 1489 3402 ulla:
1513 3351 1737 3418 proponit
1762 3355 1912 3407 Seml.

369 3410 442 3468 (5⁷)
481 3410 673 3462 Uti.eas
694 3410 883 3462 habere
907 3420 1111 3468 possent
1126 3410 1230 3463 'del.
1254 3415 1494 3466 Hettman.

367 3474 443 3542 (ᾖ)
475 3474 584 3542 Qua
619 3477 785 3542 Venet.
819 3488 881 3528 ea:
904 3474 986 3527 lib.
1012 3475 1277 3542 Agobardi.

371 3537 442 3599 (Si)
475 3536 623 3588 Vatiae
648 3538 772 3588 Jun.

1942 3251 1987 3313 C

2088 3294 2156 3356 (6)
2189 3293 2370 3356 Volunt
2393 3290 2581 3344 Semler
2603 3304 2669 3356 ea:
2690 3289 2938 3354 Agobard.
2960 3296 3003 3341 et
3026 3286 3178 3342 divin.
3202 3290 3411 3354 exemnl.

2088 3353 2155 3417 (7)
2193 3355 2457 3416 (‘neperunt
2482 3353 2629 3417 send.
2660 3353 2792 3403 mm.

2080 3413 2153 3478 (8)
2187 3413 2346 3466 Vilem
2371 3420 2419 3468 d.
2447 3418 2492 3466 b.
2521 3416 2712 3478 laudem
2732 3413 2884 3478 Seml.

2082 3475 2155 3541 t9)
2189 3480 2408 3529 Adversa
2436 3475 2811 3541 Venetaltiqalt.

2081 3536 2187 3606 (l0)
2219 3542 2462 3593 Statutum
2488 3539 2640 3593 Seml.
2666 3536 2801 3592 Pam.
2826 3544 2974 3593 statu.
3000 3536 3355 3605 Rigalt.VencL

1745 3668 2306 3728 COMMENTARIUS.

378 3778 459 3854 (ει)
486 3776 638 3854 Hunc
678 3780 836 3854 igitur
878 3781 1195 3851 potissimum
1240 3782 1475 3854 gradum.
1506 3781 1807 3850 Dissuadet,
1836 3800 1904 3841 ne

294 3852 719 3924 cumghtereticis
751 3862 1024 3924 certamen
1071 3852 1342 3909 ineamus:
1395 3871 1522 3917 non,
1563 3855 1703 3924 quod
1731 3857 1903 3912 eccle-

293 3921 532 3996 siaSticm
580 3937 783 3996 caussa:
842 3934 903 3996 ut
939 3923 1114 3978 dubiae
1159 3924 1385 3991 diffidat,
1419 3921 1593 3990 absiti
1636 3927 1728 3982 sed
1758 3928 1900 3996 quod

294 3990 534 4047 haeretici
574 3995 868 4069 procaciter
897 3995 947 4048 in
970 4010 1093 4048 suas
1121 3990 1476 4069 blasphemias
1502 4007 1685 4051 saneta
1712 3990 1897 4069 Scrip-

294 4072 447 4138 tura,
474 4065 665 4138 eteius
695 4065 930 4138 legitimo
956 4081 1114 4119 sensu
1142 4067 1457 4132 abutantur;
1500 4084 1562 4122 ex
1594 4083 1700 4138 quo
1724 4065 1895 4122 victo-

292 4135 373 4188 ria
407 4135 477 4188 sit
501 4135 684 4198 dubia,
732 4135 1057 4210 audientium
1096 4153 1243 4203 vero,
1275 4139 1360 4205 qtti
1392 4154 1484 4191 eos
1517 4135 1691 4194 met-as
1713 4141 1898 4210 Scrip-

292 4215 443 4258 turas
459 4221 679 4274 crepare
696 4207 933 4269 attdiunt,
958 4208 1243 4263 discrimen
1262 4210 1639 4266 certissimum.
1662 4207 1888 4267 Tantum

288 4291 421 4351 ergo
437 4280 607 4351 abest,
632 4288 685 4330 ut
716 4278 764 4330 in
796 4279 877 4331 bis
900 4279 1144 4348 frequens
1173 4289 1472 4335 sanctarum
1496 4283 1889 4351 Scripturarum

281 4346 510 4422 jamatio
538 4349 607 4404 sit
642 4364 781 4403 vera:
810 4346 1083 4419 religionis
1116 4351 1390 4413 indicium.
1425 4363 1479 4408 ut
1508 4346 1683 4422 potius
1713 4356 1781 4407 sit
1825 4356 1891 4411 ab

284 4419 366 4492 cis
394 4433 715 4492 magnopere
736 4422 1050 4485 timendum,
1075 4438 1140 4476 ne
1167 4423 1307 4489 quod
1331 4425 1426 4492 ipsi
1453 4419 1671 4489 habent,
1712 4424 1761 4478 id
1784 4437 1886 4492 est,

282 4488 740 4558 blasphemiarum
798 4494 1081 4561 spurcitias
1148 4488 1537 4561 Seriphi-rarum
1589 4488 1887 4551 divinarum

283 4563 930 4635 clintestasirinvolttcris,
977 4564 1128 4618 nobis
1162 4566 1519 4635 intorqucaut.
1581 4566 1711 4623 Vide
1763 4569 1887 4623 Clo-

283 4645 522 4685 memcm
552 4634 702 4687 Alex.
736 4634 826 4688 lib.
849 4607 1032 4688 co’ntra
1067 4607 1376 4690 Iltcretieds.
1407 4608 1538 4692 Ltd.
1597 4607 1609 4621 ‘
1656 4607 1711 4623 ὐ
1765 4607 1857 4623 νὼ
1916 4607 1967 4666 Ῐ)

356 4703 436 4771 (b)
464 4703 524 4755 Si
552 4706 632 4756 Ita:
657 4715 772 4759 sunt
816 4706 920 4759 illa:
964 4708 1091 4761 vires
1117 4724 1310 4762 eorum.
1341 4710 1543 4763 Sensus
1570 4717 1671 4769 est,
1696 4725 1762 4765 an
1805 4711 1889 4765 his

280 4775 451 4827 armis
486 4776 556 4828 uti
584 4778 805 4845 possint,
833 4778 944 4830 sive
973 4792 1041 4831 an
1060 4779 1351 4848 Scriptura:
1378 4784 1484 4834 sint
1513 4796 1658 4834 arma
1678 4796 1885 4836 eorum.

1477 4854 1703 4907 ALBASP.

285 4985 298 4997 .
353 4915 510 4997 ῼΔΡ.
536 4916 750 4997 X_Vl.——
780 4918 852 4990 (c)
882 4917 1204 4973 Induxerim.
1249 4919 1301 4975 Id
1324 4930 1427 4989 est,
1451 4924 1610 4978 videri
1640 4927 1886 4993 potuerim

276 4987 537 5041 inducere.
573 4992 738 5044 SEIL.

353 5056 409 5129 (ά
420 5057 556 5135 )tloc
571 5076 743 5135 unam.
764 5062 831 5116 At
848 5072 1163 5135 contra,uon
1182 5063 1331 5132 jubet
1347 5064 1632 5135 Apostolus
1658 5065 1882 5121 devitari

276 5128 577 5209 lucreticuin
598 5131 866 5209 hominem,
898 5133 1001 5209 nisi
1020 5128 1307 5209 pessimam
1329 5146 1374 5189 et
1394 5128 1666 5192 secundum
1688 5154 1887 5209 correp-

275 5201 464 5252 tioacm
494 5200 617 5271 (Tit.
654 5201 737 5277 III,
774 5203 885 5271 10).
915 5200 1199 5274 Originalis
1223 5206 1379 5262 etiam
1401 5209 1606 5277 vocula,
1628 5200 1883 5275 νουθεσίαίν,

274 5285 483 5345 inerant
528 5275 894 5336 munitionem,
934 5277 1016 5329 vel
1062 5278 1341 5331 consilium
1368 5290 1457 5333 aut
1484 5275 1809 5345 suasionem,
1836 5282 1881 5336 si

274 5341 418 5416 bene
430 5346 710 5408 observes,
734 5345 1014 5416 significat.
1033 5346 1222 5403 Grch
1245 5350 1407 5403 textui
1431 5363 1747 5415 consonant,
1770 5341 1879 5407 tam

272 5415 533 5492 syriacat,
595 5424 704 5492 tu_m
763 5415 989 5492 arabica:
1050 5421 1356 5484 Versioncs;
1412 5422 1648 5492 Vulgata:
1700 5434 1877 5478 autem

272 5493 327 5537 et
358 5486 592 5539 arahiea.
648 5486 841 5542 Verum
869 5490 1141 5543 enimvero
1177 5505 1361 5545 omnes
1411 5486 1663 5548 lectiones
1715 5497 1765 5548 in
1812 5509 1878 5550 eo

276 5557 703 5633 concordant,th
726 5575 829 5612 non
862 5560 1054 5633 vitetur
1084 5576 1307 5628 persona
1337 5562 1593 5632 hterctiei,
1626 5566 1725 5619 nisi
1754 5578 1875 5633 post

271 5627 453 5700 plures
492 5631 840 5700 (monitiones.
902 5630 960 5684 V.
1018 5627 1299 5700 Palgt/lot.,
1342 5644 1461 5688 tom.
1518 5627 1589 5700 νζ
1628 5627 1869 5700 Londini,

464 5699 706 5775 Charitas
751 5702 929 5775 enim,
961 5698 1308 5768 atque‘etiam
1336 5698 1637 5775 prudentia.
1666 5698 1869 5762 dictant

268 5770 755 5836 adhortationibus,
791 5774 1148 5837 suasionibus,
1175 5770 1622 5831 obtestationibus
1646 5781 1866 5834 minime

266 5841 595 5907 parcendum
623 5884 638 5913 ,
696 5844 1016 5916 quicumque
1063 5846 1133 5902 sit
1184 5848 1293 5914 ille,
1322 5859 1377 5904 et
1422 5864 1759 5922 quocumque
1809 5851 1864 5909 in

2012 3800 2198 3839 errore
2248 3794 2509 3840 versetur.
2553 3782 2666 3838 lIoc
2697 3781 2794 3835 fuit
2820 3780 3111 3849 Evangelii,
3160 3782 3261 3835 hoc
3284 3781 3446 3841 divini
3494 3788 3613 3851 ejus

2008 3857 2242 3911 auctoris
2290 3857 2594 3919 consilium,
2654 3863 2836 3922 utpote
2886 3852 2974 3921 qui
3020 3854 3131 3906 suis
3186 3855 3420 3923 pressius
3472 3858 3610 3914 nihil

2006 3926 2353 3993 iutimaverit,
2382 3942 2539 3996 quam
2565 3935 2616 3981 ut
2648 3927 2823 3988 mites,
2850 3933 2909 3979 ut
2942 3925 3291 3993 longsnimes,
3320 3936 3377 3979 ut
3398 3928 3609 3984 miseri-

2009 4000 2200 4055 cordes
2234 3999 2425 4053 forent.
2461 3997 2845 4053 'l‘ertullianum
2888 4010 3016 4049 vero
3069 3997 3227 4065 longe
3272 3996 3376 4049 alio
3423 4001 3607 4056 animo

2000 4070 2184 4130 fuisse.
2217 4070 2372 4123 nimis
2388 4081 2534 4124 certo
2562 4076 2788 4121 constat.
2822 4067 2954 4121 Enn.
2990 4082 3052 4121 ea:
3082 4070 3212 4121 notis
3240 4083 3307 4121 DE
3330 4068 3572 4127 Gouncr.

2071 4140 2491 4209 CAP.XV|l.-—(
2500 4139 2552 4211 e)
2576 4139 2639 4192 Et
2655 4140 2839 4213 siquas
2852 4138 3029 4213 recipit
3045 4155 3143 4190 non
3158 4139 3335 4213 recipit
3357 4141 3602 4213 integras.

1996 4211 2111 4267 Non
2142 4216 2310 4282 potuit
2334 4207 2625 4283 elegantius
2654 4209 2957 4283 adumbrari
2987 4207 3361 4283 htcreticorum
3385 4207 3600 4268 nostro-

1999 4300 2115 4337 rum
2144 4278 2454 4353 'protcrvia',
2481 4284 2569 4353 qui
2599 4281 2928 4351 Scripturant
2980 4278 3288 4353 admittunt,
3311 4289 3365 4334 et
3418 4286 3596 4340 statim

1996 4351 2241 4421 rejiciunt
2272 4356 2315 4409 si
2348 4355 2470 4425 quid
2496 4351 2574 4409 eis
2599 4354 2795 4407 obstet.
2826 4354 2999 4425 Atque
3023 4351 3182 4405 etiam
3206 4352 3597 4421 explicationes

1996 4442 2119 4481 suas
2145 4422 2374 4493 addunt,
2393 4436 2451 4481 ιιι
2483 4427 2531 4478 in
2568 4438 2694 4482 suos
2724 4437 2913 4477 sensus
2955 4422 3333 4491 detorqueant,
3359 4425 3597 4498 nihilque

1995 4498 2135 4553 aliud
2184 4500 2377 4561 passim
2428 4506 2674 4551 asserunt
2724 4507 2882 4565 quam
2929 4510 3193 4561 aegrorum
3240 4497 3467 4565 somnia,
3499 4497 3591 4554 aut

1996 4570 2325 4623 somniorum
2352 4572 2842 4635 interpretatnenla.
2868 4564 2942 4619 LE
2964 4565 3055 4619 I’lt.

2066 4639 2134 4709 (f)
2177 4640 2433 4710 Ubslrcpil
2476 4640 2675 4691 adulter
2708 4653 2903 4710 sensus,
2932 4646 3063 4710 etc.
3107 4636 3218 4710 lloc
3238 4645 3320 4692 est
3342 4653 3588 4707 perversa

1994 4707 2385 4782 interpretatio.
2438 4710 2756 4764 Adulterare
2786 4709 2882 4759 hoc.
2931 4707 2981 4759 in
3025 4707 3325 4782 significatu
3369 4720 3447 4763 est
3470 4727 3586 4764 car-

1992 4778 2241 4848 rumpere
2268 4794 2320 4836 et
2363 4788 2646 4843 καπηλεύειν
2672 4782 2799 4850 λόγων
2826 4785 2907 4834 τοῦ
2935 4784 3075 4833 Θεοῦ.
3100 4778 3188 4833 Sic
3212 4780 3270 4833 Β.
3305 4780 3519 4851 Paulus,
3546 4783 3585 4837 ll

1990 4853 2055 4907 ad
2085 4854 2327 4907 Corinth.
2362 4854 2426 4909 V.
2457 4855 2529 4909 LE
2582 4855 2677 4907 Pu.

2067 4926 2141 4995 (g)
2176 4924 2474 4979 Necessario
2498 4926 2674 4979 nolunt
2696 4936 2968 4992 agnoscere
2996 4937 3055 4995 ea
3076 4938 3165 4988 per
3184 4938 3296 4995 qua:
3316 4924 3580 4978 revincun-

1990 4993 2207 5051 turISic
2241 4999 2401 5051 ittl'ra:
2434 4996 2751 5077 Quibttsfuit
2791 4993 3123 5077 .propositttm
3153 4993 3301 5046 aliter
3343 4995 3580 5077 docendi,

1987 5084 2073 5121 eos
2115 5072 2382 5124 necessitas
2408 5063 2567 5139 coegit
2593 5063 2739 5121 aliter
2768 5063 3071 5133 disponendi
3098 5066 3433 5119 instrumenta
3462 5067 3581 5122 doc-

1988 5139 2152 5193 trinm.
2183 5140 2298 5196 Illo.

2057 5210 2210 5265 CAI’.
2233 5212 2272 5265 Χ
2288 5210 2479 5265 \’llI.—
2495 5210 2575 5280 (h)
2592 5208 2717 5263 Παῖς
2734 5211 2905 5279 utique
2923 5206 3298 5280 ctipsiltabent.
3314 5207 3462 5273 Quod
3482 5210 3579 5264 Cn-

1987 5280 2193 5347 tholici,
2216 5283 2385 5353 inquit
2408 5278 2711 5349 Quintinus,
2737 5278 2859 5335 vere
2879 5280 3055 5335 dlCllnl
3080 5279 3130 5331 in
3149 5278 3447 5353 haereticos,
3476 5283 3578 5335 sci-

1985 5353 2128 5419 licet,
2151 5349 2414 5421 ipsos‘non
2444 5353 2758 5423 intelligere,
2777 5353 2868 5407 sed
2888 5364 3234 5423 corrumpere
3250 5349 3571 5423 Scripturas,

1985 5419 2211 5492 idipsum
2228 5425 2514 5478 Catholicis
2535 5419 2787 5493 objiciunt
2807 5424 3061 5477 heretici.
3080 5419 3209 5493 Qua‘
3226 5430 3397 5493 potest
3418 5422 3575 5490 igitur

1982 5490 2352 5564 disputationis
2391 5512 2509 5551 cum
2563 5490 2753 5549 talibus
2780 5495 2978 5549 utilitas
3008 5490 3161 5564 esset
3186 5490 3484 5564 cum(quod
3506 5494 3572 5547 ab

1984 5562 2311 5635 Hieronymo
2341 5568 2619 5623 verissime
2645 5568 2842 5621 dietum
2879 5566 2972 5622 fuit
3013 5565 3062 5618 in
3110 5562 3213 5615 bne
3240 5563 3359 5617 libri
3383 5575 3567 5618 contra

1978 5634 2363 5706 Lucifer-ianos)
2420 5639 2656 5693 hatrelici
2708 5638 2917 5707 quidem
2971 5637 3121 5693 facile
3148 5634 3287 5687 vinci
3330 5637 3565 5707 possint,

1979 5711 2286 5779 persuaderi
2320 5728 2421 5765 non
2455 5712 2678 5778 possint.
2730 5706 2911 5778 Itaque
2937 5708 3213 5776 disputans
3229 5706 3388 5779 verba
3420 5712 3567 5779 certe

1977 5777 2186 5847 perdes.
2212 5794 2262 5835 ct
2289 5777 2549 5836 auditoris
2579 5777 3088 5843 animam’l'ortasse,
3138 5778 3427 5847 audieSque
3468 5777 3565 5833 tle-

1973 5845 2118 5909 mum
2170 5852 2474 5911 haereticus.
2523 5854 2630 5910 lies
2672 5861 2853 5909 autem
2898 5865 3034 5909 nova
3080 5864 3186 5905 non
3238 5856 3324 5904 est
3364 5845 3564 5906 Christi
