4242 6492
685 359 753 418 Si

689 475 886 536 habent
934 480 986 537 in
1016 495 1113 539 nos
1134 490 1468 557 retorquere.

685 664 940 722 sitionum
968 668 1046 739 (l)
1078 669 1353 727 mendacia
1383 672 1590 741 inferri,
1618 677 1706 747 qui
1728 678 1956 748 proinde
1980 683 2079 737 sibi
2101 683 2285 741 defen-

681 758 813 816 dant
837 762 1135 819 veritatem.

1278 854 1504 915 CAPUT
1543 859 1686 916 XIX.

683 960 832 1019 Illud
857 966 1027 1038 itaque
1054 968 1217 1024 solum
1244 970 1634 1042 disputandum,
1657 977 1836 1047 quibus
1852 990 2103 1050 competat
2128 984 2278 1052 ﬁdes,

751 1062 901 1133 cujus
928 1062 1030 1119 sint
1060 1063 1362 1135 Scripturw,
1394 1084 1425 1121 a
1471 1085 1591 1139 quo,
1623 1087 1711 1139 per
1736 1088 1879 1142 quos,
1906 1084 1952 1135 et
1994 1076 2176 1145 quibus
2218 1080 2283 1133 sit

749 1154 938 1210 tradita
953 1156 1223 1229 disciplina
1241 1176 1343 1230 qua
1364 1161 1626 1217 christiani
1646 1165 1797 1234 ﬁunt.

751 1269 895 1341 Ergo
938 1286 1044 1327 non
1075 1273 1141 1329 ad
1187 1274 1492 1346 Scripturas
1524 1281 1921 1348 provocandam
1952 1294 2065 1343 est:
2100 1302 2198 1342 nec
2225 1290 2276 1343 in

677 1358 761 1416 his
785 1364 1216 1421 constituendum
1247 1377 1545 1438 certamen,
1575 1373 1625 1426 in
1650 1374 1841 1444 quibus
1862 1386 1952 1431 aut
1985 1379 2150 1445 nulla,
2185 1392 2276 1437 aut

675 1453 877 1510 incerta
903 1457 1124 1514 victoria
1147 1469 1248 1527 est,
1269 1474 1362 1516 aut
1392 1478 1487 1532 par
1518 1465 1733 1520 incertze
1756 1468 1857 1539 (2).
1881 1468 2012 1524 Nam
2040 1473 2139 1527 etsi
2168 1489 2273 1529 non

673 1544 1007 1605 itaevaderet
1052 1552 1285 1607 conlatio
1327 1555 1745 1626 Scripturarum,
1776 1569 2129 1634 utulramque
2148 1582 2271 1634 par-

672 1646 780 1694 tem
828 1656 1009 1711 parem
1055 1644 1287 1710 sisteret,
1347 1646 1481 1701 ordo
1538 1665 1715 1705 rerum
1760 1652 2099 1709 desiderabat
2143 1658 2270 1713 illud

670 1732 819 1802 prius
854 1736 1116 1805 proponi,
1166 1739 1307 1807 quod
1339 1756 1479 1796 nunc
1522 1742 1694 1798 solum
1738 1744 2116 1815 diSputaudum
2148 1760 2270 1806 est:

673 1822 880 1889 Quibus
901 1837 1172 1897 competat
1197 1829 1328 1884 lides
1368 1832 1519 1903 ipsa?
1548 1834 1713 1904 Cujus
1736 1837 1842 1891 sint
1863 1837 2194 1908 Scripturzc?
2222 1844 2264 1897 Α
2297 1876 2343 1936 Β

666 1932 794 1989 quo,
834 1930 887 1974 et
935 1934 1031 1991 per
1068 1938 1223 1992 quos,
1255 1933 1306 1979 et
1354 1928 1587 1996 quando,
1639 1938 1693 1984 et
1738 1932 1929 2001 quibus
1974 1933 2044 1988 sit
2074 1935 2264 1990 tradita

665 2006 946 2081 disciplina
973 2029 1074 2083 qua
1104 2013 1236 2070 ﬁunt
1259 2016 1572 2074 christiani?
1595 2021 1678 2092 (α)
1700 2021 1798 2079 Ubi
1830 2023 1971 2078 enim
2003 2041 2265 2095 apparue-

666 2103 739 2158 rit
764 2118 886 2159 esse
932 2107 1208 2162 veritatem
1253 2120 1307 2164 et
1341 2111 1638 2182 disciplina:
1681 2124 1735 2170 et
1776 2116 1898 2170 ﬁdei
1934 2118 2260 2185 christiana,

665 2194 777 2250 illic
826 2198 927 2253 erit
956 2200 1152 2255 veritas
1179 2202 1596 2275 Scripturartmt,
1634 2217 1690 2262 et
1736 2212 2153 2281 expositionum,
2209 2225 2266 2271 et

662 2287 901 2344 omnium
929 2290 1271 2349 traditionum
1299 2297 1710 2356 christianarum
1734 2303 1833 2372 (5).

1266 2412 1491 2469 CAPUT
1537 2416 1655 2471 XX.

662 2521 861 2593 Atquia
888 2523 1089 2580 Christo
1113 2544 1271 2582 unam
1298 2531 1525 2601 ejusdem
1546 2532 1667 2600 ﬁdei
1699 2535 1981 2590 doctrinam
2003 2539 2262 2609 Apostolis

732 2618 974 2674 traditam
1000 2661 1015 2683 ,
1058 2622 1145 2691 qui
1183 2639 1294 2677 eam
1345 2624 1633 2681 nationibus
1682 2628 2167 2699 promulgaverunt,
2213 2642 2260 2686 et

730 2708 993 2766 Ecclesias
1020 2714 1162 2785 apud
1190 2732 1595 2788 unamquamque
1619 2721 1869 2776 civitatem
1895 2724 2255 2793 condiderunt,

685 2852 697 2869 ,
730 2819 765 2859 a
788 2805 970 2873 quibus
1006 2816 1200 2861 uetera:
1228 2807 1473 2864 Ecclesia:
1497 2813 1721 2881 quotidie
1742 2825 2037 2868 mutuantur
2063 2827 2118 2870 ut
2152 2817 2256 2870 Ec-

727 2898 896 2952 clesia:
925 2899 1083 2967 liant;
1110 2900 1183 2955 ita
1211 2909 1265 2956 ut
1296 2911 1365 2956 tot
1394 2920 1453 2957 ac
1481 2914 1637 2960 tanta:
1665 2904 1925 2974 Ecclesite,
1956 2925 2057 2962 una
2077 2910 2142 2963 sit
2170 2910 2261 2965 illa

730 2990 794 3043 ab
819 2991 1076 3061 Apostolis
1105 2994 1293 3064 prima,
1325 3011 1388 3051 ea:
1413 3013 1514 3064 qua
1543 3013 1736 3052 onmes.

730 3082 975 3139 Christus
1025 3084 1183 3142 Iesus
1233 3086 1492 3147 Dominus
1539 3100 1725 3147 noster
1768 3095 2039 3163 permittat
2078 3096 2259 3155 dicere

657 3175 871 3231 interim
902 3218 918 3242 ,
975 3178 1215 3249 quisquis
1270 3190 1352 3235 est
1388 3222 1403 3248 ,
1457 3182 1840 3255 cujuscumque
1894 3188 1987 3243 Dei
2061 3190 2251 3258 Filius,

657 3268 1045 3341 cujuscumque
1094 3273 1333 3329 materia:
1386 3274 1547 3330 homo
1598 3288 1655 3331 et
1704 3278 1885 3346 Deus,
1944 3282 2252 3351 cujuscum-

654 3377 761 3434 que
812 3361 934 3419 ﬁdei
990 3375 1328 3436 praeceptor,
1386 3370 1773 3443 cujuscumque
1831 3376 2094 3432 mercedis
2164 3395 2252 3435 re-

656 3456 955 3527 promissor
983 3496 998 3523 ,
1044 3458 1173 3529 quid
1220 3469 1397 3525 esset,
1434 3462 1561 3533 quid
1620 3462 1849 3532 fuisset,
1892 3482 2049 3538 quam
2081 3470 2252 3528 Patris

656 3547 987 3605 voluntatem
1057 3549 1503 3623 administraret,
1543 3555 1671 3625 quid
1714 3555 1917 3614 homini
1986 3562 2250 3631 agendum

2090 380 2557 445 TERTULIJANI

1510 487 1745 548 Necesse
1784 502 1868 548 est
1896 496 2038 551 enim
2084 508 2139 553 et
2166 500 2283 555 illos
2310 506 2361 565 Α
2388 504 2792 574 determiuaret.
2820 514 3073 584 quamdiu
3105 514 3157 571 in
3191 517 3349 575 terris
3376 519 3586 591 agebat,
3613 521 3725 593 ipse
3751 540 3993 595 pronun-

688 571 867 629 diccre
892 590 920 628 a
953 576 1107 633 nobis
1129 582 1306 649 potius
1334 580 1597 639 adulteria
1625 584 2019 655 Scripturarum
2048 602 2101 647 et
2122 607 2288 664 expo-

3914 412 3990 468 3‘2

2393 600 2577 664 tiabat,
2604 606 2720 662 sive
2751 609 2949 678 populo
2982 610 3177 679 palam,
3202 612 3316 667 sive
3352 611 3680 671 discentibus
3699 633 3940 676 seorsum
3970 638 3987 689 ;

2387 709 2453 753 cx
2482 697 2676 765 quibus
2702 700 2984 757 duodecim
3009 706 3307 776 praecipuos
3325 708 3474 764 lateri
3494 724 3591 766 suo
3607 712 3992 784 adlegeratde—

2388 790 2617 845 stinatos
2641 794 2947 852 nationibus
2974 799 3257 869 magistros
3293 800 3389 871 (ιι).
3427 800 3628 874 Itaque,
3662 822 3770 861 uno
3795 821 3988 863 eorum

2386 881 2636 951 decusso,
2668 887 2901 957 reliquos
2948 889 3216 957 undecim,
3265 893 3573 963 digrediens
3628 896 3709 968 (4)
3760 898 3828 953 ad
3879 899 3989 954 Pa-

2388 984 2523 1031 trem
2554 988 2673 1048 post
2721 986 3194 1051 resurrectionem,
3218 986 3379 1057 jussit
3408 990 3485 1047 ire
3506 1000 3559 1046 et
3596 992 3791 1049 docere
3813 996 3991 1051 natio-

2395 1085 2514 1135 nes,
2545 1071 2918 1143 intinguendas
2972 1078 3051 1150 (5)
3086 1079 3137 1133 in
3184 1079 3393 1136 Patrem
3422 1092 3476 1139 et
3517 1084 3569 1139 in
3616 1085 3806 1142 Filium
3850 1090 3986 1146 etin

2384 1160 2656 1233 Spiritum
2687 1168 2963 1224 Sanctum.
2999 1170 3192 1227 Statim
3238 1173 3398 1243 igitttr
3422 1177 3664 1247 Apostoli
3687 1178 3846 1249 (quos
3868 1181 3987 1236 haec

2383 1257 2673 1325 appellatio
2701 1260 2879 1314 missos
2911 1262 3337 1337 interpretatur),
3366 1272 3640 1338 assumpto
3658 1284 3754 1340 per
3780 1281 3985 1327 sortem

2382 1346 2700 1405 duodecimo
2740 1351 2957 1407 Matthia
3012 1353 3064 1409 in
3104 1355 3287 1421 locum
3329 1357 3501 1428 Judze,
3556 1376 3621 1415 ex
3660 1364 3987 1420 auctoritate

2379 1440 2675 1510 prophetiae
2722 1458 2844 1512 qua:
2870 1454 2952 1500 est
2996 1446 3049 1500 in
3093 1449 3300 1516 psalmo
3334 1449 3523 1517 David,
3552 1454 3823 1508 consecuti
3856 1469 3985 1524 pro-

2376 1532 2596 1587 missam
2613 1535 2720 1589 vim
2735 1534 2963 1606 Spiritus
2975 1537 3155 1594 Sancti
3182 1540 3247 1594 ad
3273 1542 3493 1599 virtutes
3510 1553 3565 1600 et
3581 1544 3849 1615 eloquium
3880 1548 3989 1616 pri.

2377 1639 2465 1677 mo
2486 1626 2831 1695 perJudream
2858 1631 2935 1699 (c)
2950 1641 3249 1689 contestata
3282 1634 3388 1691 ﬁde
3410 1636 3462 1690 in
3489 1636 3672 1692 Jesum
3708 1638 3984 1696 Christum

2375 1728 2429 1774 et
2456 1719 2695 1775 ccclesiis
2717 1722 2993 1787 institutis,
3026 1725 3225 1781 dehinc
3250 1727 3303 1783 in
3333 1728 3519 1784 orhem
3558 1730 3801 1800 profecti,
3830 1748 3989 1788 eam-

2374 1809 2497 1865 dem
2525 1810 2823 1868 doctrinam
2849 1815 3098 1885 ejusdem
3127 1816 3250 1874 ﬁdei
3268 1820 3575 1879 nationibus
3607 1825 3986 1894 promulgave-

2371 1912 2516 1969 runt,
2539 1913 2594 1958 ct
2614 1906 2837 1973 proinde
2862 1908 3121 1964 ecclesias
3170 1912 3311 1981 apud
3343 1924 3773 1985 unamquamque
3792 1917 3985 1973 civita-

2370 2003 2475 2049 tem
2505 1997 2877 2066 condiderunt,
2899 2001 3025 2070 (tl)a
3054 2004 3245 2071 quibus
3264 2005 3536 2061 traducem
3558 2007 3677 2062 ﬁdei
3696 2009 3979 2066 etsemina

2366 2086 2648 2153 doctrina),
2677 2100 2889 2147 caetera:
2937 2094 3133 2150 exinde
3178 2097 3422 2153 ecclesiae
3463 2108 3716 2156 mutuatae
3746 2111 3890 2169 sunt,
3919 2112 3981 2159 et

2365 2178 2603 2247 quotidie
2635 2191 2944 2236 mutuantur
2966 2194 3021 2241 ut
3069 2185 3314 2242 ecclesia:
3344 2190 3503 2244 ﬁant:
3532 2206 3595 2244 ac
3641 2205 3735 2260 per
3780 2192 3881 2247 hoc
3908 2204 3970 2249 et

2367 2268 2495 2337 ipsa
2513 2272 2821 2338 apostolica:
2861 2274 3187 2343 deputantur
3212 2276 3319 2349 (6),
3350 2288 3410 2334 ut
3459 2281 3675 2338 soboles
3716 2285 3979 2349 apostoli-

2367 2377 2548 2418 carum
2594 2367 2967 2422 ecclesiarum.
3002 2369 3174 2425 Omtte
3203 2386 3372 2440 genus
3399 2375 3463 2427 ad
3514 2375 3779 2446 originem
3807 2390 3969 2433 suam

2364 2465 2646 2510 censeatur
2675 2473 2895 2515 necesse
2920 2468 3021 2515 est.
3067 2459 3251 2532 Itaque
3284 2472 3363 2518 tot
3387 2478 3450 2519 ac
3498 2474 3659 2519 tanta:
3699 2467 3972 2536 ecclesiae,

2365 2562 2469 2601 una
2497 2559 2579 2602 cst
2608 2549 2696 2603 illa
2742 2550 2810 2605 ah
2838 2552 3108 2622 Apostolis
3138 2554 3330 2623 prima,
3375 2570 3440 2610 ex
3479 2572 3586 2627 qua
3631 2574 3842 2614 omnes.
3872 2560 3969 2616 Sic

2364 2653 2553 2694 omnes
2603 2641 2770 2710 prima
2804 2641 2919 2712 (7),
2960 2653 3015 2698 et
3062 2646 3405 2715 apostolica},
3452 2647 3578 2703 dtmt
3622 2664 3725 2704 una
3778 2664 3971 2706 omnes

2364 2729 2591 2798 probant
2640 2732 2926 2795 unitatem;
2978 2734 3103 2789 dum
3164 2746 3246 2791 est
3274 2736 3380 2791 illis
3424 2739 3507 2807 (8)
3552 2741 3973 2796 communicatio

2370 2824 2539 2891 pacis,
2571 2833 2624 2877 et
2658 2824 2950 2893 appellatio
2998 2824 3371 2894 fraternitatis,
3398 2836 3451 2883 et
3476 2830 3552 2899 (ε)
3578 2832 3972 2887 contesseratio

2362 2916 2769 2985 hospitalitatis:
2798 2917 2919 2988 quae
2960 2919 3081 2989 jura
3131 2934 3240 2976 non
3269 2921 3370 2975 alia
3424 2923 3560 2978 ratio
3600 2924 3757 2994 regit,
3805 2940 3973 2996 quam

2362 3008 2602 3079 ejusdem
2632 3012 2953 3068 sacramenti
2984 3028 3087 3067 una
3113 3013 3326 3069 traditio
3354 3014 3451 3085 (ί).

2960 3104 3190 3162 CAPUT
3230 3105 3375 3161 XXI.

2363 3193 2514 3247 Hanc
2552 3195 2721 3263 itaque
2748 3196 2920 3265 dirigit
2945 3198 3157 3251 alteram
3193 3200 3664 3269 praescriptionem:
3690 3217 3791 3256 non
3831 3202 3968 3258 alios

2431 3285 2744 3355 recipiendos
2765 3286 3142 3357 prtcdicatores,
3156 3305 3307 3359 quam
3328 3305 3450 3359 quos
3470 3288 3703 3346 Christus
3723 3293 3967 3359 instituit;

2432 3391 2477 3435 et
2507 3383 2720 3452 proinde
2741 3398 2853 3436 earn
2875 3382 3159 3437 doctrinam
3186 3384 3529 3453 recipiendam
3550 3428 3564 3451 ,
3594 3385 3650 3439 id
3678 3386 3784 3441 sine
3810 3388 3967 3441 dubio

2430 3482 2707 3543 tenentem,
2729 3476 2866 3546 quod
2912 3474 3142 3530 Ecclesia
3178 3477 3239 3529 ab
3283 3478 3541 3548 Apostolis
3579 3488 3682 3534 tam
3707 3479 3813 3532 viva
3843 3495 3967 3535 voce

2429 3583 2581 3635 quam
2622 3583 2712 3638 per
2768 3566 3027 3638 Epistolas
3044 3609 3058 3634 ,
3085 3568 3315 3637 Apostoli
3342 3587 3375 3623 a
3404 3568 3603 3625 Christo
3628 3613 3643 3639 ,
3675 3569 3902 3625 Christus
3928 3589 3966 3625 a

1873 3671 2250 3735 LECTIONES
2288 3680 2704 3737 VARIANTES.

750 3780 789 3833 Il
827 3778 1007 3830 Eorum
1030 3778 1169 3833 addit
1201 3781 1353 3833 Semt.

750 3781 765 3829 Ι
827 3780 1007 3830 Eorum
1030 3780 1169 3833 addit
1201 3781 1353 3833 Semt.

824 3842 1231 3921 garumjncérta,
1271 3858 1336 3898 ex
1372 3843 1585 3913 antiqua:
1614 3847 1783 3916 script.
1823 3849 2063 3918 restigiis,
2088 3871 2255 3921 parum

652 3905 808 3965 certa,
829 3905 980 3956 Semt.
1002 3916 1135 3958 Pam.

717 3969 786 4037 (ἦ)
826 3967 1204 4037 Christianorum
1225 3971 1374 4037 Seml.
1410 3973 1620 4037 Gourcy.

719 4029 796 4096 (4)
828 4029 1142 4094 Regrediens
1167 4034 1371 4084 Semler.
1401 4044 1535 4085 Pam.

2418 3797 2491 3865 (li)
2524 3798 2809 3865 '[ingeudas
2833 3799 2983 3852 Seml.
3010 3802 3303 3865 tingueudas
3332 3811 3467 3854 Pam.

2423 3860 2496 3984 (ϐ’)
2530 3860 2907 3936 Deputabuutur
2932 3864 3081 3915 Seml.

2446 3925 2498 3984 7)
2537 3924 2711 3974 l’rtmtc
2735 3924 2884 3975 Semt.
2916 3935 3049 3976 Pam.

2446 3925 2498 3987 7)
2531 3924 2711 3987 Prima?
2735 3924 2884 3975 Seml.
2916 3935 3049 3976 Pam.

2422 3985 2495 4051 (8)
2529 3985 2657 4036 Dum
2684 3994 2760 4039 est
2781 3988 2878 4037 illis
2910 3988 3037 4040 delet
3060 3991 3199 4040 Pam.
3227 3989 3379 4042 Seml.

2019 4128 2584 4194 COMMENTARIUS.

655 4208 817 4265 ﬁdem
845 4219 898 4265 ct
924 4210 1236 4281 religionem
1270 4212 1337 4265 ah
1354 4213 1675 4269 adversariis
1696 4214 1926 4273 ltzeresin
1951 4223 2129 4276 vocari
2154 4239 2252 4281 per

658 4240 817 4265 llurzlu
845 4240 898 4265 ut.
927 4240 1236 4281 fulgurum"
1270 4240 1675 4269 uuauvct‘azlrlls
1698 4240 1926 4273 uzuresm
1951 4240 2129 4276 V003“
2192 4240 2252 4279 81‘

656 4281 1033 4407 iﬂtqtqitgam:
1064 4284 1205 4354 quod
1228 4285 1581 4358 Hieronymus
1600 4296 1901 4356 attestatur,
1932 4290 1983 4345 in
2013 4308 2129 4363 cap.
2154 4240 2252 4363 ῨΙΙ,

656 4368 683 4407 θ
792 4372 803 4406 Ι
836 4396 849 4407 .
923 4373 950 4407 Α
1006 4398 1015 4406 .

655 4353 722 4407 ad
745 4354 849 4408 Tit.
880 4353 1015 4409 Ptin.

727 4425 813 4479 CA
824 4425 880 4501 P_.
909 4426 975 4501 xi
986 4425 1052 4501 Χ,
1076 4457 1142 4467 ——
1163 4426 1243 4498 (a)
1266 4427 1365 4483 Ubi
1379 4431 1510 4483 enim
1535 4433 1830 4501 apparuerit
1852 4450 1957 4487 esse
1969 4436 2247 4493 veritatem.

657 4495 833 4574 Locus
855 4496 1080 4574 insignis
1108 4495 1539 4574 pro'tiatholieis.
1570 4495 1712 4571 quod
1736 4505 1873 4574 apud
1904 4521 1996 4558 eos
2025 4508 2093 4561 sit
2114 4510 2253 4562 veri-

658 4577 739 4622 tas
754 4567 1217 4641 Scripturarumet
1246 4567 1665 4641 expositionum,
1689 4584 1742 4628 et
1772 4567 2028 4630 'omnium
2082 4580 2247 4635 tradi-

660 4642 866 4693 tionum
907 4640 1336 4696 christianarum.
1376 4644 1510 4699 Pus.

730 4709 884 4789 (ΞᾼΡ.
900 4710 1185 4785 XX.—(h)
1210 4712 1502 4789 Destinatos
1529 4717 1775 4789 nationib.
1793 4721 2078 4789 magistros.
2097 4720 2250 4779 Nulla

657 4784 859 4837 etenim
887 4791 1146 4861 terrarum
1188 4786 1333 4839 orbis
1375 4802 1496 4861 pars
1536 4788 1651 4849 fuit,
1687 4790 1764 4844 vel
1810 4784 2046 4846 locorum
2078 4797 2250 4861 Spatio

660 4861 769 4933 tam
784 4864 1015 4933 remota,
1039 4856 1119 4909 vel
1154 4871 1359 4933 morum
1385 4858 1590 4933 feritate
1612 4867 1718 4933 tam
1753 4862 1994 4928 barbara,
2015 4856 2120 4933 quo
2143 4880 2246 4921 non

658 4922 1045 5003 gloriosissime
1080 4930 1391 5003 _pervascrit_
1422 4929 1588 5003 gloria
1627 4930 1824 5003 Christi
1860 4949 1873 4985 :
1907 4922 2044 5003 qua.
2080 4936 2145 4988 de
2192 4953 2249 4992 re

660 4997 791 5075 satis
819 5000 1041 5075 egerunt
1080 4997 1333 5075 lrenzeus,
1364 4997 1624 5075 lustinus,
1655 4997 1937 5075 Clemens;
1964 5005 2244 5075 Origenes.

662 5066 777 5121 Huc
809 5069 1050 5145 pertinet
1091 5069 1232 5145 quod
1258 5069 1881 5145 “Isaiasadmirabundus
1908 5066 2249 5145 exclamavit,

660 5152 779 5208 cap.
808 5137 991 5194 LXVI:
1015 5137 1355 5218 Qtttsaodtvu
1383 5143 1526 5206 talia,
1546 5154 1676 5218 elc.,
1701 5152 1755 5197 et
1783 5146 1937 5201 Vates
1960 5148 2137 5218 regius
2153 5137 2250 5205 ειιὶ

660 5224 858 5262 omnem
875 5219 1061 5265 terram
1082 5214 1232 5266 exivit
1258 5230 1410 5267 sonus
1439 5230 1631 5269 eorum.
1658 5217 1786 5270 Lac.

734 5280 812 5354 (c)
838 5278 1015 5335 Primo
1037 5299 1127 5351 per
1146 5282 1399 5337 Indicam.
1434 5284 1602 5339 Nemo
1626 5289 1921 5354 refragatur
1954 5289 2248 5346 Ecclesiam

660 5352 931 5438 conditam
983 5354 1130 5438 prips
1176 5354 1561 5438 Hierosolymis
1590 5373 1653 5411 ex
1687 5352 1904 5438 Jutlzeis,
1940 5362 2081 5438 unde
2111 5364 2249 5433 apud

663 5422 918 5491 profanos
970 5427 1173 5480 nullum
1230 5426 1342 5482 fere
1392 5422 1682 5485 discrimen
1737 5430 1954 5487 Juda‘os
2002 5422 2158 5489 ittter'
2199 5444 2253 5489 et

660 5493 1016 5551 Christianos.
1046 5497 1119 5552 Le
1145 5500 1237 5552 Pu.

737 5565 822 5643 (ὁ)
868 5565 927 5643 AA
960 5568 1137 5643 quibus
1181 5568 1443 5624 traducem
1492 5570 1631 5639 fidei.
1665 5572 1765 5639 Qui
1814 5574 1880 5630 de
1926 5590 1984 5631 re
2033 5578 2254 5643 rustica,

666 5636 839 5717 inquit
890 5636 1193 5717 Quintilius.
1250 5636 1537 5717 scripsere,
1592 5636 1823 5717 traduces
1877 5648 2147 5717 appellant
2201 5636 2253 5703 in

663 5707 860 5762 vitibus
885 5712 1139 5786 masime,
1192 5707 1405 5782 quando
1458 5716 1747 5769 ramusculi
1806 5707 1988 5786 plures
2036 5735 2101 5773 ex
2146 5735 2255 5775 uno

666 5788 877 5854 trunco,
926 5781 1007 5835 vel
1062 5797 1171 5854 uno
1215 5781 1340 5839 vitis
1385 5786 1603 5840 brachio
1656 5781 2043 5854 dilfutidutttur,
2100 5800 2154 5845 et
2202 5793 2253 5848 itt

666 5850 827 5906 alium
845 5850 1019 5910 locum
1041 5852 1375 5912 deducuntur
1398 5858 1624 5913 invicem
1645 5861 1872 5916 connexi
1894 5879 1905 5916 :
1937 5850 2042 5917 non
2070 5862 2253 5919 viden-

2360 4236 2446 4284 tur
2473 4246 2503 4283 a
2535 4232 2913 4305 propaginibus
2939 4232 3225 4305 admodum
3260 4233 3492 4289 differre.
3543 4235 3645 4291 Per
3675 4236 3963 4305 metapho-

2359 4316 2472 4372 ram
2501 4302 2797 4371 elegantem
2820 4318 2972 4372 sane,
2998 4304 3361 4362 Tertullianus
3388 4306 3473 4359 hic
3500 4316 3656 4361 vocat
3679 4302 3961 4364 traducem

2359 4370 2502 4437 ﬁdei,
2537 4370 3106 4431 translationem'ﬁdei
3138 4376 3206 4431 de
3257 4392 3359 4432 una
3409 4379 3644 4433 ecclesia
3697 4380 3748 4433 in
3774 4380 3961 4435 aliam.

2357 4442 2620 4520 Ecclesia;
2658 4460 2849 4520 nempe
2880 4454 3087 4520 mutuo,
3118 4448 3377 4520 quasique
3410 4462 3505 4518 per
3532 4465 3743 4518 manus,
3794 4466 3960 4520 apos-

2356 4516 2567 4569 tolicam
2591 4516 2886 4571 doctrinam
2907 4518 3007 4572 sibi
3033 4516 3324 4574 tradidere.
3352 4516 3488 4574 eiu.

2276 4591 2329 4651 D
2426 4608 2505 4679 (c)
2547 4608 2615 4662 Et
2643 4613 2996 4665 contesseratio
3042 4614 3422 4684 hospitalitatis.
3472 4614 3758 4684 Eleganter
3784 4632 3810 4671 a
3841 4625 3960 4670 tes-

2354 4693 2471 4733 sera
2505 4690 2727 4735 novator
2758 4684 3137 4737 vocabulorum
3161 4683 3521 4739 'l‘ertttlliauus
3556 4683 3774 4741 verbum
3807 4689 3965 4744 ﬁnxit

2353 4760 2737 4827 ευηιρίδειγανίθ.Δ
2768 4754 2908 4827 unde
2952 4758 3364 4827 icontesseratio.
3398 4756 3449 4809 ΙιΙ
3511 4758 3775 4827 signiﬁcat
3825 4772 3962 4813 con-

2350 4822 2685 4889 junctionem
2716 4822 3136 4896 familiariorem,
3168 4842 3288 4896 qua:
3320 4843 3414 4896 per
3441 4822 3647 4895 signum
3681 4829 3793 4884 ﬁat.
3820 4829 3957 4887 Nam

2356 4902 2554 4970 tessera
2605 4894 2743 4964 apud
2792 4905 3002 4970 veteres
3045 4908 3159 4970 erat
3188 4894 3414 4970 signum
3462 4894 3756 4967 hospitale,
3797 4903 3956 4970 cujus

2354 4966 2717 5040 ostettsioitettt
2764 4968 3030 5040 siquem
3103 4966 3303 5024 obiisSe
3372 4966 3723 5040 contigisset,
3772 4966 3958 5029 statim

2353 5036 2760 5106 agnoscebatur.
2816 5038 2992 5093 lines.

2432 5128 2494 5200 (Ι)
2535 5128 2781 5206 Ejusdem
2809 5133 3111 5186 sacramenti
3142 5150 3245 5187 una
3271 5135 3498 5188 traditio.
3530 5134 3650 5190 lloc-
3669 5147 3783 5203 est,
3806 5138 3959 5206 ejus-

2353 5200 2476 5273 dem
2504 5202 2752 5272 symlioli.
2780 5217 2873 5257 seu
2908 5206 3124 5273 regulae,
3152 5206 3391 5273 ejusdem
3419 5206 3561 5261 litlei.
3599 5200 3796 5264 Μελ-ὲ
3829 5200 3961 5265 l’lu-

2356 5271 2548 5325 rituum
2582 5274 2804 5328 interest
2831 5271 3118 5329 observare
3147 5271 3252 5331 non
3292 5292 3414 5331 eum
3467 5278 3604 5333 hanc
3655 5295 3841 5335 vocem
3900 5284 3959 5338 in

2356 5341 2689 5419 Ter-tulliano
2740 5345 2943 5400 referre
3001 5346 3362 5413 intellectum,
3393 5348 3482 5417 qui
3530 5350 3848 5419 exprimitur
3886 5354 3961 5408 ab

2357 5414 2775 5493 interpretibus;
2811 5432 2927 5493 ‘pro
2996 5419 3189 5493 regula
3242 5420 3383 5493 enim
3413 5414 3615 5493 ilidei,‘
3644 5433 3801 5491 atque
3857 5440 3960 5493 pro

2360 5484 2559 5564 Christi
2591 5486 2893 5564 mandatis,
2926 5497 2981 5543 et
3025 5484 3276 5545 omnibus
3325 5484 3635 5564 christiana:
3684 5484 3960 5564 religionis

2361 5556 2551 5634 ritihus
2578 5567 2632 5611 et
2655 5557 2968 5634 disciplina,
2997 5571 3305 5634 nouantem
3336 5576 3430 5630 pro
3468 5556 3960 5634 juramento'poni-

2362 5636 2480 5682 tur:
2511 5629 2688 5696 itaque
2734 5630 2809 5685 ait
2835 5644 3025 5685 onmes
3073 5629 3346 5689 ecclesias
3380 5629 3520 5687 inter
3566 5648 3625 5689 se
3649 5629 3961 5691 communi-

2359 5712 2513 5775 care,
2573 5709 2627 5753 et
2673 5699 2861 5755 eodem
2914 5702 3036 5775 jure
3087 5704 3199 5765 uti.
3253 5705 3377 5775 quia
3431 5705 3641 5760 scilicet
3679 5708 3729 5761 in
3760 5722 3821 5761 ea
3851 5707 3962 5765 ﬁde

2360 5768 2654 5849 durarunt.
2706 5788 2826 5840 qua:
2877 5768 2947 5826 ab
3000 5768 3287 5849 Apostolis'
3318 5777 3963 5849 est__t_radita,quamque

2360 5840 2588 5899 ﬁdeliter
2628 5854 2998 5900 conservatam
3030 5840 3259 5917 posteris
3293 5840 3658 5904 tradiderunt.
3708 5840 3951 5907 usus».
