4242 6492
672 335 745 397 35
2088 332 2551 393 TERTULLIAM
3907 335 3983 395 56

674 455 859 525 piunt,
893 470 993 510 nee
1020 451 1248 525 Spiritus
1282 450 1464 510 Sancti
1485 467 1607 510 esse
1641 457 1863 525 possunt
1883 496 1896 517 ,
1921 453 2010 525 qui
2042 454 2265 509 necdum
2295 457 2342 514 Λ
2369 453 2492 521 jure
2540 450 2746 507 scilicet
2776 446 3014 521 ejusdem
3046 446 3166 507 ﬁdei
3196 461 3249 506 et
3299 451 3707 523 praedicationis.
3757 452 3889 506 Nam
3924 463 3985 507 et

672 548 753 623 (1)
823 548 1077 620 Spiritum
1156 548 1235 620 (ἓ)
1293 548 1497 617 possint
1575 562 1868 616 agnoscere
1936 548 2268 602 discentibus

672 639 928 705 missum,
961 639 1057 694 sed
1097 654 1194 694 nec
1224 639 1515 694 Ecclesiam
1542 638 1826 693 defendere
1847 682 1860 698 .
1896 638 2018 708 qui,
2056 638 2269 708 quando

672 742 729 789 ct
783 734 979 804 quibus
1030 734 1362 788 incunabulis
1408 734 1706 787 institutum
1753 741 1835 786 est
1880 732 1977 784 hoc
2036 747 2266 802 corpus,

674 826 903 896 probare
933 840 1037 880 non
1071 827 1288 881 habent.
1332 824 1410 895 (a)
1452 825 1606 879 Tanti
1630 824 1875 879 cstcnim
1899 823 2005 877 illis
2037 836 2139 876 non
2177 822 2271 876 ha-

670 918 798 973 bere
828 918 1174 988 probationes
1191 933 1377 971 eorum
1407 932 1526 988 quac
1550 916 1863 979 defendunt,
1882 912 1959 987 (li)
1984 931 2049 969 ne
2071 916 2270 984 pariter

671 1011 1021 1068 admittuntur
1044 1010 1405 1066 tradttcliones
1432 1026 1616 1066 eorum
1640 1025 1755 1079 qua:
1775 1010 2124 1064 mentiuntur.

1243 1122 1468 1179 CAPUT
1520 1120 1704 1176 XXIII.

674 1216 742 1274 In
769 1216 929 1273 Petro
955 1217 1087 1272 enim
1114 1232 1213 1270 non
1250 1217 1603 1288 reprehensam
1626 1214 1967 1286 ignorantiam
1994 1214 2270 1283 aliquanta

1059 1310 1260 1379 Paulo,
1288 1311 1376 1366 sed
1414 1312 1858 1365 conversationem.

742 1407 1056 1477 Proponunt
1094 1421 1220 1474 ergo
1259 1404 1324 1459 ad
1358 1403 1743 1475 suggillandatn
1784 1401 2135 1472 ignorantiam
2164 1399 2266 1455 ali-

673 1518 835 1573 quam
894 1501 1309 1573 Apostolorum,
1340 1499 1479 1569 quod
1535 1498 1721 1553 Petrus
1744 1538 1758 1561 ,
1791 1506 1844 1549 ct
1887 1497 1973 1566 qui
2006 1511 2126 1549 cunt
2166 1510 2265 1561 eo,

672 1594 987 1664 reprehensi
1014 1594 1122 1648 sint
1153 1608 1182 1647 a
1215 1593 1399 1648 Paulo.
1436 1590 1616 1656 Adeo,
1650 1592 1926 1661 inquiunt,
1956 1589 2158 1659 aliquid
2188 1589 2267 1643 eis

669 1686 834 1742 defuit
860 1703 875 1753 ;
900 1698 955 1741 ut
979 1702 1045 1742 ex
1074 1686 1174 1740 hoc
1203 1685 1365 1740 etiam
1396 1682 1526 1738 illud
1549 1693 1777 1747 struant,
1809 1682 2047 1752 potuisse
2079 1690 2263 1751 pestea

672 1780 967 1850 pleniorem
1007 1778 1285 1833 scientiam
1335 1780 1715 1847 supervenire,
1766 1776 1937 1845 qualis
1989 1775 2266 1829 obvenerit

671 1872 835 1927 Paulo
862 1870 1289 1941 reprehendendi
1320 1880 1708 1925 antecessores.
1763 1868 2055 1922 Possumus
2085 1876 2139 1919 et
2180 1866 2267 1920 hic
2295 1833 2342 1893 Β
2374 1848 2625 1903 “illm”?-

670 1966 803 2018 Acta
854 1964 1235 2033 Apostolorum
1296 1961 1698 2032 repudiantibus
1745 1960 1967 2015 dicere:
1997 1959 2146 2028 prius
2184 1966 2270 2012 est

669 2056 743 2109 nti
775 2054 1069 2109 ostendatis
1094 2055 1215 2123 quis
1246 2054 1343 2107 iste
1374 2053 1567 2106 Paulus
1587 2095 1602 2119 ,
1645 2059 1701 2106 et
1722 2050 1846 2121 quid
1877 2059 2000 2105 ante
2034 2056 2265 2118 Aposto-

673 2144 782 2202 lunt
810 2186 826 2211 ,
853 2155 906 2199 et
958 2144 1230 2214 quomodo
1281 2143 1609 2213 Apostolus:
1642 2152 1906 2212 quatenus
1954 2152 2009 2195 ct
2036 2140 2168 2193 alias
2199 2137 2266 2193 ad

669 2237 992 2306 quaestiones
1016 2237 1298 2305 plurimum
1317 2250 1384 2290 eo
1412 2244 1647 2288 utuntur.
1672 2235 1854 2303 Neque
1877 2235 2042 2297 enim,
2076 2234 2117 2285 si
2150 2233 2267 2303 ipse

668 2346 729 2385 se
756 2331 1055 2400 apostolum
1082 2329 1151 2384 de
1180 2337 1521 2398 persecutore
1561 2328 1868 2398 profitetur,
1900 2328 2099 2381 sufﬁcit
2145 2327 2264 2379 uni-

672 2423 865 2493 cuique
887 2422 1188 2477 examinatc
1230 2418 1310 2493 (ὅ)
1351 2421 1586 2475 credenti
1613 2437 1627 2485 ;
1656 2420 1867 2489 quando
1886 2436 1985 2475 nec
2012 2420 2267 2474 Dominus

669 2515 786 2583 ipse
803 2514 871 2569 de
894 2529 953 2568 se
982 2515 1343 2568 testimonium
1388 2513 1605 2567 dixerit.
1650 2511 1723 2585 (ε)
1764 2513 1866 2567 Sed
1916 2512 2139 2567 credant
2182 2511 2263 2583 (ri)

675 2606 790 2660 sine
811 2605 1122 2676 Scripturis,
1144 2603 1701 2659 utcredantadvcrsus
1723 2605 2057 2673 Scriptnras;
2087 2615 2263 2659 tamen

669 2698 933 2763 doceant,
970 2713 1037 2752 ex
1089 2712 1154 2751 eo
1180 2696 1320 2767 quod
1360 2695 1592 2765 allegant
1642 2696 1854 2749 Petrum
1896 2712 1923 2749 a
1977 2696 2139 2752 Paulo
2188 2712 2267 2751 re-

669 2789 993 2860 prehensum
1014 2830 1027 2853 ,
1056 2788 1214 2842 aliam
1244 2787 1390 2842 Evan
1432 2788 1521 2840 clii
1553 2787 1777 2841 formam
1822 2802 1851 2840 a
1883 2786 2048 2839 Paulo
2080 2800 2266 2855 super-

668 2884 879 2938 ductam
902 2926 916 2950 ,
946 2886 1079 2936 citra
1126 2898 1244 2935 eam
1291 2897 1447 2951 quam
1495 2882 1829 2951 praemiserat
1861 2880 2046 2933 Petrus
2075 2890 2128 2934 et
2156 2896 2264 2934 ca:-

671 2976 790 3029 tcri.
819 2976 952 3041 Quin
996 2974 1102 3047 (5),
1145 2974 1447 3027 demutatns
1476 2974 1525 3026 in
1556 2972 1959 3042 praadicatorcm
1986 2972 2053 3027 de
2081 2988 2265 3042 perse-

667 3077 884 3132 cutore,
931 3066 1211 3121 deducitur
1253 3066 1317 3119 ad
1368 3064 1560 3120 fratres
1601 3081 1631 3118 a
1678 3064 1930 3129 frattbus,
1956 3076 2013 3119 ιιι
2043 3081 2180 3120 unus
2200 3082 2266 3120 ex

669 3159 941 3225 fratribus,
973 3168 1027 3214 et
1067 3159 1132 3213 ad
1182 3158 1300 3213 illos
1347 3159 1414 3212 ab
1440 3158 1545 3212 illis
1585 3160 1674 3228 qui
1716 3157 1783 3211 ab
1812 3159 2082 3227 Apostolis
2109 3158 2267 3213 fidem

668 3252 971 3307 induerant.
1009 3250 1245 3316 Dehinc,
1299 3250 1437 3304 sicut
1495 3250 1608 3319 ipse
1650 3260 1895 3317 enarrat,
1942 3251 2261 3305 ascenditin

671 3346 1041 3417 Hierosolyma
1067 3344 1427 3415 cognoscendi
1475 3344 1619 3400 Petri
1646 3359 1861 3412 caussa,
1886 3360 1950 3399 ex
1988 3344 2170 3400 officio
2215 3355 2271 3401 et

2378 547 2454 599 illi
2485 560 2590 599 non
2642 554 2824 599 essent
2872 546 3045 598 mirati
3069 545 3135 599 de
3155 554 3492 613 persecutore
3538 548 3729 599 factum
3778 547 3984 616 pra-div

2371 646 2642 703 catorcm,
2698 638 2741 690 si
2796 636 2990 706 aliquid
3065 639 3392 692 contrarium
3460 638 3807 708 praedicat-et;
3874 652 3985 691 nec

2374 728 2655 786 Dominum
2703 740 2959 800 praetcrea
2990 731 3451 800 ntagnifiCassent,
3485 732 3606 800 quia
3634 730 3985 785 adversarius

2374 825 2697 896 cjusPaulus
2719 825 3033 879 obvenerat.
3057 822 3241 894 Itaque
3254 825 3647 879 ctdexteramei
3669 825 3937 879 dederunt
3964 865 3983 889 ,

2374 921 2583 990 signum
2610 918 2911 973 concordia:
2934 928 2986 973 ct
3013 919 3401 972 convenientia:
3427 934 3444 982 ;
3474 928 3525 971 ct
3549 918 3686 971 inter
3704 934 3759 971 se
3782 916 3984 969 distri-

2375 1009 2646 1065 butionem
2713 1009 2874 1065 oflicii
2933 1007 3350 1074 ordinaverunt,
3405 1022 3507 1062 neu
3576 1012 3984 1079 separationcttt

2375 1104 2647 1173 Evangelii
2674 1120 2687 1168 ;
2726 1118 2824 1157 nec
2855 1112 2911 1155 ut
2933 1101 3076 1155 aliud
3107 1101 3241 1156 alter
3266 1144 3280 1167 ,
3312 1100 3405 1155 sed
3435 1111 3490 1155 ut
3533 1101 3650 1154 aliis
3674 1102 3803 1154 alter
3838 1115 3989 1168 pra:-

2374 1198 2636 1264 dicarcnt,
2665 1197 2853 1252 Petrus
2884 1198 2934 1250 in
2967 1195 3462 1257 Circumcisionem,
3494 1195 3690 1249 Paulus
3716 1198 3761 1247 in
3789 1193 3992 1248 Natio—

2375 1306 2472 1347 nes
2513 1290 2616 1363 (d).
2656 1289 2958 1354 Craterum,
3012 1289 3057 1341 si
3100 1286 3175 1358 (ε)
3218 1286 3575 1357 reprehensus
3606 1297 3686 1341 est
3742 1285 3987 1350 Petrus,

2370 1382 2515 1455 quod
2541 1398 2662 1437 cum
2691 1382 3016 1436 convixisset
3044 1381 3271 1434 ethnicis
3290 1421 3302 1444 ,
3328 1388 3509 1450 postea
3555 1394 3613 1433 se
3654 1390 3680 1431 a
3722 1378 3991 1433 convictu

2370 1494 2555 1533 eorum
2582 1493 2641 1532 se
2681 1478 2901 1546 parabat
2928 1490 3280 1544 personarum
3314 1486 3562 1544 reSpcetu
3588 1491 3601 1537 ;
3629 1475 3806 1543 utique
3834 1486 3986 1526 con-

2372 1571 2688 1627 versationis
2719 1569 2813 1623 fuit
2841 1568 3059 1633 vitium,
3096 1584 3200 1621 non
3231 1568 3645 1637 praedicationis.
3676 1567 3786 1619 Non
3817 1568 3985 1620 enim

2369 1679 2435 1719 ex
2468 1664 2569 1718 hoc
2606 1662 2740 1715 alius
2775 1662 2942 1726 Deus,
2972 1676 3130 1731 quam
3158 1658 3415 1723 Creator;
3448 1670 3499 1713 et
3522 1660 3658 1712 alius
3684 1659 3942 1712 Christus
3970 1700 3989 1724 ,

2371 1771 2531 1825 quam
2560 1769 2626 1810 ex
2653 1752 2832 1819 Maria,
2868 1763 2919 1808 et
2942 1752 3044 1807 alia
3067 1768 3189 1822 spes
3219 1768 3378 1823 quam
3408 1753 3731 1806 resurrectio
3754 1768 3982 1805 annuit-

2946 1915 3175 1973 CAPUT
3207 1915 3399 1971 XXIV.

2370 2033 2534 2103 quue
2562 2031 2970 2103 reprehensionis
2994 2041 3292 2101 usurpatum
3322 2031 3480 2099 fuisse
3513 2045 3603 2099 pro
3636 2029 3991 2100 temporibus,

2902 2124 3151 2194 personis,
3177 2132 3219 2177 et
3247 2123 3462 2175 caussis.

2443 2238 2557 2293 Non
2601 2236 2729 2292 mihi
2771 2245 2876 2290 tam
2920 2238 3057 2291 bene
3100 2244 3217 2300 est,
3246 2236 3351 2289 imo
3381 2250 3485 2289 non
3523 2235 3649 2288 mihi
3696 2244 3796 2288 tam
3833 2234 3997 2291 male

2368 2344 2484 2396 est,
2528 2342 2585 2385 ut
2618 2331 2901 2400 Aposwlos
2936 2330 3290 2385 committam.
3318 2329 3425 2384 Sed
3473 2331 3724 2401 quoniam
3755 2345 3997 2398 perver—

2369 2424 2565 2477 sissimi
2594 2424 2677 2476 isti
2725 2422 2870 2477 illam
2902 2422 3372 2492 reprehensionem
3412 2422 3477 2476 ad
3514 2424 3613 2476 hoc
3635 2423 3989 2486 obtendunt,

2370 2525 2424 2568 ut
2454 2523 2757 2584 suspectam
2796 2512 2994 2567 faciant
3014 2513 3307 2568 doctrinam
3354 2513 3709 2584 superiorem,
3742 2530 3993 2583 restion—

2367 2607 2505 2662 dcbo
2534 2606 2683 2677 quasi
2714 2620 2810 2675 pro
2832 2606 2992 2659 Petro
3019 2624 3030 2661 :
3064 2606 3236 2675 ipsmn
3266 2604 3490 2659 Paulum
3516 2604 3736 2663 dixisse.
3771 2604 3995 2660 factum

2367 2715 2427 2754 se
2452 2714 2572 2753 esse
2603 2700 2849 2752 omnibus
2876 2698 3055 2751 ontnia
3074 2740 3085 2761 ,
3117 2696 3315 2755 ludatis
3342 2697 3575 2766 judaeum
3603 2738 3614 2753 .
3646 2713 3750 2751 non
3777 2697 3995 2765 jttda3is

2370 2806 2473 2844 non
2517 2791 2784 2860 judxum,
2842 2801 2899 2845 ut
2924 2806 3112 2843 omnes
3167 2789 3490 2843 Iucrilicaret
3530 2788 3633 2861 (6).
3680 2789 3827 2843 Adeo
3883 2805 3996 2857 pro

2370 2882 2699 2950 temporibus
2729 2892 2783 2936 et
2814 2882 3057 2951 personis
3085 2888 3140 2935 et
3166 2882 3371 2934 caussis
3398 2881 3638 2949 quaedam
3683 2880 3998 2949 reprehen-

2369 2975 2595 3040 debant,
2630 2975 2679 3027 in
2723 2990 2841 3044 qua:
2868 2984 2922 3028 et
2956 2974 3055 3043 ipsi
3087 2989 3239 3044 tuque
3281 2990 3378 3043 pro
3409 2975 3738 3044 temporibus
3767 2987 3821 3029 et
3859 2992 3999 3042 per-

2370 3068 2516 3120 sonis
2560 3077 2614 3120 et
2661 3067 2865 3120 caussis
2887 3067 3331 3120 committebant:
3367 3067 3814 3137 quemadmodum
3847 3069 3897 3120 si
3936 3076 3999 3122 ct

2376 3162 2563 3215 Petrus
2607 3160 3031 3230 reprehenderet
3075 3160 3328 3225 Paulum,
3358 3161 3498 3231 quod
3532 3161 3815 3231 prohibens
3875 3163 3999 3215 cir-

2373 3253 2788 3319 cumcisioncm,
2813 3253 3211 3307 circumciderit
3253 3255 3366 3323 ipse
3415 3252 3773 3308 Timotheum.
3809 3252 3999 3309 Vide-

2376 3347 2483 3400 rint
2520 3346 2608 3417 qui
2639 3345 2707 3401 de
2733 3346 3003 3417 Apostolis
3037 3344 3296 3415 judicant.
3331 3346 3405 3418 (f)
3444 3346 3590 3404 Bene
3612 3346 3747 3418 quod
3779 3346 3999 3403 Petrus

1902 3459 2285 3519 LECTIONES
2322 3462 2738 3520 VARIANTES.

731 3581 805 3645 (1)
833 3581 1054 3646 Spiritus
1090 3578 1257 3629 Sancti
1284 3590 1395 3629 esse
1422 3582 1642 3641 possunt,
1666 3578 1751 3640 qui
1774 3576 1986 3626 necdum
2026 3575 2198 3627 desunt
2223 3577 2272 3627 in

670 3643 1069 3833 Ριῖέῗιᾷιιειιιηι
1092 3701 1211 3754 add.
1239 3704 1381 3752 Pam.
1405 3699 1555 3776 Sentl.
1615 3764 1623 3773 _
2030 3764 2039 3775 ι

755 3771 805 3833 5)
840 3769 1135 3820 lsxammare
1176 3769 1343 3817 Venet.
1370 3766 1559 3814 Subicit
1581 3762 1648 3813 nil
1668 3763 1856 3827 absque
1881 3776 2039 3814 examt

755 3762 805 3834 5)
840 3768 1135 3820 Examinare
1176 3769 1343 3817 Venet.
1370 3766 1559 3814 Suflicit
1581 3762 1648 3813 nil
1668 3763 1856 3827 absque
1881 3764 2111 3814 examine
2139 3764 2272 3815 Heu-

2546 3637 2761 3689 tlredent
2778 3637 2845 3688 al.
2870 3651 2990 3689 sane
3015 3651 3104 3700 pro
3126 3642 3233 3689 sine
3256 3641 3375 3691 Jun.

2438 3702 2511 3827 ἒὸ)
2548 3702 2729 3771 Atquin
2749 3711 2880 3752 Pam.
2901 3704 3050 3763 Atqui
3075 3701 3224 3754 Sami.

2462 3765 2512 3827 6)
2547 3762 3106 3817 LucrilaceretSemler.

2462 3762 2512 3827 6)
2547 3762 2800 3816 Lucrilace
2808 3773 2885 3815 ret
2899 3762 3106 3817 Semler.

2042 3870 2602 3929 COMMENTARIUS.

671 4001 754 4048 ret
779 3987 1059 4059 impudens
1085 3987 1304 4041 istorum
1336 3986 1692 4051 mendacium,
1721 3987 1980 4057 negabant
2012 3989 2139 4043 illud
2169 4006 2264 4043 ιιιι-

673 4078 832 4134 quam
855 4062 1107 4129 scriptum
1139 4059 1330 4134 fuisse,
1356 4059 1665 4134 librumque
1681 4060 2267 4134 tlatttttabant._Augtts-

677 4127 845 4189 tinum
870 4127 985 4202 lege
1003 4172 1017 4194 ,
1049 4145 1168 4199 cap.
1198 4130 1250 4184 5.
1278 4128 1373 4182 lib.
1401 4130 1489 4202 Vde
1540 4127 1769 4183 Ulililate
1791 4131 2049 4202 _credendi
2094 4127 2272 4185 contra

678 4200 1017 4259 Manicltteos.
1063 4202 1343 4256 Montanus
1397 4200 1540 4254 idem
1598 4202 1743 4269 prius
1782 4200 1976 4255 fecerat
2006 4245 2018 4265 ,
2067 4203 2175 4257 imo
2214 4218 2274 4257 se

680 4277 1009 4332 l’araclelunt
1065 4272 1390 4326 nominabat.
1436 4272 1603 4325 Ebion
1628 4313 1640 4333 ,
1671 4272 1980 4337 Corinthus,
2016 4273 2272 4341 Marcion,

679 4360 734 4404 ct
761 4349 848 4400 alii
880 4344 1207 4399 Tertulliano
1254 4345 1459 4412 priores
1490 4358 1593 4395 non
1626 4344 1970 4411 recipiebant.
2003 4345 2138 4399 ΡΑιι.

752 4418 832 4504 (ιι)
869 4414 1022 4504 Ta‘nti
1045 4424 1114 4469 est
1141 4415 1274 4467 enim
1300 4414 1421 4476 illis,
1448 4423 1549 4467 etc.
1584 4414 1906 4495 Explicanda
1950 4418 2107 4497 verba
2157 4433 2275 4486 qua:

682 4488 787 4545 tan‘t
823 4488 1054 4542 involuta
1084 4493 1201 4538 sunt
1229 4526 1242 4547 ,
1274 4495 1329 4537 ttt
1375 4501 1560 4539 eortnn
1592 4488 1909 4539 sententiam
1962 4489 2278 4555 interpretes

2368 3990 2434 4045 dc
2456 4000 2795 4065 persecutore
2810 3990 3004 4047 factum
3028 3991 3325 4062 apostolum
3344 4009 3357 4057 ;
3373 3991 3534 4062 quod.
3557 3993 3700 4048 Actis
3728 3997 4001 4065 repudia-

2374 4065 2461 4125 tis,
2478 4063 2617 4117 nulla
2636 4065 2743 4128 jam
2763 4064 3033 4132 Scriptura
3058 4065 3363 4119 authentica
3378 4076 3732 4121 contestatum
3754 4063 3993 4133 habent,

2378 4135 2507 4188 Nam
2540 4137 2582 4188 si
2616 4135 2772 4206 tidem
2806 4134 3001 4189 habere
3051 4150 3109 4188 se
3154 4136 3333 4189 dicant
3374 4136 3536 4189 Paulo
3583 4138 3651 4189 ita
3696 4138 4001 4206 scribenti,

2379 4222 2485 4260 tton
2516 4207 2619 4260 erit
2651 4205 2844 4259 Paulus
2871 4207 2983 4274 ipse
3010 4208 3109 4259 sibi
3154 4212 3323 4260 testis.
3348 4209 3561 4276 quando
3593 4224 3687 4261 nec
3721 4205 4005 4268 Dominus

2379 4278 2494 4345 ipse
2533 4277 2599 4331 de
2629 4291 2686 4330 sc
2730 4280 3089 4331 testimonium
3131 4278 3345 4331 dixerit.
3380 4278 3483 4332 Sed
3530 4280 3652 4333 lidei
3704 4281 3805 4332 sint
3846 4286 4006 4338 adeo

2383 4363 2670 4417 perversae,
2691 4358 2745 4401 et
2770 4349 3012 4416 quamam
3047 4351 3162 4402 sine
3195 4349 3482 4417 Scripturis
3508 4351 3747 4413 credant,
3778 4361 3835 4404 ttt
3883 4355 4005 4410 alia

2380 4420 2602 4474 credant
2654 4419 2914 4474 adversus
2958 4420 3264 4489 Scripturas
3308 4438 3320 4470 :
3371 4431 3543 4475 tamen
3599 4423 3869 4488 doceant,
3931 4444 4006 4482 ex

2383 4506 2448 4565 eo
2509 4490 2650 4565 quod
2692 4492 2923 4565 allegant
2978 4492 3265 4565 Petrum_a
3324 4491 3486 4565 Paulo
3547 4495 4005 4565 reprehensum,

681 4561 937 4639 exp-iscanti
967 4573 1069 4639 Iron
1096 4556 1220 4610 sint.
1254 4556 1730 4639 Aitiigiturinulta
1762 4558 1835 4639 ab
1871 4557 2135 4637 haereticis
2176 4560 2274 4612 do-
2305 4580 2355 4639 D
2384 4556 2539 4615 aliam
2577 4556 2846 4630 Evangelii
2903 4563 3125 4617 fortnam
3156 4580 3183 4617 a
3211 4562 3375 4615 Paulo
3416 4556 3823 4636 superd'uctant,
3874 4556 4008 4625 etc:

682 4627 795 4687 ceri
822 4629 1142 4698 defendique
1162 4668 1176 4689 ,
1207 4630 1559 4698 qnaztametsi
1592 4644 1730 4682 vera:
1769 4627 1890 4695 fidei
1921 4640 2277 4684 consentanea

682 4705 810 4763 sint,
840 4700 903 4754 ad
945 4716 1005 4755 ea
1048 4697 1221 4753 tamen
1254 4697 1597 4769 stabilienda,
1647 4700 1936 4769 Scriptura:
1965 4702 2279 4756 auctoritate

685 4785 737 4831 et
768 4770 1015 4842 praesidio
1053 4784 1146 4825 eos
1175 4769 1249 4823 uti
1278 4767 1417 4842 nolle
1439 4809 1451 4830 ,
1485 4786 1549 4823 ne
1576 4767 1779 4824 scilicet
1806 4787 1869 4823 ex
1902 4771 2087 4825 iis-dem
2129 4772 2277 4825 Seri-

688 4841 856 4915 ptura:
886 4843 1019 4896 locis
1041 4850 1131 4895 aut
1160 4841 1351 4895 libellis
1376 4855 1560 4915 eorum
1589 4842 1861 4915 mendacia
1885 4843 2276 4903 convellantur,

686 4914 741 4972 et
790 4917 839 4969 in
899 4916 1070 4968 lucem
1118 4922 1495 4981 exponuntur:
1532 4914 1597 4966 ita
1651 4914 1762 4965 lteri
1797 4924 1851 4967 ut
1894 4915 2129 4967 libellum
2174 4929 2280 4985 quo

688 4991 819 5042 Acta
869 4985 1241 5053 Apostolorum
1294 4986 1665 5046 continentur,
1700 4986 1930 5038 maximo
1975 5000 2093 5038 cum
2135 5000 2279 5039 com-

690 5058 850 5113 modo
875 5065 1123 5111 recusent
1153 5054 1303 5125 (illud
1334 5055 1475 5107 enim
1535 5056 1659 5107 tanti
1699 5054 1798 5109 hoc
1830 5056 1947 5109 istic
1974 5056 2279 5125 significat),

689 5132 809 5200 quia
839 5130 938 5181 hoc
967 5143 1077 5200 uno
1107 5127 1360 5200 Ecclesia:
1386 5127 1534 5191 origo
1581 5136 1635 5200 et
1678 5126 1954 5200 formatio,
1998 5145 2155 5196 quam
2209 5128 2284 5183 fa—

693 5198 889 5263 tentur,
946 5198 1298 5253 dctttonstrari
1353 5206 1543 5264 potest.
1598 5198 1697 5251 Per
1736 5198 2096 5252 traductiones
2142 5202 2281 5252 enim

690 5288 820 5327 cave
873 5270 1279 5340 depravationes
1333 5268 1596 5336 intelligas
1661 5285 1781 5325 cum
1838 5269 2129 5331 lthenano,
2190 5271 2283 5323 sed

694 5344 956 5398 traductio
993 5340 1131 5410 apud
1173 5339 1556 5393 Tertullianum
1584 5382 1596 5403 ,
1632 5340 1680 5393 id
1719 5350 1800 5394 est
1850 5341 2160 5402 illustratio,
2192 5343 2282 5394 dc-

692 5413 1046 5477 ntonstratio,
1077 5413 1326 5465 detectio.
1380 5411 1509 5463 Nam
1559 5411 1694 5478 apud
1741 5414 1986 5464 eumdem
2028 5414 2289 5466 traducere

692 5499 775 5539 est
801 5487 852 5538 in
883 5487 1050 5537 lucent
1079 5498 1346 5549 CXllOIICl'e
1366 5522 1381 5545 ,
1410 5483 1617 5550 aperire
1636 5523 1651 5547 ,
1707 5482 1973 5552 detegere.
2056 5484 2286 5541 ALBASP.

768 5556 847 5627 (b)
893 5554 971 5607 Ne
1027 5554 1212 5627 pariter
1241 5554 1571 5627 admittuntur
1599 5554 1933 5607 lrnductioncs
1964 5571 2136 5607 eorum
2177 5571 2288 5621 quia

695 5624 1024 5681 mentiuntur.
1072 5624 1181 5696 lloc
1231 5634 1313 5678 est
1342 5626 1640 5696 nepariter
1692 5628 1974 5679 admittere
2004 5636 2283 5696 cogantur,

695 5698 838 5771 quod
861 5695 1144 5771 _mt_‘_tt_t_l_:u_:ia
1174 5711 1267 5771 sua
1301 5695 1588 5771 traducant
1617 5700 1669 5771 in
1694 5700 1900 5771 vulgus.
1931 5697 2051 5753 th.

768 5771 849 5823 CA
861 5768 916 5825 P.
929 5766 1093 5822 XXIII
1105 5766 1270 5836 .—-(c)
1292 5766 1395 5821 Sed
1410 5767 1614 5820 credant
1629 5768 1737 5822 sine
1754 5766 2156 5837 Stripturi’s.Qui
2180 5785 2285 5825 non

696 5842 959 5914 recipiunt
997 5840 1128 5898 Acta
1157 5839 1533 5911 Apestolorum
1556 5880 1573 5908 ,
1602 5838 1828 5897 credunt
1856 5850 2033 5898 tamen
2062 5842 2283 5899 l’aulum

3713 4636 3827 4688 “l6.

2457 4704 2535 4774 (d)
2578 4703 2763 4758 Petrus
2790 4706 2843 4758 in
2873 4704 3333 4765 Circumcisioncm,
3367 4702 3561 4758 Paulus
3613 4708 3664 4758 in
3696 4708 4000 4766 A‘ationcs.

2382 4776 2521 4830 Sane
2541 4778 2810 4843 apostolus
2830 4776 3262 4831 Circumcisionis
3281 4786 3333 4828 et
3360 4778 3491 4829 alter
3516 4778 3602 4830 ille
3627 4779 3887 4833 Gentium
3922 4784 4002 4838 ad

2387 4850 2646 4901 utrumvis
2681 4849 2932 4915 populum
2960 4847 3210 4915 singulari
3254 4848 3413 4901 modo
3458 4848 3606 4901 ntissi
3650 4861 3835 4911 erant,
3883 4870 4010 4911 ιιυιι

2386 4921 2453 4971 ita
2490 4930 2663 4972 tamen
2694 4929 2748 4970 ut
2782 4934 2917 4972 unus
2956 4921 3177 4973 alterum
3211 4918 3404 4972 finibus
3454 4923 3677 4987 propriis
3722 4922 4010 4978 exelutle-

2388 5001 2485 5042 ret.
2520 4991 2713 5044 Beatus
2740 4992 2883 5042 enim
2919 4990 3107 5044 Petrus
3152 4993 3310 5041 etiam
3357 4992 3669 5043 universalis
3718 4989 4006 5052 Ecclesiae

2388 5071 2568 5130 pastor
2593 5075 2645 5115 et
2678 5064 2951 5129 apostolus
2992 5072 3139 5122 erat,
3174 5061 3466 5130 beatusque
3516 5064 3705 5117 l’aulus
3730 5067 4011 5123 omnibus

2388 5133 2565 5186 omnia
2626 5134 2795 5188 factus
2846 5133 3195 5195 cst,.lud:eis
3248 5134 3446 5199 pariter
3486 5144 3533 5185 et
3586 5132 3876 5198 Gentibus,
3947 5148 4012 5193 ιιι

2389 5219 2578 5258 omnes
2602 5204 2819 5257 Christo
2856 5207 3206 5259 locril'accrel.
3232 5204 3533 5270 EDD.c.tup.
3556 5208 3615 5257 Γ).
3646 5221 3709 5257 nt:
3734 5205 4009 5263 Gonnus.

2463 5275 2536 5345 (e)
2583 5275 2931 5344 Reprehensns
2969 5286 3038 5328 est
3076 5275 3275 5345 Petrus.
3324 5276 3576 5329 Romanae
3613 5277 3752 5329 sedis
3797 5275 4012 5337 hostes

2393 5347 2861 5413 reprehensionem
2910 5347 3049 5399 illam
3108 5344 3167 5399 Β.
3220 5347 3361 5401 Petri
3415 5348 3635 5399 mirifice
3684 5349 4008 5418 extollunt;

2394 5418 2515 5471 inde
2559 5418 2703 5471 enim
2748 5419 3047 5472 confectum
3088 5428 3295 5486 putant,
3338 5420 3616 5469 Summum
3670 5419 4012 5479 Pontificem

2394 5489 2795 5555 reprehensioni
2849 5504 2967 5543 eSse
3010 5503 3134 5542 vere
3177 5490 3488 5542 obnoxium.
3520 5490 3668 5555 Quod
3724 5492 3771 5541 in
3820 5496 4013 5551 rebus

2394 5561 2597 5632 Sallent
2637 5560 2759 5613 lidei
2818 5561 3181 5632 falsissimum.
3232 5561 3285 5613 lu
3344 5564 3407 5614 iis
3459 5563 3599 5614 enim
3664 5562 3750 5614 illa
3808 5588 4013 5632 νρηπις

2395 5630 2651 5685 Εροῑθςίω
2683 5646 2863 5685 errare
2894 5632 3043 5703 nullo
3066 5630 3225 5703 modo
3249 5641 3442 5703 potest.
3474 5632 3581 5684 Iloc
3605 5648 3729 5685 vero
3756 5634 3807 5684 in
3832 5630 4010 5703 Casu,

2392 5718 2566 5767 error,
2597 5704 2640 5755 si
2671 5704 2790 5771 quis
2820 5714 2994 5757 tamen
3024 5702 3137 5767 fuit,
3169 5702 3236 5757 de
3272 5701 3414 5758 facto
3447 5712 3582 5828 εἴη,
3606 5718 3725 5827 Ιξιοιι
3765 5705 3831 5756 de
3862 5701 4011 5770 tide.

3535 5791 3564 5828 ε
3649 5790 3699 5827 rt.

3535 5791 3564 5828 ε
3606 5774 3699 5827 Pn.

2463 5841 2958 5922 UAP.XXIV.-(l')
2978 5844 3115 5901 Bene
3131 5846 3265 5917 quod
3281 5844 3467 5902 Petrus
3482 5844 3650 5902 Paula
3664 5856 3708 5901 et
3722 5847 3773 5901 in
3791 5863 3908 5903 mar
3923 5862 4014 5925 ly-
