4242 6492
251 372 323 430 37
1384 376 1587 435 LIBER
1640 379 1727 435 DE
1770 379 2474 440 PRAESCRIPTIONIBL’S.
3485 386 3554 450 58

253 487 424 544 Paulo
448 496 502 545 et
532 487 582 544 in
618 487 872 563 martyrio
900 489 1227 562 adaequatur.
1264 490 1367 546 Sed
1400 494 1498 547 etsi
1541 491 1618 566 (a)
1661 494 1713 548 in
1749 502 1852 549 ter-
1883 497 1930 556 A
1960 495 2137 550 docere
2165 495 2229 566 (11
2259 497 2422 563 Tim.,
2447 495 2508 559 II.
2538 495 2594 568 2)
2622 496 2672 553 id
2702 514 2915 571 quoque
2943 497 3008 556 ad
3040 499 3156 573 (12)
3185 515 3558 576 argumentum

252 581 386 634 tium
427 599 597 654 usque
635 585 827 638 coelum
850 593 1066 653 ereptus
1109 584 1333 648 Paulus,
1364 594 1418 639 et
1470 585 1520 638 in
1552 586 1853 654 paradisum

249 675 464 731 delatus
486 677 652 732 audiit
678 676 918 744 quaedam
952 676 1089 742 illic,
1111 691 1215 728 non
1236 687 1460 746 possunt
1483 677 1648 733 videri
1689 677 1854 733 fuisse

247 782 372 836 quae
401 768 546 820 illum
580 768 632 821 in
658 768 814 821 aliam
863 768 1158 822 doctrinam
1192 770 1585 824 instruetiorem
1629 782 1851 840 prasta-

250 867 395 923 rcnt,
422 873 542 914 cum
572 860 642 914 ita
670 859 828 914 fuerit
850 860 1086 914 conditio
1109 876 1316 925 eorum,
1335 874 1392 915 ut
1427 861 1851 918 millihomiimm

247 953 628 1020 proderentur.
657 952 808 1018 Quod
839 953 883 1006 si
905 951 972 1006 ad
1002 952 1231 1022 alicujus
1251 955 1633 1008 conscientiam
1663 970 1848 1010 mana-

249 1044 329 1097 vit
374 1046 555 1100 nescio
584 1045 709 1114 quid
737 1044 898 1110 illud,
931 1046 1113 1100 ethoc
1141 1062 1201 1100 se
1239 1045 1416 1115 aliqua
1440 1045 1660 1101 lireresis
1693 1047 1846 1116 sequi

241 1137 481 1190 allirmat
503 1177 518 1203 ,
549 1147 642 1191 aut
673 1137 867 1192 Paulus
896 1139 1089 1192 secreti
1127 1138 1322 1208 proditi
1355 1154 1478 1194 reus
1504 1149 1616 1206 est,
1673 1150 1764 1194 aut
1791 1149 1847 1198 et

242 1230 382 1283 alius
414 1239 597 1299 postea
643 1231 695 1284 in
725 1230 1030 1300 paradisum
1061 1241 1277 1300 ereptus
1306 1230 1467 1286 debet
1495 1230 1725 1295 ostendi,
1755 1232 1844 1288 cui

242 1326 564 1391 permissum
596 1324 665 1380 sit
691 1325 891 1394 eloqui,
916 1340 1034 1393 qum
1062 1323 1226 1378 Paulo
1251 1328 1445 1381 mutire
1473 1340 1577 1380 non
1595 1326 1767 1396 liquit.

805 1414 1034 1471 CAPUT
1078 1414 1242 1470 XXV.

243 1507 430 1580 Neque
484 1523 602 1564 vero
631 1509 882 1564 occultum
934 1509 1141 1578 aliquod
1196 1509 1511 1581 evangelium
1537 1512 1847 1582 praedicasse

886 1602 1178 1674 Apostolos.

317 1696 424 1751 Sed
449 1707 503 1752 ut
519 1697 774 1764 diximus,
803 1695 990 1752 eadem
1021 1697 1288 1751 dementia
1309 1705 1421 1763 est,
1445 1712 1564 1752 cum
1587 1697 1848 1752 eonliten-

242 1799 332 1844 tur
362 1791 576 1861 quidem
598 1833 614 1857 ,
659 1791 790 1846 nihil
820 1792 1107 1860 Apostolos
1134 1792 1443 1861 ignorasse,
1483 1805 1583 1845 nec
1631 1791 1844 1846 diversa

1959 593 2151 646 occulti
2192 593 2416 662 alicujus
2464 593 2736 664 Evangelii
2779 596 3237 667 interpretandum
3279 609 3382 656 est.
3423 601 3555 658 Nam

1957 699 2076 738 cum
2106 686 2269 752 dicit,
2303 689 2410 740 hate
2433 727 2449 754 ,
2478 687 2544 742 de
2573 688 2648 742 eis
2671 688 2832 754 dicit,
2865 690 2934 745 de
2970 691 3162 762 quibus
3210 693 3262 746 in
3305 694 3556 763 przesenti

1954 778 2259 845 scribebat;
2295 781 2364 836 de
2391 780 2614 835 occultis
2637 791 2834 848 autem,
2871 793 2928 838 ut
2969 783 3037 839 de
3068 785 3378 844 absentibus
3415 789 3554 861 apud

1954 875 2362 943 conscientiam,
2389 891 2492 931 non
2539 878 2667 938 hare.
2711 877 2805 932 sed
2844 878 2937 931 illa
2989 879 3234 937 dixisset.

2522 968 2749 1025 CAPUT
2788 969 2980 1026 XXVI.

1955 1057 2257 1130 Quanquam
2283 1075 2383 1115 non
2410 1062 2624 1131 passim,
2658 1078 2749 1116 nec
2774 1063 3142 1120 inconsiderate
3171 1067 3398 1122 omnibus
3416 1084 3552 1139 pra:-

2479 1154 2758 1210 dicaverint
2788 1155 3040 1226 Apostoli.

2023 1242 2191 1299 Porro
2236 1259 2570 1316 consequens
2597 1257 2732 1314 erat,
2779 1257 2835 1303 ut
2863 1251 2946 1303 cui
2976 1249 3334 1309 demandabat
3375 1255 3552 1313 Evan-

1950 1335 2074 1404 gelii
2115 1336 2655 1406 administrationem,
2691 1355 2797 1394 non
2831 1342 3052 1410 passim,
3105 1360 3206 1401 nec
3251 1346 3553 1405 inconside-

1953 1438 2068 1483 rate
2096 1430 2590 1500 administraudam,
2624 1435 2881 1504 adjiceret
2903 1439 3196 1495 secundum
3227 1441 3549 1499 dominicam

1953 1537 2159 1590 vocem,
2196 1540 2260 1580 ne
2289 1529 2618 1597 margaritam
2645 1532 2834 1600 porcis,
2867 1542 2913 1584 et
2939 1543 3169 1587 sanctum
3195 1539 3404 1592 canibus
3431 1539 3550 1608 jac-

1952 1624 2079 1670 taret
2112 1616 2353 1684 (tuan/1.,
2403 1618 2515 1685 VII,
2549 1619 2641 1690 6).
2674 1621 2933 1678 Dominus
2978 1625 3151 1693 palam
3181 1628 3382 1696 edixit,
3433 1631 3550 1687 sine

1951 1700 2053 1754 ulla
2097 1701 2484 1770 signiﬁcatione
2511 1705 2732 1775 alicujus
2764 1710 2890 1763 tecti
2911 1708 3026 1782 (l3)
3059 1715 3398 1769 sacramenti.
3432 1715 3551 1785 Ipse

1952 1805 2302 1862 prmccperat,
2352 1796 2398 1849 si
2424 1797 2546 1865 quid
2573 1798 2623 1850 in
2653 1798 2869 1854 tenebris
2893 1810 2940 1854 et
2970 1803 3023 1855 in
3050 1803 3343 1860 abscondito
3378 1809 3551 1863 audis-

238 1886 383 1940 iuter
421 1900 480 1939 se
531 1885 890 1957 przedicasse;
937 1901 1044 1939 nou
1084 1894 1259 1939 tamen
1301 1883 1381 1957 (1)
1421 1887 1600 1940 omnia
1659 1887 1846 1940 volunt
1874 1879 1921 1939 B
1949 1894 2077 1949 sent,
2109 1886 2159 1938 in
2190 1885 2300 1940 luce
2325 1897 2371 1940 et
2403 1890 2454 1941 in
2483 1891 2620 1943 tectis
2651 1892 2988 1959 prmdicarent
3030 1892 3050 1966 (
3077 1894 3290 1965 Mattlt.,
3320 1897 3388 1964 Χ,
3417 1899 3483 1953 27
3503 1900 3545 1971 ).

239 1981 364 2035 illos
416 1981 664 2036 omnibus
712 1980 1018 2036 revelasse:
1051 1980 1293 2050 quaedam
1339 1981 1482 2034 enim
1524 1978 1604 2052 (2)
1648 1981 1840 2050 palam,

239 2083 295 2127 et
318 2075 607 2138 universis;
638 2073 881 2144 quaedam
901 2081 1132 2137 secreto,
1161 2081 1215 2128 et
1245 2072 1428 2143 paucis
1447 2073 1800 2128 demandasse
1827 2091 1839 2128 :

238 2169 363 2236 quia
392 2179 447 2223 et
476 2169 576 2224 hoc
611 2170 776 2222 verbo
817 2182 944 2221 usus
979 2176 1060 2220 est
1103 2166 1298 2220 Paulus
1351 2165 1418 2220 ad
1467 2165 1839 2222 Timotheum:

241 2259 287 2312 0
313 2259 596 2325 Timothee,
622 2261 906 2328 depositum
931 2261 1125 2314 custodi
1151 2256 1253 2330 (ὅ).
1285 2259 1352 2313 Et
1372 2274 1584 2313 rursum
1606 2277 1617 2312 :
1642 2258 1844 2313 Bonum

237 2353 522 2421 depositum
547 2369 705 2408 serva.
731 2352 882 2420 Quod
905 2351 1007 2406 hoc
1032 2351 1333 2420 depositum
1374 2359 1456 2404 est
1481 2351 1696 2404 tacitum
1737 2350 1844 2421 (4),

241 2455 299 2500 ut
327 2446 484 2500 alteri
507 2446 764 2502 doetriuze
787 2445 1113 2515 deputetur?
1139 2447 1220 2498 An
1241 2444 1380 2498 illius
1400 2443 1841 2511 denuntiationis,

235 2538 303 2592 de
328 2554 430 2608 qua
461 2540 570 2593 ait:
609 2538 756 2592 lianc
796 2539 1228 2592 denuntiationem
1264 2537 1564 2591 commendo
1600 2540 1740 2608 apud
1771 2547 1839 2604 te,

235 2630 315 2696 ﬁli
356 2630 435 2701 (5)
484 2629 760 2684 Timothee.
791 2629 920 2684 Item
968 2629 1108 2684 illius
1151 2632 1436 2700 przecepti,
1467 2628 1534 2683 de
1573 2645 1680 2700 quo
1729 2630 1840 2683 ait:

233 2721 492 2776 Denuntio
541 2725 629 2776 tibi
667 2735 783 2778 ante
805 2723 992 2788 Deum,
1025 2723 1099 2795 (b)
1138 2723 1224 2792 qui
1272 2722 1488 2790 viviﬁcat
1527 2721 1605 2792 (6)
1646 2723 1838 2790 omnia,

232 2823 280 2866 et
310 2813 489 2867 Jesum
517 2812 800 2880 Christum,
833 2817 917 2884 qui
943 2825 1150 2869 testatus
1198 2825 1268 2867 est
1310 2813 1402 2867 sub
1446 2813 1632 2868 Pontio
1666 2813 1836 2870 Pilato

233 2910 417 2961 bonam
443 2909 828 2976 confessionem,
851 2909 1107 2962 custodias
1134 2918 1442 2978 prwceptum
1485 2908 1502 2976 (
1529 2906 1546 2959 I
1579 2906 1832 2973 Tim.,VI,

234 3000 340 3068 15)
379 3000 531 3067 Quod
557 3009 734 3054 autem
758 3010 1102 3069 praeceptum,
1126 3011 1175 3054 et
1213 2999 1292 3066 (7)
1315 3015 1433 3068 qua:
1461 2999 1834 3054 denuntiatio?

230 3093 308 3147 Ex
341 3109 499 3164 supra
523 3104 576 3148 et
611 3093 746 3147 infra
777 3095 990 3164 scriptis
1043 3093 1366 3162 intelligetur
1399 3092 1477 3164 (8)
1512 3108 1613 3146 non
1651 3094 1833 3149 nescio

228 3186 358 3255 quid
390 3186 699 3242 subostendi
749 3187 848 3241 hoc
879 3187 1020 3241 dicto
1041 3186 1108 3243 de
1137 3187 1424 3242 remotiore
1444 3186 1683 3242 doctrina
1725 3185 1829 3259 (9),

1950 1977 2068 2048 Ipse
2117 1995 2211 2049 per
2241 1980 2646 2036 similitudinem
2693 1983 3145 2054 przeliguraverat,
3179 1991 3250 2058 (ε)
3284 2006 3349 2045 ne
3387 2007 3546 2047 unam

1951 2087 2143 2134 mnam,
2175 2071 2224 2125 id
2254 2081 2336 2126 est
2363 2088 2526 2127 unum
2558 2075 2778 2130 verbum
2805 2075 2942 2145 ejus,
2974 2079 3090 2134 sine
3118 2080 3292 2136 fructu
3319 2082 3369 2136 in
3398 2083 3547 2139 abdi-

1951 2171 2002 2215 to
2031 2161 2218 2232 (Luc.,
2252 2163 2395 2228 XIX,
2428 2165 2537 2235 20)
2570 2178 2924 2223 reservarent.
2960 2169 3078 2239 Ipse
3105 2171 3352 2242 docebat,
3380 2177 3548 2232 lucer-

1948 2272 2067 2309 nam
2084 2274 2184 2310 non
2213 2259 2304 2310 sub
2333 2258 2502 2311 modio
2520 2256 2638 2330 (H)
2663 2259 2892 2314 abstrudi
2912 2263 3220 2333 (15)solere,
3237 2267 3325 2320 sed
3346 2269 3397 2321 in
3418 2285 3545 2324 can-

1950 2348 2211 2402 delabrum
2259 2351 2518 2416 constitui,
2567 2362 2618 2404 ut
2665 2353 2828 2406 luceat
2876 2355 3107 2410 omnibus
3151 2359 3240 2425 qui
3287 2359 3340 2412 in
3394 2360 3546 2417 domo

1948 2448 2064 2492 sunt
2098 2438 2348 2508 (Matth.,
2386 2440 2456 2508 V,
2495 2442 2620 2512 l5).
2671 2442 2796 2499 Ilzcc
2839 2447 3104 2514 Apostoli,
3153 2457 3245 2503 aut
3293 2453 3544 2522 neglexe-

1946 2541 2089 2598 runt,
2113 2543 2204 2586 aut
2234 2533 2452 2588 minime
2484 2535 2867 2591 intellexerunt
2891 2539 3033 2609 (16),
3064 2541 3108 2594 si
3141 2558 3246 2596 non
3272 2544 3538 2615 adimple-

1948 2633 2138 2678 verunt
2163 2625 2559 2681 abscondentes
2585 2628 2784 2698 aliquid
2809 2629 2878 2683 de
2905 2630 3124 2698 lumine,
3143 2632 3194 2688 id
3225 2646 3331 2701 est,
3358 2635 3424 2691 de
3445 2637 3541 2694 Dei

1947 2716 2114 2770 verbo
2170 2726 2224 2770 et
2251 2717 2364 2787 (I7)
2423 2716 2620 2772 Christi
2679 2730 3037 2775 sacramento.
3074 2723 3350 2780 Neminem
3401 2728 3542 2796 quod

1942 2810 2056 2865 scio
2089 2811 2436 2878 verebantur,
2471 2829 2574 2867 non
2614 2813 2923 2870 .Iudaeorum
2955 2819 3096 2882 vim,
3141 2835 3248 2873 non
3293 2820 3541 2876 ethnico-

1940 2918 2092 2967 rum;
2142 2919 2248 2972 quo
2279 2905 2446 2974 magis
2490 2905 2672 2976 utique
2705 2909 2757 2962 in
2809 2910 3043 2966 Ecclesia
3074 2911 3241 2969 libere
3277 2915 3542 2984 praedica-

1938 2993 2087 3062 bant,
2119 2996 2204 3064 qui
2235 2997 2285 3049 in
2317 2999 2604 3067 synagogis
2630 3008 2685 3053 et
2719 3000 2770 3054 in
2800 3000 2930 3057 locis
2963 3003 3194 3071 publicis
3243 3021 3350 3060 non
3393 3017 3542 3063 tace-

1938 3087 2084 3142 bant.
2132 3086 2244 3142 Imo
2303 3105 2476 3160 neque
2516 3090 2732 3148 .Iudtcos
2771 3105 3119 3163 convertere,
3153 3114 3330 3168 neque
3356 3100 3540 3154 ethni-

1936 3193 2029 3232 cos
2058 3179 2308 3235 inducere
2351 3182 2666 3250 potuissent,
2703 3185 2804 3240 nisi
2852 3185 2994 3257 quod
3021 3189 3167 3243 credi
3198 3191 3264 3246 ab
3290 3193 3369 3246 eis
3396 3193 3541 3248 vole-

228 3252 324 3334 sed
359 3281 534 3350 potius
562 3282 814 3336 inculcari
861 3280 928 3336 de
972 3297 1077 3335 non
1122 3281 1448 3335 admittenda
1479 3281 1580 3335 alia
1638 3252 1834 3352 praeter
1861 3252 1905 3314 Ο
1944 3272 2072 3327 bant
2111 3275 2299 3328 ordine
2339 3275 2455 3346 (I8)
2485 3289 2817 3346 exponerent
2847 3252 3056 3336 z-multo
3085 3285 3254 3355 magis
3277 3287 3387 3356 jam
3419 3303 3540 3346 cre-

227 3388 348 3426 eam
371 3414 386 3437 ,
435 3389 590 3442 quam
620 3372 864 3427 audierat
885 3373 953 3426 ab
1007 3377 1154 3442 ipso,
1181 3381 1254 3438 et,
1289 3382 1416 3443 puto
1441 3415 1453 3434 ,
1481 3374 1656 3443 palam
1693 3373 1834 3442 (10).

225 3463 414 3518 Coram
453 3466 625 3519 multis
648 3505 661 3530 ,
694 3466 882 3535 inquit,
911 3465 1113 3518 testibus
1153 3463 1225 3534 (ll
1271 3465 1432 3530 Tim.,
1459 3463 1523 3530 II,
1555 3461 1646 3536 2).
1690 3466 1839 3532 Quos

1942 3365 2190 3419 dentibus
2220 3366 2475 3421 Ecclesiis
2499 3369 2626 3422 nihil
2646 3372 3057 3438 subtraxissent,
3083 3378 3224 3446 quod
3252 3379 3372 3434 aliis
3399 3397 3534 3451 pau-

1941 3459 2018 3510 cis
2060 3471 2301 3511 seorsum
2343 3459 2752 3516 demandarent.
2783 3462 3118 3534 Quanquam,
3149 3471 3246 3523 etsi
3290 3473 3534 3540 qumdam

222 3557 427 3611 multos
458 3567 622 3611 testes
647 3556 692 3610 si
724 3556 910 3610 nolunt
941 3556 1054 3627 (11)
1101 3557 1394 3612 Ecclesiam
1425 3556 1681 3626 intelligi,
1707 3556 1840 3611 nihil
1942 3550 2080 3604 iltlel‘
2105 3549 2449 3616 (1001050005,
2480 3562 2535 3605 ιιι
2558 3553 2625 3606 ίιᾶ
2659 3555 2909 3621 dixerim.
2941 3557 3296 3628 disserebant,
3329 3580 3432 3619 non
3458 3576 3534 3621 ta-

221 3651 473 3715 intereSI,
504 3649 719 3718 quando
739 3647 868 3702 nihil
897 3650 1114 3703 tacitum
1140 3647 1320 3716 fuerit,
1350 3649 1491 3720 quod
1521 3649 1621 3704 sub
1649 3650 1835 3706 multis

221 3742 453 3798 tesribus
481 3740 870 3811 proferebatur.
903 3740 1008 3796 Sed
1048 3756 1148 3797 nec
1189 3742 1312 3811 quia
1346 3741 1512 3795 voluit
1538 3742 1690 3796 illum
1720 3743 1830 3797 haec

216 3835 460 3903 ﬁdelibus
499 3833 784 3889 hominibus
819 3833 1163 3901 demandare,
1187 3833 1275 3904 qui
1317 3833 1486 3888 idonei
1512 3833 1611 3887 sint
1631 3843 1677 3886 et
1697 3834 1829 3889 alios

1939 3659 2061 3698 men
2092 3659 2152 3697 ea
2183 3642 2344 3699 fuisse
2372 3645 2696 3700 credendum
2728 3658 2833 3716 est,
2861 3667 2980 3721 qua:
3009 3652 3168 3708 aliam
3197 3659 3435 3726 regulam
3471 3660 3536 3714 li-

1937 3737 2023 3793 dei
2054 3737 2492 3806 superduccreut,
2517 3739 2783 3796 diversam
2810 3753 2865 3798 et
2893 3747 3218 3803 contrariam
3250 3751 3345 3819 illi,
3372 3769 3534 3823 quam

1937 3829 2224 3885 Catholicae
2247 3828 2328 3900 (ά)
2352 3830 2403 3884 1η
2433 3832 2666 3887 medium
2691 3834 3071 3904 proferebant;
3100 3842 3334 3898 utalium
3359 3845 3532 3906 Deum

1440 3948 1818 4009 LECTIONES
1854 3945 2269 4006 VARIANTES.

281 4047 358 4110 (1)
393 4045 492 4110 Sed
518 4059 614 4110 non
641 4054 773 4110 pain.
797 4042 944 4110 Sentl.

279 4106 354 4173 (2)
394 4108 533 4158 Enim
571 4107 728 4173 deleo.
756 4106 960 4160 Semler.

280 4171 356 4234 (ὅ)
393 4173 545 4223 Serva
568 4171 748 4233 Rigalt.

279 4231 356 4295 (t)
392 4234 508 4283 Tam
535 4231 732 4284 tacitum
762 4233 912 4283 Fran.
938 4231 1105 4284 Paris.
1133 4237 1230 4282 tam
1261 4231 1489 4281 idoneum
1515 4231 1666 4282 Seml.

302 4296 354 4347 51
391 4296 564 4346 Filiole
589 4297 793 4346 Semler.

391 4300 564 4346 Filiole
589 4300 793 4346 Semler.

277 4300 355 4421 (ὃς
395 4360 484 4417 Qui
501 4359 733 4420 justilicat
764 4355 831 4406 al.

275 4416 354 4486 (7)
475 4416 604 4487 abest
629 4421 777 4487 From
812 4416 977 4487 Paris.
1316 4486 1319 4487 ν
1478 4477 1506 4487 η

278 4478 355 4548 (8)
393 4483 719 4544 Intellegerat
741 4482 1192 4545 Seml.iutelligere
1219 4486 1330 4532 erat
1378 4478 1555 4545 coniic.
1601 4479 1818 4532 Rhenan.

207 4548 428 4608 intelligi
453 4553 560 4596 erat
579 4548 698 4595 Jun.

277 4611 354 4673 (9)
389 4607 687 4660 Remotioris
706 4608 938 4659 doctrinae
962 4607 1114 4660 then.

2129 4038 2292 4110 Palam
2333 4038 2486 4110 deleo.
2516 4041 2666 4093 Seml.
2692 4050 2793 4106 post
2821 4056 2955 4097 Pam.

2021 4104 2093 4163 ll)
2129 4102 2311 4163 Volunt
2335 4102 2498 4153 Paris.
2525 4102 2856 4160 monet'Pant.
2884 4111 3033 4162 Seml.

2017 4162 2096 4224 12)
2117 4165 2189 4212 Ad
2215 4162 2367 4215 deleo.
2392 4175 2524 4215 Pam.
2545 4169 2750 4221 Semler.

2018 4229 2094 4298 is.)
2130 4227 2283 4298 illaciti
2311 4238 2444 4298 μαίνε-
2472 4230 2620 4298 ξςηιιο

2019 4289 2097 4352 14)
2134 4289 2342 4354 Modiam
2362 4289 2470 4354 Rig.
2485 4295 2653 4342 Venet.

2019 4354 2094 4430 ρ
2131 4352 2342 4430 glas-triti
2354 4352 2512 4430 Sami.
2532 4356 2715 4430 abstrui
2737 4365 2880 4430 (iam.
2896 4360 3047 4409 Fran.
3065 4361 3215 4430 men.
3241 4366 3362 4418 Jan.

1925 4413 2088 4542 deﬁce)
2132 4413 2231 4463 Illa
2254 4426 2388 4477 pars,
2412 4425 2494 4465 aut
2518 4417 2718 4469 niiuime
2743 4421 3127 4489 intellexerunt,
3150 4424 3201 4479 in
3401 4427 3523 4486 edit.

2018 4541 2090 4604 17)
2126 4537 2431 4604 DeSemler.

2018 4543 2090 4604 17)
2126 4543 2202 4588 De
2228 4543 2431 4589 Semler.

1845 4587 1898 4650 Ι)
1986 4543 2090 4668 (l8)
2127 4603 2350 4653 Ordiuari
2374 4603 2524 4656 Seml.
2549 4607 2796 4660 ordiuarie
2830 4608 2981 4662 Itlten.

1589 4707 2147 4768 COMMENTARIUS.

202 4838 291 4892 rio
307 4835 630 4904 adaquatur.
653 4832 730 4889 Ne
747 4843 902 4904 putes
915 4832 1030 4888 haec
1049 4832 1249 4888 directe
1269 4830 1493 4901 proferri
1513 4830 1580 4884 ab
1602 4830 1814 4904 erudito

201 4911 368 4970 viro;
402 4902 454 4962 id
479 4909 620 4961 enim
642 4902 791 4976 quasi
823 4919 917 4976 per
939 4908 1342 4959 concessionem
1366 4903 1547 4958 dicere
1577 4902 1809 4976 videtur,

243 4979 355 5035 uod
374 4979 522 5033 solus
538 4975 732 5033 evincit
751 4975 1053 5042 contextus,
1069 4980 1216 5044 quasi
1240 4975 1443 5029 diceret
1458 4991 1472 5028 τ
1487 4975 1813 5029 concedatur

229 5046 381 5122 quod
413 5063 590 5106 tamen
617 5048 1018 5122 concedendum
1047 5063 1153 5122 non
1182 5048 1284 5122 est)
1327 5046 1541 5122 Petrum
1576 5057 1629 5099 et
1667 5046 1805 5100 Pau-

197 5118 322 5179 lum
353 5138 510 5192 pares
548 5137 650 5175 non
699 5121 863 5174 fuisse
889 5161 905 5184 ,
939 5122 1052 5174 sive
1079 5119 1299 5192 dispari‘
1323 5118 1809 5192 extitisse_senten-

198 5198 282 5248 tia
309 5211 324 5257 ;
355 5188 547 5248 tamen
575 5191 809 5262 mquales
839 5193 1057 5245 omnino
1089 5190 1252 5243 luisse
1279 5189 1547 5243 latendum
1574 5188 1624 5262 in
1669 5204 1808 5262 m_ar-

198 5268 372 5338 tyrio,
413 5265 565 5338 quod
613 5259 709 5338 pro
738 5263 951 5316 Christo
979 5261 1186 5338 fortiter
1216 5263 1356 5329 passi
1387 5269 1560 5338 su‘nt.‘
1591 5259 1668 5331 La;

285 5337 361 5408 (a)
402 5331 469 5388 In
519 5331 716 5388 tertium
766 5349 923 5408 usque
965 5334 1145 5408 celum
1182 5331 1807 5408 ereptus_Pa_ulns._Hoc

194 5402 370 5463 etiam
420 5408 723 5460 inimtuerat
765 5405 1052 5459 Lucianiro
1105 5402 1438 5472 Triephonti.
1471 5403 1602 5456 Nam
1663 5403 1803 5457 haud

194 5480 374 5534 dubie
407 5479 626 5532 Paulum
652 5477 908 5530 describit
934 5477 1018 5529 his
1049 5476 1224 5529 verbis
1257 5493 1267 5527 :
1303 5484 1440 5534 ἡνῑκα
1469 5479 1516 5528 δέ
1541 5499 1625 5542 μοι
1654 5482 1801 5526 Falt-

195 5558 339 5610 )¢io¢
370 5557 576 5618 ἕνάτυχιν
604 5555 972 5616 ἀναῳαὶινῖίας,
1018 5554 1263 5616 (afﬁciatur.
1299 5552 1364 5606 εἰς
1393 5559 1545 5616 τρίταν
1591 5551 1797 5618 οὐρανὸν,

194 5617 671 5692 ἀερςσιττέσάςηκιιί
697 5629 760 5674 τὰ.
784 5629 1018 5687 κάλλεσι-ει
1049 5627 1402 5692 εκμεμαθηκὼσ,
1438 5631 1558 5692 _etc.
1606 5617 1723 5672 lilG.

274 5690 701 5747 C.\P.XXV.—
733 5693 810 5757 (1))
843 5693 938 5756 Qui
965 5691 1182 5758 viri/ient
1211 5691 1400 5741 omnia.
1437 5689 1510 5743 Ex
1545 5703 1638 5741 usu
1662 5705 1799 5756 gne-

191 5781 266 5820 Cu
295 5771 691 5832 εζωοποιοῦντος.
741 5763 841 5815 Alii
874 5763 1086 5815 codices
1131 5760 1346 5833 habent,
1390 5763 1475 5829 qui
1520 5762 1792 5833 justi/ient,

190 5831 367 5895 veluti
395 5852 458 5892 ac
483 5838 529 5891 Si
558 5836 846 5891 haberetur
878 5837 1190 5899 δικισοῦντος.
1225 5831 1299 5888 LE
1331 5833 1428 5888 PR.

1990 4827 2143 4884 CAP.
2167 4827 2435 4884 XXVI.—
2455 4829 2532 4903 (ο)
2567 4830 2650 4885 Ne
2663 4848 2813 4885 unam
2832 4850 3022 4888 mnam.
3055 4838 3289 4895 Annotat
3308 4841 3392 4898 hic
3408 4843 3520 4900 Ma-

1916 4916 2105 4956 cercus
2128 4917 2327 4966 mnam,
2355 4904 2464 4956 sive
2485 4904 2705 4964 minam.
2740 4905 2975 4961 valuisse
2992 4907 3176 4963 decem
3207 4925 3490 4970 coronatos

1915 4974 2057 5053 quod
2079 4989 2142 5027 ex
2164 4961 2652 5053 Βυάάξηοβιιιειρείι.
2673 4961 2812 5053 Plin.
2829 4978 2916 5031 lib.
2939 4961 3085 5053 xxi;
3100 4961 3263 5053 Bisi,-
3275 4961 3519 5053 ἰιίέιέἶξῖτῖἒ

1914 5048 2222 5118 quit,quam
2252 5045 2416 5118 nostri
2439 5047 2633 5099 minam
2666 5047 2878 5110 dicunt,
2907 5050 3099 5118 pendet
3124 5045 3517 5113 draelunas'ar-

1913 5117 2046 5170 ticas
2061 5116 2527 5191 ceiittiriij'idettir
2546 5133 2671 5191 vero
2687 5116 2928 5191 uterque
2957 5126 3303 5191 evangelista,
3320 5137 3373 5181 et
3400 5129 3512 5183 Lu-

1912 5203 2030 5270 cas.
2049 5189 2284 5270 qui/uin
2311 5188 2522 5257 legit,et
2555 5188 2858 5257 Matthteus,
2877 5193 2965 5270 qui
3000 5188 3273 5270 talentum,
3294 5188 3398 5252 non
3415 5217 3514 5270 pro

1911 5269 2057 5313 certo
2085 5259 2262 5326 aliquo
2292 5275 2488 5328 genere
2520 5276 2854 5316 nummorum
2901 5264 3228 5321 intellexisse
3252 5259 3269 5331 ,7
3312 5259 3428 5324 sed.
3455 5275 3507 5327 in

1911 5346 2145 5398 genere;
2177 5345 2313 5404 cum
2355 5331 2652 5404 talentum,
2700 5334 2889 5388 eodem
2935 5335 3169 5391 Buddmo
3219 5347 3387 5404 teste.
3439 5343 3510 5399 60

1913 5418 2065 5455 muas
2117 5402 2361 5465 valuerit,
2409 5417 2527 5471 qua:
2567 5402 2636 5456 60
2677 5415 2959 5460 coronatos
3003 5407 3193 5464 Valent.
3255 5402 3388 5466 Pus.
3435 5445 3511 5458 -

1909 5471 2031 5548 Mira
2061 5514 2087 5548 ,ί
2125 5485 2178 5548 ut
2213 5473 2456 5548 legimus
2521 5475 2570 5526 in
2613 5477 2752 5548 notis
2792 5477 2856 5530 ad
2905 5479 3205 5534 versionem
3257 5485 3506 5548 gallicam

1906 5547 2091 5621 optimi
2125 5545 2222 5621 viri
2257 5543 2323 5598 de
2355 5543 2771 5616 Gourcy,valuit
2800 5549 2968 5602 tribus
2999 5558 3053 5604 et
3075 5543 3360 5621 nonaginta
3387 5555 3504 5614 fere

1906 5617 2118 5669 lrancis.
2152 5617 2278 5669 Eon.

1977 5687 2056 5756 (ιι)
2094 5687 2354 5740 Diversum
2391 5696 2437 5740 et
2474 5688 2782 5742 contrariam
2819 5691 2912 5752 illi,
2961 5707 3114 5758 quam
3148 5694 3413 5751 cat/colica:
3447 5700 3500 5754 in

1902 5759 2127 5836 medium
2174 5759 2517 5836 proferebant.
2553 5760 2626 5813 Ita
2667 5761 2918 5836 scribitur
2962 5765 3031 5836 in
3062 5766 3294 5836 antiquis
3317 5785 3502 5826 exem-

1898 5829 2156 5901 plaribus.
2211 5829 2316 5885 Sed
2365 5831 2595 5888 arbitror
2646 5833 2828 5892 verius
2876 5834 3037 5892 scribi
3093 5829 3495 5910 adverbialiter,
