4242 6492
690 362 763 420 59
2099 350 2561 411 TERTULLIANI
3924 345 3995 400 40

665 478 749 535 .in
796 476 1020 534 ecclesia
1050 474 1313 542 dicerent,
1341 474 1504 530 alium
1550 474 1603 530 in
1633 472 1902 555 ItOSpitiO',
1931 472 2090 527 aliam
2129 472 2287 527 Chri-
2314 477 2367 538 Α
2393 471 2539 526 aliud
2564 469 2899 542 evangelium.
2950 465 3085 523 Item
3111 464 3178 522 ad
3206 462 3514 522 Corinthios
3539 464 3821 535 scriptum,
3850 463 3991 531 quod

691 570 763 626 sti
807 569 1157 625 substantiam
1186 567 1530 639 designarent
1570 567 1621 621 in
1667 575 1892 637 aperto,
1923 566 2081 621 aliam
2114 565 2165 620 in
2206 579 2292 621 sc-

693 671 872 729 creto;
915 662 1073 717 aliam
1118 675 1269 732 spem
1300 659 1711 716 resurrectionis
1757 658 1896 728 apud
1950 673 2139 713 omnes
2191 672 2291 713 an-

693 756 1022 822 nuntiarent,
1063 755 1220 811 aliam
1270 754 1411 826 apud
1458 769 1697 825 paucos:
1754 768 1875 808 cum
1908 752 2006 823 ipsi
2038 752 2290 807 obsecra-

695 860 815 905 rent
844 848 924 921 (I)
969 849 1020 903 in
1049 847 1305 920 Epistolis
1350 847 1483 915 suis,
1515 856 1569 902 ut
1596 846 1820 917 idipsnm
1858 857 1904 900 et
1935 862 2091 899 unum
2117 846 2293 914 loque-

696 951 871 997 rentur
899 955 1089 1008 omnes,
1113 949 1159 995 et
1185 958 1286 995 non
1313 951 1479 995 essent
1507 941 1782 996 schismata
1807 948 1853 994 et
1880 940 2219 994 dissensiones
2240 940 2292 993 in

695 1034 931 1091 Ecclesia
960 1033 1017 1105 (I
1046 1032 1188 1100 Con,
1219 1033 1260 1099 l,
1295 1034 1363 1089 I0
1386 1035 1407 1105 )
1429 1075 1442 1097 ,
1473 1033 1593 1104 quia
1624 1033 1739 1089 sive
1766 1033 1964 1088 Paulus
1984 1075 1998 1099 ,
2028 1033 2140 1088 sive
2169 1034 2291 1099 alii,

695 1126 885 1182 cadent
932 1125 1305 1196 praedicarent.
1358 1126 1612 1196 Alioquin
1642 1126 1999 1181 meminerant
2032 1143 2044 1178 :
2072 1123 2152 1197 (a)
2210 1126 2292 1181 Sit

696 1236 862 1275 sermo
880 1230 1060 1285 vester,
1084 1229 1176 1287 est,
1224 1230 1335 1298 est;
1382 1236 1508 1283 non,
1556 1236 1693 1285 non;
1730 1220 1865 1289 quod
1912 1219 2156 1289 amplius,
2198 1220 2293 1274 hoc

709 1330 742 1366 a
772 1313 907 1367 malo
934 1322 1002 1367 est
1035 1309 1289 1384 (Matllt.,
1323 1312 1385 1377 V,
1420 1313 1487 1367 ’57
1511 1310 1565 1382 );
1595 1328 1665 1368 ne
1698 1312 1900 1368 scilicet
1927 1312 2007 1384 (2)
2042 1312 2290 1384 Evange-

699 1405 827 1463 lium
860 1406 913 1461 in
943 1404 1253 1463 diversitate
1280 1414 1595 1462 tractarent.

1266 1518 1494 1576 CAPUT
1535 1518 1751 1574 XXVII.

706 1632 871 1691 Unam
900 1636 1053 1691 etiam
1082 1635 1315 1707 regulam
1332 1635 1453 1704 ﬁdei
1483 1652 1566 1690 eos
1592 1636 1889 1699 instituisse,
1921 1648 2023 1691 tam
2045 1637 2114 1690 ad
2142 1638 2300 1693 cccle-

774 1732 878 1786 sias
924 1738 1181 1801 correptus
1213 1738 1383 1801 postea
1413 1730 1735 1797 emendatas,
1768 1748 1921 1801 quam
1952 1732 2020 1785 ad
2056 1750 2139 1787 eas
2177 1750 2303 1804 quas

772 1823 1207 1879 commendarunt.

776 1956 851 2029 (ὁ)
892 1956 949 2012 Si
992 1972 1120 2027 ergo
1160 1956 1473 2013 incredibile
1503 1965 1607 2025 est,
1640 1958 1719 2015 vel
1758 1957 2032 2030 ignorasse
2073 1960 2301 2031 Aposto-

701 2049 785 2107 los
814 2050 1195 2119 plenitudinem
1221 2049 1633 2120 praedicationis,
1662 2052 1751 2106 vel
1784 2069 1888 2108 non
1918 2068 2132 2108 omnem
2157 2054 2300 2108 ordi-

703 2156 827 2197 nem
857 2142 1053 2213 regula:
1082 2143 1332 2197 omnilms
1361 2142 1614 2207 edidisse,
1644 2143 1920 2198 videamus
1948 2161 2014 2200 ne
2046 2144 2183 2202 forte
2214 2146 2295 2217 (3)

704 2234 950 2303 Apostoli
998 2233 1213 2304 quidem
1265 2234 1580 2305 simpliciter
1627 2238 1684 2291 et
1722 2237 1877 2307 plene
1907 2238 2011 2308 (4),
2045 2237 2299 2295 Ecclesiae

703 2337 882 2383 autem
910 2343 1011 2382 suo
1041 2328 1168 2382 vitio
1194 2327 1348 2384 aliter
1373 2331 1680 2401 acceperint
1704 2347 1863 2401 quam
1903 2334 2147 2401 Apostoli
2179 2348 2301 2403 pro—

705 2418 967 2476 ferebant.
1002 2419 1192 2475 Omnia
1240 2422 1338 2477 ista
1368 2423 1799 2492 scrupulositatis
1828 2424 2173 2479 incitamenta
2216 2426 2300 2479 in-

704 2515 889 2570 venias
933 2514 1191 2585 praetendi
1243 2514 1312 2569 ab
1360 2516 1645 2571 hmreticis.
1676 2516 1882 2571 Tenent
1912 2526 2189 2588 correptas
2234 2518 2303 2573 ab

703 2610 963 2681 Apostolo
994 2609 1259 2665 Eeclesias
1290 2624 1302 2661 :
1338 2609 1383 2663 0
1414 2610 1652 2664 insensali
1695 2608 1915 2678 Calatia,
1942 2612 2057 2681 quis
2084 2628 2168 2667 vos
2195 2616 2303 2683 fas-

704 2704 928 2759 cinavit?
975 2713 1031 2759 ct
1060 2720 1074 2757 :
1108 2702 1237 2757 Tant
1283 2703 1405 2758 bene
1429 2702 1509 2775 (5)
1536 2703 1836 2771 currebatis,
1871 2706 1983 2775 quis
2012 2720 2099 2759 vos
2144 2706 2300 2775 impe-

705 2796 842 2849 diit?
874 2795 1152 2866 ipsumque
1181 2796 1498 2866 principium
1538 2814 1552 2852 :
1584 2795 1750 2850 Miror
1800 2798 1936 2867 quod
1964 2798 2036 2851 sic
2066 2807 2169 2851 tam
2211 2799 2309 2853 cito

2393 576 2575 623 essent
2600 566 2773 621 adhuc
2800 566 3054 629 carnales,
3079 562 3169 633 qui
3212 562 3343 615 lacte
3383 560 3743 622 educarentur,
3765 558 3996 613 nondum

2395 661 2567 716 idonei
2611 660 2679 714 ad
2735 659 3005 730 pabulum;
3060 657 3150 728 qui
3201 667 3435 726 putarent
3478 673 3530 709 se
3576 657 3702 709 scire
3741 655 3941 723 aliquid
3973 692 3987 714 .

2396 754 2611 826 quando
2669 752 2896 807 nondum
2940 750 3125 804 scirent
3186 748 3609 815 quemadmodum
3654 748 3781 799 scire
3836 761 3994 813 apor-

2401 856 2543 902 teret.
2614 846 2747 900 Cum
2796 852 3074 913 correptas
3122 840 3379 896 ecclesias
3418 847 3718 908 opponunt,
3773 835 3997 891 credant

2400 940 2730 999 emendatas.
2761 939 2867 995 Sed
2899 947 2954 995 et
2983 938 3099 991 illas
3131 946 3539 1006 recognoscant,
3574 934 3650 1003 (c)
3676 935 3743 987 dc
3768 948 3997 1003 quorum

2401 1036 2505 1091 fide
2534 1045 2587 1089 ct
2615 1034 2835 1090 scientia
2877 1040 2933 1088 et
2958 1030 3367 1087 conversatione
3400 1028 3686 1097 Apostolus
3709 1026 3925 1097 gaudet,
3945 1035 4001 1079 ct

2399 1129 2512 1185 Deo
2538 1127 2736 1198 gratias
2765 1125 2874 1196 agit
2902 1142 2915 1177 :
2949 1139 3067 1194 ane
3111 1133 3288 1178 tamen
3330 1122 3492 1178 hodie
3517 1136 3639 1176 cum
3668 1120 3774 1175 illis
3799 1134 3990 1175 corre-

2398 1223 2503 1294 ptis
2528 1222 2687 1277 unius
2710 1217 3059 1275 institutionis
3080 1217 3201 1285 jura
3231 1216 3478 1270 miscent.

2945 1348 3173 1407 CAPUT
3212 1346 3449 1404 XXVIII.

2404 1472 2554 1540 Quod
2581 1480 2749 1526 autent
2777 1470 2917 1539 apud
2948 1469 3132 1522 multos
3174 1484 3329 1522 unum
3360 1469 3629 1534 invenitur,
3668 1485 3768 1523 non
3806 1466 4004 1523 censeri

2874 1573 3116 1628 erratum,
3148 1564 3237 1617 sed
3267 1564 3528 1617 traditam.

2479 1686 2591 1755 Age
2633 1698 2799 1746 nunc,
2846 1695 3036 1736 omnes
3064 1680 3397 1744 erraverint;
3445 1679 3701 1749 deceptus
3746 1682 3811 1735 sit
3854 1682 4005 1750 Apo-

2408 1776 2578 1833 stolus
2601 1775 2670 1832 de
2711 1774 3018 1831 testimonio
3044 1771 3318 1828 reddendo
3356 1772 3675 1843 quibusdam
3721 1773 3833 1841 (7);
3885 1772 4008 1825 nul-

2332 1853 2379 1915 Β
2408 1870 2512 1925 lam
2544 1870 2842 1941 respexerit
2868 1867 3102 1939 Spiritus
3130 1864 3379 1926 Sanctus.
3410 1867 3485 1920 uti
3516 1883 3626 1920 eam
3655 1867 3711 1920 in
3744 1867 4005 1919 veritatem

2404 1964 2670 2017 deduceret
2698 1960 2919 2031 (Joan.,
2944 1958 3085 2022 XIV,
3108 1958 3179 2013 26
3203 1960 3241 2028 ),
3264 1958 3329 2012 ad
3358 1957 3459 2013 hoc
3489 1960 3683 2012 missus
3707 1975 3736 2011 a
3762 1958 4004 2023 Christo,

2404 2057 2471 2112 ad
2505 2060 2605 2111 hoc
2651 2056 2951 2125 postulatus
2980 2055 3047 2109 de
3093 2054 3267 2115 Patre,
3316 2062 3373 2107 ut
3398 2062 3543 2107 esset
3574 2052 3748 2105 doctor
3776 2052 4006 2105 veritatis

2405 2148 2626 2217 (Joan.,
2661 2147 2776 2211 XV,
2808 2146 2955 2218 9.6);
2991 2144 3285 2215 neglexerit
3329 2144 3565 2198 officium
3614 2145 3705 2198 Dci
3759 2143 3969 2198 villicus
3992 2185 4005 2207 ,

2403 2241 2604 2297 Christi
2635 2240 2889 2303 vicarius,
2918 2239 3103 2293 sinetis
3127 2236 3391 2292 Ecclesias
3416 2236 3571 2291 aliter
3601 2236 3815 2290 interim
3848 2235 4009 2289 intel-

2407 2336 2593 2405 ligere,
2609 2334 2765 2389 aliter
2788 2332 3030 2395 credere,
3051 2347 3208 2401 quam
3227 2331 3306 2401 (8)
3323 2331 3435 2400 ipse
3456 2346 3550 2399 per
3570 2330 3858 2399 Apostolos
3874 2344 4012 2398 prae—

2405 2427 2619 2485 dicabat
2666 2444 2679 2480 :
2728 2426 2919 2495 ecquid
2964 2424 3255 2478 verisimile
3306 2433 3409 2488 cst,
3440 2432 3499 2477 ut
3528 2432 3601 2476 tot
3648 2439 3710 2476 ac
3743 2430 3901 2476 tanta
3953 2422 4006 2475 in

2407 2535 2568 2575 unam
2596 2518 2752 2574 fidem
2772 2517 3101 2574 erraverint?
3121 2516 3202 2585 (Δ)
3215 2514 3402 2570 Nullus
3419 2517 3555 2570 inter
3571 2517 3768 2570 multos
3786 2520 4013 2569 eventus

2407 2628 2546 2668 unus
2571 2621 2653 2668 cst
2677 2612 2853 2668 exitus
2879 2630 2892 2667 :
2914 2609 3147 2665 variasse
3180 2610 3436 2665 debuerat
3464 2623 3617 2663 error
3647 2607 3726 2677 (9)
3748 2607 4013 2662 doctrina!

2412 2705 2796 2761 Ecclesiarum.
2842 2702 3152 2769 Caeterum,
3200 2702 3342 2771 quod
3390 2701 3532 2771 apud
3590 2702 3785 2756 multos
3844 2717 4013 2755 unum

2414 2799 2703 2863 invenitur,
2736 2811 2841 2851 non
2869 2805 2954 2852 est
2980 2804 3237 2861 erratum,
3269 2794 3365 2851 sed
3416 2795 3669 2849 traditum
3699 2795 3840 2865 (l0).
3899 2799 4014 2850 Au-

708 2889 1083 2959 transferemini
1112 2886 1175 2942 ab
1202 2904 1261 2943 eo
1286 2889 1374 2959 qui
1417 2904 1504 2943 vos
1552 2888 1634 2959 (6)
1676 2890 1867 2944 vocavit
1920 2890 1972 2944 in
2014 2893 2178 2963 gratia
2197 2932 2213 2959 ,
2242 2892 2311 2945 ad
2413 2891 2538 2948 deat
2561 2906 2689 2961 ergo
2714 2889 2907 2961 aliquis
2930 2888 3111 2945 dicere
3133 2888 3251 2944 illos
3273 2901 3485 2944 errasse
3511 2888 3601 2958 qui
3630 2887 4015 2942 tradiderunt?

1950 3004 2335 3065 LECTIONES
2375 3004 2791 3063 VARIANTES.

768 3143 842 3206 (Ι)
877 3140 1213 3206 Observarent
1234 3141 1366 3206 .lun._
1382 3138 1534 3191 Seml.

797 3201 848 3268 2’)
884 3204 1085 3268 Scilicet
1106 3201 1204 3268 del.
1233 3201 1440 3268 Semler.

793 3264 841 3329 5)
884 3268 1029 3316 Forte
1054 3266 1205 3329 deleo.
1243 3264 1449 3317 Semler.

800 3324 843 3391 I)
878 3330 1029 3379 Plane
1054 3324 1159 3377 alii.

800 3333 843 3391 i)
878 3333 1029 3379 Plane
1054 3333 1157 3377 alii.

768 3333 842 3457 (ὅ)
881 3391 1005 3442 Item
1036 3392 1157 3442 Jun.

2480 3139 2545 3203 (6)
2586 3139 2712 3205 Suos
2742 3141 2911 3205 vertet.
2930 3137 3055 3205 illig.

2473 3201 2540 3267 (7)
2583 3203 2876 3261 Quibusdam
2905 3201 3134 3267 tldfllig.
3166 3203 3334 3253 Venet.

2474 3266 2547 3330 (8)
2584 3267 2721 3324 Quod
2754 3269 2919 3315 Venet.
2944 3266 3064 3315 Jun.

2472 3327 2546 3388 (9)
2583 3330 2815 3381 Ordinem
2848 3332 2994 3378 Rhea.
3022 3331 3143 3378 Jun.
3170 3327 3319 3377 Seml.

2473 3394 2576 3455 (10)
2612 3392 2714 3442 Sed
2737 3392 2963 3442 traditum
2986 3405 3155 3455 suppr.
3183 3392 3333 3442 Rhea.
3359 3389 3510 3442 Seml.

2083 3519 2644 3577 COMMENTARIUS.

713 3658 972 3720 Catholice
1010 3659 1114 3715 hoc
1150 3667 1232 3715 est
1255 3700 1268 3723 ,
1317 3657 1369 3711 in
1411 3656 1669 3712 Ecclesia.
1694 3656 1786 3711 Ait
1812 3657 1978 3722 enim,
2009 3656 2294 3725 Apostolus

711 3750 820 3790 non
852 3735 1007 3788 aliam
1036 3732 1272 3801 regulam
1301 3729 1613 3791 domestice,
1636 3729 1757 3801 sive
1789 3728 1839 3781 in
1874 3728 2103 3796 hospitio
2131 3730 2295 3782 tradi-

714 3806 879 3869 disse,
911 3805 1068 3859 aliam
1099 3799 1380 3865 catholiee,
1408 3802 1522 3855 sive
1552 3800 1602 3853 in
1632 3799 1904 3863 Ecclesia;
1936 3816 2109 3868 neque
2136 3802 2295 3854 aliam

713 3879 767 3935 in
796 3884 1023 3938 secreto,
1054 3874 1211 3928 aliam
1237 3874 1288 3926 in
1319 3880 1525 3942 aperto.
1550 3872 1639 3926 Sic
1665 3871 1798 3942 libro
1825 3871 1891 3925 de
1921 3872 2087 3940 Fuga,
2121 3870 2300 3926 Perse-

713 3951 964 4003 cutiunem
1002 3947 1245 3999 catholice
1286 3941 1426 4009 ﬁeri,
1470 3960 1624 4014 quum
1660 3941 1887 3995 Ecclesia
1914 3960 2013 4014 non
2043 3959 2116 4014 cas,
2134 3953 2298 4012 parte,

714 4020 803 4075 sed
828 4020 991 4073 onmis
1017 4028 1061 4071 et
1090 4016 1362 4070 universim
1398 4013 1701 4075 concutitur,
1736 4024 1959 4067 vexatur.
1989 4013 2077 4067 Sic
2108 4013 2197 4067 lib.
2233 4014 2298 4079 II,

715 4092 973 4146 adversus
1000 4088 1320 4142 Marcionem
1344 4102 1357 4147 ;
1383 4085 1698 4140 Catholicam
1726 4086 2019 4148 bonitatem,
2045 4094 2149 4138 toto
2181 4087 2302 4139 orbe

715 4161 979 4229 cli/fusam.
1030 4158 1095 4213 Et
1138 4158 1231 4212 lib.
1281 4157 1346 4229 IV
1394 4175 1406 4211 :
1453 4156 1766 4229 Catholicam
1813 4153 2161 4229 Hierusalem,
2206 4172 2302 4226 pro

718 4227 968 4290 universa
1004 4231 1245 4285 Ecclesia
1276 4228 1590 4283 christiana.
1631 4228 1719 4283 Sic
1753 4227 1911 4280 etiam
1944 4227 2146 4297 profani
2173 4230 2307 4282 scri-

727 4315 911 4375 ptores
939 4302 1204 4358 catholica
1232 4301 1455 4375 dixere,
1486 4299 1806 4375 universalia
1833 4338 1849 4363 ,
1881 4308 1947 4375 ut
1972 4299 2319 4375 Plitiitts._ea-

720 4369 917 4432 iholica
939 4374 1174 4429 siderum
1196 4372 1506 4433 errantium,
1527 4380 1580 4425 et
1598 4370 1858 4425 catholica
1878 4369 2165 4438 fulgurum.
2190 4370 2310 4425 Ille.

796 4450 874 4518 (a)
929 4448 1012 4501 Sit
1057 4460 1221 4518 sermo
1262 4454 1441 4518 vester,
1496 4441 1606 4506 Est,
1650 4451 1743 4518 est,
1788 4439 1908 4494 Non
1954 4458 2073 4494 non.
2120 4442 2311 4518 Christi

723 4512 886 4575 verba
930 4524 1055 4572 sunt
1082 4557 1095 4577 ,
1128 4514 1317 4569 Matth.
1353 4512 1390 4566 V
1416 4554 1429 4577 ,
1464 4513 1895 4579 vetatitisjurare
1921 4554 1935 4577 ,
1979 4522 2137 4582 atque
2165 4512 2311 4565 omni

724 4590 941 4660 quidem
966 4586 1149 4652 modo,
1183 4587 1295 4639 sive
1327 4599 1421 4655 per
1446 4585 1656 4646 etelnni,
1686 4584 1797 4663 sive
1827 4598 1919 4663 per
1944 4592 2163 4676 terram,
2197 4585 2309 4676 sive
2338 4617 2386 4676 Β

723 4653 820 4731 per
841 4669 1017 4727 caput.
1047 4659 1127 4713 Sit
1151 4653 1510 4731 antem'sermo
1532 4665 1710 4731 vester,
1736 4654 1927 4731 inquit.
1950 4653 2045 4731 list
2067 4665 2157 4714 est.
2185 4653 2307 4709 Non

724 4723 847 4787 itan.
880 4723 1009 4798 Qua:
1055 4728 1211 4783 verba
1254 4727 1350 4782 etsi
1397 4725 1721 4798 generaliter
1753 4725 1819 4798 ad
1863 4723 2169 4798 Iudaeorum
2200 4735 2310 4781 tur-

725 4795 1010 4867 bam,iron
1050 4800 1352 4867 specialiter
1396 4795 1463 4852 ad
1507 4797 1626 4851 illos
1670 4795 1953 4852 duodecim
1993 4796 2131 4851 dicta
2164 4801 2306 4864 sint;

726 4873 1075 4930 nihilominus
1103 4879 1280 4925 tamen
1308 4870 1464 4923 etiam
1496 4868 1784 4937 discipulos
1813 4909 1828 4933 ,
1859 4869 1969 4921 sive
1998 4869 2269 4937 apostolos
2294 4912 2307 4935 ,

726 4944 918 5002 iisdem
950 4944 1126 5000 verbis
1150 4942 1451 4996 admonitos
1482 4940 1649 4994 fuisse
1684 4941 1759 4993 ait
1788 4939 2083 5008 Septimius
2108 4951 2310 5005 uoster,

728 5033 797 5074 ne
837 5018 1042 5072 scilicet
1070 5012 1416 5081 Evangeliuin
1450 5012 1499 5063 in
1530 5011 1838 5081 diversitate
1868 5020 2173 5065 tractarent.
2209 5012 2315 5066 Sed

726 5087 856 5156 quid
903 5087 969 5141 ad
1014 5080 1281 5153 Evangelii
1310 5084 1673 5156 tractationem
1708 5080 1951 5156 formula
1976 5082 2314 5147 affirmandi;

728 5152 848 5223 Est,
874 5168 966 5223 est,
999 5167 1093 5211 aut
1132 5152 1394 5225 negandi;
1436 5152 1581 5216 Non,
1607 5153 1756 5206 non?
1787 5169 1914 5225 sane
1944 5155 2318 5225 ltociscnsissc

730 5232 941 5287 videtur
962 5224 1271 5298 Septimius,
1294 5226 1562 5280 Christum
1581 5241 1683 5298 non
1706 5224 1999 5293 simplicem
2018 5224 2319 5298 aflirmandi

732 5294 1345 5374 negandive'formulam
1376 5296 1785 5374 prmscripsinsse,
1817 5311 1997 5374 verum
2028 5294 2129 5350 hoc
2154 5299 2315 5351 etiam

734 5365 1062 5443 significasse
1088 5413 1101 5435 ,
1135 5365 1384 5425 Omnium
1404 5368 1620 5443 quidem
1651 5365 2075 5443 Christianorum
2109 5383 2287 5443 sermo

737 5438 857 5508 nés,
886 5445 1053 5497 multo
1069 5454 1245 5497 autem
1278 5442 1444 5508 magis
1467 5438 1865 5507 Apostolorum,
1894 5440 2157 5509 praecipua
2184 5440 2319 5494 veri-

737 5517 863 5571 tatis
888 5516 1190 5568 sinceritatc
1219 5510 1581 5566 commendari
1608 5551 1622 5573 ,
1655 5510 1699 5562 si
1749 5510 1881 5561 nihil
1923 5512 1971 5563 in
2004 5526 2061 5564 se
2093 5511 2322 5565 habeant

737 5588 959 5653 qua-sita
988 5585 1277 5638 subtilitate
1302 5582 1544 5643 dubium,
1583 5580 1710 5653 nihil
1739 5580 1790 5633 in
1815 5582 2099 5653 ancipitem
2137 5583 2324 5637 defen-

740 5650 945 5715 sionem
985 5664 1275 5709 retortum:
1307 5654 1489 5721 Neque
1531 5653 1617 5707 ille
1642 5652 1820 5705 dieat:
1855 5650 1991 5716 Est,
2026 5652 2133 5715 ille,
2163 5652 2279 5708 Non
2307 5671 2319 5707 :

742 5730 835 5787 sed
867 5743 1055 5782 omnes
1082 5728 1277 5794 pariter
1302 5766 1314 5786 ,
1342 5725 1439 5779 Est
1464 5766 1477 5788 ,
1510 5734 1627 5787 est;
1658 5723 1767 5777 Non
1796 5765 1810 5787 ,
1840 5737 1966 5775 non.
1991 5722 2172 5793 Neque
2198 5740 2324 5780 vero

780 5801 1101 5856 ermisceant
1127 5813 1356 5867 unquam
1386 5797 1481 5851 Est
1504 5804 1558 5851 et
1581 5795 1694 5849 Non
1726 5810 1741 5859 ;
1774 5794 1867 5849 sed
1895 5795 2096 5863 liquido
2124 5797 2323 5857 dicant,

745 5818 883 5932 ilsse
917 5872 1057 5932 quod
1084 5878 1166 5927 est
1189 5912 1205 5932 ,
1233 5880 1285 5926 et
1306 5884 1412 5925 non
1440 5882 1563 5926 esse
1587 5866 1728 5932 quod
1756 5880 1882 5924 nom
1911 5874 2012 5923 est.
2045 5866 2157 5925 Nan
2184 5867 2323 5932 quod

776 5873 789 5885 Ί

773 5873 883 5928 isse
917 5872 1057 5945 quod
1084 5878 1166 5927 est
1189 5866 1285 5939 ,et
1306 5884 1412 5925 non
1440 5882 1563 5926 esse
1587 5866 1728 5940 quod
1756 5880 1882 5924 nom
1911 5874 2012 5923 est.
2045 5866 2157 5925 Nan
2184 5867 2327 5940 quod

2398 3658 2627 3728 amplius
2671 3666 2772 3724 cst,
2807 3658 2947 3729 quod
2996 3668 3254 3731 praeterea
3298 3660 3587 3717 artificiose
3637 3662 3923 3723 adtexitur.
3980 3682 4013 3720 a

2400 3732 2543 3785 malo
2590 3746 2743 3795 esse,
2787 3732 2970 3785 dolum
3021 3747 3161 3796 esse,
3210 3744 3300 3787 aut
3350 3734 3648 3801 proximum
3703 3737 3847 3790 dolo.
3890 3737 4009 3793 lloc

2400 3818 2561 3856 sensu
2596 3803 2744 3857 locus
2769 3804 2867 3857 iste
2894 3812 3149 3859 tractatur
3173 3805 3334 3858 etiam
3361 3806 3455 3858 lili.
3479 3805 3547 3859 de
3575 3806 3751 3861 Carne
3772 3808 4000 3873 Christi,

2404 3883 2457 3928 et
2484 3874 2743 3927 adversus
2773 3874 3036 3928 Pravean.
3070 3874 3193 3929 Ilio.

2476 3943 3009 4019 C.-\P.XXV|I.——(lt)
3028 3946 3089 3999 Si
3107 3963 3225 4017 ergo
3247 3947 3539 4001 incredibile
3554 3958 3645 4001 est.
3666 3950 3888 4019 Attingit
3910 3968 4013 4007 n0-

2408 4024 2516 4070 tam
2540 4031 2681 4089 vera:
2696 4018 3067 4089 ctapostolica:
3094 4019 3374 4080 doctrinm,
3392 4035 3508 4087 qua:
3537 4031 3615 4073 est
3633 4018 4010 4089 antiquissima

2407 4098 2530 4163 nota
2563 4087 2849 4163 Ecclesiae;
2871 4088 2992 4163 ideo
3004 4089 3096 4153 ait,
3112 4090 3409 4163 incredibile
3424 4102 3493 4163 cst
3513 4087 3774 4159 ignorasse
3790 4093 3829 4145 Α
3838 4104 4015 4163 pasto-

2408 4160 2506 4221 los,
2536 4160 2686 4232 quasi
2724 4160 2865 4232 dicat
2899 4178 2909 4210 :
2941 4159 3029 4211 Illa
3060 4169 3143 4213 est
3162 4161 3528 4231 antiquissima
3553 4163 3817 4227 doctrina,
3838 4159 4010 4232 quam

2407 4231 2649 4298 Apostoli
2703 4231 2975 4295 scierunt;
3027 4232 3245 4299 reliqua:
3305 4233 3527 4285 ttm'clla‘.
3567 4242 3689 4286 sunt.
3723 4231 3910 4289 omnes
3954 4246 4011 4290 et

2419 4302 2674 4354 adulterae
2700 4343 2715 4362 ,
2749 4311 2806 4355 nt
2848 4318 2981 4371 quas
3008 4303 3246 4369 Apostoli
3294 4305 3602 4372 ignorarunt
3630 4321 3641 4369 ;
3676 4305 3798 4358 ideo
3830 4307 3959 4358 infra
3993 4350 4009 4369 ,

2419 4388 2538 4443 cap.
2575 4372 2607 4425 5
2643 4390 2656 4425 :
2690 4372 2879 4425 Tamen
2909 4376 2961 4426 in
2989 4374 3165 4427 eadem
3197 4375 3299 4441 ﬁde
3328 4376 3697 4443 conspirantes,
3737 4385 3841 4429 etc.
3873 4378 4009 4444 Quia

2418 4444 2666 4498 videlicet
2690 4444 2988 4498 doctrinam
3018 4448 3285 4511 retinent,
3314 4446 3405 4514 qui
3439 4447 3488 4498 in
3519 4446 3707 4500 eadem
3739 4448 3841 4501 fide
3870 4464 4006 4501 con-

2417 4516 2654 4581 Spirant,
2687 4529 2845 4582 quam
2888 4518 3129 4583 Apestoli
3161 4518 3534 4581 retinuerunt,
3579 4520 3729 4586 quasi
3772 4534 4008 4573 consan-

2415 4586 2593 4653 guinei
2649 4586 2755 4637 sint
2804 4586 3089 4655 Apostolis.
3144 4587 3297 4644 Unde
3340 4589 3691 4652 Sozomenus,
3744 4589 3839 4645 lib.
3893 4590 4006 4651 VII.

2416 4657 2593 4710 laudat
2629 4657 3018 4730 rTrllCtitltisillln,
3050 4662 3136 4727 qui
3192 4660 3459 4729 principes
3517 4670 3781 4713 sectarum
3851 4661 4013 4730 jussit

2415 4729 2956 4802 conveniri,_dciutle
3009 4731 3176 4798 petiit,
3226 4748 3293 4785 an
3344 4730 3711 4785 existimarent
3757 4735 4009 4802 antiquos

2416 4799 2625 4857 Patres.
2657 4800 2745 4868 qui
2780 4800 3072 4854 Ecclesium
3103 4811 3382 4867 rexerant,
3414 4813 3539 4856 ante
3565 4802 3847 4858 dissidium
3874 4799 4009 4858 illud

2418 4871 2557 4939 quod
2585 4870 2651 4925 de
2681 4871 2938 4941 religione
2967 4880 3140 4925 ortum
3173 4871 3363 4937 fuerat,
3394 4885 3539 4928 recte
3568 4875 3924 4938 consensisse,
3954 4884 4014 4930 et

2419 4958 2547 4998 vere
2591 4954 2805 4997 sanctos
2855 4953 2909 4996 et
2938 4944 3283 5015 apostolicos
3334 4944 3539 5000 fuisse:
3570 4947 3709 5015 quod
3762 4961 3884 5000 cum
3932 4948 4009 5000 illi

2421 5015 2836 5078 concessissent,
2867 5014 3141 5079 SlliijllnXll
3166 5016 3430 5072 rationem
3459 5059 3473 5082 ,
3502 5014 3607 5085 qua
3638 5028 4011 5084 compesceret

2426 5085 2722 5144 haereticos.
2748 5087 2883 5139 hanc
2910 5086 3115 5141 scilicet
3143 5105 3153 5136 :
3185 5086 3548 5141 Exaotinemus
3574 5104 3694 5158 ergo
3721 5088 4011 5153 doctrinam

2422 5167 2637 5209 vestram
2663 5158 2729 5208 ad
2761 5158 2965 5210 illorum
2994 5158 3216 5225 scripta;
3248 5170 3293 5212 et
3323 5160 3364 5211 si
3390 5175 3506 5213 cum
3534 5159 3639 5212 illis
3664 5162 3967 5214 consenserit
3991 5204 4009 5229 ,

2419 5230 2733 5293 retineatur;
2763 5230 2839 5281 sin
2867 5231 3052 5291 minus,
3085 5229 3374 5297 obiiciatur.
3408 5232 3537 5286 Lac.

2494 5299 2570 5368 (c)
2600 5296 2677 5352 De
2705 5316 2920 5368 quarum
2953 5300 3055 5368 ﬁde
3093 5311 3139 5354 et
3180 5303 3409 5369 scientia,
3449 5312 3493 5357 et
3534 5319 3760 5357 eonvers.
3793 5302 3866 5358 De
3906 5303 4011 5359 ﬁde

2421 5369 2633 5438 quidem
2663 5383 2719 5424 et
2748 5370 3031 5427 dilectione
3050 5415 3065 5440 ,
3098 5389 3256 5441 quam
3301 5374 3387 5428 hic
3414 5376 3878 5430 conversationem
3911 5392 4010 5427 vo-

2422 5450 2527 5515 cat,
2554 5443 2897 5498 commendat
2922 5446 3210 5511 Apostolus
3238 5445 3529 5511 Romanos,
3562 5446 3849 5515 Ephesios,
3882 5446 4013 5500 Plii-

2426 5513 2716 5582 Iippcnses,
2741 5526 2955 5569 suarum
2979 5514 3335 5583 Epistolarum
3358 5516 3526 5572 initio.
3545 5513 3623 5572 De
3640 5519 3859 5572 scientia
3878 5534 4011 5573 vero

2430 5584 2768 5659 peculiariter
2790 5586 3079 5651 “OllmllOS,
3100 5587 3169 5659 ad
3187 5603 3322 5655 quos
3343 5589 3417 5641 ait
3440 5602 3561 5659 cap.
3592 5588 3720 5643 XV:
3756 5590 4012 5656 Quoniam

2430 5665 2476 5710 et
2495 5658 2590 5727 ipsi
2620 5658 2759 5727 pleni
2788 5660 2905 5710 estis
2935 5658 3223 5717 dilectione.
3244 5660 3422 5727 repleti
3450 5658 3587 5714 omni
3610 5662 3840 5714 scientia.
3866 5660 4006 5715 ΡΑιι.

2500 5726 2583 5782 CA
2597 5727 2630 5784 P
2641 5768 2652 5780 .
2676 5730 2716 5783 Χ
2728 5728 2987 5783 XVIII.—
3003 5729 3081 5799 (d)
3099 5728 3291 5784 Nullus
3308 5732 3436 5784 inter
3449 5734 3634 5786 multos
3653 5741 3855 5785 eventus
3878 5748 4013 5785 unus

2430 5800 2716 5875 est._Casus
2747 5808 2797 5854 in
2844 5802 3037 5875 multos
3086 5801 3360 5875 dispersus
3410 5818 3517 5860 non
3558 5817 3664 5859 uno
3713 5804 4015 5875 eodemque

2432 5870 2594 5928 modo
2623 5874 2689 5929 ab
2714 5873 2965 5928 omnibus
2992 5873 3273 5946 excipitur.
3292 5872 3411 5931 llic.
