4242 6492
182 373 251 433 41
1309 371 1511 430 LIBER
1549 368 1639 427 DE
1674 365 2373 431 PRESCRIP'I‘IONIBUS.
3428 377 3501 435 l2

756 493 840 550 C.\
853 492 984 550 PUT
1047 491 1238 548 XXIX.

187 586 428 643 lla’reses
468 587 637 658 potius
678 603 893 655 errasse,
922 604 1033 656 qua:
1073 604 1186 641 vera
1216 585 1450 639 doctrina
1479 592 1595 639 situt
1622 590 1791 654 poste-

893 682 1070 735 riores.

260 772 337 847 (α)
368 776 595 847 Quoquo
637 775 795 829 modo
838 778 906 829 sit
935 786 1201 838 erratum;
1235 774 1435 827 tannliu
1485 782 1664 841 utique
1704 783 1789 825 re-

177 872 368 939 gnavit
399 873 479 939 (l)
503 886 675 936 error,
707 870 955 939 quamdiu
988 870 1221 923 luereses
1250 883 1354 921 non
1381 875 1534 920 erant
1556 864 1655 935 (ἓ).
1675 863 1787 918 Ali-

180 978 323 1033 quos
353 964 693 1019 Marcionitas
738 974 793 1016 et
826 961 1226 1015 Valentinianos
1268 958 1542 1014 liberanda
1590 956 1786 1010 veritas

180 1055 542 1125 expectabat:
582 1056 785 1109 interea
822 1068 1099 1124 perperam
1130 1050 1629 1122 evangelizahatur,
1661 1062 1785 1108 per-

183 1163 370 1215 peram
414 1146 734 1201 credebatur
777 1146 879 1215 ('5),
918 1154 993 1198 tot
1043 1143 1209 1197 millia
1243 1142 1464 1196 millium
1507 1152 1786 1209 perperam

184 1241 483 1304 tincla,'tot
510 1253 671 1306 opera
706 1237 825 1291 lidei
856 1250 1136 1305 perperam
1162 1232 1531 1288 administrata
1563 1229 1667 1301 (ii),
1714 1236 1790 1281 tot

182 1334 434 1395 virtutes,
480 1342 558 1386 tot
597 1332 917 1386 charismata
959 1330 1034 1401 (ti)
1091 1344 1368 1400 perperam
1413 1336 1664 1396 operata,
1715 1332 1791 1377 tot

183 1424 512 1487 sacerdotia,
564 1434 642 1476 tot
692 1423 982 1477 ministeria
1011 1420 1089 1492 (5)
1131 1434 1409 1490 perperam
1466 1417 1665 1479 functa,
1715 1425 1793 1469 tot

186 1516 426 1586 denique
479 1516 729 1587 martyria
775 1516 825 1567 in
870 1529 1094 1568 vacuum
1137 1520 1391 1566 coronata
1424 1511 1443 1580 (
1473 1512 1505 1564 ti
1531 1508 1569 1580 ).
1603 1510 1709 1563 Ant
1747 1505 1792 1560 si

186 1626 289 1666 nec
322 1625 628 1680 perperam,
661 1625 759 1664 nec
789 1611 840 1663 in
871 1624 1092 1663 vacuum
1120 1603 1224 1677 (Ἰ),
1257 1604 1413 1675 quale
1438 1616 1519 1658 cst
1575 1612 1626 1655 ut
1669 1609 1794 1655 ante

188 1718 279 1758 res
326 1703 418 1757 Dei
464 1711 743 1756 currerent
770 1700 883 1773 (8),
911 1715 1069 1769 quam
1100 1698 1251 1767 cujus
1282 1696 1372 1751 Dei
1402 1706 1587 1749 notmn
1616 1701 1792 1755 esset;

187 1804 318 1849 ante
357 1793 668 1858 Christiani,
701 1808 860 1862 quam
889 1792 1133 1845 Christus
1160 1790 1428 1851 inventus,
1461 1795 1585 1840 ante
1616 1784 1792 1838 luere.

1821 486 1874 547 Λ
1970 486 2168 541 sitatem
2195 490 2349 544 semel
2367 501 2413 545 et
2438 491 2619 549 iterum
2639 496 2807 567 ejecti,
2828 497 3095 552 novissime
3121 496 3173 552 in
3202 507 3499 569 perpetuum

1965 582 2231 636 dissidium
2259 586 2486 656 relegati,
2518 606 2705 644 venena
2726 594 3073 646 doctrinarum
3100 610 3308 647 suarum
3331 592 3496 646 disse-

1967 676 2245 729 ntinarunt.
2277 678 2437 747 Atque
2471 680 2602 735 idem
2647 684 2709 737 de
2737 686 2853 738 aliis
2871 686 3146 755 judicium,
3180 686 3263 754 qui
3294 685 3495 737 virtuti-

1965 768 2057 824 bus
2082 779 2129 824 et
2155 772 2410 828 miraculis
2446 792 2600 830 uoros
2637 794 2690 831 se
2716 778 2973 848 apostolos
3014 795 3120 832 esse
3147 779 3361 847 probare
3400 794 3491 831 ue-

1964 872 2169 929 queunt.

1968 950 2065 1007 Ubi
2100 962 2222 1008 tunc
2253 954 2506 1025 Marcion,
2541 960 2784 1027 ponticus
2814 960 3118 1027 nauclerus,
3151 961 3333 1017 stoicze
3369 971 3486 1014 stu-

1892 1042 2108 1099 diosns?
2178 1046 2274 1100 Ubi
2336 1047 2645 1105 Valentinus
2716 1053 2996 1122 platonica'.
3051 1056 3325 1109 sectator?
3366 1054 3495 1109 Nam

1894 1148 2105 1191 constat
2154 1138 2294 1203 illos,
2330 1156 2501 1210 neque
2532 1143 2669 1199 adeo
2709 1146 2835 1200 olim
2867 1144 3055 1212 fuisse,
3099 1146 3352 1201 Antonini
3387 1150 3496 1202 tere

1895 1228 2214 1298 principatu,
2244 1241 2298 1286 et
2347 1236 2418 1302 (ς)
2454 1234 2501 1287 in
2530 1236 2807 1293 calltoliete
2850 1239 3022 1308 primo
3052 1238 3170 1310 (ω)
3198 1240 3495 1294 doctrinam

1895 1322 2185 1378 credidisse
2213 1324 2352 1394 apud
2383 1326 2675 1384 Ecclesium
2714 1346 3109 1397 romanensem,
3151 1335 3253 1387 sub
3290 1335 3500 1404 episeo-

1896 1426 2018 1485 patu
2050 1418 2128 1487 (tl)
2174 1418 2465 1477 Eleutherii
2508 1425 2771 1480 benedicti
2806 1423 2897 1499 (e).
2930 1426 3101 1481 donec
3155 1427 3269 1497 (15)
3308 1428 3376 1482 ub
3417 1429 3501 1495 in-_

1895 1511 2125 1580 quietam
2153 1526 2367 1583 semper
2392 1531 2577 1571 eorum
2606 1518 2991 1584 curiositatem,
3014 1535 3114 1589 qua
3150 1522 3339 1575 fratres
3370 1538 3500 1590 quo-

1896 1616 2001 1671 que
2030 1602 2267 1658 ritabant
2293 1604 2410 1674 (I4)
2439 1605 2509 1677 (fl
2542 1609 2709 1662 semel
2738 1616 2792 1664 et
2820 1609 3011 1665 iterum
3040 1609 3195 1681 ejecti
3226 1609 3323 1681 (ῃ).
3367 1612 3501 1666 Mar-

1892 1696 2017 1749 cion
2056 1698 2268 1765 quidem
2306 1714 2425 1753 cum
2464 1702 2708 1757 ducentis
2760 1705 3020 1760 sestertiis
3070 1721 3189 1775 qua:
3245 1705 3504 1761 Ecclesia:

1900 1786 2172 1857 intulerat,
2206 1792 2561 1848 novissimein
2589 1806 2900 1865 perpetuum
2930 1796 3505 1868 discidium(15)releo

194 1887 294 1951 sis,
328 1900 486 1955 quam
514 1900 637 1938 vera
670 1883 952 1937 doctrina?
981 1881 1086 1937 Sed
1117 1881 1261 1936 enim
1294 1881 1345 1934 in
1384 1878 1633 1933 omnibus
1661 1875 1796 1929 \‘eri-
1823 1856 1872 1917 Β
1900 1883 2007 1954 gitti
2035 1882 2172 1954 (I6),
2216 1900 2421 1941 venena
2466 1887 2828 1944 doetrinarum
2862 1906 3080 1945 suarum
3112 1856 3505 1947 disseiniiiave-

190 1988 276 2034 tas
320 1979 604 2049 imaginem
636 1976 931 2041 antecedit;
967 1985 1084 2044 post
1127 1989 1239 2030 rem
1286 1971 1580 2027 similitudo
1609 1985 1797 2024 succe—

105 2068 108 2069 ⁷
192 2074 293 2127 dit.
324 2070 592 2127 Caeterum
626 2071 755 2125 satis
782 2070 1045 2139 ineptum,
1080 2078 1138 2123 ut
1165 2069 1309 2137 prior
1339 2066 1391 2121 in
1422 2064 1663 2120 doctrina
1719 2060 1799 2134 (9)

193 2164 423 2219 hmresis
450 2163 741 2227 habeatur;
769 2162 853 2217 vel
880 2162 1131 2233 quoniam
1184 2160 1295 2230 ipsa
1327 2166 1412 2213 est
1445 2172 1565 2227 qua:
1592 2154 1801 2211 futuras

196 2256 437 2311 hareses
454 2266 509 2311 et
536 2256 802 2310 cavendas
824 2253 1190 2325 praenuntiavit
1208 2248 1345 2324 (10).
1364 2250 1441 2305 Atl
1465 2250 1579 2319 ejus
1594 2247 1801 2303 doctri-

196 2366 285 2406 nze
334 2349 626 2405 Ecelesiam
670 2350 926 2415 scriptum
981 2356 1086 2409 est,
1133 2346 1240 2399 imo
1292 2345 1407 2414 ipsa
1449 2341 1691 2396 doctrina
1731 2338 1801 2395 ad

200 2444 501 2501 Ecclesium
546 2458 694 2497 suam
744 2442 861 2514 (ll)
904 2441 1089 2495 scribit
1132 2455 1146 2494 :
1183 2436 1295 2493 Etsi
1329 2436 1550 2508 Angelus
1588 2435 1651 2489 de
1679 2435 1804 2489 cozlo

199 2540 355 2594 aliter
402 2538 817 2608 enaugelizarerit
868 2536 994 2589 citra
1042 2551 1194 2605 quant
1238 2549 1330 2588 uos
1358 2571 1374 2597 ,
1427 2529 1698 2585 anathema
1743 2529 1807 2583 sit

203 2633 393 2705 (ϐαι,
422 2632 461 2697 1,
497 2630 591 2701 8).

789 2720 1015 2778 CAPUT
1058 2719 1227 2776 XXX.

206 2822 526 2879 Marcionem
570 2818 701 2875 enim
742 2826 789 2871 et
838 2815 1193 2880 Valentinum,
1220 2814 1273 2868 in
1313 2813 1613 2868 catholicam
1648 2813 1811 2883 primo

278 2914 567 2967 doctrinam
612 2910 751 2980 apud
804 2908 1080 2962 Ecclesium
1107 2922 1458 2961 romaneusem
1498 2904 1588 2960 sub
1617 2907 1813 2976 episco-

283 3016 409 3077 patu
436 3003 699 3059 Eleutheri
728 3001 1034 3063 credidisse;
1066 3000 1223 3054 donec
1251 3002 1312 3054 ob
1348 2998 1621 3069 inquietam
1644 2999 1813 3051 curio-

1904 1984 2045 2028 rtmt.
2083 1975 2424 2031 l’ostmodutn
2483 1978 2621 2033 idem
2677 1980 2932 2045 Marcion,
2970 1983 3338 2053 paenitendum
3373 2000 3507 2038 enn-

1903 2065 2074 2123 l'essus
2112 2066 2191 2139 (Ιι)
2220 2084 2340 2123 cum
2371 2070 2660 2125 conditioni
2695 2072 2809 2145 (l7)
2846 2073 2984 2128 datm
3012 2075 3111 2130 sibi
3158 2076 3391 2131 occurrit
3422 2075 3508 2146 (i),

1904 2159 1974 2213 ita
2006 2174 2186 2229 pacein
2230 2169 2563 2231 recepturus,
2596 2163 2663 2235 (j)
2706 2164 2750 2219 si
2787 2174 3012 2220 caeteros
3057 2180 3192 2237 quos
3219 2167 3504 2237 perditioni

1906 2252 2193 2319 erudisset,
2233 2253 2487 2308 Ecclesize
2518 2256 2847 2321 restitueret,
2878 2269 3047 2313 morte
3078 2270 3381 2328 praeventus
3403 2270 3505 2317 est.

1912 2344 2186 2411 Oportebat
2211 2346 2344 2401 enim
2375 2348 2590 2402 Itwreses
2639 2366 2745 2403 esse
2775 2348 2830 2422 (I
2860 2350 3003 2416 Cor.,
3035 2350 3101 2415 Il,
3138 2352 3203 2407 l9
3226 2358 3263 2420 ).
3301 2352 3410 2408 Nec
3437 2362 3515 2408 ta-

1912 2453 2031 2492 men
2062 2436 2181 2492 ideo
2209 2436 2405 2492 bontnn
2441 2439 2708 2508 Inereses,
2746 2442 2867 2511 quia
2899 2459 2991 2497 eas
3030 2444 3331 2511 Oportebat,
3358 2446 3511 2515 quasi

1912 2544 2017 2583 non
2047 2537 2100 2585 et
2127 2530 2320 2584 malum
2349 2535 2643 2602 oportuerit
2664 2548 2801 2588 esse.
2828 2533 2958 2589 Nam
2984 2546 3037 2589 et
3064 2536 3348 2592 Dominum
3371 2540 3509 2594 tradi

1913 2622 2223 2692 oportebat;
2270 2624 2362 2679 sed
2410 2641 2489 2679 va:
2532 2625 2774 2682 traditori
2820 2626 3050 2699 (Μαι-οη
3100 2629 3237 2697 XIV,
3269 2629 3412 2701 21)?
3451 2647 3519 2688 ne

1913 2715 2033 2785 quis
2064 2714 2177 2785 (l8)
2221 2716 2380 2770 etiam
2414 2716 2536 2771 hinc
2566 2717 2799 2774 hmreses
2826 2720 3079 2775 defendat
3111 2720 3246 2793 (I9).
3290 2721 3347 2777 Si
3400 2722 3517 2795 (20)

1916 2817 1972 2863 et
2000 2808 2199 2877 Apellis
2229 2816 2453 2864 stemma
2487 2811 2884 2865 retractandum
2926 2824 3035 2878 est,
3082 2824 3186 2867 tam
3220 2830 3324 2869 non
3368 2829 3521 2871 vetus

1915 2911 1967 2956 et
1998 2901 2111 2971 ipse
2137 2917 2296 2971 quant
2334 2902 2566 2958 Marcion
2596 2903 2865 2958 institutor
2890 2916 2942 2959 et
2969 2905 3341 2976 praeformator
3369 2908 3519 2977 ejus:

1914 2995 2008 3051 sed
2039 2996 2219 3066 lapsus
2245 2997 2296 3050 iu
2326 2994 2600 3051 feminam
2631 2994 2746 3069 (il)
2786 2997 3030 3055 desertor
3060 2998 3135 3071 (It)
3178 3000 3523 3057 continentia:

1552 3109 1933 3168 LECTIONES
1971 3108 2279 3165 VARIAN'I‘
2283 3109 2387 3164 ES.

271 3208 346 3332 il)
380 3208 572 3259 Erravit
594 3209 714 3277 Jun.
740 3205 889 3258 Seml.

297 3273 347 3327 Et)
384 3272 557 3321 Errant
579 3273 777 3321 Junius.

297 3273 347 3327 Et)
384 3272 557 3321 Errant
579 3272 777 3321 Junius.

269 3328 348 3406 (ἦ)
387 3336 651 3406 Ret-perant
676 3332 994 3406 credebatur.
1018 3329 1195 3406 neglig.
1223 3328 1377 3406 Seml.

279 3394 345 3453 lt)
387 3394 674 3453 Ministrata,
704 3394 891 3447 Semler
913 3407 1036 3443 unus
1070 3394 1239 3443 contra
1256 3404 1439 3444 anates.

308 3404 328 3444 ι
388 3404 674 3453 Ministrata,
704 3404 891 3447 Sentter
913 3407 1036 3443 unus
1070 3404 1282 3443 contrao

299 3404 351 3515 Eii
389 3458 636 3521 Mysteria,
663 3457 792 3521 Hiq,
820 3470 882 3507 ea:
906 3454 988 3505 lib.
1016 3453 1282 3521 Agobai'tli.

298 3523 344 3582 ὃ)
387 3514 652 3579 l‘érperam
691 3514 747 3567 ei
765 3521 813 3568 in
841 3531 1039 3582 vacuum
1062 3514 1276 3579 '(omisso
1300 3516 1571 3578 coronata),
1608 3514 1817 3567 Semler.

204 3581 476 3648 perperam
500 3588 728 3648 coronata
755 3587 889 3629 nam.
928 3581 1036 3645 Rig.
1146 3642 1154 3648 ι
1585 3636 1596 3648 ⁸

280 3638 348 3708 (7)
388 3646 486 3693 Aut
511 3644 553 3691 si
580 3656 685 3708 nec
709 3654 967 3708 perperam
989 3638 1119 3701 Inec
1146 3642 1192 3690 in
1219 3654 1420 3691 vacuum
1440 3674 1456 3702 ,
1501 3638 1636 3691 eritis.
1666 3638 1816 3690 Seml.

205 3706 311 3757 non
336 3706 613 3769 perperam,
646 3707 811 3769 Venet.
835 3706 1043 3769 COtU'Cy.

274 3770 350 3831 (8)
388 3768 452 3819 Cit
461 3768 800 3831 rentSemler.

276 3827 530 3945 i9)odPi-ior
562 3828 695 3880 illius
728 3830 961 3881 doctrina-
999 3829 1120 3880 Jun.
1163 3828 1292 3891 Irior
1330 3827 1549 3878 doctrina
1581 3829 1766 3878 Wouw.
1793 3839 1820 3877 e

296 3935 304 3943 .
332 3906 357 3944 c
431 3927 445 3942 .

1983 3201 2088 3262 (10)
2122 3202 2489 3252 Przenuntiabat
2510 3205 2679 3254 Venet.

1986 3265 2092 3332 (tl)
2126 3263 2445 3332 .Suamﬂlzest-
2474 3265 2583 3332 Βίθ-
2630 3270 2797 3332 Venet:

1984 3325 2087 3391 (12)
2125 3326 2176 3391 in
2204 3326 2488 3391 catholicam
2506 3325 2634 3391 péne
2653 3328 2804 3381 Seml.

1985 3388 2088 3511 (15)
2123 3388 2294 3455 Donec
2318 3388 2447 3441 abest
2480 3388 2693 3453 Franeq.

1990 3452 2066 3509 (Η
2124 3454 2277 3510 Quam
2301 3451 2480 3502 fratres
2502 3467 2693 3511 quoque

2124 3451 2701 3523 Qitatiri'ratresquoqtie
2726 3455 2939 3505 vitabant
2962 3451 3075 3522 Rig.

1993 3513 2089 3575 (15)
2130 3512 2399 3575 Dissidiutn
2436 3512 2617 3566 Woutt'.

1994 3574 2005 3643 ί
2019 3575 2089 3643 i9)
2131 3574 2402 3643 Ijelegalus
2424 3576 2572 3643 Seml.
2600 3574 2807 3643 itemque
2824 3578 3178 3643 disseminarit.

2016 3639 2092 3705 i7)
2126 3637 2413 3705 Conditione
2450 3639 2653 3691 subaud.
2682 3637 3003 3705 poenitentiae,
3029 3640 3178 3693 Seml.

2013 3700 2091 3760 18)
2126 3702 2248 3760 Quid
2274 3700 2479 3751 Semter.

2013 3762 2079 3813 19⁷
2129 3762 2408 3820 Defendant
2436 3767 2603 3816 Venet.

2013 3825 2069 3875 ΞΟ
2128 3826 2177 3874 Si
2198 3825 2403 3875 Semler.

2013 3768 2092 3953 21)
2130 3887 2361 3950 lt‘uxnioa,
2388 3885 2460 3937 id.

1986 3636 2005 3881 ἕ

2011 3825 2091 3875 201
2128 3826 2177 3874 Si
2198 3825 2403 3875 Semler.

1988 3885 2092 3953 (21)
2130 3887 2361 3950 lt‘uxniua,
2388 3885 2460 3937 id.

1599 3994 2152 4053 COMMENTARIUS.

284 4093 441 4152 CAP.
457 4089 808 4176 XXIX—(a)
839 4090 1051 4176 Quoquo
1066 4091 1217 4145 modo
1233 4090 1305 4176 sit
1324 4098 1570 4176 erratum.
1598 4089 1821 4176 Possum

211 4178 396 4223 antem
425 4168 622 4235 optima
651 4162 857 4219 ratione
880 4164 1107 4233 idipsum
1128 4162 1295 4220 nostri
1322 4162 1817 4235 temporisaristar-

210 4240 335 4295 cliis
361 4233 712 4305 respondere,
743 4236 829 4303 qtti
862 4236 1363 4305 hactenuserrasse
1392 4233 1815 4305 licclesiainnon

212 4302 695 4364 verenturdieere:
719 4302 772 4359 Si
799 4308 1007 4376 aliquos
1027 4304 1361 4359 Lntberanos
1387 4313 1479 4357 aut
1501 4302 1817 4358 Calvinistas

209 4390 310 4437 aut
324 4379 718 4447 Anahaptistas,
736 4376 997 4432 liberanda
1026 4377 1205 4430 veritas
1224 4376 1538 4447 expectabat,
1554 4384 1657 4447 etc.
1680 4376 1813 4429 Pan.

295 4453 375 4519 (bi
411 4445 740 4503 Tot‘virtntes
765 4490 779 4513 ,
811 4457 880 4503 tot
907 4449 1233 4519 charismata.
1278 4446 1426 4500 Nulla
1470 4446 1557 4500 hic
1599 4445 1679 4519 de
1707 4449 1815 4519 vir-5

213 4532 333 4578 tute
360 4517 476 4575 aut
516 4521 773 4573 cltaritate
820 4520 1042 4584 mentio,
1075 4518 1169 4573 sed
1215 4519 1281 4571 de
1323 4526 1590 4587 potestate
1619 4517 1811 4573 edendi

213 4593 504 4649 miracula.
536 4603 588 4644 et
614 4591 839 4659 Spiritus
859 4589 1037 4645 Sancti
1066 4588 1241 4643 dI-nis.
1269 4591 1495 4643 ALBASP.

292 4666 452 4718 CAP.
482 4660 645 4715 XXX.
664 4662 809 4731 -—(cl
843 4660 907 4715 In
935 4661 1201 4715 catholica:
1223 4662 1382 4729 primo
1404 4660 1684 4713 doctrinam
1706 4678 1813 4714 cre-

216 4736 437 4790 didisse.
468 4735 590 4787 llatc
620 4736 879 4803 scriptura
929 4742 1009 4786 est
1064 4732 1266 4803 codicis
1293 4731 1667 4803 antiquissimi.
1707 4732 1812 4785 Do-

215 4810 452 4863 ctrinam
484 4802 763 4859 catholica:
790 4847 804 4867 ,
832 4818 1025 4873 nempe
1066 4802 1349 4863 ECCiCSiiL‘;
1380 4802 1672 4857 doctrinam
1706 4811 1813 4856 toto

215 4877 357 4934 orbe
397 4876 716 4937 christiano,
753 4875 803 4929 id
833 4885 935 4939 est,
970 4876 1213 4928 universa
1246 4873 1479 4927 Ecclesia
1524 4873 1813 4929 christiana

215 4956 520 5015 receptam,
551 4947 828 5000 catholicae
851 4947 1066 5000 nomine
1087 4945 1153 4999 ab
1173 4946 1545 5011 Ii:rreticorum
1573 4944 1815 5001 doctrina

216 5019 529 5075 distinctam
570 5017 777 5071 Etenim
804 5017 943 5087 apud
961 5018 1291 5071 Christianos
1324 5015 1543 5070 lneresis
1570 5024 1809 5079 meatur,

215 5090 371 5158 quod
400 5088 651 5143 estalicui
683 5089 882 5143 libitum
908 5088 1131 5143 credere
1154 5088 1407 5141 adversus
1433 5087 1812 5141 conscientiam

217 5160 458 5217 fidemve
490 5159 776 5230 publicam,
809 5175 905 5215 seu
936 5174 1275 5213 communem
1304 5158 1539 5229 gentium
1562 5158 1812 5213 christia-

217 5246 421 5289 narum
449 5233 790 5286 sententiam.
816 5235 1025 5286 ALBASP

304 5303 385 5372 (d)
436 5302 590 5369 Apud
643 5300 926 5355 Ecclesium
973 5316 1323 5354 romanensem
1378 5300 1469 5354 sub
1522 5301 1814 5369 episcOpatu

218 5373 536 5430 Eleutlierii.
572 5372 660 5427 Sic
693 5374 850 5427 habet
874 5380 1026 5429 vetus
1050 5373 1342 5440 exemplar,
1373 5380 1427 5425 et
1452 5381 1689 5426 veterqu
1722 5387 1817 5425 au-

220 5458 466 5507 ctorum,
496 5454 653 5513 atque
695 5445 745 5497 in
804 5446 987 5512 primis
1030 5446 1181 5497 istius
1236 5446 1431 5511 scripta
1480 5442 1641 5497 etiam
1693 5459 1813 5496 cmn

222 5516 744 5572 hallucinationibus
772 5518 884 5569 suis
931 5515 1301 5583 repra'sentari
1359 5516 1613 5579 interest,
1650 5529 1821 5583 neque

222 5588 370 5643 solet
399 5586 688 5655 Septimius
719 5586 1059 5641 exactissime
1089 5585 1312 5640 reddere
1342 5601 1460 5653 qua:
1494 5586 1561 5639 ah
1586 5588 1820 5640 auctori-

226 5661 332 5715 bUs
350 5663 533 5712 sumit.
565 5661 787 5710 Αιωειι.

305 5730 383 5797 (e)
414 5728 693 5782 Eleuther-ii
724 5728 985 5781 benedicti.
1021 5727 1190 5782 Etiam
1223 5728 1349 5781 dum
1378 5727 1639 5792 viverent,
1666 5727 1828 5782 benc-

226 5802 358 5856 di‘t-ti
396 5798 747 5854 vocabantur.
800 5800 872 5853 De
926 5799 1105 5854 l’udie.
1137 5817 1149 5856 :
1185 5799 1488 5854 Benedictus
1533 5800 1679 5872 Papa
1707 5816 1824 5855 cou-

226 5872 478 5932 t‘iouaris.
512 5872 723 5924 Aunse

481 5966 916 6031 TERTULLIANI
966 5967 1042 6028 ll.

1845 4608 1896 4668 D

2004 4089 2068 4159 (Γ)
2120 4090 2285 4156 Quam
2331 4089 2516 4159 fratres
2543 4106 2741 4162 quoque
2786 4090 3028 4146 vitabant.
3059 4092 3147 4149 Sic
3184 4096 3403 4151 omnino
3442 4108 3526 4154 est

1930 4161 1981 4215 in
2034 4162 2345 4231 exemplari,
2406 4170 2461 4215 nt
2514 4163 2581 4217 sit
2630 4177 2858 4229 sensos,
2917 4180 3105 4219 eorum
3157 4166 3518 4225 curiositatem

1921 4233 2080 4306 etiam
2113 4233 2251 4300 plebi
2283 4231 2589 4288 christiana?
2618 4235 2860 4288 odiosam
2889 4235 3054 4291 fuisse
3084 4276 3100 4302 ,
3149 4245 3205 4291 ut
3228 4239 3334 4306 jam
3364 4255 3515 4295 coin-

1922 4304 2066 4384 muni
2118 4306 2335 4384 fratrum
2402 4315 2524 4358 \‘Oltt
2574 4306 2918 4375 pellerentur,
2966 4322 3087 4361 cum
3135 4308 3203 4363 ab
3229 4304 3507 4382 iepise0p0

1922 4382 2045 4429 sunt
2081 4375 2257 4443 ejecti.
2290 4374 2408 4429 th.

1993 4488 2068 4562 (-,;)
2099 4489 2343 4565 Scutel‘ci
2372 4491 2553 4565 iterum
2582 4490 2746 4553 eiecti.
2775 4489 2873 4558 Qui
2902 4491 3107 4548 scilicet
3135 4504 3351 4561 accepta
3381 4511 3503 4565 pm—

1925 4556 2144 4635 nitentia
2175 4556 2374 4635 perfide
2398 4570 2452 4616 et
2480 4556 2841 4635 inconstanter
2870 4570 3146 4635 uterentur
3173 4581 3186 4629 ;
3220 4556 3517 4635 cujusniotli

1922 4634 2121 4703 aliquid
2144 4632 2445 4704 signiﬁcare
2476 4632 2682 4687 videtur
2705 4635 2861 4687 etiam
2892 4632 3143 4700 lretneus,
3178 4637 3264 4691 ubi
3286 4632 3361 4693 Vde
3386 4638 3518 4694 Cer-

1918 4704 2060 4760 done
2093 4704 2366 4759 liceretieo.
2397 4704 2515 4758 llic.

1995 4816 2076 4886 (li)
2100 4815 2453 4871 Paenitentiam
2479 4818 2761 4885 confessus.
2792 4813 2847 4869 Id
2878 4824 2978 4882 est,
3008 4830 3130 4873 cum
3160 4818 3368 4887 publice
3396 4829 3504 4877 tes-

1921 4898 2063 4944 tatus
2090 4896 2235 4944 esset
2262 4902 2321 4943 se
2354 4888 2636 4957 ptenitere.
2669 4890 2897 4942 ΑιΒΑερ.

1994 4999 2053 5071 (1)
2080 5000 2205 5055 Cum
2252 5000 2528 5054 conditioni
2576 4999 2713 5053 data:
2758 4999 2855 5053 sibi
2880 5000 3138 5071 (occurrit.
3188 5000 3319 5057 Cum
3356 5004 3406 5059 in
3454 5021 3520 5059 eo

1921 5082 2085 5148 esset,
2118 5082 2175 5127 nt
2203 5072 2345 5148 data;
2390 5073 2490 5126 sibi
2533 5071 2825 5148 conditioni
2875 5071 3225 5148 gitisfaceret.
3261 5076 3391 5131 Cum
3424 5093 3518 5148 ag-

1921 5144 2161 5215 greditur
2187 5143 2498 5198 satisl‘aeerc
2533 5142 2850 5198 conditioni.
2880 5142 2999 5198 Rte.

1996 5257 2058 5330 (j)
2170 5266 2379 5310 ueteres
2408 5272 2539 5330 quos
2565 5255 2862 5323 perditioni.
2891 5255 3121 5312 Facilius
3147 5259 3198 5312 in
3229 5258 3521 5319 Ecclesium

1924 5327 2157 5382 lue'retici
2184 5343 2342 5396 quam
2368 5329 2545 5382 caeteri
2576 5335 2879 5394 peccatores
2908 5331 3309 5396 revocabantur,
3339 5349 3523 5390 rerum

1923 5399 2294 5474 liaaresiareha:
2349 5413 2452 5450 non
2508 5398 2661 5453 aliter
2721 5413 2882 5474 pace_
2911 5398 3290 5474 donabantur,
3360 5420 3520 5474 quam

1927 5471 1970 5523 si
2001 5477 2223 5525 exteros
2270 5483 2407 5536 quos
2448 5480 2802 5539 corruperant
2843 5469 3101 5526 Ecclesia
3130 5472 3355 5529 reddere
3378 5469 3521 5533 nite-

1933 5551 2135 5617 rentur.
2172 5541 2232 5594 υ.
2277 5540 2575 5617 Czpr._ep.
2626 5540 2694 5595 ad
2741 5541 2868 5595 Ant.
2923 5542 2991 5597 de
3044 5541 3246 5614 Tropb.
3298 5546 3521 5617 Euseb.,

1932 5612 2023 5665 lib.
2058 5611 2141 5677 Vl,
2170 5627 2286 5681 cap.
2322 5611 2412 5666 35.
2446 5611 2673 5666 ALBASP.

2008 5726 2091 5794 tk)
2135 5724 2471 5798 Continentia:
2502 5723 2894 5781 Marcionmsis.
2926 5725 3041 5782 Non
3075 5728 3214 5798 quod
3242 5733 3527 5789 continen-

1940 5811 2031 5878 ter.
2068 5799 2258 5878 vixerit
2312 5797 2506 5878 Marcio
2533 5839 2545 5855 .
2574 5798 2886 5878 proﬂigatis
2932 5800 3072 5878 enim
3097 5797 3226 5854 erat
3267 5801 3526 5876 moribus,

1941 5869 2033 5930 sed
2067 5870 2206 5941 quod
2237 5870 2444 5941 nuptias
2475 5869 2795 5939 prohiberet.
2828 5869 2900 5923 lac
2933 5870 3029 5923 Pa.

2790 5956 3052 6047 (mox)
