4242 6492
694 346 770 405 45
2123 322 2586 385 τειιτυιιλιιιιι
3940 312 4003 369 ιι

700 459 1111 525 marciouensis,
1140 458 1209 513 ab
1238 456 1409 511 oculis
1444 453 1765 510 sanctissimi
1793 450 2029 522 magi~tri
2060 446 2293 501 Alessn-
2324 447 2378 503 Α

697 558 869 612 driam
900 554 1157 619 secessit;
1207 551 1330 607 inde
1387 559 1502 619 past
1541 564 1709 603 annos
1750 547 1828 617 (1)
1870 558 2144 614 regressus
2188 554 2291 593 nou

699 650 909 713 melior,
958 647 1057 701 nisi
1089 654 1290 699 tantum
1320 658 1423 713 qua
1450 642 1560 711 jam
1591 622 1711 697 non]
1735 637 2099 701 marcionites,
2129 634 2179 688 in
2219 631 2294 685 al-

698 753 868 796 teram
915 740 1186 795 heminam
1242 740 1479 810 impegit,
1525 738 1665 792 illam
1714 734 1973 805 virginem
2024 730 2295 785 Philume-

700 852 826 900 nen,
853 850 1011 905 quam
1034 849 1193 903 supra
1221 832 1509 896 edidimus,
1543 843 1721 900 postea
1753 844 1881 883 vero
1907 828 2137 881 immane
2169 838 2293 892 pro-

698 928 951 981 stibulum
992 935 1043 979 et
1076 927 1267 995 ipsum,
1298 925 1451 994 cujus
1489 933 1831 993 energemate
1874 921 2290 977 circumventus,

696 1035 829 1089 quas
878 1019 955 1091 (2)
1009 1018 1078 1072 sb
1122 1033 1183 1072 ea
1238 1016 1422 1072 didicit
1459 1015 1782 1086 pltaneroseis
1823 1011 2056 1081 scripsit.
2108 1007 2297 1064 Adhuc

696 1111 750 1165 in
778 1110 979 1165 suscqu
1019 1117 1307 1179 supersunt
1346 1109 1434 1178 qui
1482 1107 1822 1163 meminerint
1864 1120 2088 1167 eorum,
2132 1101 2294 1156 etiam

701 1205 898 1275 pr0prii
926 1203 1195 1259 discentes
1231 1212 1283 1257 et
1326 1215 1665 1258 successores
1707 1201 1965 1270 ipsorum,
1995 1212 2064 1252 ne
2116 1213 2174 1249 se
2215 1194 2295 1263 (5)

698 1297 1022 1363 posteriores
1062 1311 1257 1365 negare
1286 1294 1512 1366 possint.
1541 1293 1855 1363 Quanquam
1888 1301 1942 1346 et
1968 1291 2031 1344 de
2061 1289 2296 1359 aperilnts

694 1391 820 1457 suis,
855 1399 909 1444 ut
933 1388 1066 1444 dixit
1090 1388 1362 1454 Dominus,
1394 1389 1714 1441 revincuntur
1743 1390 1760 1458 (
1786 1384 1997 1448 Mattlt.,
2032 1382 2138 1443 VII,
2167 1382 2231 1436 Ili

692 1480 750 1541 Si
777 1482 918 1537 ettim
949 1480 1405 1537 MarcionNovnm
1437 1480 1840 1536 Testamentum
1872 1477 2113 1532 aVetere
2136 1488 2292 1538 sepa-

696 1574 851 1637 ravit,
888 1574 1153 1645 posterior
1177 1582 1260 1628 est
1286 1588 1352 1627 eo
1378 1571 1519 1642 qtlotl
1551 1573 1851 1640 separavit;
1892 1572 2013 1640 quia
2043 1581 2293 1639 separare

696 1683 800 1721 non
830 1678 1031 1737 posset,
1067 1668 1165 1721 nisi
1191 1666 1334 1738 quod
1366 1666 1571 1720 unitum
1606 1665 1722 1718 fuit.
1762 1664 1976 1720 Unitum
2004 1677 2133 1732 ergo
2173 1671 2296 1715 ante

694 1775 855 1832 quant
898 1771 1273 1830 separaretur,
1327 1768 1507 1828 postea
1546 1767 1851 1828 separatum
1877 1798 1891 1821 ,
1944 1756 2294 1826 posteriorem

2967 440 3193 498 CAPUT
3229 436 3430 498 XXXI.

2398 532 2468 587 Id
2494 534 2665 602 itaqu
2703 550 2812 589 esse
2837 549 3008 588 verum
3038 544 3084 587 et
3105 532 3445 591 dominicum,
3478 528 3612 599 quod
3634 528 3779 598 prius
3815 526 3881 580 sit
3904 535 4006 578 tra-

2760 626 2955 691 ditum;
2983 626 3193 693 falsum,
3213 624 3349 696 quod
3377 621 3644 694 posterius.

2471 717 2579 774 Sed
2605 718 2673 773 ab
2694 734 2923 775 excessu
2942 719 3012 789 (ε)
3041 728 3279 774 revertar
3303 717 3370 771 ad
3395 713 3842 786 principalitatem
3871 710 4009 765 veri-

2401 810 2522 864 tatis
2559 811 2695 881 (15),
2744 820 2797 866 et
2842 814 3210 881 posteritatem
3262 807 3630 865 mendacitatis
3667 806 3785 874 (ιι)
3829 805 4009 873 dispu-

2400 904 2615 958 tandam
2636 946 2652 971 ,
2680 919 2749 960 ex
2780 904 2924 959 illius
2960 920 3175 975 quoque
3218 902 3486 973 parabolze
3528 899 3860 967 patrocinio,
3892 911 4009 966 qua

2399 997 2586 1052 bonum
2612 1014 2779 1052 semen
2808 999 3049 1067 frumenti
3075 1014 3105 1051 a
3128 997 3356 1051 Domino
3370 995 3674 1049 seminatum
3698 991 3747 1045 in
3776 991 4010 1059 primore

2399 1091 2678 1144 constituit
2704 1088 2841 1161 (l5).
2875 1106 3150 1144 arenarum
3196 1099 3363 1142 autem
3411 1086 3597 1141 sterilis
3632 1084 3754 1155 [triti
3800 1082 4008 1135 adulte-

2402 1181 2539 1236 rium
2555 1182 2675 1250 (l6)
2689 1184 2752 1236 ub
2777 1183 2985 1236 inimico
3001 1182 3204 1236 diabolo
3233 1180 3433 1251 (Mutt.,
3452 1176 3593 1241 XIII,
3610 1177 3700 1236 57.
3714 1174 3809 1245 59)
3831 1184 4013 1241 postea

2404 1273 2733 1344 Superducit.
2762 1273 2983 1344 Proprie
3012 1274 3129 1344 (I7)
3152 1274 3297 1329 enim
3326 1272 3688 1325 doctrinarum
3712 1266 4015 1321 distinctio-

2403 1382 2525 1420 nem
2542 1366 2885 1436 ligurat,quia
2910 1377 2961 1421 et
2979 1365 3102 1421 alibi
3122 1364 3343 1419 verbum
3366 1363 3456 1417 llei
3479 1363 3697 1415 seminis
3719 1356 4015 1413 similitudo

2397 1466 2497 1512 est.
2523 1456 2598 1511 Ita
2622 1474 2686 1513 es
2708 1460 2821 1527 ipso
2846 1458 3035 1513 ordine
3053 1455 3443 1520 manifestatur,
3470 1453 3521 1507 id
3543 1468 3663 1508 esse
3680 1450 4012 1505 dominicum

2396 1560 2450 1605 et
2480 1566 2663 1605 verum
2692 1592 2705 1614 ,
2738 1550 2881 1621 quod
2927 1552 2995 1605 sit
3028 1551 3174 1620 prius
3200 1547 3482 1611 traditum;
3530 1547 3578 1599 id
3620 1554 3803 1598 autem
3834 1552 4016 1598 estra-

2400 1656 2559 1698 neum
2585 1654 2640 1697 et
2687 1641 2914 1706 lslsmn,
2965 1642 3107 1709 quod
3158 1642 3227 1695 sit
3258 1639 3527 1712 posterius
3577 1637 3904 1691 immissum.
3941 1635 4015 1690 Ea

2400 1734 2663 1789 sententia
2690 1734 2930 1789 manebit
2956 1732 3215 1788 adversus
3253 1732 3579 1803 posteriores
3620 1744 3861 1799 quasque
3899 1727 4015 1782 bu:-

692 1853 927 1909 ostcudit
966 1864 1349 1924 separatorem.
1398 1851 1528 1907 Item
1578 1851 1909 1915 Valentinus,
1941 1850 2099 1904 aliter
2133 1860 2292 1918 expo-

2402 1843 2577 1893 reses,
2621 1828 2818 1899 quibus
2861 1828 3005 1882 nulla
3049 1828 3349 1883 constantia
3376 1826 3443 1879 de
3481 1824 3812 1879 conscientia
3862 1838 4015 1878 com-

695 1962 848 2014 nens,
876 1956 930 2003 et
960 1947 1076 2003 sine
1118 1947 1281 2002 dubio
1319 1944 1632 2007 emeiulzans,
1668 1945 1768 1999 hoc
1797 1944 2015 1999 omnino
2040 1943 2289 2014 quiequid

689 2040 961 2105 emendat,
994 2051 1047 2094 ιιι
1073 2039 1388 2095 mendosum
1417 2049 1583 2099 retro,
1609 2038 1846 2093 anterius
1871 2037 2036 2092 fuisse
2061 2036 2289 2092 demon-

692 2144 827 2189 strat
854 2134 954 2205 (4).
980 2134 1089 2189 llos
1112 2142 1168 2188 ut
1196 2132 1276 2203 (5)
1306 2132 1624 2201 insigniores
1650 2141 1701 2186 ct
1719 2132 2115 2201 frequentiores
2140 2130 2294 2186 adul-

693 2236 838 2285 teros
866 2230 1101 2285 veritatis
1150 2228 1508 2283 nominamus.
1542 2226 1804 2281 Ceterum
1834 2234 1888 2280 et
1927 2224 2167 2295 Nigidius
2194 2240 2289 2278 ne-

689 2323 803 2378 scio
834 2324 953 2393 quis
991 2321 1107 2395 (6),
1156 2331 1210 2377 et
1249 2319 1649 2389 Hermogenes,
1680 2326 1735 2373 et
1772 2318 1924 2372 multi
1955 2316 2046 2372 alii
2085 2318 2174 2387 qui
2208 2316 2289 2385 (7)

694 2416 871 2470 adhuc
899 2416 1177 2471 ambulant
1206 2420 1575 2484 pet-vertentes
1606 2413 1719 2465 vias
1752 2412 1841 2465 Dei
1872 2410 1975 2483 (8),
2004 2410 2291 2465 ostendant

693 2508 822 2563 mihi
853 2522 918 2562 es
958 2522 1059 2577 qua
1108 2506 1423 2561 auctoritate
1468 2505 1801 2578 prodierunt.
1833 2502 1885 2557 Si
1927 2503 2086 2555 alium
2114 2501 2287 2557 Deum

691 2600 1007 2669 praedicant,
1041 2598 1311 2669 quomodo
1340 2598 1457 2668 ejus
1489 2597 1579 2651 Dei
1611 2596 1771 2651 rebus
1798 2604 1849 2648 et
1876 2594 2069 2648 litteris
2098 2603 2151 2649 et
2192 2610 2289 2648 tto-

690 2693 926 2748 minibus
956 2700 1177 2747 utuntur
1205 2691 1462 2746 adversus
1492 2706 1653 2761 quem
1707 2688 2033 2759 praedicant?
2062 2689 2104 2743 si
2140 2704 2293 2743 eum-

687 2788 833 2847 dem.
862 2786 1133 2859 quomodo
1162 2786 1352 2842 aliter?
1396 2784 1472 2857 (ιι)
1502 2784 1735 2839 l’rohcnt
1766 2797 1823 2838 se
1869 2796 2036 2836 novos
2077 2793 2293 2852 aposto-

690 2881 770 2935 los
813 2896 973 2936 esse:
1018 2879 1200 2935 dicant
1241 2878 1515 2933 Christum
1564 2878 1758 2931 iterum
1791 2874 2154 2939 descendisse,
2198 2877 2294 2931 ite-

688 2988 804 3026 rum
834 2972 1007 3041 ipsum
1033 2970 1311 3033 docuisse,
1350 2969 1539 3023 iterum
1564 2967 1897 3027 cruciﬁxum,
1930 2966 2119 3019 iterum
2144 2982 2290 3021 mor-

690 3074 862 3128 tuum,
898 3063 1087 3118 iterum
1136 3060 1507 3116 resuscitatum
1537 3078 1550 3113 :
1583 3058 1660 3113 sic
1690 3060 1833 3111 enim
1881 3056 2167 3126 Apostolos
2200 3074 2287 3112 so-

2397 1922 2529 1992 petit
2555 1921 2675 1993 (l8)
2698 1921 2764 1976 ad
2794 1920 3191 1977 defendendam
3220 1920 3320 1974 sibi
3345 1919 3647 1973 veritatem.

2956 2013 3184 2070 CAPUT
3226 2010 3443 2068 XXXII.

2396 2106 2459 2162 Si
2494 2107 2696 2161 interim
2720 2108 2961 2177 quadam
3006 2108 3108 2161 sint
3148 2106 3361 2160 lnereses
3405 2106 3557 2158 etiant
3596 2104 3717 2157 inde
3752 2103 3817 2157 ab
3858 2112 4013 2157 atlate

2469 2201 2800 2269 apostolica;
2863 2199 3297 2271 prtcscribendum
3354 2199 3430 2251 uti
3483 2197 3714 2251 evolvunt
3770 2196 4012 2249 ordinem

2469 2297 2826 2367 episcoporum
2875 2312 3102 2357 suorum,
3144 2296 3217 2348 ita
3260 2312 3349 2365 per
3382 2293 3721 2349 successiones
3764 2292 3829 2345 ab
3860 2292 4013 2345 initia

2468 2394 2851 2459 decurrentem,
2904 2401 2957 2445 ut
3008 2392 3203 2462 primus
3243 2390 3331 2444 ille
3368 2390 3636 2460 episcopus
3672 2387 3899 2455 aliquem
3950 2401 4013 2439 ea:

2468 2484 2725 2554 Apostolis
2769 2494 2856 2537 aut
2905 2485 3199 2552 apostolicis
3241 2483 3361 2537 uiris
3399 2481 3579 2534 habent
3616 2490 4009 2544 antecessorem,

2465 2577 2889 2647 quamadmadum
2903 2576 3289 2647 Smyrtueorum
3307 2586 3353 2629 et
3368 2572 3714 2627 Romanorum
3733 2569 4010 2635 Ecclesia;

2464 2669 2603 2739 quod
2631 2686 2744 2721 cum
2777 2669 2994 2738 probare
3024 2685 3122 2722 non
3163 2668 3375 2738 possint,
3404 2667 3457 2720 in
3490 2664 4011 2718 communicationem

2472 2779 2573 2817 non
2603 2762 2935 2833 recipiantur.

2470 2876 2765 2943 Caeterum,
2795 2878 2839 2931 si
2877 2892 2997 2947 qme
3039 2874 3244 2931 audent
3268 2876 3591 2929 interserere
3620 2887 3679 2927 se
3702 2871 3845 2926 atati
3871 2885 4011 2941 apo-

2398 2973 2627 3037 stolicae,
2660 2982 2716 3026 ut
2745 2972 2865 3027 ideo
2895 2970 3180 3025 videantur
3209 2970 3278 3024 ab
3310 2969 3583 3040 Apostolis
3614 2966 3845 3031 tradita,
3877 2966 4009 3036 quia

2398 3066 2501 3121 sub
2528 3066 2801 3136 Apostolis
2828 3065 3040 3119 luerunt
3061 3106 3076 3131 ,
3103 3080 3387 3134 possumus
3407 3063 3590 3117 dicere
3624 3080 3637 3115 :
3664 3059 3843 3115 Edam
3870 3073 4007 3129 ergo

687 3156 762 3210 let
791 3154 965 3210 facere
998 3153 1099 3223 (9),
1129 3152 1257 3208 dare
1300 3152 1403 3206 illis
1435 3160 1694 3221 praetcrea
1728 3153 1979 3205 virtutem
2010 3149 2198 3205 eadem
2223 3152 2289 3204 εἰ·
2313 3152 2358 3212 C
2392 3158 2629 3227 origines
2644 3157 3001 3211 Ecclesiarum
3028 3172 3247 3211 suarum
3273 3172 3286 3208 :
3312 3156 3563 3211 evolvant
3589 3153 3837 3208 ordinem
3861 3154 4011 3222 epis-

688 3262 792 3316 gna
837 3245 1051 3306 edendi.
1082 3261 1201 3314 quo:
1228 3254 1279 3298 et
1310 3244 1425 3314 (10)
1456 3245 1589 3314 ipse.
1632 3240 1707 3314 (b)
1741 3241 1875 3296 Volo
1905 3242 2062 3311 igitur
2090 3241 2207 3314 (11)
2234 3252 2289 3298 et
2389 3265 2649 3320 eoporum
2683 3263 2925 3312 suorum,
2961 3249 3033 3302 ita
3074 3247 3143 3317 (Ι)
3185 3263 3278 3317 per
3318 3246 3691 3301 successiones
3736 3244 3803 3298 ab
3841 3245 4002 3299 initio

687 3342 914 3395 virtutes
942 3354 1127 3396 eorum
1160 3337 1424 3408 proferri;
1450 3336 1553 3391 nisi
1575 3335 1716 3407 quod
1746 3350 1977 3406 agnosco
2000 3336 2283 3391 maximam

685 3438 936 3492 virtutem
967 3451 1173 3501 eorum,
1216 3450 1321 3506 qua
1366 3433 1653 3506 Apostolos
1683 3434 1733 3488 in
1766 3448 2081 3504 perversum
2112 3448 2283 3487 aemu-

687 3531 902 3586 lantur:
937 3530 1010 3585 illi
1038 3531 1180 3585 enim
1210 3530 1283 3602 (ο)
1306 3518 1375 3586 de
1401 3531 1624 3585 mortuis
1660 3530 1809 3585 vivos
1838 3528 2107 3586 faciebant
2145 3527 2279 3599 (12),

687 3621 773 3679 isti
806 3622 884 3696 (tl)
914 3623 982 3678 de
1010 3621 1146 3677 vivis
1175 3630 1416 3678 mortuos
1444 3621 1662 3678 faciunt.

2393 3343 2772 3398 decurrentem
2791 3341 2927 3414 (l9),
2947 3351 3004 3396 ut
3033 3343 3234 3410 primus
3257 3341 3347 3395 ille
3367 3340 3651 3411 episcopus
3676 3338 3908 3407 aliquem
3938 3354 4011 3394 ex

2390 3436 2691 3507 Apostolis,
2706 3436 2794 3491 vel
2822 3436 3131 3506 apostolicis
3157 3436 3306 3499 viris,
3325 3434 3415 3499 qui
3438 3444 3615 3489 tamen
3635 3448 3757 3487 cum
3773 3433 3812 3486 A
3824 3445 4011 3502 posto-

2393 3529 2460 3584 lis
2489 3526 3075 3600 perseveraverit(20),
3102 3526 3348 3581 habuerit
3374 3535 3650 3580 auctorem
3674 3535 3728 3581 et
3748 3536 4010 3582 anteces-

2390 3620 2679 3693 sorem.(g)
2702 3619 2814 3676 Hoc
2834 3621 2977 3675 enim
2997 3617 3159 3675 modo
3172 3616 3428 3673 Ecclesia:
3448 3616 3757 3688 apostolicae
3774 3616 3853 3689 (It)
3871 3631 4010 3674 cen-

1915 3734 2298 3794 LECTIONES
2337 3736 2749 3793 VARIANTES.

750 3830 825 3951 (ὲ)
858 3830 1075 3894 Aliquos.
1103 3827 1226 3878 add.
1258 3829 1447 3881 Wouw.

812 3893 828 3951 )
863 3893 983 3951 Quae
1007 3888 1159 3943 Sentl.

812 3888 828 3961 ›
863 3888 1159 3961 quasina!-

755 3954 830 4018 (5)
864 3955 933 4006 Se
966 3954 1094 4028 delet
1116 3954 1266 4026 idem.

858 4014 1248 4129 ﬁliifls‘t’lssglﬁe
1270 4017 1579 4068 demonstret
1601 4013 1754 4067 Seml.

960 4094 975 4142 1

771 4089 825 4201 ἓξ
858 4089 1306 4200 ὃδ¹ἱ¹¹ὲῖ3ῗ¹¹³ἒεηιι

772 4206 820 4331 7)
861 4200 1262 4277 Qui,del.Sentl.

772 4266 803 4331 8
860 4267 1021 4331 Cupis,
1054 4267 1323 4331 snseritSet

860 4262 1021 4339 Cupis.
1050 4262 1223 4339 inserit
1247 4262 1459 4339 stanter:
1583 4329 1589 4335 ι
1657 4328 1665 4336 η

770 4326 823 4392 0)
858 4326 945 4379 Sic
980 4331 1111 4401 enim
1148 4328 1394 4401 apostolus
1431 4326 1885 4401 descripsiLHSolet
1916 4326 2110 4401 facere,
2148 4330 2293 4401 daret

688 4390 931 4457 prtet'erea
957 4391 1185 4440 virtutem
1210 4391 1385 4459 eodem
1410 4390 1547 4451 signa
1574 4390 1770 4450 edendi,
1831 4404 1905 4440 ita:
1931 4400 1983 4440 et
2020 4394 2160 4457 ipse;
2185 4392 2289 4443 lucc

688 4456 780 4503 fert
802 4453 852 4503 in
872 4454 961 4503 hoc
985 4451 1089 4503 loco
1109 4450 1357 4503 Aaobardt
1381 4451 1499 4503 liber
1522 4448 1661 4503 iuxta
1683 4405 1959 4503 Riodltium.

682 4450 780 4522 fert
802 4453 852 4504 in
872 4454 961 4505 hoc
974 4451 1089 4525 loco
1109 4450 1357 4517 Agobardi
1381 4450 1499 4503 liber
1512 4450 1661 4516 juxta
1683 4450 1959 4516 Rigaltium.

751 4519 858 4581 (10)
892 4516 987 4581 Ipsi
1007 4513 1161 4566 Seml.

2456 3830 2563 3891 (11)
2598 3829 2663 3881 Et
2685 3829 2781 3881 del.
2816 3832 2967 3882 Seml.

2485 3892 2565 3944 12)
2600 3894 2910 3943 Suscitahant
2944 3892 3097 3944 Seml.

2488 3955 2566 4020 ιι)
2599 3955 2809 4020 Xersen
2837 3956 3048 4020 Μυκη·

2486 4016 2562 4079 14)
2603 4017 2913 4068 Mendaeitati
2937 4016 3283 4079 deputandam.
3310 4016 3459 4069 Seml.

2397 4078 2766 4194 sellmill’rimo
2782 4082 3050 4143 constituit,
3070 4078 3237 4132 Paris.
3256 4082 3410 4131 Frun.
3430 4083 3477 4131 in
3497 4081 3656 4144 primo
3672 4084 4008 4147 reconstituit,

2487 4208 2566 4267 10)
2600 4204 2885 4255 Adulterum
2916 4207 3085 4267 Venet.

2488 4264 2565 4332 17)
2585 4268 2698 4332 Pro
2720 4277 2859 4332 parte
2883 4264 3033 4319 Seml.

2459 4328 2563 4389 (t8)
2584 4330 2645 4380 Et
2664 4328 2965 4381 conscientia
2988 4330 3213 4381 concedit
3229 4328 3381 4383 Seml.
3398 4332 3683 4383 constantis:
3706 4334 4009 4384 conscientia

2392 4392 2621 4443 concedit
2642 4394 2760 4443 Jun.

2583 4407 2621 4443 ιι
2642 4407 2760 4443 Jun.

2458 4456 2563 4518 (19)
2600 4456 2908 4505 necui-rente
2943 4455 3093 4507 Seml.

2462 4517 2565 4581 (20)
2601 4518 3043 4571 Perseveraverint
3068 4520 3221 4570 Fran.

2048 4623 2612 4680 COMMENTARIUS.

2048 4625 2546 4681 COMMENTARIU
2599 4666 2612 4679 .

767 4719 841 4790 (a)
875 4718 1092 4794 Probent
1114 4734 1166 4794 se
1194 4732 1344 4794 navas
1370 4715 1626 4794 apostolos
1664 4732 1792 4794 esse,
1819 4716 1994 4794 dicunt
2025 4716 2282 4794 Christum
2309 4719 2361 4778 D
2418 4790 2428 4794 Α
2458 4718 2542 4774 CA
2638 4717 2829 4775 XXXI.
2851 4720 2999 4794 —(e)
3021 4720 3261 4775 Reuertar
3282 4723 3353 4777 ad
3356 4721 3802 4794 principalitatem
3818 4723 4007 4794 uerita-

686 4787 871 4846 iterum
910 4789 1249 4859 descendisse.
1290 4787 1516 4856 Optatos
1557 4788 1646 4841 lib.
1687 4787 1795 4842 IlI:
1832 4789 1893 4841 At
1924 4788 2167 4859 numquid
2211 4800 2285 4843 est

688 4865 821 4917 alter
859 4860 1180 4930 redemptor?
1227 4858 1336 4930 Qui
1378 4860 1637 4926 proiilieta:
1681 4858 2286 4913 nuntiaveruntalterum

691 4952 797 4989 esse
826 4933 1123 4988 venturum?
1146 4931 1270 4997 Quis
1297 4929 1499 4984 Gabriel
1525 4932 1705 4982 iterum
1735 4932 1804 4983 ad
1828 4931 2041 4984 alteram
2064 4932 2286 4985 Marium

690 5006 889 5060 locutus
927 5005 1039 5057 est?
1078 5004 1206 5068 Qua:
1249 5002 1387 5069 virgo
1410 5001 1613 5071 (iterum
1647 5001 1873 5071 peperit?
1907 5002 2036 5070 Quis
2076 5007 2286 5058 virtutes

691 5093 847 5131 novas
875 5084 962 5128 unt
999 5075 1185 5128 alteras
1216 5072 1370 5143 fecit?
1402 5070 1520 5127 th.

765 5148 845 5217 (li)
883 5145 1011 5199 Vala
1039 5147 1192 5216 igitur
1222 5144 1515 5217 eLvirtittes
1554 5160 1725 5198 eorum
1755 5145 1993 5217 proferri.
2024 5144 2285 5213 Virtutes,

690 5215 795 5273 hoc
817 5228 920 5276 est.
955 5215 1227 5270 miracula.
1258 5215 1392 5269 Eno.

767 5290 848 5359 (ιτ)
879 5287 957 5342 De
994 5288 1203 5340 mortuis
1232 5288 1367 5359 uiuos
1392 5286 1662 5355 faciebant.
1692 5286 1775 5339 isti
1814 5288 1877 5341 de
1902 5288 2043 5349 vivis,
2078 5298 2160 5343 etc
2228 5287 2286 5343 Id

696 5357 917 5416 Calvino
944 5359 1232 5429 contigisse
1271 5357 1500 5429 Cenevc
1530 5367 1755 5421 testatur
1786 5358 1837 5412 in
1865 5360 1982 5428 ejus
2013 5359 2126 5413 Vita
2159 5361 2284 5415 Bol-

692 5448 870 5494 secns,
906 5439 965 5485 ut
1004 5428 1201 5483 scilicet
1251 5428 1318 5483 de
1354 5429 1479 5483 vivo
1526 5440 1793 5484 tuortuum
1841 5432 2105 5486 redderet.
2157 5431 2290 5486 Illud

692 5513 911 5559 enarrat
941 5504 1120 5555 multis
1158 5500 1530 5572 Bellarlllltttts‘,
1572 5502 1638 5555 de
1667 5499 1819 5555 Notis
1854 5500 1999 5555 Eccl.
2043 5518 2161 5572 cap.
2200 5504 2287 5572 14,

692 5576 787 5631 lib.
823 5574 908 5631 IV.
950 5582 1190 5627 controv.
1226 5583 1258 5624 ι.
1300 5572 1358 5625 lI.
1394 5571 1469 5625 Ls:
1512 5572 1603 5625 I’tt.

770 5648 851 5715 (ιι)
884 5644 959 5698 De
997 5645 1371 5715 uivismortnos
1407 5644 1619 5712 faciunt.
1657 5642 1918 5697 Fidelium
1966 5644 2288 5701 inﬁrmiores

696 5713 967 5773 evertunt.
1001 5715 1089 5770 Sic
1121 5714 1211 5767 lib.
1243 5713 1309 5767 de
1336 5714 1619 5787 Scorpiace
1652 5715 1849 5787 :Atqne
1876 5717 1945 5767 ita
1971 5718 2123 5769 semel
2143 5718 2287 5780 iii/ir-

696 5792 847 5843 mitas
874 5804 985 5856 quit
1002 5802 1239 5855 percussu
1265 5794 1356 5846 est,
1381 5786 1657 5856 sauciatam
1679 5786 1832 5854 ﬁdem
1861 5787 1937 5842 sel
1957 5788 2008 5842 in
2033 5788 2284 5854 Itwresim,

694 5878 721 5917 υ
754 5864 771 5915 l
800 5863 853 5917 in
877 5855 1117 5916 sicculunt
1143 5857 1389 5928 exspirat.
1422 5855 1543 5911 llic.

2392 4790 2475 4854 tis,
2507 4802 2552 4843 et
2592 4790 2941 4862 posteritatem
2964 4790 3332 4849 niendneitntis.
3355 4790 3816 4861 Princiimlitatcm
3847 4793 4002 4855 dicit,

2391 4862 2534 4929 quod
2588 4865 2765 4936 statim
2815 4879 2844 4917 a
2906 4865 3169 4935 principio
3219 4865 3352 4930 fuit;
3406 4864 3807 4935 posteritatem,
3857 4865 4005 4936 quod

2393 4944 2576 5003 postea
2617 4934 2917 5002 subrepsit.
2949 4936 3069 4992 Ric.

2464 5006 2615 5059 CAP.
2649 5004 2863 5060 XXXII.
2897 5037 2963 5046 —
2996 5008 3061 5076 (Γ)
3111 5006 3213 5063 Per
3238 5012 3598 5062 successiones.
3632 5005 3772 5063 Nihil
3803 5006 4004 5063 clarius

2391 5077 2443 5129 in
2476 5085 2584 5130 tota
2616 5088 2852 5131 veterum
2885 5079 3149 5143 doctrina,
3194 5080 3535 5137 successione
3595 5095 3733 5133 rom.
3789 5079 4006 5144 poutili-

2390 5161 2545 5221 cum;
2574 5149 2728 5215 cuius
2746 5152 2828 5221 rei
2863 5151 3122 5205 rationem
3151 5152 3327 5206 disces
3353 5168 3388 5205 tt
3408 5149 3468 5205 S.
3499 5150 3827 5221 Epiphanio,
3862 5149 4002 5205 Iner.

2389 5218 2486 5289 27,
2510 5230 2702 5289 quiest.
2732 5219 3290 5289 Carpocratianorum.
3322 5221 3400 5276 LE
3443 5223 3537 5275 Ρη.

2466 5288 2544 5362 (g)
2576 5288 2685 5343 Hoc
2715 5288 2849 5344 enim
2878 5295 3026 5347 ntodo
3054 5293 3297 5353 Ecclesia:
3338 5294 3638 5361 apostoli“:
3666 5308 3844 5348 census
3884 5309 4007 5350 suos

2398 5361 2653 5447 deferunt.
2707 5362 2929 5447 Ceusu_s_
2957 5380 3104 5447 suos,
3146 5366 3247 5420 hoc
3275 5380 3378 5428 est,
3426 5365 3664 5447 origines
3715 5380 3859 5447 sums.
3910 5363 4003 5447 _Sic

2400 5432 2491 5513 lib.
2521 5432 2541 5487 I
2590 5434 2851 5513 adversus
2879 5435 3236 5513 ᾈ1ξιιιιεὶθιιιξιιιι
3256 5432 3539 5513 apostolici
3576 5451 3771 5513 census
3805 5436 4001 5491 Eccle-

2396 5504 2529 5557 siarn
2558 5504 2733 5577 dixit;
2788 5516 2841 5577 et
2889 5507 3025 5560 libro
3071 5508 3139 5561 de
3192 5504 3546 5577 Mooogamia,
3593 5508 3783 5563 Census
3831 5518 4003 5562 noster

2392 5576 2699 5641 transfertur
2728 5579 2776 5630 in
2808 5576 3081 5631 Christum.
3131 5579 3246 5633 litc.

2470 5646 2550 5717 (li)
2584 5647 2769 5728 Census
2788 5666 2908 5703 suos
2930 5651 3185 5728 deferunt.
3208 5650 3533 5728 Interpretes
3558 5650 3648 5728 hic
3666 5665 3759 5719 per
3781 5665 3999 5713 census,

2395 5722 2765 5774 auctoritatem
2788 5730 2948 5790 atque
2984 5722 3294 5789 dignitatem
3320 5723 3717 5792 intelligendam
3745 5735 3865 5777 esse
3881 5738 4006 5776 cen-

2393 5798 2544 5870 sent;
2587 5805 2686 5862 ego
2718 5807 2843 5870 vero
2864 5793 3125 5861 originem
3148 5794 3472 5870 signiﬁcari,
3508 5803 3564 5847 ut
3589 5809 3652 5847 ex
3681 5793 3840 5848 variis
3864 5792 4004 5849 locis

2392 5870 2444 5916 et
2473 5860 2844 5931 hisce—verbis,
2874 5860 3020 5920 omne
3047 5860 3295 5937 genus-ad
3321 5866 3570 5938 originem
3597 5881 3741 5921 suum
3780 5879 3996 5923 censea-
