4242 6492
711 399 787 459 Π
2142 386 2323 445 TERT

2426 386 2599 446 LIANI
3951 402 4022 459 ιε

798 512 1104 579 dicationis,
1158 512 1343 567 habere
1386 512 1539 567 etiam
1587 510 1927 565 damnationis
1980 507 2308 569 consortium,
2340 505 2387 564 Α
2418 506 2816 569 damnationis;
2872 507 3210 576 praecedente
3259 508 3353 565 illo
3401 512 3509 567 ﬁne
3550 514 3666 581 (10)
3712 518 4021 584 supradicto

794 596 1013 664 maxime
1038 624 1151 662 cum
1181 604 1520 678 abApostolts
1557 606 1914 676 prwnuntiata:
1942 602 2150 674 fuerint.

790 748 914 802 lltec
944 753 1092 813 sunt,
1126 754 1185 800 ut
1226 744 1479 807 arbitror,
1520 757 1722 814 genera
1766 739 2131 796 doctrinarum
2164 735 2314 790 adul-

724 842 1046 906 terinarum,
1076 855 1193 910 qua:
1216 839 1316 893 sub
1343 839 1619 908 Apestolis
1644 836 1808 891 fuisse
1840 834 1907 889 ab
1937 834 2068 901 ipsis
2086 834 2314 900 Aposto-

718 936 781 990 lis
813 934 1103 999 discimus;
1142 942 1194 988 et
1226 941 1405 987 tamen
1436 930 1637 986 nullam
1677 930 1978 983 invenimus
2016 924 2311 981 institutio-

717 1044 865 1095 nem,
903 1028 1043 1082 inter
1092 1035 1169 1081 tot
1208 1026 1549 1081 diversitates
1598 1023 1676 1097 (1)
1717 1021 2147 1092 pe'rvcrsitatum,
2195 1034 2315 1089 qua:

715 1122 785 1178 dc
808 1122 918 1177 Deo
944 1132 1189 1177 creatore
1215 1120 1587 1175 universorum
1611 1117 2033 1174 controversiam
2065 1113 2314 1169 moverit.

716 1214 795 1285 (ιι)
818 1215 993 1270 Nemo
1014 1216 1241 1269 alterum
1274 1214 1438 1269 Deum
1468 1227 1632 1267 ausus
1652 1220 1733 1266 est
1762 1208 2045 1279 su5picari.
2074 1205 2317 1261 Facilius

715 1308 785 1363 de
813 1309 950 1363 Filio
980 1323 1138 1379 quam
1180 1308 1246 1362 de
1281 1308 1437 1361 Patre
1468 1305 1841 1366 hzcsitahatur,
1874 1303 2047 1357 donec
2077 1300 2312 1355 Marcion

719 1409 918 1470 pra‘ter
942 1401 1254 1455 Creatorem
1298 1400 1462 1454 alium
1497 1398 1664 1453 Deum
1720 1397 1887 1451 solius
1937 1395 2189 1449 bonitatis
2233 1394 2315 1448 in-

719 1492 977 1556 duceret;
1028 1491 1246 1561 Apelles
1298 1500 1596 1545 creatorem
1643 1490 1955 1558 angelorum
1999 1486 2075 1557 (:2)
2136 1486 2320 1542 neScio

715 1600 876 1654 quem
896 1584 1189 1653 gloriosum
1213 1582 1508 1654 superioris
1543 1582 1659 1649 Dei,
1687 1585 1887 1637 faceret
1920 1582 2083 1636 Deum
2114 1581 2245 1651 legis
2268 1589 2321 1635 ct

717 1675 953 1741 lsraelis,
992 1677 1137 1729 illum
1183 1676 1393 1746 igneum
1438 1676 1746 1738 allirmans;
1782 1674 2096 1729 Valentinus
2138 1688 2321 1728 aeonas

718 1785 847 1824 suos
889 1781 1191 1839 spargeret,
1235 1780 1290 1825 ct
1329 1770 1486 1823 unius
1525 1769 1694 1823 :conis
1730 1768 1917 1822 vitium
1961 1769 2012 1821 in
2058 1768 2317 1837 originem

716 1860 1009 1917 deduceret
1044 1862 1141 1915 Dei
1174 1862 1458 1915 creatoris.
1495 1860 1588 1915 liis
1625 1860 1776 1925 solis,
1816 1870 1869 1913 et
1901 1859 1981 1913 his
2020 1858 2203 1928 primis
2231 1872 2319 1912 re-
2351 1869 2397 1929 Β

718 1952 893 2006 velata
923 1962 1007 2006 est
1038 1953 1238 2007 veritas
1266 1950 1592 2019 Divinitatis,
1619 1950 1876 2020 majorem
1906 1949 2114 2005 scilicet
2134 1948 2323 2019 digna—

720 2044 922 2099 tionem
958 2055 1010 2100 et
1050 2044 1348 2115 pleniorem
1391 2042 1618 2113 gratiam
1661 2058 1689 2095 a
1732 2042 1949 2096 diabolo
1994 2042 2319 2107 consecutis,

720 2139 811 2209 qui
847 2139 1012 2193 Deum
1043 2138 1121 2193 sic
1151 2152 1365 2208 quoque
1388 2136 1621 2190 voluerit
1645 2133 1911 2199 aemulari,
1942 2142 1998 2188 ut
2022 2133 2092 2189 de
2121 2133 2325 2187 doctri-

719 2241 805 2292 nis
844 2248 1201 2299 venenorum,
1235 2230 1376 2302 quod
1409 2231 1666 2285 Dominus
1698 2228 1943 2299 negavit,
1978 2228 2091 2297 ipse
2125 2230 2325 2284 laceret

716 2326 1012 2398 discipulos
1056 2340 1219 2394 super
1257 2321 1597 2393 magistrum.
1627 2320 1832 2389 Eligant
1884 2318 2039 2389 igitur
2067 2319 2165 2372 sibi
2190 2329 2325 2374 tem-

718 2438 850 2492 pora
880 2422 1147 2475 universae
1192 2418 1449 2481 hmreses,
1488 2430 1608 2485 qua
1649 2412 1863 2482 quando
1905 2412 2123 2474 fuerint,
2169 2412 2325 2464 dum-

720 2513 883 2568 modo
928 2512 1007 2582 (5)
1039 2510 1249 2565 intersit
1296 2523 1415 2577 qua:
1455 2504 1688 2576 quando,
1722 2503 1848 2558 dum
1880 2502 1957 2572 (l)
1996 2502 2062 2556 de
2101 2502 2326 2557 veritate

720 2622 829 2659 non
851 2604 979 2659 sint.
1011 2602 1206 2672 Utique
1234 2616 1353 2671 qum
1376 2598 1442 2653 ah
1468 2597 1741 2667 Apostolis
1782 2595 2067 2650 nominate
2098 2611 2200 2648 non
2242 2596 2319 2666 (5)

720 2699 957 2760 fuerunt,
979 2694 1078 2750 sub
1108 2688 1477 2763 Apostolis(6)
1502 2689 1664 2745 fuisse
1686 2705 1790 2743 non
1825 2698 2081 2759 possunt:
2108 2692 2149 2741 si
2178 2690 2322 2743 enim

722 2790 968 2856 fuissent,
994 2789 1399 2842 nominarentur
1424 2788 1479 2839 et
1498 2783 1650 2855 ipszc,
1674 2792 1732 2837 ut
1750 2794 1800 2837 et
1832 2784 1959 2851 ipsa?
1987 2781 2323 2837 coercendae.

724 2882 856 2950 Qua:
882 2896 1011 2935 vero
1042 2880 1143 2935 sub
1176 2877 1449 2948 Apostolis
1482 2878 1716 2941 luerunt,
1750 2876 1803 2929 in
1832 2890 1925 2928 sua
1958 2876 2327 2928 nominatione

722 2975 1049 3030 damnantur
1078 2973 1182 3041 (7).
1228 2972 1350 3027 Sive
1392 2986 1521 3041 ergo
1551 2969 1753 3023 czedem
1795 2984 1937 3024 nunc
1973 2970 2045 3040 (b)
2076 2982 2197 3024 sunt
2230 2970 2327 3024 ali-

727 3077 929 3139 quanto
950 3068 1321 3137 expolitiorcs,
1348 3080 1467 3135 qua:
1496 3062 1593 3116 sub
1624 3063 1891 3130 Apostolis
1916 3063 2097 3122 rudes.
2131 3062 2332 3119 habent

721 3177 874 3217 suam
898 3159 1092 3216 exinde
1114 3158 1513 3214 damnationem
1534 3171 1553 3218 ;
1574 3154 1687 3208 sive
1712 3155 1828 3209 alia:
1851 3155 2065 3225 quidem
2093 3156 2327 3217 filerunt,

723 3254 844 3308 alia:
886 3260 1062 3306 autem
1095 3259 1279 3319 postea
1320 3248 1524 3304 oborta:
1581 3247 1681 3317 (8),
1714 3245 1930 3315 quidam
1978 3262 2041 3299 ex
2097 3248 2202 3301 illis
2253 3248 2332 3319 (9)
2361 3227 2405 3289 (ἶ

733 3353 1159 3414 usurpaverant,
1189 3342 1262 3411 (ε)
1293 3340 1539 3397 habendo
1589 3355 1709 3394 eum
1736 3339 1814 3393 eis
1841 3342 2169 3394 consortium
2199 3357 2335 3411 prmo

732 3435 1053 3502 dicationis,
1107 3435 1337 3489 habeant
1391 3446 1611 3489 necesse
1656 3440 1737 3487 est
1789 3432 1947 3487 etiam
1996 3435 2327 3489 consortium

2424 600 2772 667 pesteritatis,
2807 616 2933 669 quo,
2967 603 3067 654 etsi
3104 602 3234 655 nihil
3263 603 3329 656 de
3359 604 3689 661 danmatitiis
3732 610 4019 685 participa-

2422 701 2539 746 rent
2566 693 2703 761 (11),
2728 692 2795 747 de
2819 702 2975 746 relate
2998 694 3111 747 sola
3142 695 3652 764 pra-judicarentur;
3680 710 3827 753 tanto
3854 703 4021 772 magis

2420 783 2700 848 adulterw,
2745 794 2951 850 quanto
2995 802 3094 841 nec
3131 787 3199 841 ab
3230 787 3346 857 (ιε)
3394 790 3668 858 Apostolis
3711 793 4018 847 nominata.

2423 874 2575 931 Unde
2605 877 2810 932 ﬁrmius
2840 887 3072 943 constat,
3102 878 3197 933 has
3218 894 3359 947 esse,
3384 896 3503 951 qua:
3529 881 3705 937 adhuc
3731 893 3858 939 tunc
3890 902 4023 939 mm-

2421 970 2689 1024 tiabautur
2721 968 2931 1024 l'ulur:e.

2976 1065 3057 1118 CA
3070 1062 3201 1118 PUT
3243 1063 3336 1118 XX
3350 1064 3463 1119 XV.

2424 1175 2640 1231 Nullam
2696 1187 2863 1231 autem
2919 1196 2945 1232 c
2989 1181 3244 1233 contrario
3294 1180 3543 1235 dictarunt
3583 1184 4022 1254 proscriptionem

2627 1282 2905 1342 competere
2946 1274 3187 1328 adrersus
3217 1287 3439 1328 nostram
3467 1276 3813 1345 disciplinam.

2498 1362 2590 1417 llis
2639 1363 3041 1418 deﬁnitionibus
3084 1377 3389 1435 provocatzc
3434 1383 3461 1418 a
3504 1369 3659 1423 nobis
3699 1380 3751 1424 et
3802 1372 4019 1427 revictae

2429 1459 2661 1512 lucrcses
2704 1474 2914 1523 omnes,
2966 1459 3077 1513 sive
3120 1476 3238 1529 qua:
3283 1459 3398 1531 (13)
3447 1471 3695 1530 postem,
3739 1464 3851 1518 sive
3902 1482 4019 1534 quae

2424 1560 2711 1605 eoartinere
2764 1551 3186 1619 Apostolorum,
3232 1552 3525 1607 dummodo
3576 1554 3852 1621 diverse;
3912 1561 4023 1613 sive

2425 1645 2769 1712 generaliter,
2804 1645 2917 1697 sive
2947 1644 3252 1714 specialiter
3276 1654 3471 1699 notata:
3502 1648 3569 1701 ab
3598 1649 3695 1713 cis,
3729 1649 4023 1703 dummodo

2429 1735 2839 1803 priedamnatm;
2886 1736 3118 1791 audeant
3164 1737 3491 1807 respondere
3540 1750 3592 1794 ct
3640 1742 3764 1810 ipsae
3817 1742 4025 1811 aliquas

2427 1828 2689 1899 ejusmodi
2735 1830 3168 1899 praescriptiones
3208 1832 3467 1886 adversus
3516 1843 3753 1888 nostram
3786 1836 4027 1905 discipli-

2428 1936 2574 1975 nam.
2610 1923 2663 1975 Si
2693 1923 2835 1975 enim
2868 1935 3061 1992 negant
3090 1924 3368 1978 veritatem
3401 1926 3539 1993 ejus,
3570 1924 3767 1981 debent
3802 1928 4028 1997 probare

2429 2013 2571 2066 illam
2600 2027 2810 2084 quoque
2841 2013 3068 2067 haeresin
3094 2028 3216 2068 eSse
3250 2014 3387 2083 (14),
3414 2015 3604 2069 eadem
3649 2018 3817 2069 torma
3854 2020 4031 2073 revic-

2429 2115 2557 2171 tam,
2588 2123 2689 2176 qua
2724 2111 2851 2177 ipsa":
2884 2106 3269 2171 revincuntur;
3313 2115 3367 2160 et
3408 2106 3693 2162 ostendere
3722 2110 3880 2162 simul
3918 2112 4032 2164 nhi-

2431 2218 2551 2255 nam
2581 2202 2870 2271 quzrrenda
2902 2200 2970 2254 sit
3000 2204 3221 2267 veritas,
3259 2216 3419 2271 quam
3451 2201 3589 2270 apud
3624 2202 3740 2256 illas
3778 2219 3881 2255 non
3913 2220 4033 2259 ωδε

2426 2296 2538 2365 jam
2572 2303 2804 2349 constat.
2836 2294 3116 2349 Posterior
3147 2304 3330 2348 nostra
3386 2310 3472 2349 res
3502 2310 3607 2349 non
3651 2304 3751 2361 est,
3786 2295 3893 2351 imo
3920 2315 4035 2350 om-

2432 2388 2589 2443 nibus
2612 2388 2759 2459 prior
2782 2398 2893 2441 est:
2919 2388 3018 2441 hoc
3040 2387 3141 2440 erit
3168 2386 3530 2441 testimonium
3553 2390 3811 2442 veritatis.
3835 2390 4034 2458 ubique

2432 2484 2743 2552 Oeeupantis
2769 2482 3147 2553 principatum.
3176 2479 3291 2552 (l5)
3313 2480 3392 2534 Ab
3417 2481 3685 2550 Apostolis
3714 2482 3899 2552 utique
3931 2500 4036 2537 non

2433 2576 2741 2641 damnatur,
2802 2575 2908 2628 imo
2938 2573 3291 2628 defenditur:
3328 2573 3429 2628 hoc
3492 2576 3596 2629 erit
3633 2576 3886 2630 iudicium
3919 2593 4040 2643 pro.

2436 2668 2694 2737 primatis.
2731 2666 2902 2733 Quam
2948 2666 3092 2720 enim
3152 2679 3256 2719 non
3305 2664 3563 2719 damnant
3606 2666 3753 2735 (l6),
3790 2669 3876 2737 qui
3921 2668 4038 2737 (17)

2434 2770 2745 2815 extraneaui
2776 2775 3043 2829 quamque
3084 2758 3473 2813 damnaverunt
3497 2758 3637 2830 (18),
3671 2775 3820 2813 suam
3847 2771 4038 2815 osten-

2433 2856 2588 2921 dunt,
2631 2854 2861 2924 ideoque
2890 2863 2941 2909 et
2968 2853 3286 2907 defendunt.

2986 2964 3215 3021 CAPUT
3255 2964 3497 3020 XXXVI.

2436 3061 2767 3115 Perrurrenti
2821 3060 2952 3113 enim
3014 3058 3272 3112 Ecclesias
3341 3059 3671 3129 apostolicos,
3725 3062 3868 3131 apud
3914 3080 4043 3135 quas

2508 3155 2676 3206 adhuc
2706 3153 2831 3222 ἔρδω
2863 3151 3120 3204 cathedra:
3154 3152 3503 3219 apostolorum
3552 3152 3655 3205 suis
3704 3153 3826 3206 locis
3854 3157 4046 3224 prasi-

2513 3251 2713 3313 dentar,
2758 3254 2801 3299 et
2840 3246 2969 3298 inter
3013 3261 3097 3297 eas
3152 3244 3455 3309 Romanam,
3488 3245 3622 3297 unde
3655 3246 3797 3299 nobis
3838 3264 4043 3320 quoque

2509 3342 2784 3395 auctoritas
2827 3348 3010 3409 precsto
3053 3347 3125 3391 est
3169 3336 3279 3408 (ubi
3327 3335 3509 3392 Petrus
3551 3349 3598 3393 et
3652 3338 3849 3393 Paulus
3893 3357 4043 3395 coro-

2509 3432 2637 3503 nati)
2665 3432 2909 3485 constabit
2934 3432 3160 3484 eamdcm
3186 3428 3246 3482 ab
3270 3429 3527 3499 Apostolis
3551 3445 3695 3483 suam
3728 3442 3929 3502 potasse
3976 3433 4042 3499 fi-

1967 3546 2349 3611 LECTIONES
2388 3549 2804 3611 VARIANTES.

785 3664 857 3725 (l)
892 3664 956 3716 Ut
978 3664 1297 3725 diversitates
1315 3663 1463 3712 Semt.

807 3722 859 3782 2)
893 3727 1137 3789 Angelum
1165 3722 1369 3789 seniler.

808 3792 859 3848 5)
894 3786 1021 3839 Dum
1045 3803 1138 3838 non
1165 3786 1315 3838 Rhea.
1346 3796 1446 3837 tum
1471 3798 1567 3835 non
1590 3786 1711 3837 Jun.
1740 3800 1834 3835 non
1885 3788 2068 3839 Womt'.

784 3848 854 3913 (ι)
898 3852 1019 3900 Dum
1045 3850 1173 3901 abest
1202 3848 1350 3900 Rhea.

785 3909 858 3978 (5)
892 3914 995 3978 Sub
1020 3909 1548 3978 apostolisnondRhen.

783 3972 858 4036 (6')
892 3976 987 4025 Eas
1009 3972 1175 4026 dicere
1196 3975 1326 4038 .add.
1357 3975 1507 4024 Fran.
1533 3973 1625 4023 sub
1649 3972 1894 4036 Apostolis
1919 3974 2087 4027 desunt
2114 3978 2262 4029 Rlicn.

2493 3666 2597 3727 (l0)
2633 3666 2771 3715 Fune
2795 3666 2916 3713 Jun.

2520 3723 2598 3789 11)
2636 3730 2742 3777 Part
2756 3728 3049 3794 ieiparentttr
3078 3723 3284 3777 thcttatt.

2522 3794 2593 3857 12)
2638 3793 2715 3857 Ah
2749 3790 2879 3857 deest
2906 3790 3065 3837 Paris.

2525 3852 2593 3919 15)
2635 3856 2737 3919 Qua
2762 3852 2912 3919 lutea.

2496 3909 2603 3981 (14)
2638 3909 2915 3981 I‘Zsseudecst
2940 3909 3091 3981 Rhea.

2502 3972 2599 4044 (15)
2641 3976 2915 4044 Prw/igitur
2938 3974 3247 4044 (ιιιωκΓΓᾳη.
3276 3972 3443 4024 Paris.

2584 4047 2598 4233 ξ

896 4038 1169 4105 Βίὸειθιιιιιν
1196 4033 1357 4105 Ἶίηὲηο
1455 4100 1489 4105 _
1560 4095 1570 4105 .
1695 4033 1706 4036 ν
2496 4033 2594 4105 (Ιϋ)
2636 4033 3023 4105 Ειιίιὶιῖιωιιιιείιιι
3051 4033 3200 4085 Seml.

786 4040 835 4100 (7
896 4040 1169 4087 Di"llallllll‘
1209 4040 1357 4087 Rhea.

784 4040 861 4227 (8;
893 4076 1023 4150 Atfd.
1049 4106 1163 4149 sunt
1187 4107 1239 4148 et
1257 4100 1420 4171 .Fran.
1450 4095 1612 4149 Paris.

784 4164 836 4224 (9
895 4162 1133 4221 Quasdam
1166 4175 1228 4210 ex
1254 4160 1349 4210 tllts
1373 4157 1523 4226 Rhea.

2496 4040 2589 4105 (lli
2636 4040 2774 4091 Enim
2790 4040 3023 4087 damnant
3051 4041 3061 4085 .‘

2500 4109 2577 4170 (17
2638 4106 2783 4163 Quasi
2817 4104 3061 4153 Wouwer.

2495 4047 2598 4227 (I81
2632 4168 2877 4218 Extranea
2916 4177 3057 4227 quain

784 4157 859 4227 (9)
895 4162 1133 4221 Οῑιειεάωη
1166 4175 1228 4210 0x
1254 4160 1349 4210 illis
1373 4157 1523 4226 me":
2495 4157 2598 4233 (18)
2632 4157 2877 4218 Extranea
2916 4174 3157 4227 quamque
3184 4173 3279 4210 non
3310 4160 3663 4211 damnaverunt
3689 4161 3839 4213 Frmt.
3867 4161 4035 4217 Paris.

2082 4268 2643 4331 COMMENTARIUS.

722 4396 930 4459 prelum
959 4385 1220 4459 sententia
1251 4384 1531 4459 recedam,
1562 4398 1681 4459 cum
1713 4383 1861 4459 aiunt
1887 4397 1981 4452 per
2006 4398 2313 4459 sacramen-

726 4454 837 4515 tum
880 4459 1100 4528 intelligi
1131 4454 1515 4528 jar-amentum,
1543 4456 1683 4528 quod
1711 4454 1943 4528 ﬁdeles,
1978 4457 2133 4523 paulo
2164 4472 2315 4515 ante-

724 4530 882 4601 quain
912 4524 1236 4589 lavarentur,
1282 4529 1329 4579 in
1378 4526 1559 4601 limine
1602 4524 1852 4601 Ecclesim
1878 4526 2141 4601 dicerent.
2176 4529 2308 4584 Nam

2422 4391 2783 4462 prehensibile
2806 4397 2891 4445 est
2914 4401 3105 4462 graves
3130 4386 3292 4462 etiam
3306 4383 3600 4462 theologos
3624 4385 3738 4462 i_s_tis
3767 4385 4031 4462 facundia

2423 4456 2670 4518 hutnanze
2701 4462 2898 4525 verbis,
2918 4456 2983 4513 vet
3012 4459 3347 4527 elegantiolis
3393 4456 3596 4512 eﬂ'erri.
3629 4456 3764 4510 Num
3795 4459 3931 4511 bona
3962 4462 4036 4513 sit

2424 4537 2608 4601 dictio,
2642 4544 2908 4603 qtncrunt.
2943 4531 3107 4603 Atqui
3134 4530 3443 4603 meminisse
3493 4538 3853 4603 nospportet,
3885 4530 4031 4597 quod

725 4597 1117 4657 sacramentum
1164 4599 1433 4653 Sexcentis
1466 4612 1598 4663 pene
1648 4597 1776 4649 locis
1805 4612 1899 4665 pro
1934 4599 2036 4653 [ide
2078 4614 2141 4652 ac
2192 4603 2315 4656 rcli-
2342 4601 2394 4659 D
2426 4608 2569 4663 nulla
2597 4597 2679 4660 est
2712 4607 2761 4658 in
2786 4604 2964 4667 aliquo
2996 4597 3290 4652 christiano
3320 4600 3457 4653 bona
3489 4599 3657 4653 dictio
3680 4640 3693 4662 ,
3733 4614 3849 4667 qua
3890 4604 4033 4666 pari-

722 4675 879 4743 gioue
906 4672 1193 4743 chrisgiana
1219 4669 1556 4743 accipitque
1570 4682 1745 4743 misse.

793 4744 943 4797 CAP.
968 4741 1273 4795 XXXIV.-
1316 4737 1391 4809 (a)
1424 4738 1583 4790 Neino
1610 4737 1826 4789 alterunt
1847 4736 2025 4801 Deum,
2053 4750 2155 4793 etc.
2194 4742 2312 4797 1Ιὲ-

724 4816 1012 4869 reticorum
1039 4821 1369 4880 provectum,
1391 4810 1559 4875 inquit
1586 4810 1891 4874 Quintinus.
1924 4812 2033 4863 sive
2066 4827 2318 4879 progrus.

724 4903 841 4940 smn
871 4882 1323 4952 vides,dequibus
1347 4881 1470 4933 illud
1492 4880 1897 4948 ephilosotihica
1916 4882 2093 4935 schola
2128 4886 2321 4938 dicitur

722 4972 881 5025 quam
917 4951 1222 5009 verissime:
1255 4952 1458 5025 Parvus
1484 4966 1636 5025 error
1669 4951 1717 5003 in
1753 4951 2031 5025 principio,
2058 4957 2321 5009 maxinms

721 5021 804 5082 est
834 5030 883 5079 in
924 5026 1047 5079 ﬁne.
1086 5025 1171 5078 Bis
1211 5026 1259 5076 iu
1292 5023 1499 5093 synodo
1536 5021 1831 5089 Gangrensi
1863 5022 2132 5078 declarare
2161 5042 2323 5079 cona-

722 5101 935 5162 bamur,
960 5096 1145 5165 vulpes
1174 5095 1299 5147 istas
1332 5094 1556 5147 invicem
1585 5094 1767 5145 caudis
1796 5093 2056 5165 colligari,
2092 5097 2318 5159 scilicet,

723 5171 881 5225 uuius
925 5164 1149 5236 alicujus
1184 5166 1464 5236 haereseos
1493 5179 1664 5227 reum,
1697 5164 1947 5233 paulatim
2002 5169 2113 5220 lieri
2172 5184 2319 5221 reum

720 5235 1072 5303 ceterarum,
1114 5246 1389 5305 totumque
1437 5235 1652 5289 demum
1701 5236 1976 5297 cmnlntri;
2006 5248 2128 5291 sunt
2174 5242 2318 5294 enim

718 5320 1105 5369 concatenatre.
1135 5308 1270 5362 Pan.

794 5382 873 5454 (h)
910 5383 1041 5436 Sunt
1064 5378 1339 5454 aliquando
1368 5378 1706 5454 erpolitiOt'es.
1738 5376 1920 5454 Audis,
1958 5379 2126 5447 inquit
2154 5379 2320 5454 Quin-

720 5449 884 5519 tilius,
915 5455 1127 5507 Iiwreses
1154 5450 1305 5503 rudes
1337 5452 1573 5517 primum,
1607 5449 1788 5500 deinde
1832 5454 1994 5517 factas
2045 5452 2315 5516 expolitio-

718 5544 819 5579 res.
854 5525 932 5578 Ab
958 5524 1111 5577 annis
1146 5522 1494 5591 quadraginta
1520 5521 1598 5574 sic
1628 5520 1786 5572 etiam
1821 5522 1999 5573 tim-ari
2030 5533 2315 5588 etcpcrnnt

721 5596 973 5656 Increses,
1016 5606 1071 5647 ut
1109 5602 1307 5663 quanto
1333 5592 1451 5663 quis
1477 5592 1525 5663 in
1549 5591 1821 5657 grecitate
1848 5601 1900 5643 et
1933 5591 2190 5647 latinitate
2221 5611 2312 5647 ne-

719 5671 832 5722 scio
859 5684 957 5737 qtta
988 5661 1470 5737 peritiorextitcrit
1514 5661 1794 5715 haereticus
1815 5701 1829 5725 ,
1865 5671 2011 5715 tanto
2058 5664 2309 5729 plausibi-

719 5740 817 5791 Iior
843 5733 1291 5808 aiquereccptior
1320 5733 1523 5808 fuerit:
1551 5742 1787 5808 ριιτρηρι
1825 5743 1990 5808 torse,
2023 5742 2077 5787 ct
2099 5737 2309 5808 titunde

721 5803 969 5877 loquitur.
1002 5807 1127 5861 Inde
1160 5815 1455 5877 sectatores
1484 5805 1632 5877 istius
1671 5803 1991 5877 eloquentia:
2028 5804 2301 5873 colligunt.

711 5876 857 5952 Ergo
887 5896 1036 5951 pura,
1070 5888 1229 5944 tersa,
1262 5876 1457 5932 munda
1496 5884 1576 5929 est
1607 5876 1846 5930 haeresis.
1882 5876 2182 5931 Admodum
2222 5894 2299 5933 reo

2426 4690 2505 4732 ter
2531 4693 2632 4731 non
2662 4678 2727 4730 sit
2760 4675 2810 4729 iu
2836 4674 3048 4727 Christo
3075 4671 3201 4724 Jesu
3231 4669 3553 4725 benedictio.
3585 4670 3763 4723 Bonas
3795 4672 3922 4723 istas
3944 4672 4030 4724 ili-

2423 4751 2669 4808 ctiones,
2720 4757 2771 4801 et
2820 4743 3265 4799 rhetoricationcs
3315 4741 3681 4809 relinquamus
3721 4740 4030 4797 Cresconiis

2425 4820 2808 4890 grammaticis,
2843 4828 2899 4869 ut
2933 4815 3434 4890 fecit_Aitgiistinus.
3466 4812 3628 4867 Sacra
3674 4809 3883 4865 sincere
3923 4824 4033 4867 tra-

2426 4885 2694 4945 (tantibus
2724 4904 2827 4942 non
2852 4885 3200 4946 conveniunt,
3225 4897 3277 4937 ut
3307 4899 3479 4953 neque
3502 4892 3761 4937 matrona:
3782 4898 4029 4951 cerussa,

2429 4978 2602 5030 neque
2634 4962 2750 5015 bovi
2783 4974 3017 5014 ceroma.
3066 4957 3199 5030 Pw.

2500 5023 2574 5098 (ej
2613 5032 2857 5086 Ilabendo
2892 5046 3005 5081 cum
3045 5029 3114 5081 eis
3152 5023 3755 5098 consortium._Gelasitts
3797 5026 4026 5098 p_rimus,

2431 5096 2599 5173 inquit
2631 5105 2765 5157 idem
2789 5101 3094 5173 Quintilius,
3124 5097 3433 5173 a[e|'_,etiam
3462 5096 3637 5173 simile
3662 5111 3783 5173 cum
3809 5096 4027 5173 Tertulf

2431 5167 2573 5228 liano
2602 5174 2803 5233 scribit,
2841 5170 3117 5240 inquiens:
3148 5168 3461 5240 Quicunque
3486 5167 3541 5220 itt
3571 5167 3819 5240 ltmt'esitn
3854 5168 4029 5221 semel

2429 5247 2732 5301 damnatam
2768 5238 2981 5303 labitur,
3010 5242 3127 5308 ejus
3148 5239 3490 5293 damnatione
3511 5242 3745 5305 seipsum
3776 5238 4023 5302 involvit,

2426 5316 2517 5375 EH.
2551 5336 2603 5385 q.
2642 5320 2663 5370 1
2716 5331 2761 5369 c.
2799 5316 2849 5369 1.
2886 5314 3084 5385 Eodem
3116 5311 3384 5385 pertinent
3430 5308 3772 5363 delinitiones
3808 5310 4027 5385 concilii

2427 5381 2883 5442 Chalcedonensis
2912 5395 2965 5439 et
2989 5384 3239 5445 aliorum,
3271 5381 3357 5433 ubi
3403 5394 3659 5447 expresse
3684 5390 3921 5439 cavetur.
3953 5382 4026 5434 de

2429 5461 2598 5513 semel
2631 5458 2861 5512 ileliuitis
2892 5456 3120 5523 amplius
3144 5452 3390 5523 dubitare
3425 5465 3529 5503 non
3565 5450 3744 5523 licere,
3776 5450 3867 5503 sed
3895 5466 4025 5505 cum

2425 5530 2525 5583 illis
2558 5546 2783 5598 quorum
2823 5520 3097 5598 sectantur
3125 5521 3355 5598 hzcresin
3402 5536 3524 5575 esse
3554 5520 4021 5598 condemnamlos,

2421 5613 2471 5653 et
2501 5592 2959 5668 participationem,
2989 5596 3065 5649 uti
3089 5596 3321 5668 loquitur
3342 5602 3680 5668 auctor,fn_m
3703 5592 4025 5668 damnatitiis

2420 5662 2712 5730 nari-mn...
2758 5672 2805 5723 id
2849 5680 2949 5730 est,
2998 5668 3070 5719 uti
3124 5666 3503 5733 interpretatur
3544 5662 3853 5733 Quintilius,
3898 5664 4018 5730 jam

2416 5742 2698 5807 damnatis,
2734 5752 2787 5794 ut
2819 5741 3080 5801 tictitium,
3124 5732 3275 5807 quod
3300 5734 3479 5789 [ictum
3522 5744 3625 5797 est,
3666 5732 4017 5801 donatitium,

2414 5814 2733 5878 dedititium,
2763 5810 3166 5869 conductitium.
3193 5808 3329 5864 Pan.
