4242 6492
727 339 792 399 δι
2145 343 2603 403 TERTULLIANI
3964 364 4036 420 52

722 470 784 510 se
829 454 1185 512 admittendos
1230 457 1508 515 haereticos
1543 460 1609 515 ad
1645 461 1928 518 iocundam
1973 462 2051 532 (1)
2080 463 2146 517 de
2191 463 2334 518 Scri-
2364 467 2412 523 Α
2439 465 2679 520 doctrina
2710 478 2984 526 tractatur.
3023 471 3230 527 Etenim
3261 474 3385 544 quid
3415 477 3743 533 contrarium
3793 480 3946 535 nobis
3980 484 4032 534 in

725 547 897 614 pturis
926 549 1355 615 provocationem
1380 593 1394 614 ,
1413 565 1546 620 quos
1573 553 1691 608 sine
1720 552 2014 624 Seripturis
2043 555 2332 624 probamus

725 640 792 693 ad
836 639 1140 710 Scripturas
1167 657 1274 696 non
1315 643 1604 711 pertinere.
1645 644 1699 698 Si
1745 645 1887 699 enim
1915 645 2151 702 haeretici
2182 656 2328 712 sunt,

725 731 1006 786 cbriSIiani
1049 748 1168 788 esse
1197 750 1300 788 non
1333 738 1593 804 possunt;
1641 752 1747 791 non
1772 753 1801 790 a
1844 738 2056 793 Christo
2084 739 2330 794 habendo

726 824 868 892 quod
897 826 963 880 de
1009 839 1104 880 sna
1142 826 1402 882 electione
1454 831 1644 885 sectati
1695 829 2067 886 Itzeretieornm
2114 835 2329 889 nomine

725 918 807 988 (Ξ)
831 918 1129 972 admittunt.
1164 917 1240 972 Ita
1281 936 1386 973 non
1425 920 1736 988 christiani,
1764 923 1966 977 nullum
1993 924 2082 994 jus
2111 926 2330 995 capiunt

725 1009 1143 1064 ehristianarnm
1177 1011 1497 1068 litterarum.
1533 1014 1611 1067 Ad
1649 1030 1781 1085 quos
1812 1016 2006 1071 merito
2045 1017 2327 1074 dicendum

725 1110 808 1154 est
833 1101 962 1168 :Qui
993 1103 1162 1156 estis?
1188 1103 1424 1173 quando,
1444 1116 1498 1160 et
1527 1107 1666 1162 unde
1689 1111 1942 1164 venistis?
1963 1111 2092 1181 quid
2123 1114 2173 1166 in
2203 1129 2327 1170 meo

721 1194 879 1264 agitis
900 1236 914 1259 ,
967 1211 1072 1248 non
1117 1197 1260 1250 mei?
1291 1213 1398 1268 quo
1431 1197 1662 1270 denique
1687 1242 1702 1265 ,
1736 1201 1967 1257 Marcion
1989 1247 2004 1270 ,
2048 1204 2174 1274 jure
2222 1209 2331 1278 syl-

725 1301 844 1340 vam
872 1302 1046 1342 meam
1069 1289 1256 1345 cedis?
1275 1307 1374 1362 qua
1400 1293 1634 1359 licentia,
1665 1294 1959 1358 Valentine.
1983 1297 2158 1354 fontes
2178 1317 2329 1358 meos

725 1383 1081 1436 transi-erlis?
1137 1398 1239 1452 qua
1289 1395 1586 1454 potestate,
1629 1389 1878 1458 Apelles,
1937 1391 2133 1447 limites
2179 1410 2330 1449 meos

723 1486 1033 1528 commoves
1060 1475 1178 1546 (3)?
1208 1476 1347 1544 Quid
1401 1479 1486 1532 hic
1531 1483 1709 1534 exteri
1754 1482 1818 1535 ad
1860 1483 2186 1540 voluntatem
2233 1504 2327 1542 ve-

723 1575 888 1620 stram
920 1568 1200 1624 seminatis
1228 1580 1282 1625 et
1310 1573 1561 1641 pascitis?
1593 1573 1704 1629 Mea
1732 1588 1812 1630 est
1846 1581 2148 1647 possessio;
2197 1585 2324 1639 olim

725 1657 974 1726 possideo
1003 1659 1120 1731 (4);
1169 1661 1344 1716 habeo
1392 1667 1628 1736 origines
1675 1668 1892 1734 ﬁrmas,
1949 1672 2016 1726 ab
2073 1674 2202 1744 ipsis
2242 1676 2325 1748 (ὃ)

721 1751 1034 1806 auctoribus
1061 1769 1289 1822 quorum
1319 1754 1415 1810 fuit
1439 1772 1544 1812 res.
1565 1757 1676 1829 Ego
1697 1774 1813 1814 smn
1843 1761 2016 1819 haeres
2047 1769 2332 1838 Apostolo-

2439 562 2661 614 nostris?
2683 563 2809 633 qttid
2838 565 2904 619 de
2938 568 3154 635 proprio
3184 569 3478 636 intulimus,
3510 583 3567 624 ut
3592 573 3788 641 aliquid
3817 587 4034 628 contra-

2439 652 2572 705 rium
2600 654 2646 706 ei
2677 655 2819 724 quod
2850 668 2994 712 eSset
3021 658 3135 728 (11)
3177 661 3229 714 iu
3277 661 3568 732 Seripturis
3597 663 3990 730 deprehensum
4016 709 4031 734 ,

2436 741 2789 813 detractione,
2820 750 2902 803 vel
2935 749 3254 818 adjectioue,
3277 754 3357 807 vel
3386 759 3826 812 transmutatione
3854 774 4034 813 rente-

2433 833 2702 891 diaremus
2724 840 2746 890 ’ἰ
2773 839 2922 906 Quod
2955 857 3160 906 sumus,
3192 843 3291 900 hoc
3317 856 3439 900 sunt
3478 847 3600 919 (l2)
3629 849 3917 917 Scriptura:
3966 852 4037 906 ah

2438 926 2590 982 initio
2619 943 2752 995 suo;
2779 947 2842 987 ex
2887 933 2989 988 illis
3015 951 3196 989 sumus
3216 979 3229 999 ,
3265 948 3546 1008 antequam
3576 942 3731 995 aliter
3765 942 3859 996 fuit
3891 943 4032 1012 (l3),

2437 1033 2720 1092 antequam
2747 1042 2776 1080 a
2811 1028 2962 1082 vobis
2991 1029 3458 1100 interpolarentur.
3493 1034 3622 1088 Cum
3653 1045 3828 1090 autem
3858 1039 4036 1090 omnis

2438 1113 2776 1186 interpolatio
2826 1121 3094 1187 posterior
3139 1123 3405 1177 credenda
3449 1126 3556 1189 sit,
3607 1128 3827 1181 veniens
3851 1130 4037 1197 utique

2435 1223 2498 1262 ex
2530 1223 2718 1265 caussa
2748 1213 3104 1268 :emulatimiis
3126 1256 3139 1278 ,
3185 1233 3304 1285 qua:
3333 1233 3504 1287 neque
3528 1221 3671 1287 prior
3695 1261 3710 1284 ,
3734 1236 3905 1291 neque
3932 1223 4036 1276 do-

2436 1305 2654 1356 mestica
2694 1319 2926 1373 unquam
2959 1316 3041 1360 est
3069 1307 3186 1377 ejus
3213 1309 3354 1378 quod
3383 1311 3662 1366 aemulatur
3683 1355 3697 1378 ,
3731 1323 3835 1367 tam
3861 1315 4038 1369 incre-

2435 1393 2598 1449 dibile
2624 1407 2706 1450 est
2753 1399 2978 1466 sapienti
3009 1403 3206 1469 cuique
3227 1449 3240 1467 ,
3276 1412 3332 1455 ut
3360 1418 3460 1456 nos
3485 1405 3788 1460 adulterum
3833 1409 4037 1477 stylum

2435 1487 2678 1542 intulisse
2706 1491 2981 1545 videamur
2999 1493 3413 1565 Seripturis,qui
3436 1512 3618 1554 sumus
3635 1509 3688 1552 ct
3712 1500 3864 1568 primi
3893 1512 3941 1553 et
3969 1517 4039 1554 ex

2433 1579 2560 1646 Ipsis
2586 1583 2896 1651 (lt),qnam
2931 1584 3049 1638 illos
3077 1602 3182 1639 non
3216 1587 3478 1654 intulisse,
3505 1590 3592 1658 qui
3615 1601 3810 1644 suntet
3838 1592 4038 1659 posteri

2434 1681 2489 1725 et
2519 1672 2753 1727 adversi.
2790 1675 2942 1729 Alius
2973 1692 3132 1730 manu
3185 1677 3524 1746 Scripturas,
3553 1681 3689 1735 alius
3714 1696 3905 1736 sensus
3935 1699 4038 1736 ex-

2439 1766 2704 1832 positione
2731 1767 3051 1822 interverlit.
3080 1768 3260 1840 Neque
3282 1774 3424 1824 enim
3448 1772 3491 1825 si
3519 1771 3829 1827 Valentinus
3849 1773 3922 1848 (a)
3958 1776 4041 1827 in-

1616 1827 1630 1829 _
2094 1827 2109 1838 .
2441 1827 2453 1832 -
3176 1827 3188 1840 .
3849 1827 3866 1848 κ
3906 1827 3919 1843 .ι

726 1859 867 1898 rum.
898 1845 1047 1900 Sicut
1071 1859 1327 1904 caverunt
1355 1861 1672 1907 testamento
1700 1869 1820 1918 suo,
1848 1857 1982 1912 sicut
2016 1857 2138 1914 lidei
2178 1875 2330 1916 enm-
2362 1827 2410 1888 Β
2441 1867 2589 1927 tegro
2617 1859 2970 1914 instrumento
3001 1861 3074 1914 uti
3108 1861 3336 1925 videtur,
3361 1878 3468 1918 non
3495 1863 3772 1919 callidiore
3801 1867 4037 1932 ingenio,

721 1940 984 1994 miserunt
1014 1939 1111 2014 (ϐ),
1147 1943 1286 1998 sicut
1315 1942 1716 2016 adjuraverunt,
1756 1949 1826 2004 ita
1861 1959 2034 2008 teneo.
2061 1953 2164 2010 Vos
2185 1968 2332 2013 certe

720 2031 1200 2089 exharedavernnt
1215 2051 1426 2106 semper
1445 2048 1500 2093 et
1517 2037 1918 2102 abdicaverunt.
1939 2056 1996 2099 ut
2021 2057 2328 2118 extraneos,

724 2132 782 2177 ut
813 2124 1250 2182 inimicos.Unde
1270 2137 1446 2184 autem
1475 2133 1717 2186 extranei
1746 2145 1798 2189 et
1828 2135 2027 2192 inimici
2058 2142 2328 2208 Apostolis

725 2208 959 2264 haeretici
987 2255 998 2272 ,
1031 2213 1132 2266 nisi
1166 2227 1230 2267 ex
1262 2213 1572 2270 diversitate
1614 2216 1874 2274 doctrinm
1898 2263 1914 2288 ,
1959 2239 2121 2293 quam
2165 2242 2328 2281 unus-

722 2302 944 2372 quisque
976 2303 1042 2358 de
1061 2320 1161 2360 suo
1184 2306 1408 2363 arbitrio
1435 2309 1694 2366 adversus
1735 2316 2043 2385 Apostolos,
2084 2330 2174 2374 aut
2198 2336 2323 2391 pro-

725 2393 864 2458 tulit,
891 2405 984 2450 aut
1012 2401 1212 2470 recepit
1233 2400 1258 2452 τ

1267 2491 1493 2548 CAPUT
1525 2493 1813 2552 XXXVIII.

729 2577 951 2634 Maxime
992 2583 1236 2638 armillis
1269 2601 1368 2639 non
1405 2589 1560 2658 possit
1602 2593 1868 2646 succedere
1893 2597 2183 2664 corruptela
2227 2600 2320 2653 do-

795 2676 973 2729 ctrina?
996 2678 1106 2731 sine
1145 2681 1431 2748 corruptela
1469 2683 1954 2755 instrumentorum,
1987 2706 2234 2763 usurpata
2266 2699 2316 2752 in

795 2769 1076 2838 Scriptnris
1105 2774 1434 2838 detractione,
1467 2776 1543 2829 vel
1567 2780 1851 2848 adjectione
1869 2824 1884 2847 ,
1913 2786 1990 2838 vel
2011 2797 2321 2842 transmuta-

795 2863 930 2915 tione
953 2905 968 2928 ,
999 2874 1044 2917 et
1076 2864 1484 2933 interpolatione,
1531 2884 1630 2936 qua
1655 2872 1786 2925 alius
1813 2890 1964 2928 manu
1989 2877 2316 2950 Seriptnros,

793 2955 925 3008 alius
953 2970 1131 3009 sensus
1156 2958 1469 3025 expositione
1497 2961 1787 3017 intervenit.

796 3046 909 3101 Illic
931 3047 1090 3117 igitur
1112 3057 1164 3102 et
1195 3048 1590 3119 Scripturarnm
1619 3064 1672 3108 et
1691 3059 2081 3126 expositionum
2111 3065 2316 3120 adulte-

722 3141 860 3196 ratio
881 3141 1188 3211 deputanda
1211 3153 1312 3207 est,
1333 3146 1416 3198 ubi
1444 3146 1723 3203 diversitas
1745 3151 2001 3209 doctrina:
2025 3158 2314 3214 invenitur.
2347 3145 2390 3206 (ἶ

725 3234 933 3300 Quibus
963 3235 1058 3288 luit
1091 3232 1430 3305 propositum’
1450 3238 1606 3296 aliter
1635 3241 1885 3312 docendi,
1915 3262 2008 3301 eos
2031 3254 2320 3308 necessitas

723 3329 900 3396 coegit
936 3325 1016 3398 (7)
1065 3327 1219 3381 aliter
1264 3328 1580 3397 diSponeudi
1636 3333 1985 3394 instrumenta
2033 3341 2314 3401 doctrinae.

723 3418 873 3471 Alias
893 3420 1034 3472 enim
1062 3434 1164 3472 non
1192 3421 1482 3490 potuissent
1506 3425 1663 3479 aliter
1687 3427 1900 3493 docere,
1920 3432 2020 3487 nisi
2047 3435 2202 3491 aliter
2224 3437 2320 3492 ha-

722 3509 915 3564 berent
939 3527 1032 3579 per
1053 3527 1171 3578 qurc
1188 3511 1442 3568 docerent
1471 3514 1573 3585 (8).
1611 3518 1757 3573 Sicut
1789 3521 1892 3576 illis
1917 3540 2020 3579 non
2057 3530 2318 3596 potuisset

720 3603 1010 3659 succedere
1042 3606 1342 3675 corruptela
1370 3606 1629 3662 doctrinae
1658 3611 1774 3666 sine
1793 3617 2098 3685 corruptela
2122 3621 2315 3676 instru-

723 3704 1026 3750 mentorum
1058 3695 1138 3768 (9)
1165 3697 1313 3767 ejus;
1341 3699 1410 3752 ita
1434 3709 1486 3753 et
1515 3701 1668 3758 nobis
1692 3701 1804 3776 (l0)
1829 3707 2103 3780 integritas
2123 3713 2321 3771 doctri-

724 3804 810 3843 nae
835 3803 940 3844 non
968 3791 1317 3860 conipetisset
1345 3791 1462 3847 sine
1489 3792 1791 3865 integritate
1819 3814 2006 3858 eorum
2033 3845 2048 3869 ,
2079 3821 2173 3876 per
2196 3825 2317 3879 qua:

2437 1967 2597 2020 quam
2629 1951 2882 2020 Marcion,
2919 1969 3108 2010 manus
3155 1957 3332 2011 intulit
3378 1959 3585 2012 veritati
3631 1957 3770 2029 (15).
3803 1959 4038 2014 Marcion

2436 2047 2579 2101 enim
2626 2057 2813 2103 exerte
2840 2059 2895 2102 et
2927 2049 3099 2118 palam
3133 2048 3209 2119 (ὑ)
3240 2049 3500 2106 machara
3528 2093 3542 2116 ,
3596 2069 3699 2104 non
3732 2052 3871 2104 stvlo
3905 2067 4041 2105 usus

2436 2149 2552 2203 est;
2582 2141 2831 2210 quoniam
2862 2140 2934 2210 (c)
2967 2142 3031 2194 ad
3075 2143 3354 2196 materiam
3384 2159 3534 2196 suam
3559 2144 3759 2198 caedem
3791 2145 4040 2212 Scriptu-

2435 2244 2616 2284 rarum
2647 2231 2902 2286 coniecit.
2935 2231 3247 2286 Valentinus
3271 2245 3448 2289 autem
3474 2237 3709 2304 pepercit
3734 2253 3748 2294 ;
3777 2239 4038 2306 quoniam

2433 2339 2536 2376 non
2570 2322 2635 2376 ad
2669 2324 2946 2379 materiatn
2975 2324 3278 2394 Scriptor-as
3303 2369 3318 2389 ,
3353 2326 3445 2380 sed
3475 2329 3751 2382 materiam
3791 2329 3856 2383 ad
3884 2331 4038 2384 Scri-

2436 2425 2618 2484 pturas
2654 2418 3016 2486 excogitavit:
3051 2428 3104 2473 et
3151 2428 3329 2474 tamen
3371 2420 3490 2488 plus
3518 2420 3771 2484 abstulit,
3819 2431 3873 2476 et
3915 2424 4039 2492 plus

2430 2507 2648 2577 adjecit,
2673 2509 2922 2563 auferens
2945 2511 3296 2580 proprietates
3315 2510 3646 2579 singulorum
3676 2529 3885 2582 quoque
3914 2531 4040 2569 vcr-

2427 2599 2614 2655 borum
2637 2644 2652 2667 ,
2695 2610 2750 2656 et
2777 2601 3038 2673 adjicieus
3065 2602 3444 2673 dispositioncs
3473 2619 3578 2658 non
3604 2611 4037 2676 comparentium

2425 2710 2626 2750 rerum.

3029 2810 3253 2866 CAPUT
3285 2811 3527 2866 XXXIX.

2425 2921 2488 2976 In
2517 2941 2572 2978 eo
2597 2925 2931 2992 comparandi
2960 2926 3061 2978 illis
3088 2926 3172 2994 qni
3210 2924 3662 2995 I’irgilioeentonas
3702 2938 3747 2980 et
3780 2927 4037 2985 Ilontero-

2778 3028 3015 3070 rentonas
3042 3019 3385 3083 composuisse
3416 3019 3668 3087 leguntur.

2499 3131 2620 3185 lla‘c
2647 3141 2771 3184 sunt
2804 3131 2917 3201 (IG)
2937 3132 3142 3200 ingenia
3166 3132 3231 3185 de
3255 3133 3578 3200 Sjlil'ilalibtls
3608 3135 3882 3202 nequititc,
3906 3152 4032 3190 cum

2433 3227 2628 3296 quibus
2659 3225 2876 3280 luctatio
2905 3236 2988 3280 est
3029 3226 3220 3289 nobis,
3270 3226 3498 3292 fratres,
3551 3232 3743 3283 merito
3785 3245 4034 3287 contem-

2426 3320 2636 3389 planda,
2668 3320 2787 3374 lidei
2813 3319 2927 3388 (l7)
2953 3319 3254 3373 necessaria
3279 3361 3293 3384 ,
3324 3331 3378 3373 ut
3404 3320 3560 3375 electi
3587 3323 4029 3388 manifestcutur,

2424 3420 2480 3466 ut
2525 3411 2737 3480 reprobi
2769 3412 3102 3482 detegantur.
3134 3411 3198 3466 Et
3248 3413 3368 3467 ideo
3395 3414 3595 3469 habent
3625 3417 3729 3470 vim
3757 3459 3772 3481 ,
3805 3427 3861 3473 et
3907 3419 4032 3493 (18)

2421 3503 2785 3574 excogitandis
2803 3503 3234 3572 instruendisth
3255 3505 3528 3558 erroribus
3547 3504 3859 3563 facilitatem
3882 3510 4028 3580 (19),

2422 3614 2526 3650 non
2557 3596 2692 3650 adeo
2732 3595 3064 3661 mirandam,
3097 3596 3247 3666 quasi
3276 3595 3546 3651 difﬁcilem
3576 3607 3632 3652 et
3677 3600 4033 3670 inexplicabi-

2423 3692 2566 3757 lem,
2614 3705 2734 3746 cum
2762 3689 2828 3744 de
2857 3688 3213 3745 smcularihus
3257 3704 3471 3759 quoque
3515 3692 3796 3758 scripturis
3841 3708 4033 3749 exemo

2421 3788 2564 3858 plum
2598 3795 2794 3856 praesto
2817 3785 2888 3840 sit
2913 3782 3182 3854 ejusmodi
3213 3781 3502 3839 facilitatis.
3538 3783 3702 3842 Vides
3724 3787 3884 3843 hodie
3908 3789 4030 3860 (9.0)

1938 3917 2324 3983 LECTIONES
2360 3921 2770 3982 VARIANTES.

782 4030 849 4092 (l)
889 4034 964 4084 Ad
989 4035 1212 4089 eamdem
1238 4034 1394 4088 Paris.
1420 4036 1696 4088 adeundam
1719 4035 1867 4087 Rhen.

806 4094 856 4172 ξ)
893 4096 1094 4172 ﬁumina
1125 4095 1228 4165 Rig.
1266 4113 1444 4172 nomen
1474 4102 1624 4172 λιιηῷ
1708 4163 1744 4172 _
1891 4163 1927 4172 _
1996 4161 2007 4172 .

893 4157 1395 4238 ﬂearrest‘possessio:
1419 4161 1672 4238 επιεικῶς.
1702 4163 1854 4213 Fran.
1882 4161 2048 4216 Paris.
2084 4169 2252 4218 Venet.

783 4221 857 4281 (4)
894 4221 1032 4272 Prior
1059 4221 1304 4285 possideo,
1328 4225 1448 4276 add.
1476 4226 1525 4275 in
1546 4221 1737 4278 iisdem.

785 4283 860 4343 (5)
895 4285 955 4334 Et
980 4288 1093 4343 ipsis
1117 4285 1265 4336 Riten.

921 4301 955 4333 tt
980 4301 1093 4348 IpSIs
1117 4301 1265 4336 tmen.

781 4345 854 4408 (6)
876 4345 1413 4420 .l’ideicommiserunt,
1459 4362 1556 4400 una
1600 4363 1710 4400 voce
1753 4348 1930 4404 mult
1955 4353 2074 4402 Jun.
2098 4367 2163 4408 es:
2186 4354 2317 4418 ἰείη·
2341 4360 2396 4420 Ι)

719 4407 922 4459 consult.
949 4425 1056 4461 usu.

786 4472 860 4531 (7)
899 4473 1115 4523 Instituit
1141 4471 1293 4523 Illten.

785 4535 857 4596 (8)
893 4535 1154 4590 Heresim.
1179 4537 1294 4586 add.
1324 4536 1474 4585 Fran.
1504 4534 1659 4588 Paris.

719 4596 856 4709 ad?)
894 4598 1011 4647 Sine
1038 4599 1316 4662 corruptela
1341 4603 1772 4650 instrumentorum
1808 4613 1901 4652 non
1929 4599 2024 4670 leg.
2071 4603 2121 4655 in
2161 4602 2310 4656 Πήρη.

781 4717 886 4788 (l0)
914 4722 974 4788 Et.
996 4736 1020 4770 a
1045 4723 1185 4788 nobis
1205 4722 1323 4774 add.
1351 4727 1458 4788 Rtg.
1478 4727 1657 4788 _Venet.

785 4785 890 4847 (11)
913 4784 969 4834 Ei
994 4793 1047 4835 et
1072 4787 1122 4834 in
1141 4784 1578 4850 Scripturis'lllten.

2485 4041 2587 4105 (l2)
2610 4040 2729 4112 Hgio
2752 4044 2881 4112 sunt.
2902 4037 3278 4112 Inderseriptura
3475 4037 3567 4112 hoc
3589 4037 3884 4112 sunt.._l_J'nde
3907 4044 4030 4092 seri-

2455 4099 2610 4166 tunc;
2636 4106 2756 4154 Jun.
2786 4103 2878 4153 hoc
2901 4110 3013 4152 sunt
3029 4099 3296 4165 Scriptura:
3315 4100 3413 4164 jam
3441 4099 3554 4150 inde
3580 4102 3642 4149 ab
3666 4102 3803 4151 initio
3819 4116 3928 4163 suo,
3959 4119 4029 4156 ex

2425 4169 2894 4293 “"{w'jh‘ii‘é‘iéquam
2918 4225 3035 4276 nihil
3059 4226 3207 4276 aliter
3224 4224 3317 4276 fuit
3340 4223 3492 4277 Rhea.
3513 4226 3766 4289 antiquum
3789 4225 3907 4277 nihil
3929 4227 4029 4278 ali-

2531 4294 2623 4343 fuit
2647 4294 2768 4342 Jun.

2426 4302 2507 4345 ter
2531 4302 2623 4343 fuit
2647 4302 2768 4342 Jun.
3600 4346 3611 4357 ι

2487 4357 2593 4422 (1t)
2613 4355 2853 4422 _Sumus_a
2877 4353 3111 4422 principio
3136 4360 3186 4422 et
3206 4351 3362 4422 primi,
3386 4357 3659 4422 qustum.
3693 4353 3863 4422 Venet.

2514 4411 2586 4478 l3)
2613 4419 2784 4468 Manus
2807 4411 2965 4478 intulit
2989 4411 3185 4463 veritati
3209 4411 3308 4463 non
3333 4411 3426 4478 leg.
3453 4412 3502 4463 in
3524 4411 3668 4463 (then.
3693 4413 3810 4464 edit.

2511 4475 2582 4532 l6l
2615 4481 2763 4530 Erant
2786 4475 2894 4532 Ilia.
2921 4480 3086 4527 Venet.

2511 4490 2582 4544 16)
2615 4490 2763 4530 Erant
2786 4490 2894 4588 uti).
2925 4490 3086 4527 renes.
3125 4540 3132 4547 '

2508 4545 2582 4611 l'l)
2612 4539 3011 4611 thenqLandze
3027 4539 3136 4611 lidei
3161 4536 3312 4590 Rhen.

2479 4603 2586 4666 (18)
2614 4606 2668 4655 In
2690 4603 2809 4654 add.
2831 4603 2938 4666 Rig.
2972 4605 3141 4666 Venet.

2612 4665 3252 4738 felicitatemﬂligﬁ’enet.
3295 4725 3308 4738 ‘
3476 4733 3510 4738 _
3666 4725 3703 4738 _
3895 4728 3904 4735 .
3981 4728 3993 4738 θ

2484 4725 2584 4792 (20)
2610 4731 2716 4788 Quo
2743 4741 2822 4792 jus
2842 4728 2985 4792 hodie
3013 4725 3158 4792 Rhea.
3190 4728 3258 4776 vis
3295 4725 3444 4774 hodie
3469 4733 3616 4776 Fran.
3658 4725 3782 4775 Par.
3823 4728 3906 4790 qui
3944 4728 4027 4777 vis

2415 4788 2702 4843 liodie'Jun.
2721 4788 2857 4854 cujus
2880 4790 3024 4840 hodie
3048 4788 3198 4850 untiq.
3223 4800 3408 4838 manus.

2077 4894 2638 4952 COMMENTARIUS.

716 5008 855 5063 Inter
901 5017 1147 5064 auctores
1191 5008 1326 5077 juris
1371 5007 1672 5081 haesitatum
1723 5008 1859 5074 fuit,
1907 5025 1972 5064 an
2018 5026 2298 5081 pomorum

717 5082 1076 5149 appellatioiie
1121 5082 1366 5136 venirent
1419 5079 1568 5134 ﬁcus.
1603 5080 1830 5136 Crassos
1858 5081 1962 5136 dici
2012 5079 2068 5137 et
2108 5083 2300 5136 litteris

716 5153 933 5220 quidem
962 5151 1149 5216 sacris,
1178 5153 1397 5206 minime
1429 5154 1686 5222 ignoravit
1715 5152 2005 5218 Septimius
2031 5169 2046 5216 ;
2078 5154 2169 5207 sed
2199 5155 2301 5207 Pli-

715 5223 891 5279 nianaa
916 5224 1290 5292 descriptioiiis
1320 5223 1555 5279 historia:
1599 5224 1836 5278 nonnihil
1864 5239 1894 5278 a
1930 5225 2098 5280 fructu
2147 5225 2302 5279 dillec

717 5307 912 5349 rentes.
943 5295 1123 5366 Itaque
1155 5295 1338 5347 maluit
1367 5309 1625 5366 usurpare
1655 5310 1848 5350 uOnien
1877 5298 2186 5366 papaveris,
2215 5299 2298 5352 cui

715 5381 844 5421 sane
883 5377 932 5420 et
965 5365 1132 5419 forma
1163 5374 1219 5420 et
1243 5367 1423 5420 colore
1447 5408 1462 5429 ,
1502 5365 1572 5421 et
1611 5365 1960 5422 setniualibus
1981 5370 2159 5432 granis
2179 5409 2194 5432 ,
2247 5380 2302 5424 et

713 5437 852 5502 lacte
880 5439 1165 5504 persimilis
1192 5447 1275 5491 est
1304 5437 1538 5492 nondum
1557 5447 1762 5493 matura
1793 5440 1942 5493 tiens.
1992 5437 2300 5496 "mantus.

784 5507 937 5563 CAP.
967 5506 1349 5584 XXX-Villae
1375 5507 1451 5584 (.1)
1477 5508 1674 5584 ΔΝιψςε
1719 5511 1850 5564 enim
1897 5513 1940 5584 si
1977 5509 2296 5584 Valentinus.

713 5579 949 5636 Diversa
965 5593 1108 5640 sunt,
1131 5579 1614 5649 inquitQuiutinus,
1635 5583 1857 5636 istorum
1877 5582 2100 5636 duorum
2134 5579 2302 5640 Iniere-

712 5653 1044 5706 siarcharum
1068 5651 1348 5707 sententize
1364 5654 1503 5707 circa
1525 5653 1746 5707 bihlicas
1767 5664 1818 5706 et
1836 5665 2044 5708 sanctas
2064 5653 2301 5720 Scriptur-

715 5738 802 5775 ras
823 5723 1198 5779 admittendas.
1233 5723 1463 5778 Marcion
1504 5725 1570 5779 de
1601 5724 1774 5779 Veteri
1808 5724 2150 5779 Testamento
2174 5725 2301 5779 nihil

715 5795 1028 5864 recipiebat,
1060 5798 1113 5852 et
1139 5796 1205 5851 de
1237 5795 1384 5850 Novo
1435 5796 1678 5863 quedam
1728 5797 2098 5864 decerpserat,
2126 5813 2187 5851 ac
2252 5799 2305 5852 in

708 5863 844 5920 duos
871 5865 1036 5921 libros
1059 5867 1431 5940 descripserat,
1467 5883 1533 5924 ex
1564 5867 1850 5939 Evangelia
1882 5863 2056 5930 Luem,
2096 5869 2309 5939 rejectis

2405 5011 2546 5076 aliis,
2565 5019 2617 5065 et
2633 5027 2697 5066 ex
2715 5008 2980 5076 aliquibus
2994 5006 3233 5075 epistolis
3249 5005 3394 5060 Pauli
3413 5006 3661 5076 apostoli,
3681 5020 3930 5061 resecans
3949 5023 4019 5063 ex

2407 5084 2535 5152 ipsis
2583 5080 2834 5152 quidquid
2881 5096 2994 5152 sua;
3041 5095 3144 5132 non
3184 5077 3552 5132 conveniebat.
3584 5078 3692 5131 Hoc
3721 5087 3806 5132 est
3839 5081 4020 5135 omnia

2407 5151 2519 5207 sint.
2541 5151 2704 5208 dubio
2733 5167 2942 5220 negare.
2976 5151 3109 5206 Ptin.

2477 5226 2555 5297 (b)
2590 5218 2848 5297 Mnclta'ro
2876 5222 3136 5297 non__s.'ylo
3157 5238 3286 5297 usus
3330 5230 3420 5273 est.
3456 5218 3751 5282 Machaera,
3783 5223 4016 5297 cultrum

2406 5293 2608 5353 Graecis
2653 5295 2937 5366 signiﬁcat.
2971 5293 3099 5347 Nam
3137 5293 3216 5350 de.
3253 5295 3606 5366 instrumenti!
3655 5306 3809 5346 sacro
3833 5335 3847 5352 ,
3883 5295 4017 5349 Acta

2407 5362 2819 5444 Apostolorum,
2841 5367 3225 5444 apocalypsin,
3262 5362 3534 5444 Evangelii
3584 5362 3740 5444 Luca;
3784 5373 4012 5444 partem,

2409 5435 2472 5497 et'
2492 5451 2691 5508 partem
2724 5435 3062 5492 Pauliuarani
3097 5435 3765 5508 Epistolarumresecavit.
3801 5435 3974 5508 lines.

2477 5505 2552 5582 (ἐ)
2586 5511 2661 5564 Ad
2687 5511 2947 5563 materiam
2963 5526 3121 5582 suam
3143 5507 3329 5582 aedem
3358 5505 3741 5582 διήρτηται-αρε
3769 5506 4011 5574 confecit.

2407 5576 2828 5639 Convenientius
2853 5579 3138 5649 quidquam
3169 5578 3272 5632 diei
3301 5595 3405 5631 non
3442 5576 3613 5649 potuit
3638 5577 3897 5630 adversus
3926 5595 4018 5633 rc-

2409 5657 2674 5710 centiores
2706 5647 3021 5711 Ιιιιετυιῖοοςζ
3073 5667 3230 5718 quam
3263 5649 3448 5701 lizcciu
3497 5647 3857 5710 Marcionem;
3913 5665 4018 5709 et.

2411 5727 2529 5780 dem
2561 5730 2700 5778 enim
2726 5723 3122 5790 Seripturarum
3155 5725 3204 5774 in
3234 5721 3336 5773 illis
3359 5720 3560 5773 videas.
3588 5720 3679 5774 sed
3707 5721 3906 5774 variant
3937 5732 4020 5774 at-

2412 5814 2513 5866 que
2563 5815 2654 5865 pro
2698 5793 3162 5871 Ilbllll‘OSCIllltIlS
3206 5792 3575 5871 aut__im_periti
3635 5790 4016 5871 homuncionis

2413 5864 2824 5938 discrepantem.
2851 5866 3102 5932 Quamvis
3134 5865 3273 5919 enim
3305 5864 3537 5918 Ecvlesia
3583 5864 3738 5916 toties
3783 5865 4013 5919 canoni-
