4242 6492
728 399 805 458 55

732 625 787 671 et
814 618 1097 687 imaginem
1137 618 1546 673 resurrectionis
1572 617 1794 681 inducit,
1828 627 1883 672 et
1922 614 1998 687 (a)
2030 616 2129 670 sub
2157 614 2333 684 gladio

734 710 947 765 redimit
975 727 1254 766 coronam.
1286 711 1465 782 Quid?
1511 712 1652 781 quod
1699 722 1753 766 et
1812 726 2079 765 summum
2114 707 2334 763 Pontifi-

730 816 850 857 cem
881 804 1034 857 unius
1067 804 1263 872 nuptiis
1292 804 1371 876 (I)
1397 806 1603 869 statuit,
1629 803 1785 859 habet
1809 810 1863 858 et
1891 802 2147 870 virgines,
2172 801 2334 856 habet

730 903 786 949 et
808 896 1163 951 continentes.
1210 895 1285 967 (lt)
1316 896 1579 951 Cancrum
1604 937 1618 960 ,
1670 897 1712 950 si
1747 895 1933 950 Numa:
1966 893 2210 963 Pompilii
2241 910 2332 949 su-

732 988 1073 1055 perstitiones
1103 988 1441 1043 revolvamus
1465 1029 1479 1052 .
1526 988 1569 1043 si
1610 987 1960 1044 sacerdotalia
1988 985 2164 1041 officia
2189 1028 2205 1051 ,
2252 988 2331 1041 iu-

732 1081 903 1151 signia
929 1123 942 1143 ,
977 1091 1028 1135 et
1078 1081 1359 1153 privilegia
1384 1124 1398 1146 ,
1447 1081 1491 1136 si
1539 1082 1854 1137 sacrilicalia
1887 1080 1966 1152 (2)
1995 1080 2285 1135 ministeria
2312 1121 2327 1144 .

731 1181 787 1228 et
814 1173 1203 1239 instrumenta,
1257 1182 1311 1228 et
1335 1188 1459 1228 Vasa
1501 1173 1741 1243 ipsorum
1789 1172 2174 1228 sacrificiorum
2202 1214 2217 1236 ,
2266 1187 2330 1229 ac

732 1265 1066 1335 piaculorum
1113 1278 1165 1320 et
1198 1274 1441 1321 votorum
1470 1307 1485 1330 ,
1518 1265 1858 1321 curiositates
1884 1264 2286 1320 consideremus
2310 1307 2326 1333 ,

731 1373 913 1412 nonne
942 1358 1221 1414 manifeste
1270 1358 1513 1414 diabolus
1542 1356 1616 1430 (c)
1656 1358 2025 1414 morositatem
2072 1356 2215 1413 illaut
2242 1356 2330 1425 ju~

732 1451 901 1505 daicae
934 1453 1065 1522 legis
1093 1454 1327 1508 imitatus
1354 1454 1483 1508 est?
1510 1454 1611 1522 Qui
1642 1470 1770 1525 ergo
1799 1439 1947 1524 ipsas
1968 1472 2053 1512 res
2074 1498 2089 1521 ,
2116 1456 2183 1511 de
2207 1458 2330 1528 qui-

732 1544 830 1599 btts
875 1556 1206 1601 sacramenta
1258 1544 1453 1601 Christi
1503 1546 1978 1614 administrantur,
2028 1557 2136 1605 tam
2164 1565 2331 1605 temn-

729 1636 907 1691 lanter
949 1638 1220 1693 affectavit
1249 1640 1551 1710 exprimere
1600 1640 1653 1693 in
1700 1640 1927 1709 negotiis
1974 1640 2329 1711 idololatriae,

734 1729 917 1797 utique
943 1738 996 1782 et
1026 1728 1165 1784 idem
1198 1739 1249 1783 et
1277 1730 1467 1784 eodem
1492 1730 1705 1799 ingenio
1728 1732 1907 1801 gestiit
1935 1739 1990 1785 et
2035 1732 2205 1801 potuit
2254 1733 2333 1789 in-

730 1829 1031 1876 strumenta
1061 1837 1272 1893 quoque
1301 1822 1602 1877 divinarum
1629 1838 1807 1877 rerum
1840 1822 1919 1895 (d)
1946 1833 2000 1878 et
2022 1835 2325 1880 sanctorum

2102 399 2561 460 TERTUIJJANI

735 521 1000 579 frontibus
1026 524 1219 579 milites
1250 538 1414 590 suos;
1445 523 1761 581 celebratet
1786 523 1935 595 panis
1960 522 2284 577 oblationem
2309 562 2323 581 ,
2356 519 2408 580 Α

3963 420 4034 478 56

2506 528 2667 594 ipsius
2705 530 2855 584 etiam
2883 532 3133 589 luereticte
3173 539 3568 594 conversationis
3602 538 4032 611 descriptionem;

2514 621 2598 673 tibi
2615 623 2727 690 quis
2747 626 3149 692 catechumetms,
3176 631 3287 696 quis
3317 631 3505 698 ﬁdelis,
3532 634 3818 695 incertum;
3841 635 4034 702 pariter

2511 716 2643 768 enim
2656 716 2864 782 adeunt,
2886 721 3075 789 pariter
3090 723 3325 783 audiunt,
3347 726 3538 791 pariter
3554 734 3701 778 orant
3720 743 3737 789 ;
3752 726 3838 793 qui
3852 740 4033 795 pacem

2512 823 2624 859 cum
2646 810 2877 863 omnibus
2897 813 3131 877 miscent;
3146 831 3359 882 quarunt
3384 816 3620 870 mulieres
3640 817 3862 870 audeant
3885 833 4036 869 exor-

2513 900 2696 955 cismos
2715 919 2883 973 agere,
2917 906 3130 976 forsitan
3150 918 3197 960 et
3226 907 3488 979 tinguere;
3516 906 4036 977 quoruntordinatio-

2510 1007 2597 1046 nes
2621 996 2901 1049 temerarii!
2925 1039 2938 1054 .
2973 1006 3019 1050 et
3045 998 3180 1051 alius
3224 998 3374 1052 hodie
3399 1000 3666 1071 episcopus
3690 1041 3705 1065 ,
3739 1003 3854 1055 cras
3876 1001 4031 1065 alius,

2508 1084 2659 1139 hodie
2697 1087 2963 1155 diaconus,
2996 1090 3082 1159 qui
3110 1108 3223 1144 cras
3253 1093 3443 1155 lector,
3468 1094 3621 1148 hodie
3648 1095 3911 1166 presbyter
3946 1097 4035 1165 qui

2506 1193 2620 1231 cras
2641 1177 2804 1235 laicus
2822 1224 2837 1248 ,
2870 1197 2988 1235 nam
3013 1191 3059 1237 et
3081 1184 3228 1239 laicis
3255 1187 3595 1245 sacerdotalia
3616 1203 3827 1241 munera
3850 1187 3928 1258 inj
3936 1204 3962 1239 tt
3973 1205 4035 1241 rt-

2501 1285 2636 1339 gere.

2508 1449 2622 1505 Non
2650 1452 2888 1507 omittam
2918 1453 3084 1525 ipsius
3118 1456 3279 1511 etiam
3309 1459 3733 1514 conversationis
3765 1458 4037 1513 haeretica:

2436 1542 2871 1611 descriptionem,
2896 1561 3053 1615 quam
3078 1548 3260 1611 futilis,
3287 1565 3445 1619 quam
3477 1559 3713 1617 terrena,
3740 1566 3904 1620 quam
3932 1550 4038 1605 hu-

2437 1646 2594 1686 mana
2621 1634 2690 1688 sit
2716 1674 2730 1697 ,
2758 1635 2876 1689 sine
2898 1638 3157 1703 graviuuc
3178 1680 3192 1702 ,
3222 1638 3338 1694 sine
3357 1642 3672 1695 auctoritate
3692 1684 3705 1705 ,
3734 1644 3851 1695 sine
3874 1641 4038 1696 disci-

2437 1723 2603 1793 plina,
2630 1736 2688 1780 ut
2710 1725 2831 1781 fidei
2854 1742 2965 1783 sute
2994 1743 3315 1797 congruens.
3347 1731 3401 1785 In
3423 1733 3609 1805 primis
3631 1734 3751 1803 quis
3775 1734 4038 1788 catechu-

2438 1834 2661 1884 menus,
2702 1822 2822 1891 quis
2866 1822 3060 1888 fidelis,
3100 1825 3359 1880 incertum
3391 1836 3504 1889 est;
3558 1829 3759 1897 pariter
3798 1826 4034 1894 adeunt,

728 1914 1143 1970 chriSIiauoruut
1163 1958 1176 1977 .
1208 1931 1426 1971 sensum
1456 1915 1524 1971 de
1548 1916 1814 1980 sensibus,
1843 1916 2004 1971 verba
2033 1917 2099 1972 de
2124 1918 2323 1984 verbis,
2358 1885 2405 1945 Β
2436 1910 2887 1981 ρπῖιετθιιάίίηιιν
2919 1916 3118 1984 Pariter
3138 1926 3323 1982 orant;
3354 1918 3515 1972 etiam
3538 1918 3738 1973 ethnici
3766 1919 3809 1972 si
3838 1934 4032 1988 supcr-

734 2006 1015 2077 parabolas
1040 2007 1107 2062 de
1136 2007 1405 2078 parabolis
1432 2008 1668 2078 profana!
1696 2015 1750 2062 et
1778 2007 1986 2062 temnite
2014 2008 2133 2064 fidei
2156 2018 2326 2065 atten-

732 2108 847 2154 tare
873 2099 974 2173 (3).
1010 2100 1075 2155 Et
1106 2101 1245 2164 ideo,
1278 2116 1450 2171 neque
1475 2116 1505 2155 a
1528 2100 1741 2155 diabolo
1763 2100 2000 2157 immissa
2025 2117 2144 2157 csse
2168 2103 2324 2171 Spiri-

727 2192 854 2246 talia
882 2194 1149 2261 nequitias,
1184 2209 1247 2247 cx
1279 2193 1473 2262 quibus
1492 2191 1651 2248 etiam
1697 2191 1932 2247 Ita'reses
1954 2194 2173 2248 veniunt
2193 2234 2208 2255 ,
2236 2192 2328 2247 du-

731 2282 904 2339 bitare
923 2284 1044 2354 quis
1059 2283 1238 2347 debet,
1262 2299 1433 2355 neque
1450 2282 1517 2338 ab
1538 2281 1835 2338 idololatria
1852 2282 2051 2339 distare
2070 2283 2325 2348 Inereses,

725 2390 848 2431 cum
904 2385 960 2431 et
1002 2377 1238 2430 auctoris
1266 2385 1319 2431 et
1382 2376 1558 2444 operis
1601 2375 1839 2446 ejusdem
1884 2376 2020 2440 sint,
2065 2376 2221 2446 cujus
2276 2388 2332 2431 et

727 2466 1049 2522 idololatria.
1084 2469 1249 2523 Deum
1270 2510 1284 2533 ,
1314 2478 1405 2523 aut
1434 2468 1635 2538 lingunt
1658 2468 1820 2522 aliuut
1842 2468 2098 2522 adversus
2116 2468 2331 2523 Creato.

727 2574 842 2614 rem
869 2600 884 2625 ,
915 2569 1009 2614 aut
1029 2602 1043 2626 ,
1076 2561 1120 2614 si
1150 2560 1362 2614 unicum
1415 2560 1726 2615 Creatorem
1772 2561 2094 2615 confitentur
2116 2603 2131 2627 ,
2173 2561 2330 2617 aliter

728 2665 853 2707 eum
875 2651 1145 2707 disserunt
1170 2692 1184 2715 ,
1233 2667 1390 2722 quam
1416 2652 1467 2706 in
1497 2666 1628 2706 vero
1653 2660 1754 2707 est.
1780 2650 1963 2723 Itaque
1987 2667 2150 2709 omne
2176 2669 2327 2710 men-

731 2742 941 2799 dacinm
979 2742 1119 2813 quod
1156 2742 1223 2798 de
1276 2744 1383 2798 Deo
1412 2743 1628 2811 dicunt,
1682 2743 2114 2815 quoddammodo
2156 2761 2324 2816 genus

724 2845 807 2896 est
830 2835 1143 2893 idololatriae
1172 2836 1273 2909 (4).

1323 2928 1551 2986 CAPUT
1590 2926 1727 2984 XLI.

734 3020 857 3088 Non
878 3022 1208 3079 omittendam
1228 3022 1458 3094 denique;
1487 3039 1589 3093 qua
1613 3031 1790 3077 contra
1810 3038 1895 3077 eos
1916 3021 2320 3093 prtescribamus,

2433 2004 2676 2058 venerint
2700 2046 2713 2065 .
2745 2003 2817 2075 (e)
2846 2017 3088 2061 sanetum
3117 2009 3369 2073 canibus,
3402 2020 3454 2064 et
3477 2012 3653 2079 porcis
3685 2012 4030 2081 margaritas,

2432 2097 2556 2153 licet
2584 2114 2687 2153 non
2713 2115 2867 2154 veras
2887 2142 2900 2164 ,
2929 2101 3227 2169 jactalnmt.
3264 2103 3673 2171 Simplicitatem
3702 2107 3887 2159 volunt
3909 2118 4034 2160 esse

2432 2194 2845 2259 prostrationem
2879 2193 3197 2262 discipltttzt‘,
3226 2196 3379 2266 cujus
3408 2212 3571 2266 penes
3606 2213 3704 2253 nos
3730 2214 3915 2253 curam
3947 2200 4032 2254 Ie-

2432 2282 2702 2336 ttocinium
2722 2292 2934 2339 vocant.
2964 2284 3157 2341 Pacem
3181 2303 3392 2357 quoque
3414 2290 3614 2360 passim
3636 2306 3757 2343 cum
3780 2292 4035 2345 omnibus

2436 2374 2664 2428 miscent
2692 2392 2704 2428 :
2734 2374 2863 2429 nihil
2893 2376 3034 2431 enim
3070 2378 3289 2433 interest
3320 2380 3453 2446 illis,
3492 2379 3619 2435 licet
3644 2380 3861 2435 diversa
3892 2392 4036 2436 trac-

2432 2466 2686 2535 tantibus,
2709 2466 2835 2521 dum
2865 2467 2931 2523 ad
2974 2470 3131 2524 unius
3159 2472 3400 2527 veritatis
3416 2474 3867 2541 expugnationem
3897 2489 4035 2529 con-

2429 2560 2653 2629 spirent.
2682 2559 2883 2617 Omnes
2907 2572 3110 2618 tttment
3130 2607 3144 2629 ,
3173 2580 3363 2619 omnes
3385 2568 3664 2620 scientiam
3693 2568 4033 2636 pollicentur.

2428 2651 2567 2705 Ante
2609 2660 2733 2706 sunt
2771 2652 2991 2722 perfecti
3034 2655 3442 2715 catechumcni.
3487 2673 3644 2726 quam
3692 2658 3867 2714 edocti
3908 2658 4029 2730 (5).

2431 2741 2561 2812 Ipsae
2585 2745 2833 2801 mulieres
2853 2744 3140 2813 Imreticze,
3171 2764 3326 2816 quam
3350 2752 3636 2820 procaces!
3662 2766 3780 2821 quae
3800 2752 4036 2807 audeant

2428 2838 2623 2894 docere
2647 2879 2661 2902 ,
2707 2840 3073 2907 contendere,
3120 2843 3451 2897 exorcismos
3490 2858 3682 2913 agerc,
3721 2845 4034 2900 curationes

2427 2932 2833 3001 repromittere,
2886 2934 3107 2990 forsitan
3154 2934 3258 3007 (6)
3298 2946 3353 2992 et
3394 2938 3620 3006 tingere.
3652 2938 4033 2994 Ordinationes

2428 3039 2613 3081 eorum
2656 3028 2976 3095 temerariae,
3010 3028 3155 3084 leves
3179 3071 3194 3095 ,
3226 3028 3294 3100 (ι’)
3335 3030 3699 3086 inconstantes
3733 3050 3748 3086 :
3776 3044 3917 3085 nunc
3949 3030 4031 3101 (7)

1974 3137 2266 3197 LECTION
2274 3138 2354 3195 ES
2393 3138 2805 3198 VARlANTES.

791 3256 863 3320 (I)
888 3255 1182 3320 Pontificem
1220 3254 1416 3320 nuptiis
1444 3252 1593 3304 Rhea.
1624 3255 1670 3320 in
1701 3254 1844 3320 unius
1878 3253 2057 3320 nuptiis
2084 3248 2314 3319 Hitsaug.
2345 3236 2390 3299 C

725 3313 969 3370 expetere
992 3316 1200 3379 exempl.
1226 3313 1339 3379 teste
1359 3313 1601 3367 Rhenano.
1626 3317 1677 3365 in
1703 3317 1814 3365 unis
1837 3315 2019 3378 nuptiis
2045 3324 2193 3379 nan.

789 3380 860 3442 (Ξ)
890 3378 1219 3442 sacrificantia
1252 3378 1417 3442 Rhea.
1462 3379 1833 3442 sacrificantium
1878 3386 1930 3429 et
1955 3390 2065 3427 vasa
2104 3378 2319 3442 ipsorum

726 3443 769 3493 si
791 3438 1132 3493 sacrificiorum
1156 3455 1220 3493 ea:
1243 3441 1367 3492 libro
1394 3438 1561 3492 Ursini
1586 3438 1693 3503 Riq.

788 3506 864 3568 (5)
887 3505 1249 3570 Attemperare,
1272 3502 1381 3569 Rig.
1407 3508 1573 3556 Venet.
1600 3501 1754 3554 Fran.
1777 3501 1947 3556 Paris.

2486 3253 2501 3315 (
2514 3255 2558 3315 ι)
2586 3254 2654 3305 Ita
2679 3269 2825 3323 omne
2849 3257 3155 3323 mentiacinm
3178 3258 3244 3309 de
3263 3258 3391 3323 Deo,
3414 3257 3493 3312 vel
3516 3260 3649 3311 natio
3671 3257 4033 3323 quodammodo

2427 3329 2598 3373 sexus.
2627 3326 2704 3367 est
2722 3318 3009 3369 idololatrize
3036 3319 3184 3373 Rhea.

2578 3380 2775 3459 li‘ducali
2800 3380 2959 3432 Paris.
3260 3382 3271 3391 ’

2543 3446 2556 3497 l
2583 3443 2807 3494 Fortasse
2834 3458 2894 3492 an
2920 3443 3070 3498 Rhea.

2505 3443 2556 3497 6)
2583 3443 2807 3494 Fortasse
2834 3458 2894 3492 an
2920 3443 3070 3498 Rhea.

2483 3504 2558 3568 (7)
2583 3506 2720 3557 'I'uuc
2743 3506 2895 3559 Rhea.

2085 3603 2639 3667 COMMENTARIUS.

724 3728 981 3798 signaculi
1030 3727 1287 3796 religione
1340 3724 1873 3798 tenerivitlerentur.
1908 3724 2073 3793 Quam
2119 3722 2309 3798 multos

724 3794 859 3854 enim
877 3842 893 3864 ,
924 3800 1091 3866 inquit
1123 3794 1448 3868 Augustinus
1466 3840 1478 3856 .
1507 3797 1657 3852 hodie
1685 3800 1869 3867 fratres
1889 3806 2086 3850 nostros
2112 3794 2307 3868 cogita-

724 3889 839 3925 mus
860 3881 905 3924 et
937 3866 1225 3940 plangimus
1243 3871 1317 3923 ire
1342 3870 1390 3923 in
1420 3871 1661 3923 vanitates
1682 3866 1726 3923 et
1749 3869 1974 3940 insanias
2004 3866 2266 3940 mendaces
2289 3907 2305 3933 ,

723 3943 981 4014 negligere
1020 3936 1117 4011 quo
1157 3942 1451 3995 vocatisnnt
1475 3957 1493 3994 :
1523 3941 1608 4011 qui
1632 3983 1648 4005 ,
1695 3940 1739 4014 si
1766 3942 1895 4011 forte
1938 3939 2131 4014 inAipso
2160 3936 2307 3991 Circo

722 4010 895 4082 aliqua
926 4031 986 4067 ex
1013 4030 1192 4068 caussa
1216 4010 1547 4080 expavescunt
1566 4053 1577 4074 ,
1602 4010 1837 4065 continuo
1860 4027 1915 4082 se
1961 4010 2163 4082 signant
2188 4048 2203 4073 ,
2261 4018 2307 4082 et

721 4079 857 4138 stant
888 4085 996 4138 illic
1051 4079 1305 4151 portantes
1347 4084 1398 4135 itt
1440 4087 1632 4151 fronte,
1679 4082 1811 4135 unde
1858 4080 2212 4141 abscederent,
2266 4079 2309 4131 si

723 4156 819 4209 hoc
838 4156 890 4209 in
911 4150 1059 4208 corde
1073 4162 1349 4221 portarent,
1370 4150 1497 4215 etc.,
1519 4156 1676 4208 Euar.
1693 4152 1744 4206 in
1766 4153 1961 4207 Psalm.
1983 4151 2025 4206 Ι.
2041 4150 2305 4205 C:eterum

720 4226 929 4296 opinari
961 4227 1118 4280 etiam
1166 4226 1319 4279 liceat
1348 4224 1593 4278 Mithram
1620 4225 1731 4296 sive
1769 4224 2019 4296 Satanam
2068 4222 2309 4296 signasse

721 4293 775 4351 in
805 4296 1065 4351 frontibus
1094 4296 1291 4351 milites
1316 4310 1461 4359 suos,
1493 4294 1835 4352 anhelatione
1866 4293 2133 4349 unctionis
2161 4293 2306 4349 chri-

718 4368 927 4422 stiante.
961 4367 1077 4423 ηις.

792 4438 867 4511 (a)
916 4438 1235 4511 Subggladio
1276 4439 1477 4511 redimit
1529 4453 1784 4511 coronam.
1836 4434 2306 4511 hlztrtyrii‘tnimo.

721 4505 872 4577 Quod
894 4505 1132 4579 pluribus
1160 4509 1443 4577 explicavit
1464 4509 1563 4563 sub
1588 4511 1743 4563 finem
1770 4509 1946 4577 operis
1972 4505 2056 4560 De
2082 4505 2301 4579 Corona.

721 4578 917 4635 lita—4-
937 4579 1001 4634 Et
1039 4582 1131 4635 sub
1158 4581 1327 4650 gladio
1354 4581 1553 4633 redimit
1577 4596 1836 4634 coronam.
1870 4579 1945 4631 Ad
1976 4578 2300 4634 intellectum

720 4651 878 4720 hujus
898 4652 1037 4719 quod
1068 4654 1225 4705 habet
1256 4651 1344 4704 lih.
1380 4650 1447 4703 tle
1491 4650 1689 4704 Corona
1718 4650 1828 4703 mil.
1860 4649 2086 4719 (versus
2120 4650 2301 4719 tinctu)

719 4721 772 4775 in
824 4723 965 4777 hunc
1010 4722 1261 4777 modum:
1298 4722 1504 4776 Mithra:
1546 4723 1757 4776 miles...
1807 4737 1921 4775 eum
1971 4722 2201 4773 initiatttr
2248 4723 2299 4775 in

717 4794 966 4858 spila'o...
996 4794 1048 4847 in
1084 4796 1259 4847 castris
1286 4810 1398 4848 vere
1425 4796 1741 4847 tenebrarum
1762 4833 1777 4850 .
1806 4807 2044 4845 coronam
2070 4793 2296 4857 interpo~

719 4864 816 4917 sito
841 4865 1013 4933 gladio
1039 4865 1131 4918 sibi
1159 4865 1376 4917 oblatam
1404 4908 1415 4924 ,
1444 4865 1587 4933 quasi
1605 4865 1809 4915 inimum
1828 4866 2087 4933 martyrii,
2117 4863 2299 4917 dehinc

717 4937 875 5003 capiti
931 4952 1023 4988 suo
1075 4936 1534 4997 accommodatam,
1593 4941 1822 4987 monetur
1862 4933 2005 4986 obvia
2055 4950 2209 4985 manu
2267 4952 2299 4989 a

717 5007 883 5067 capite
906 5007 1092 5074 pellere
1106 5017 1149 5059 et
1170 5007 1223 5059 iit
1252 5007 1532 5064 humerum.
1565 5006 1609 5061 si
1636 5006 1783 5074 forte.
1814 5005 2100 5071 transferri,
2125 5005 2297 5061 dicens

719 5074 963 5130 Mithram
1017 5094 1122 5131 esse
1160 5093 1399 5132 coronam
1439 5093 1626 5140 suam;
1655 5086 1803 5144 atque
1828 5077 2009 5129 exinde
2038 5093 2295 5147 nunquam

713 5160 1005 5203 coronatur.
1031 5148 1056 5201 Ι
1064 5149 1192 5220 dque
1211 5150 1263 5203 in
1283 5151 1482 5220 signum
1506 5148 1649 5201 habet
1670 5149 1737 5201 ad
1758 5146 2102 5217 probationem
2123 5164 2291 5215 sitam,

712 5219 863 5273 sicuti
887 5219 1274 5290 tentatusfuerit
1300 5219 1363 5274 de
1387 5230 1699 5274 sacramento
1719 5259 1734 5283 ,
1764 5220 2032 5287 statimque
2076 5219 2297 5290 creditur

716 5289 924 5344 lliithra:
949 5292 1091 5345 miles
1108 5286 1135 5349 ,⁷
1152 5294 1196 5345 si
1219 5291 1451 5359 deiecerit
1476 5306 1747 5354 coronam,
1777 5291 1821 5343 si
1848 5286 1959 5343 eant
1986 5290 2038 5343 in
2070 5286 2177 5343 Deo
2203 5307 2295 5344 suo

712 5375 818 5415 esse
840 5364 1044 5418 dixerit.
1076 5364 1207 5419 Eun.

784 5430 863 5506 (h)
893 5432 1139 5488 Craterum
1186 5436 1230 5487 si
1278 5432 1467 5506 Numa:
1508 5431 1771 5506 Pompilii.
1821 5431 2044 5506 Pulchra
2081 5432 2293 5506 estuhic

710 5503 983 5557 annotatio
1012 5506 1296 5560 Audeberti
1327 5503 1573 5567 Macerei,
1624 5518 1781 5573 qnam
1830 5503 1964 5556 adeo
2007 5520 2069 5557 ex
2101 5503 2292 5572 gallieo

708 5574 960 5630 itliomate
1010 5576 1428 5632 transferendam
1478 5576 1742 5629 duximus.
1787 5574 2043 5642 Quidam,
2096 5577 2281 5642 inquit,

709 5646 1093 5716 lihroquodam
1137 5664 1240 5701 non
1288 5649 1357 5701 ita
1409 5662 1578 5714 nuper
1617 5661 1835 5709 excuso,
1888 5646 2040 5712 cujus
2066 5646 2281 5703 titulus:

705 5715 1287 5789 Breviscommentarius
1312 5718 1374 5772 de
1414 5718 1570 5789 signis
1613 5717 1786 5789 sacris,
1832 5717 2095 5783 sacriﬁciis
2132 5726 2178 5770 et
2204 5735 2285 5770 sa-

703 5791 973 5843 cramentis
1018 5806 1048 5842 a
1080 5787 1186 5842 Deo
1233 5787 1493 5849 institutis,
1539 5788 1843 5841 acreatione
1888 5789 2081 5850 mundi,
2131 5790 2281 5842 nobis

703 5858 903 5923 objicit.
933 5870 1142 5915 nostras
1168 5860 1512 5915 caeremonias
1541 5858 1726 5928 majori
1756 5875 1821 5912 ex
1854 5868 2002 5927 parte
2027 5859 2281 5928 desump-

702 5938 781 5986 tas
801 5946 829 5986 a
852 5929 1018 5987 Numa
1059 5932 1336 6003 Pompilio,
1367 5943 1418 5988 et
1448 5929 1669 6002 proinde
1706 5929 2024 6000 rejiciendas
2052 5940 2105 5987 et
2147 5931 2267 5988 sub-

2328 4688 2383 4749 D

2412 3724 2739 3796 sanuandas.
2764 3725 2979 3781 Fefellit
3013 3740 3158 3791 eum,
3184 3726 3353 3795 inquit
3376 3725 3537 3790 idem,
3570 3725 3709 3796 quod
3752 3741 3857 3781 non
3890 3743 4020 3783 eon-

2412 3793 2665 3851 sidcrarit
2711 3802 2965 3852 astutiam
3012 3798 3090 3852 sui
3145 3793 3307 3866 patris
3352 3808 3407 3854 et
3454 3793 3711 3865 magistri.
3766 3798 4025 3856 Diabolus

2412 3866 2553 3919 enim
2583 3884 2675 3922 eas
2706 3871 2926 3923 mutavit
2966 3885 3029 3924 ex
3086 3870 3264 3923 Veteri
3308 3870 3672 3930 Testamento,
3724 3879 3779 3923 et
3834 3869 4023 3926 Numa:

2414 3938 2652 4003 tradidit,
2674 3951 2731 3993 ιιι
2763 3955 2857 4008 per
2885 3956 2977 3995 eas
2998 3942 3065 3995 ah
3093 3941 3184 3994 illo
3212 3952 3265 3994 et
3288 3942 3395 3994 suis
3417 3941 3771 3994 honoraretur
3798 3950 3851 3995 et
3878 3942 4023 3997 ado-

2415 4018 2637 4080 raretur.
2664 4010 2815 4078 Quod
2843 4012 2908 4064 ad
2960 4027 3057 4065 nos
3086 4012 3295 4070 attinet.
3338 4012 3531 4080 quibus
3581 4012 3645 4063 ad
3675 4026 3889 4065 manum
3937 4026 4023 4071 est

2419 4077 2577 4132 Vetus
2606 4077 2733 4135 illud
2762 4080 3191 4144 Testamentum,
3222 4077 3430 4135 etiamsi
3485 4085 3795 4136 omittamus
3845 4084 4018 4138 tradi-

2413 4149 2611 4224 tionem
2638 4152 2873 4220 Patrum,
2901 4155 3067 4224 magis
3090 4153 3342 4207 credibile
3377 4164 3457 4206 est
3501 4153 3862 4219 desumpsisse
3912 4172 4019 4209 nos

2411 4220 2552 4285 inde,
2607 4240 2765 4291 quam
2813 4240 2843 4279 e
2884 4220 3035 4279 libris
3084 4224 3347 4292 Pompilii.
3402 4224 3615 4278 Interim
3663 4225 3822 4277 etiam
3878 4226 4015 4282 illud

2412 4294 2884 4361 considerandum,
2936 4296 3075 4361 quod
3122 4298 3302 4350 talium
3347 4295 3785 4349 ceremoniarum
3819 4295 4014 4352 obser-

2414 4364 2555 4437 va_tio
2600 4366 2712 4420 Deo
2750 4377 2896 4437 grata
2924 4367 3014 4430 sit,
3044 4366 3470 4437 qn:mtloquidcm
3512 4380 3605 4420 eas
3633 4375 3737 4419 tam
3766 4366 4012 4425 studiose

2411 4432 2623 4490 ασθαι-ι
2648 4448 2701 4493 et
2726 4432 3012 4493 tumuletur
3031 4432 3292 4491 diaholus'.
3337 4437 3470 4491 Pw.

2480 4506 2553 4578 (e)
2585 4507 2930 4563 Morositatem
2960 4508 3103 4561 illant
3121 4509 3346 4578 judaicte
3377 4508 3521 4575 legis.
3548 4507 3909 4561 Morositatem
3932 4509 4013 4564 di-

2406 4576 2498 4637 cit,
2517 4595 2723 4632 morum
2746 4590 2798 4635 et
2816 4580 3009 4634 rituum
3024 4576 3359 4648 judaicorum
3374 4578 4007 4647 scrupulositatemPan.

2481 4648 2560 4719 (ιι)
2594 4650 2653 4702 Et
2680 4662 2970 4705 sanctorum
3017 4652 3433 4705 christianornm.
3484 4650 3683 4703 llorum
3715 4666 3908 4703 sensus
3940 4667 4009 4706 ex

2411 4718 2616 4789 iisquae
2644 4721 2696 4775 in
2727 4737 2843 4788 cap.
2880 4722 2947 4777 44
2990 4731 3283 4791 sequuntur
3336 4720 3657 4775 hauriendus
3709 4732 3810 4773 est.
3857 4725 4010 4789 Apo-

2404 4793 2663 4845 stolorum
2697 4804 2873 4847 autem
2905 4796 3032 4847 Acta
3066 4803 3114 4846 et
3155 4793 3421 4861 Epistolas
3450 4802 3608 4846 vocat
3650 4793 4007 4848 instrumenta

2404 4872 2712 4916 sanctorum
2747 4864 3182 4918 christianorum.
3206 4868 3440 4920 ALBASI‘.

2473 4934 2624 4989 CAP.
2649 4934 2935 5007 ΚΒΜ-(ο)
2965 4935 3210 4989 Sanctum
3238 4934 3467 4987 canibus.
3498 4933 3615 5007 Nec
3644 4934 3740 5007 ista
3783 4934 4004 5004 quidem

2400 5018 2428 5055 a
2459 5007 2612 5058 nobis
2639 5005 2965 5077 negligenter
2988 5007 3375 5065 transibuntur,
3400 5006 3591 5077 quibus
3621 5005 4000 5061 eucharistiam

2399 5076 2769 5148 existimamus
2792 5078 3033 5148 intelligi,
3082 5078 3149 5131 de
3184 5093 3285 5146 qua
3315 5078 3449 5131 libro
3476 5076 3542 5148 de
3565 5076 3895 5143 Spectaculis
3927 5078 3999 5131 ita

2400 5146 2650 5219 I_0quilur,
2684 5165 2801 5217 cap.
2822 5149 2915 5215 25,
2947 5146 3032 5203 Ea:
3056 5164 3143 5202 ore
3165 5165 3263 5219 quo
3296 5149 3455 5201 Amen
3479 5146 3531 5200 ia
3556 5156 3786 5200 sanctum
3819 5156 3997 5215 protu-

2401 5216 2539 5270 leris.
2572 5216 2799 5274 ALBASP.

2470 5288 2536 5357 (f)
2570 5289 2937 5345 Ittconstantcs.
2967 5290 3168 5345 Omnes
3196 5290 3568 5355 ecclesiastici,
3610 5291 4001 5360 cujuscumque

2399 5362 2611 5415 tandem
2640 5362 3062 5425 essentordinis,
3112 5364 3273 5416 certis
3324 5362 3454 5416 locis
3476 5372 3629 5413 erant
3655 5361 3869 5426 addit-ti,
3904 5379 4000 5413 ιιι·-

2396 5447 2501 5501 qttc
2546 5434 2741 5486 fiebant
2786 5434 3045 5502 episcopi,
3098 5444 3187 5486 aut
3235 5431 3578 5498 sacerdotes,
3630 5432 3847 5484 honoris
3904 5446 3999 5488 aut

2395 5503 2603 5561 vivendi
2633 5506 2832 5571 gratia;
2866 5505 2959 5559 sed
2986 5519 3079 5570 pro
3110 5505 3213 5558 loci
3240 5514 3329 5556 aut
3352 5504 3530 5571 populi
3572 5504 3915 5565 necessitate,
3941 5517 3997 5559 ct

2397 5588 2493 5628 usu
2525 5575 2927 5629 ordinabantur.
2958 5576 3161 5642 Quibus
3205 5576 3275 5627 uti
3297 5590 3401 5627 tton
3430 5573 3621 5627 licebat
3647 5574 3752 5625 alio
3790 5588 3998 5627 Cutth-

2391 5644 2520 5704 lare.
2552 5658 2605 5699 ct
2628 5647 2783 5701 sedes
2815 5656 3048 5705 mutare;
3078 5647 3147 5699 ita
3175 5661 3348 5712 neque
3376 5644 3442 5696 ah
3467 5644 3647 5699 offtt-io
3668 5659 3733 5697 ex
3754 5659 3822 5699 eo
3844 5648 3990 5707 loco,

2389 5717 2474 5768 tthi
2515 5717 2744 5771 ordinati
2790 5728 2842 5771 ct
2893 5717 3087 5771 addicti
3137 5729 3313 5778 erant,
3342 5718 3461 5770 sine
3512 5730 3700 5770 caussa
3747 5721 3990 5771 amm'eri

2386 5797 2661 5857 poterant:
2722 5789 2813 5841 sed
2867 5788 3004 5858 apud
3062 5789 3339 5844 hareticos
3407 5801 3503 5853 pro
3550 5786 3771 5839 arbitrio
3826 5788 3992 5839 sedes

2385 5859 2747 5922 imitabantur,
2778 5870 2830 5914 ct
2860 5870 2917 5916 ut
2946 5860 3094 5927 dicit,
3142 5860 3274 5914 alius
3316 5858 3468 5915 hodie
3510 5859 3776 5928 episcopus
3802 5898 3817 5925 ,
3866 5874 3990 5913 cras

2382 5928 2535 5985 alius.
2560 5932 2789 5987 Atnasr.
