4242 6492
692 354 763 414 59
2111 354 2568 411 TERTULHANI
3925 363 3997 419 60

691 480 747 528 et
767 471 844 544 (a)
865 471 1126 544 subjectio
1142 472 1412 546 religiosa,
1436 482 1490 528 et
1517 470 1594 551 (ὁ)
1620 472 1880 542 apparitio
1900 471 2114 535 devota,
2138 481 2192 526 et
2215 472 2286 542 (c)
2316 476 2368 534 Α
2397 475 2763 529 ntmtiaveram
2802 475 2958 546 plane
2989 477 3195 531 futuros
3227 477 3444 533 lallacim
3483 478 3767 548 magistros
3788 480 3839 532 in
3871 494 3996 533 meo

693 565 968 637 processio
985 566 1225 623 modesta
1249 567 1348 640 (l),
1369 575 1423 621 et
1448 566 1684 621 Ecclesia
1710 566 1878 632 unita,
1893 576 1945 620 et
1974 563 2064 620 Dei
2089 565 2288 619 omnia.

1280 659 1509 716 CAPUT
1549 658 1734 715 XLIV.

698 752 962 811 Postremo
995 754 1040 810 si
1065 758 1197 826 forte
1223 753 1689 826 prcscriptionibus
1727 753 1805 806 his
1833 769 1934 807 non
1971 763 2286 817 moveamur,

765 848 834 904 ad
864 849 1026 921 futuri
1043 849 1230 920 judicii
1252 859 1460 916 metunt,
1485 858 1531 903 et
1553 848 1815 902 ltwreticos
1837 856 2097 918 provocat,
2131 858 2176 900 et
2203 863 2285 900 eos

763 941 853 1014 qui
877 957 1025 995 aures
1047 941 1294 995 haereticis
1323 940 1730 996 accommodant.

767 1031 1001 1089 Proinde
1026 1032 1238 1104 lnecld)
1276 1033 1558 1105 pressioris
1582 1033 1662 1105 (2)
1688 1033 1824 1102 apud
1853 1046 1950 1087 nos
1982 1031 2288 1087 testimonia

695 1122 992 1195 disciplina:
1021 1125 1088 1180 ad
1123 1125 1492 1195 probationem
1518 1128 1757 1181 veritatis
1785 1127 2076 1192 accedunt;
2122 1142 2150 1178 a
2186 1142 2289 1196 qua

696 1216 967 1277 divertere
1010 1218 1209 1274 nemini
1241 1218 1497 1290 expedit.
1544 1219 1633 1290 qui
1671 1221 1975 1274 meminerit
2006 1218 2166 1274 futuri
2199 1220 2288 1289 ju-

695 1310 820 1366 dicii
847 1325 956 1382 quo
984 1326 1172 1368 omnes
1196 1327 1291 1367 nos
1315 1327 1537 1368 necesse
1561 1321 1645 1368 est
1667 1314 1804 1384 apud
1832 1315 2029 1368 Christi
2059 1313 2291 1367 tribunal

695 1411 874 1458 astare
895 1402 1179 1459 reddentes
1203 1408 1463 1460 rationem
1493 1406 1542 1459 in
1573 1405 1758 1475 primis
1780 1405 1946 1473 ipsius
1972 1404 2113 1458 fidei.
2147 1404 2286 1472 Quid

697 1508 829 1565 ergo
847 1494 1027 1550 dicent
1052 1496 1141 1565 qui
1166 1496 1308 1550 illam
1331 1498 1694 1565 slupraverint
1720 1497 1982 1551 adulterio
2010 1498 2286 1563 haeretica.

699 1584 957 1657 virginem
981 1587 1229 1644 traditam
1253 1603 1282 1642 a
1303 1587 1517 1643 Christo
1537 1589 1559 1640 Τ
1581 1589 1776 1655 Credo,
1805 1589 2128 1660 allegabunt,
2157 1589 2285 1645 nihil

699 1693 932 1749 unquam
967 1679 1067 1734 sibi
1107 1679 1177 1734 ab
1206 1680 1297 1736 illo
1327 1680 1410 1734 vel
1441 1681 1508 1734 ab
1535 1681 1791 1751 apostolis
1821 1681 1957 1751 cjus,
1992 1681 2063 1754 (e)
2097 1682 2162 1736 de
2199 1697 2291 1737 se-

698 1771 774 1824 ris
805 1770 884 1844 (5)
909 1780 963 1826 et
989 1773 1254 1841 perversis
1279 1771 1536 1827 doctrinis
1559 1773 1748 1827 l‘uturis
1779 1773 2214 1842 praenuntiatum,
2237 1783 2292 1828 et

699 1860 769 1920 de
819 1863 1072 1918 cavendis
1122 1864 1600 1937 abominandisque
1651 1865 1729 1938 (4)
1783 1877 2124 1937 ρτεωριυιυ.
2187 1871 2293 1938 Ag-
2322 1845 2369 1904 Β

701 1972 928 2020 noscant
956 1959 1036 2033 (5)
1067 1975 1219 2015 suam
1273 1961 1450 2032 potius
1487 1961 1699 2032 culpam
1731 1979 1890 2031 quam
1937 1963 2166 2029 illorum,
2203 1965 2293 2032 qui

702 2067 801 2110 nos
835 2060 982 2107 tanto
1011 2061 1138 2108 ante
1168 2051 1248 2126 (6)
1278 2063 1715 2124 przestruxeruut.
1741 2052 2008 2123 Adjicient
2037 2065 2298 2124 praeterea

705 2146 869 2201 multa
896 2145 965 2201 de
989 2147 1307 2203 auctoritate
1329 2149 1587 2217 cujusque
1615 2145 1853 2200 doctoris
1881 2146 2145 2212 ltazretici;
2176 2147 2298 2201 illos

703 2240 937 2296 maxime
965 2239 1223 2298 doctrinm
1270 2254 1381 2295 sua:
1431 2238 1586 2294 Iidem
1637 2238 2016 2306 conﬁrmasse,
2049 2240 2126 2311 (7)
2159 2254 2300 2294 mor-

707 2341 830 2387 tuos
851 2331 1162 2400 suscitasse,
1179 2330 1384 2388 debiles
1398 2332 1739 2399 reformasse,
1757 2331 1928 2386 futura
1948 2332 2298 2404 signiﬁcasse,

705 2426 782 2482 uti
810 2426 1008 2484 merito
1058 2425 1289 2497 apostoli
1334 2426 1682 2480 crederentur
1708 2424 1726 2495 (
1752 2425 1833 2496 {).
1880 2425 2043 2492 Quasi
2075 2439 2174 2478 nec
2202 2423 2305 2480 hoc

705 2521 967 2591 Scriptum
988 2520 1079 2586 sit,
1102 2531 1357 2576 venturos
1376 2520 1573 2573 multos
1591 2521 1680 2588 qni
1706 2521 1866 2575 etiam
1885 2521 2111 2574 virtutes
2138 2520 2305 2573 maxi-

706 2629 823 2674 mas
852 2613 1072 2669 ederent
1111 2613 1214 2686 (8),
1247 2611 1312 2667 ad
1356 2613 1616 2668 fallaciam
1662 2612 2007 2668 muniendam
2035 2625 2305 2684 corrupta:

706 2706 1122 2783 pradicationis.
1155 2706 1337 2777 Itaque
1383 2707 1591 2761 veniam
1641 2708 2029 2763 merebuntur?
2071 2707 2170 2776 Qui
2223 2708 2303 2782 (9)

710 2813 841 2855 vero
888 2812 1156 2854 memores
1205 2798 1590 2854 dominicarum
1640 2810 1695 2854 et
1747 2800 2159 2870 apostolicarum
2212 2801 2306 2856 de-

713 2893 1109 2952 nuntiationum
1144 2893 1194 2951 iu
1228 2891 1330 2947 lide
1359 2893 1550 2966 integri
1579 2892 1696 2966 (l0)
1728 2894 1974 2948 steterint
1995 2933 2012 2958 ,
2049 2893 2212 2948 credo
2239 2894 2306 2948 de

712 2986 867 3041 venia
910 2983 1381 3058 periclitabantur,
1414 2983 1769 3056 respondente
1809 2983 2040 3038 Domino
2069 3001 2082 3037 :
2112 3003 2130 3036 ι
2168 2983 2308 3039 Prm-

2398 568 2614 621 nomine
2655 579 2709 623 et
2763 569 3152 639 Prophetarum
3193 579 3248 624 et
3289 570 3668 640 Apostolorum
3711 572 3908 632 etiam;
3941 582 3998 626 et

2393 661 2721 718 discentibus
2763 665 2897 718 meis
2926 663 3115 718 eadem
3158 662 3225 717 ad
3256 677 3354 718 vos
3387 663 3678 733 prmdicare
3711 666 4000 720 mandave-

2395 773 2505 811 ram
2532 775 2546 821 ;
2570 758 2734 812 semel
2767 758 3096 828 evangelium
3129 769 3182 812 et
3208 758 3446 828 ejusdem
3474 760 3672 829 regula:
3693 759 3996 817 doctrinam

2393 851 2648 920 apostolis
2671 851 2803 905 meis
2831 850 3204 919 delegaverant
3229 867 3244 917 ;
3281 850 3375 905 sed
3406 867 3528 906 cum
3554 866 3649 905 vos
3681 868 3782 906 non
3807 853 4000 908 crede-

2393 943 2543 1005 retis,
2577 942 2691 1012 (ll)
2716 942 2869 996 libuit
2899 941 3028 996 mihi
3057 951 3239 1011 pastea
3271 942 3445 1011 aliqua
3478 941 3602 997 inde
3631 953 3837 998 mutare
3871 944 3950 1015 (ς)
3981 963 3994 997 :

2394 1036 2841 1089 resurrectionem
2882 1035 3234 1104 promiseram
3274 1039 3434 1089 etiam
3460 1034 3672 1099 carnis;
3706 1035 3798 1092 sed
3829 1051 3992 1091 reen-

2393 1128 2551 1197 gitnvi
2576 1144 2642 1182 ne
2670 1127 2888 1197 implere
2919 1143 3022 1180 non
3051 1141 3260 1195 possem
3285 1145 3297 1181 :
3321 1136 3501 1181 natum
3528 1143 3613 1182 tne
3643 1128 3994 1183 ostenderam

2395 1235 2461 1274 ex
2494 1221 2729 1290 \irginc;
2763 1221 2855 1274 sed
2889 1230 3073 1289 postea
3108 1229 3262 1289 turpe
3292 1219 3419 1274 mihi
3448 1221 3618 1274 visum
3650 1231 3730 1274 est
3751 1237 3764 1274 :
3789 1232 3998 1290 patrem

2396 1310 2631 1365 dixeram
2663 1312 2752 1382 qui
2778 1311 2946 1366 solem
2975 1321 3030 1366 et
3072 1311 3276 1382 pluvias
3309 1312 3457 1374 fecit,
3490 1311 3584 1367 sed
3613 1315 3751 1367 alius
3775 1330 3860 1369 me
3895 1330 3994 1384 pa-

2399 1415 2476 1460 ler
2501 1407 2690 1460 melior
2709 1407 2980 1475 adeptavit
3004 1423 3016 1458 :
3041 1406 3417 1475 prohibueram
3446 1421 3540 1460 vos
3565 1422 3749 1460 aurem
3776 1422 3996 1461 accom-

2397 1501 2614 1553 modare
2638 1498 2923 1564 hareticis,
2945 1499 3039 1553 sed
3067 1500 3340 1554 erravi...?
3373 1498 3544 1553 »Τηίίη
3578 1499 3691 1570 (Ιὲ)
3720 1501 3862 1568 capit
3890 1503 3995 1569 Opi-

2397 1596 2510 1648 nari
2563 1609 2656 1649 eos
2703 1594 2790 1663 qui
2839 1593 3172 1657 exorbitant,
3231 1601 3285 1647 et
3351 1591 3474 1646 Iidei
3535 1592 3686 1664 (I5)
3745 1592 3998 1648 veritatis

2399 1685 2689 1755 periculum
2724 1699 2827 1739 non
2859 1696 3069 1739 cavent.

2984 1799 3210 1856 CAPL‘T
3262 1799 3421 1855 XLV.

2402 1915 2567 1970 Porro
2598 1917 2692 1969 hoc
2722 1917 3005 1969 institutum
3034 1916 3187 1970 simul
3216 1933 3485 1988 aggressus
3507 1919 3658 1972 etiam
3682 1921 3993 1988 specialiter,

2471 2011 2614 2063 initio
2658 2009 2792 2078 facto
2831 2025 2863 2062 a
2905 2009 3168 2080 judaismo
3195 2051 3209 2074 ,
3255 2011 3519 2064 htereticos
3573 2028 3745 2066 onmes
3788 2013 3857 2065 ad
3904 2030 4002 2066 sua

2471 2118 2628 2170 usque
2686 2111 2910 2169 tempora
2951 2110 3209 2165 recenset,
3244 2111 3289 2154 et
3345 2102 3597 2171 imprimis
3653 2102 3961 2159 Dositheum
3987 2148 4000 2171 ,

2475 2194 2812 2259 Sadducreos,
2842 2192 3154 2248 Pharisa'os.

2478 2328 2558 2401 (ti)
2603 2328 2713 2384 Sed
2764 2343 2904 2383 nunc
2933 2329 3149 2401 quidem
3179 2329 3507 2400 generaliter
3533 2341 3710 2386 actum
3744 2341 3828 2386 est
3851 2347 3878 2386 a
3907 2350 4006 2386 n0-

2407 2421 2488 2478 bis
2527 2421 2780 2477 adversns
2809 2423 3043 2479 litereses
3069 2439 3258 2477 omnes
3284 2466 3298 2488 ,
3337 2426 3498 2480 certis
3529 2435 3582 2480 et
3606 2425 3768 2496 justis
3791 2468 3808 2493 ,
3841 2425 3902 2498 (i)
3952 2438 4007 2482 et

2409 2519 2726 2572 necessariis
2757 2518 3249 2588 przescriplionibus
3277 2518 3615 2588 repellendas
3642 2535 3671 2573 a
3695 2520 4008 2575 conlatione

2407 2609 2821 2680 Scripturarum.
2862 2610 2938 2664 De
2989 2610 3219 2680 reliquo,
3277 2611 3320 2664 si
3379 2611 3473 2665 Dei
3528 2611 3697 2681 gratia
3731 2614 4004 2675 annuet-it,

2409 2704 2568 2758 etiam
2598 2703 2902 2772 specialiter
2926 2702 3240 2774 quibusdam
3273 2703 3713 2772 respondebimus
3747 2703 3844 2774 (j).
3880 2704 4009 2760 Hac

2410 2795 2460 2848 in
2506 2794 2608 2848 Iide
2636 2795 2874 2848 veritatis
2901 2794 3046 2849 ci....
3075 2794 3373 2864 legentibus
3402 2809 3499 2863 pax
3523 2803 3576 2849 ct
3599 2797 3767 2865 gratia
3793 2795 4009 2850 Domini

2409 2888 2571 2942 nostri
2595 2885 2721 2942 Iesu
2750 2885 2943 2940 Christi
2973 2887 3023 2939 in
3053 2896 3335 2940 aeternum.

2717 2977 2796 3051 (a)
2822 2994 3029 3036 CONTRA
3059 2991 3372 3034 iussericos
3432 2992 3698 3033 exeucrr.

1933 3096 2312 3156 LECTIONES
2346 3093 2762 3156 VARIANTES.

803 3218 850 3278 I)
873 3217 1125 3278 moderata
1150 3215 1306 3268 Paris.

797 3274 847 3336 Ξ)
873 3275 1126 3329 Pressiora
1150 3281 1301 3330 Ithen.
1327 3274 1562 3328 utrumuis
1583 3277 1710 3329 abest
1735 3285 1883 3328 n'an.
1910 3277 2066 3328 Paris.

775 3341 848 3406 (5)
874 3343 1028 3406 ξείνω
1051 3343 1202 3406 ῌΙρεη.
1227 3341 1400 3392 scazvis
1417 3341 1540 3392 Jun.

798 3402 849 3466 ι)
878 3404 1001 3464 Quid
1020 3402 1170 3455 then.

799 3465 849 3538 ἒξ)
879 3470 1158 3538 agnoscunt
1174 3465 1308 3538 Rhen
1348 3471 1625 3538 agnoscent
1661 3465 1870 3538 Sender.

799 3525 850 3592 6)
885 3525 1030 3578 vero.
1059 3537 1192 3579 tanto
1227 3530 1359 3582 deest
1380 3525 1431 3580 in
1467 3528 1617 3580 Rhen.
1644 3528 1724 3579 ed.
1760 3542 1856 3580 non
1880 3535 1995 3579 ante
2021 3525 2116 3593 leg.
2145 3527 2303 3580 Paris.

715 3599 865 3642 Fran.
892 3605 1005 3641 suos
1028 3599 1142 3642 ante
1166 3593 1288 3642 Jun.

778 3655 848 3719 (7)
879 3654 1085 3704 Maxima
1106 3655 1341 3705 doctrina:
1363 3665 1464 3703 suae
1486 3653 1797 3704 conﬁrmasse
1823 3651 1971 3704 Rhea.

2333 3221 2378 3282 ρ
2475 3215 2545 3282 (t3)
2573 3213 2843 3282 Edidfrunt
2865 3210 3012 3260 Rhea.

2476 3279 2548 3336 (9)
2581 3278 2633 3325 sa
2675 3276 2826 3325 then.

2501 3336 2575 3398 10)
2603 3338 2803 3398 Integra
2846 3336 2996 3387 Rhesi.

2471 3341 2575 3462 (10)
2603 3341 2803 3398 Integra
2846 3341 2996 3387 Rhesi.
3511 3395 3523 3406 .

2503 3404 2578 3463 11)
2605 3410 2657 3448 ι’.
2694 3400 2792 3464 Sed
2822 3413 2932 3449 cum
2958 3413 3049 3464 vos
3065 3411 3158 3448 non
3177 3398 3556 3458 crederetur,m
3574 3397 3724 3452 Rhea.
3745 3401 3827 3450 ert.
3847 3399 4022 3464 ρτιτβ-

2410 3461 2590 3530 9ηῂιιεᾰτ
2618 3462 2812 3530 uocibus
2833 3461 2988 3512 semel
3015 3462 3352 3525 Evangelium,
3380 3469 3469 3512 etc.

2476 3523 2884 3594 (ιὲ,)Δ1ίριυιεῐιο
2918 3593 2927 3594 η
3107 3587 3117 3594 .
3155 3523 3172 3525 ⁷
3255 3582 3266 3594 .
3460 3592 3467 3594 _
3642 3593 3648 3594 ,
3735 3584 3747 3594 .

2474 3589 2578 3652 (13)
2601 3588 2720 3638 Fide
2747 3586 2874 3652 conj.
2899 3593 3010 3636 Jun.
3033 3587 3117 3636 sed
3140 3586 3344 3649 pessime
3366 3592 3530 3636 nostra
3550 3586 3793 3637 sententia.

2076 3757 2634 3818 COMMENTARIUS.

723 3853 1105 3926 Apologetico:
1135 3852 1640 3926 Prasidentprobnti
1661 3854 1844 3926 quique
1865 3854 2118 3926 seniores;
2147 3856 2308 3909 hono-

720 3924 824 3981 rein
846 3929 996 3979 istum
1025 3942 1125 3978 non
1147 3930 1327 3995 pretio,
1351 3925 1438 3979 sed
1464 3927 1748 3980 testimonio
1761 3924 1958 3990 adepti.
1993 3924 2090 3982 RIG

795 3998 870 4069 (a)
897 3998 1152 4069 Subjectio
1178 3998 1438 4069 religiosa.
1488 3997 1712 4064 Propter
1743 3997 1996 4069 Ecclesize
2023 3998 2303 4063 honorem,

724 4068 895 4140 inquit
924 4069 949 4140 (ί
974 4069 1066 4122 lih.
1086 4068 1152 4121 de
1177 4068 1329 4137 Bapt.
1349 4069 1389 4137 ).
1411 4083 1518 4136 quo
1543 4069 1712 4129 salvo.
1742 4068 1885 4122 salva
1911 4085 2011 4133 pax
2043 4079 2142 4123 est.
2170 4069 2306 4125 Sub-

720 4139 896 4210 jeCtus
922 4139 1116 4194 dicitur
1143 4140 1232 4210 qui
1262 4154 1464 4193 morem
1493 4140 1644 4193 alteri
1676 4140 1839 4207 gerit,
1885 4149 1941 4192 ut
1980 4140 2118 4194 lilius
2149 4143 2302 4208 patri.

725 4208 815 4266 Sic
833 4213 883 4265 in
905 4215 942 4265 Α
954 4211 1128 4280 polog.
1147 4208 1170 4264 :'
1182 4208 1373 4264 Filium
1382 4212 1493 4281 jam
1509 4211 1787 4275 subjectum
1805 4219 1946 4278 pater
1962 4223 2094 4264 retro
2112 4215 2308 4282 patiens

726 4282 996 4336 abdicavit.
1032 4281 1148 4336 RIG.

832 4283 996 4334 icavit.
1032 4283 1148 4337 RIG.

799 4355 882 4422 (ti)
911 4353 1176 4425 Apparitio
1204 4353 1402 4406 devota.
1433 4354 1705 4420 Apparent
1730 4353 2001 4420 episcoiiis
2030 4354 2312 4425 presbyte-

731 4428 795 4482 ri.
812 4425 1040 4481 diaconi.
1065 4423 1334 4492 Apparent
1359 4425 1754 4491 magistratibus
1780 4424 1990 4486 scribm,
2010 4423 2302 4492 prmeohes,

731 4500 962 4549 accensi.
1004 4493 1206 4549 Glossa!
1252 4494 1550 4558 Philoxeni,
1602 4497 1966 4563 Apparilorcs,
1994 4505 2310 4555 Ειϐισσστιὶ.

733 4572 868 4621 Εἰσὶν
897 4571 944 4620 δὲ
973 4572 1208 4637 ὖπηρξτιιι
1234 4572 1332 4626 ταῖς
1350 4574 1573 4636 ἄρχοντα
1601 4571 1990 4638 προσιδριῦοντες.
2019 4569 2314 4637 Apparitio,

732 4645 1051 4706 Εκειϐιισμὸς.
1085 4640 1160 4691 En
1182 4645 1340 4692 Sensu
1369 4641 1496 4690 dicit
1523 4637 1814 4706 Septimius
1845 4651 2025 4693 noster
2049 4641 2220 4705 (libro
2248 4644 2319 4697 de

737 4708 1129 4778 Spectaculis),
1168 4724 1325 4763 aures
1351 4721 1405 4763 et
1429 4708 1610 4761 oculos
1642 4723 1900 4777 apparere
1931 4711 2160 4778 spiritui.
2193 4712 2319 4767 Cum

737 4780 937 4854 spiritui
955 4789 1234 4854 appareant
1248 4797 1402 4854 aures
1420 4789 1464 4854 et
1477 4782 1643 4854 oculi;
1667 4796 1754 4832 nec
1771 4783 1925 4854 possit
1942 4782 2160 4836 mundus
2182 4800 2319 4854 pra!-

737 4852 884 4915 stari,
909 4853 1054 4921 cujus
1077 4851 1392 4922 apparitores
1422 4851 1768 4920 inquinamur.
1797 4852 1913 4906 Ilio.

811 4923 887 4995 (ᾳ)
929 4921 1200 4995 Processio
1236 4921 1492 4995 modesta.
1543 4921 1908 4977 Procedebant
1961 4925 2012 4978 in
2052 4925 2320 4994 publicum

738 4991 1027 5048 Christiani
1060 4991 1556 5065 _m0desto»hal_iitn
1614 4996 1889 5062 vultuque.
1947 4991 2063 5050 Sic'
2093 4998 2226 5065 (lib.
2279 4999 2321 5053 ΙΙ

741 5065 809 5119 de
853 5065 1009 5120 Cultu
1051 5062 1363 5136 lmnrinar.)
1398 5081 1410 5118 :
1458 5062 1603 5118 Vobis
1620 5075 1797 5136 autem
1833 5065 1974 5119 nulla
2019 5062 2326 5136 procedendi

741 5152 922 5209 caussa
966 5153 1066 5190 non
1102 5136 1299 5209 tetrica.
1329 5135 1432 5188 Aut
1458 5135 1740 5209 imbecillus
1775 5138 1958 5206 aliquis
1995 5135 2058 5191 ex
2083 5141 2327 5209 fratribus

741 5208 992 5271 visitatur,
1019 5216 1106 5260 aut
1129 5207 1437 5276 sacriﬁcium
1466 5205 1696 5274 offertur,
1734 5219 1822 5262 aut
1849 5209 1943 5262 Dei
1973 5205 2133 5264 sermo
2158 5214 2326 5266 admi-

744 5279 1006 5341 nistratur,
1041 5289 1145 5332 etc.
1180 5277 1299 5332 RIG.

816 5349 970 5405 CAP.
1006 5347 1191 5422 Χιιν.
1222 5378 1294 5390 -
1438 5348 1708 5422 Pressioris
1739 5350 2037 5421 disciplinae.
2091 5352 2205 5408 Iloc
2247 5364 2331 5411 est

744 5423 884 5490 quod
914 5423 966 5475 in
1000 5420 1344 5492 Apulogetico
1386 5420 1520 5476 dixit
1549 5439 1565 5474 τ
1594 5421 1928 5490 Disciplinam
1962 5435 2328 5492 praceptorum

745 5491 1164 5568 inculcationibus
1210 5494 1504 5568 densamus.
1535 5493 1669 5568 Hinc
1717 5495 1995 5568 etiant__illa
2030 5491 2149 5564 quae
2183 5511 2328 5568 stupe

747 5572 1055 5626 occurrunt,
1089 5563 1366 5633 disciplina
1416 5566 1668 5628 timenda,
1697 5564 1975 5632 disciplina
2025 5563 2326 5634 custodita,

748 5634 1048 5707 disciplina!
1077 5643 1270 5707 terror,
1297 5635 1592 5707 disciplina:
1617 5649 1786 5690 tenor.
1827 5636 1914 5691 Sic
1940 5650 2146 5704 contra,
2171 5641 2332 5694 disci-

754 5705 898 5775 plina
929 5706 1261 5775 tnollissima,
1286 5705 1574 5762 laxissinta.
1604 5708 1722 5764 lita.

825 5774 1012 5850 (φλορ
1037 5779 1158 5831 seris
1194 5789 1240 5831 et
1269 5781 1512 5848 perversis
1546 5780 1803 5850 doctrinis.
1842 5779 1930 5836 Sic
1968 5782 2168 5850 optime
2200 5782 2335 5838 liber

750 5847 949 5906 Ursini.
980 5852 1147 5904 Antea
1177 5847 1321 5906 siccis
1344 5853 1488 5905 nullo
1515 5866 1695 5907 sensu.
1721 5849 1879 5908 Seras
1905 5847 2176 5909 doctrinas
2205 5853 2336 5909 dicit

2411 3855 2749 3921 Antichristi,
2772 3856 2926 3926 cujus
2956 3864 3196 3923 tempora
3232 3855 3462 3925 excipiet
3479 3856 3868 3910 consummatio
3914 3871 4034 3912 sa-

2410 3928 2537 3982 cnli.
2577 3927 2699 3982 Tria
2729 3937 2969 3996 tempora
2998 3929 3048 3981 in
3077 3926 3392 3982 Tertulliani
3424 3927 3640 3996 scriptis
3662 3935 3882 3981 cunctas
3919 3928 4033 3982 lto—

2413 4001 2614 4053 minnm
2642 4009 2826 4052 artatus
2846 3995 3096 4052 dividunt
3116 4039 3130 4060 .
3161 3997 3375 4051 Natura:
3398 4040 3412 4060 ,
3444 3995 3601 4067 Legis
3628 4008 3680 4068 et
3714 3997 4030 4068 Evangelii.

2412 4070 2593 4138 Itaque
2620 4069 2861 4125 ultimum
2893 4082 2975 4124 est
3002 4069 3273 4139 Evangelii
3302 4077 3532 4138 tempus,
3556 4067 3884 4138 subrepente
3904 4072 4033 4126 An-

2414 4142 2658 4195 ticliristo
2683 4152 2736 4196 et
2761 4141 2940 4196 smculi
2970 4141 3094 4194 ﬁne.
3121 4138 3246 4196 Ilio.

2485 4213 2550 4282 (f)
2584 4211 2672 4266 Uti
2699 4213 2875 4266 merito
2895 4211 3116 4282 apostoli
3137 4211 3476 4266 crederentur.
3507 4209 3602 4282 Ilic
3632 4210 3839 4265 nonnisi
3867 4226 4037 4267 com-

2414 4281 2656 4338 mentitia
2685 4281 2938 4337 miracula
2958 4325 2973 4349 ,
3031 4285 3146 4338 sive
3177 4283 3474 4353 przcstigias
3495 4281 3798 4336 daemonum
3836 4283 4040 4340 insec-

2415 4363 2554 4408 tatur
2575 4354 2969 4418 Tertullianns;
2999 4355 3392 4424 agnoscitenim
3417 4353 3518 4407 hoc
3540 4353 3591 4406 in
3617 4353 3800 4407 eodem
3823 4367 4032 4424 Opere,

2413 4439 2466 4480 c.
2499 4426 2793 4495 praesertim
2839 4427 2944 4488 30.
2994 4441 3120 4481 vera
3177 4425 3431 4479 miracula
3472 4433 3840 4492 argumentum
3890 4442 4038 4480 cer-

2427 4506 2536 4551 tmn
2574 4497 2790 4552 eilicero
2841 4497 3032 4551 divinat
3077 4497 3382 4560 missionis,
3434 4505 3545 4549 tum
3589 4511 3731 4566 eum_
3757 4508 4044 4566 provocat

2427 4568 2710 4624 haereticos
2773 4569 2874 4623 hac
2927 4567 3135 4622 victrici
3191 4564 3926 4637 lnterpellationezProbent
3980 4587 4042 4623 se

2428 4656 2580 4694 novos
2609 4641 2865 4707 apostolos
2905 4655 3053 4704 esse;
3093 4639 3263 4693 dicant
3301 4637 3559 4693 Christum
3592 4639 3772 4690 iterum
3801 4639 4038 4693 descen-

2424 4712 2559 4766 disse
2582 4753 2595 4775 ,
2627 4713 2810 4764 iterant
2836 4712 3002 4782 ipsum
3024 4711 3256 4764 docuisse
3275 4750 3290 4771 ,
3318 4711 3502 4763 iterum
3546 4710 3848 4774 cruri/imm
3868 4750 3881 4770 ,
3922 4711 4044 4764 ite-

2425 4799 2539 4835 rum
2568 4795 2820 4835 mortuum
2848 4824 2860 4845 ,
2911 4785 3092 4836 iterum
3119 4782 3468 4835 resuscitatum
3495 4795 3513 4833 :
3556 4782 3628 4833 sic
3655 4782 3785 4833 enim
3805 4791 4044 4850 aposto-

2425 4855 2501 4907 los
2526 4855 2648 4908 solet
2680 4853 3032 4924 [ncereelz'om
3057 4869 3120 4906 ex
3148 4869 3299 4920 opere
3329 4867 3398 4907 ne
3425 4850 3659 4924 Councv.

2502 4932 2576 4997 lg)
2620 4920 2842 4997 Mutare.
2877 4923 3083 4997 Ironice
3112 4924 3312 4997 dictum
3343 4923 3630 4997 intelligas;
3660 4920 3790 4976 Eoo.

2497 4994 2652 5052 CAP.
2680 4995 3001 5065 XLV.—(h)
3031 4995 3135 5050 Sed
3159 5011 3296 5048 nunc
3326 4994 3626 5061 generaliter
3650 5004 3814 5065 actum
3840 5001 3917 5046 est
3945 4996 4050 5047 ad.

2431 5084 2602 5122 uersus
2631 5083 2801 5121 omnes
2825 5063 3058 5121 hereses.
3088 5065 3205 5133 Ipse
3227 5067 3362 5119 libro
3379 5065 3444 5120 de
3459 5067 3634 5119 Carne
3659 5063 3873 5118 Christi.
3919 5066 4048 5119 Sed

2433 5142 2628 5210 plenius
2655 5138 2946 5209 Imjusmodi
2971 5135 3428 5210 prtescriptiombus
3451 5137 3690 5190 adversus
3715 5150 3882 5188 omnes
3921 5137 4047 5191 hm-

2431 5206 2565 5265 reses
2594 5206 2728 5263 alibi
2729 5211 2841 5280 jam
2870 5210 2946 5262 usi
2972 5206 3332 5264 sunmstoo.

2505 5283 2566 5352 (i)
2602 5280 2666 5334 Et
2696 5277 2991 5334 necessariis
3013 5279 3495 5352 prescripliouibtts.
3527 5277 4052 5352 Necessariaspnm

2432 5348 2750 5422 scriptiones
2772 5354 2919 5416 dicit,
2953 5353 3073 5419 quia
3096 5348 3388 5405 secundum
3409 5364 3499 5422 eas
3524 5363 3742 5422 necesse
3762 5348 4054 5418 estjtnlici

2434 5421 2799 5496 quosttttmque
2826 5423 3256 5496 agerervolentes
3278 5421 3560 5496 repellere.
3592 5421 3705 5496 Ilio.

2511 5496 2575 5568 (ᾖ)
2616 5490 2783 5548 Etiam
2815 5490 3099 5568 specialiter
3127 5493 3428 5568 quibusdam
3459 5491 3883 5568 respondebimus.
3922 5490 4056 5549 Iloc

2435 5562 2568 5621 vero
2611 5568 2854 5636 prazstitit
2898 5566 3046 5618 libris
3091 5562 3352 5636 adversus
3375 5562 3739 5636 Marcianem,
3767 5562 4058 5636 adversus

2440 5633 2859 5700 Valentinianus,
2905 5639 3161 5691 adversus
3213 5633 3890 5697 Praxcam,etc.;miuime
3939 5653 4056 5690 au-

2440 5721 2544 5765 tem
2569 5711 2809 5777 sequenti
2832 5709 3105 5774 opusculo,
3135 5722 3255 5762 nam
3273 5721 3337 5761 eo
3360 5714 3563 5760 tantum
3592 5705 3892 5759 indicantur
3929 5712 4062 5763 hanc

2440 5796 2607 5842 reses,
2639 5795 2744 5833 non
2771 5781 3129 5834 conlutantur.
3156 5779 3279 5834 th.

2516 5850 2591 5924 (a)
2623 5852 2807 5907 Contra
2858 5853 3116 5906 hccreticos
3163 5851 3388 5920 explicit.
3422 5846 3478 5905 In
3529 5846 3714 5904 codice
3762 5845 4062 5918 Agobardi
