4242 6492
184 419 240 475 61
1305 413 1511 472 LIBER
1551 414 1642 470 DE
1680 412 2377 472 PRESCRIPTIONIBUS.
3400 417 3474 476 62

183 535 450 608 Sequenda
482 555 584 592 non
631 539 866 610 leguntur
913 538 964 590 in
1017 537 1347 592 retustissimo
1401 538 1571 590 codice
1628 537 1764 607 Ago-
1797 536 1848 595 Α
1875 534 2128 590 virtutem
2157 537 2209 590 id
2239 547 2323 591 est
2352 536 2516 591 Deum
2544 579 2560 606 ,
2591 538 2642 590 in
2672 538 2896 594 summis
2920 547 2974 594 ct
2997 537 3103 593 illis
3138 536 3218 611 (ὅ)
3247 535 3469 592 inﬁnitis

887 630 1052 683 bardi.

247 746 483 813 Quorum
513 743 884 799 haereticorum
906 785 921 810 ,
957 753 1010 797 ut
1051 745 1197 813 plura
1225 752 1536 813 praeteream
1563 786 1577 807 ,
1600 756 1768 811 pauca

185 839 558 907 perstringam.
611 839 686 906 (b)
735 837 910 891 Taceo
964 837 1106 890 enim
1156 837 1404 906 judaismi
1465 835 1767 900 lueretiens,

175 932 490 988 Dositlteunt
541 934 754 1002 inquam
786 932 1202 996 Santarit:mtun,
1245 931 1564 1000 qniprimus
1609 945 1771 983 ausus

177 1039 254 1082 est
289 1027 575 1096 prophetas
601 1066 617 1090 ,
647 1027 796 1096 quasi
841 1042 944 1078 non
979 1025 1029 1078 in
1064 1024 1264 1096 Spiritu
1311 1023 1509 1079 Sancto
1539 1023 1764 1089 locutos,

177 1119 480 1190 repudiare.
537 1119 713 1174 Taceo
765 1120 1088 1174 Sadduea-os
1119 1163 1130 1182 ,
1158 1119 1246 1189 qui
1280 1135 1340 1172 ex
1376 1119 1538 1185 hujus
1569 1118 1769 1172 erroris

176 1214 358 1266 radice
403 1221 713 1281 surgentes,
747 1213 859 1265 ausi
897 1193 1105 1265 suntad
1153 1210 1559 1265 hanchazresim
1605 1209 1766 1264 etiam

175 1308 630 1360 resurrectionem
687 1305 864 1358 carnis
908 1319 1122 1374 negare.
1189 1304 1544 1358 Praetermitto
1585 1303 1770 1357 Phari-

173 1413 351 1462 stos,
381 1400 474 1468 qui
526 1399 883 1451 additamenta
921 1397 1160 1465 quaedam
1217 1396 1316 1466 legi
1359 1395 1685 1448 adstrucndo
1737 1411 1767 1450 a

171 1490 373 1544 Judaei:
412 1490 574 1544 divisi
608 1499 732 1544 sunt
761 1509 772 1542 :
823 1490 960 1544 unde
986 1489 1145 1543 etiam
1192 1487 1295 1541 hoe
1321 1489 1568 1557 accipere
1596 1489 1766 1558 ipsum

171 1584 317 1653 quod
348 1584 548 1640 habent
588 1599 786 1638 nomen
812 1626 827 1650 ,
876 1583 1017 1654 digni
1052 1584 1263 1637 fuerunt
1295 1602 1307 1636 :
1341 1599 1459 1637 cunt
1494 1582 1576 1636 his
1605 1583 1768 1636 etiam

171 1675 531 1742 llerodianos,
593 1677 682 1746 qui
713 1675 985 1730 Christum
1034 1674 1300 1730 Herodem
1334 1689 1454 1728 esse
1495 1674 1767 1729 dixerunt.

733 1789 961 1847 CAPUT
1012 1788 1196 1845 XLVI.

1875 633 2181 701 partibuset
2211 633 2263 685 in
2297 633 2669 701 superioribus
2697 648 2935 700 manere,
2965 633 3123 704 longe
3142 641 3322 687 autem
3353 630 3466 686 dis-

1877 733 2050 777 tantes
2071 724 2137 776 ab
2155 723 2257 776 hoc
2284 725 2504 793 angelos
2529 725 2835 781 inferiorem
2853 725 2936 797 (4)
2959 724 3216 780 mundum
3237 723 3460 778 fecisse:

1876 827 1930 871 et
1959 818 2078 886 quia
2101 817 2355 885 splendor
2387 819 2599 886 quidam
2626 821 2838 873 luminis
2861 820 3141 874 desursum
3171 820 3223 874 in
3247 816 3469 873 infcrio-

1877 911 2024 964 ribus
2050 909 2348 964 refulsisset
2372 953 2385 975 ,
2418 911 2482 964 ad
2516 912 2918 966 similitudinem
2955 913 3101 966 illam
3129 913 3461 981 superiorem

1881 1011 2092 1072 propter
2118 1003 2254 1056 illius
2277 1003 2491 1056 luminis
2517 1005 2596 1072 (5)
2615 1006 2832 1075 angelos
2862 1007 3131 1059 hominem
3152 1005 3430 1060 instituere
3448 1045 3464 1072 ,

1875 1097 2092 1164 angelos
2119 1110 2338 1150 enrasse
2365 1114 2376 1152 :
2421 1096 2560 1150 lnmc
2583 1112 2742 1163 super
2775 1105 2970 1151 terram
2998 1098 3231 1165 jacnisse
3249 1109 3467 1166 reptan-

1878 1197 2016 1242 tem:
2043 1190 2392 1257 enjnslmnen
2419 1189 2544 1243 illud
2565 1199 2618 1244 et
2640 1191 2886 1244 virtutem
2907 1189 3326 1244 miscricordiam
3349 1189 3426 1256 (6)
3447 1228 3462 1253 ,

1875 1279 2158 1334 scintillam
2209 1281 2410 1334 sali-am
2460 1296 2580 1336 esse
2603 1323 2616 1345 ,
2651 1293 2844 1336 caetera
2873 1283 2949 1352 ('7)
2985 1283 3216 1336 hominis
3264 1281 3462 1352 perire.

1876 1374 2151 1428 Christum
2185 1376 2234 1428 itt
2269 1376 2564 1432 substantia
2597 1377 2838 1444 corporis
2867 1392 2971 1430 non
3004 1377 3183 1438 fuisse,
3215 1384 3267 1429 et
3296 1374 3466 1444 phan-

1877 1476 2100 1520 tasmate
2129 1476 2331 1520 tantum
2355 1467 2504 1536 quasi
2535 1481 2748 1536 passmn
2776 1467 2939 1522 fuisse
2964 1483 2979 1531 ;
3014 1467 3461 1521 resurrectionem

1874 1563 2048 1614 carnis
2098 1561 2244 1614 nullo
2296 1561 2453 1615 modo
2497 1560 2727 1615 futuram
2771 1575 2910 1615 esse.
2967 1559 3159 1614 Postea
3207 1559 3469 1614 Basilides

1877 1657 2162 1711 haereticus
2209 1656 2428 1724 erupit:
2479 1655 2565 1710 hic
2610 1671 2733 1710 esse
2794 1655 2923 1709 dicit
2969 1667 3234 1708 summum
3289 1653 3464 1708 Deum

1878 1749 2097 1802 nctnine
2157 1748 2402 1802 Abraxan
2427 1791 2440 1812 ,
2470 1763 2535 1802 ex
2580 1762 2687 1817 quo
2717 1757 2950 1801 mentem
2989 1755 3255 1808 creatam,
3309 1758 3467 1813 quant

1881 1854 2056 1910 graece
2111 1855 2243 1894 nova
2269 1839 2521 1908 appellat.
2553 1837 2682 1893 lude
2715 1837 2976 1892 Verbum.
3029 1835 3103 1890 Es
3163 1835 3256 1890 illo
3286 1835 3469 1904 provi-

169 1903 370 1959 υθηίίε
411 1922 495 1959 ⁸⁰³
543 1913 790 1969 "mm"
840 1906 924 1974 (νά
977 1920 1040 1958 ⁸³⁵
1081 1901 1356 2002 Ε’ίαηθείίίξ
1398 1901 1619 2002 "maid
1665 1917 1774 1954 ⁸³⁸⁸
1800 1931 1846 1992 Β
1879 1901 2112 1986 dentiam
2139 1974 2154 1998 ,
2211 1948 2275 1988 ex
2309 1901 2654 2002 providentia
2704 1931 2953 1984 virtutem
2979 1969 2993 1993 ,
3024 1938 3077 1982 et
3099 1901 3462 1998 sapientiam:

239 2001 524 2058 uoluerunt,
560 1998 820 2052 Simonem
861 2015 1088 2068 magum,
1130 1995 1505 2061 Menandrum,
1531 1995 1770 2050 Saturni-

240 2109 386 2157 num,
415 2091 713 2156 Basilidcnt,
752 2089 1045 2145 Nicolaum.

241 2206 318 2280 (c)
343 2207 421 2262 Ad
449 2222 542 2262 eos
572 2224 657 2262 me
693 2216 949 2262 converto
971 2207 1060 2276 qni
1091 2222 1156 2261 ex
1185 2206 1474 2276 Evangelio
1530 2206 1768 2261 hmretiei

165 2318 290 2358 esse
346 2304 626 2357 voluerunt
659 2320 671 2355 :
727 2302 806 2372 (d)
862 2317 927 2357 ex
957 2302 1148 2372 quihtts
1179 2311 1261 2356 est
1296 2302 1498 2370 primus
1527 2303 1765 2356 omnium

166 2396 358 2451 Simon
390 2394 594 2465 Magos,
626 2395 716 2464 qui
754 2397 804 2449 in
838 2395 986 2449 Actis
1015 2394 1395 2464 Apostolorum
1445 2395 1765 2466 condignam

167 2489 370 2543 meruit
401 2489 469 2541 ab
489 2489 732 2557 apostolo
763 2488 918 2542 Petro
935 2487 1242 2558 justatuque
1269 2489 1614 2544 sententiain.
1671 2488 1769 2545 llic

166 2596 337 2637 ausus
393 2589 478 2636 est
529 2596 792 2635 summam
847 2596 904 2634 se
963 2581 1140 2636 dicere
1194 2582 1485 2647 virtutem,
1548 2582 1598 2636 id
1645 2591 1763 2646 est,

164 2692 442 2731 summum
479 2675 680 2738 Deum,
734 2676 989 2731 mundum
1044 2684 1221 2730 autem
1275 2675 1345 2728 ab
1396 2676 1600 2746 angelis
1653 2676 1766 2730 suis

166 2769 494 2834 institutum,
520 2767 589 2840 (e)
617 2784 645 2821 a
673 2769 917 2823 dentone
944 2783 1002 2822 se
1023 2768 1308 2822 aberrante
1331 2767 1441 2840 (l),
1470 2768 1592 2838 quid
1622 2779 1766 2823 esset

164 2864 430 2931 sapientia
456 2905 469 2924 ,
503 2863 846 2917 descendisse
877 2863 1223 2932 querendum
1267 2863 1407 2932 apud
1435 2862 1671 2931 Judaeos,
1704 2879 1765 2920 se

166 2957 220 3010 in
281 2957 660 3026 phantasmate
711 2956 803 3010 Dei
851 2970 956 3010 non
1010 2972 1263 3026 passum,
1321 2958 1417 3012 sed
1449 2973 1568 3013 esse
1611 2960 1765 3029 quasi

165 3065 407 3120 passum.
439 3050 562 3104 Post
582 3049 724 3104 hunc
745 3049 1034 3105 Menander
1081 3049 1373 3121 discipulus
1401 3052 1586 3120 ipsius,
1609 3052 1763 3106 simi-

163 3143 290 3196 liter
314 3156 520 3211 ntagns,
545 3141 732 3194 eadem
778 3142 960 3195 dicens
980 3157 1098 3210 qua:
1119 3141 1306 3196 Simon
1329 3143 1476 3210 ipse:
1507 3144 1760 3212 quicquid

160 3251 223 3290 se
267 3235 454 3291 Simon
505 3235 732 3298 dixerat,
769 3235 954 3290 hocse
996 3234 1286 3290 Menander
1332 3250 1451 3290 esse
1503 3236 1754 3303 dicebat,

1874 2042 1936 2082 ex
1971 2028 2104 2097 ipsis
2150 2025 2272 2081 inde
2319 2026 2646 2096 principatus
2669 2065 2684 2088 ,
2713 2034 2768 2080 et
2814 2031 3142 2093 potestates,
3171 2020 3467 2091 etangelos

1873 2119 2066 2185 laetos,
2093 2119 2286 2174 deinde
2337 2119 2572 2172 inlinitas
2600 2117 2914 2188 angelorum
2962 2115 3226 2170 editiones
3255 2124 3310 2168 et
3339 2130 3466 2184 pro-

1873 2213 2024 2268 bolas
2054 2231 2065 2266 :
2118 2212 2186 2266 ab
2219 2213 2332 2267 istis
2384 2211 2590 2281 angelis
2615 2218 2883 2265 trecentos
2926 2209 3203 2276 sexaginta
3230 2207 3467 2278 quinque

1871 2307 2040 2361 caelos
2094 2306 2365 2360 institutos
2391 2347 2406 2370 ,
2461 2312 2516 2358 et
2545 2302 2800 2357 mundum
2853 2303 2904 2356 in
2939 2302 3142 2355 honore
3189 2299 3419 2356 Abram:
3447 2340 3464 2366 ,

1872 2399 2025 2470 cujus
2050 2414 2246 2452 nomen
2268 2397 2408 2451 hunc
2432 2397 2487 2451 in
2525 2411 2586 2451 se
2615 2395 2840 2450 habebat
2876 2409 3158 2449 numerum
3189 2404 3468 2464 computa-

1873 2500 2006 2546 tutn.
2030 2489 2086 2544 ln
2116 2491 2319 2544 ultimis
2338 2490 2554 2560 quidem
2582 2487 2786 2560 angelis
2811 2529 2826 2552 ,
2852 2498 2905 2542 et
2931 2487 3020 2558 qui
3055 2502 3195 2541 nunc
3219 2485 3467 2542 fecerunt

1873 2583 2154 2647 ntundum,
2189 2584 2536 2636 novissimum
2555 2582 2702 2651 ponit
2727 2579 3034 2636 Judmorum
3061 2579 3252 2643 Deum,
3279 2578 3330 2632 id
3357 2589 3462 2643 est,

1873 2677 2040 2732 Deum
2071 2677 2200 2746 legis
2230 2685 2282 2730 et
2312 2676 2695 2746 prophetarum
2721 2691 2734 2740 ;
2759 2689 2918 2744 quem
2953 2673 3118 2728 Deum
3151 2682 3335 2743 negat,
3369 2673 3465 2728 scd

1869 2768 2118 2838 angelum
2147 2768 2298 2822 dicit.
2333 2767 2468 2822 Huic
2497 2767 2692 2822 sortito
2720 2766 2980 2836 obtigisse
3002 2779 3186 2820 semen
3211 2766 3465 2832 Abrahae,

1871 2873 2032 2934 atque
2087 2861 2205 2916 ideo
2263 2861 2403 2916 hunc
2449 2862 2516 2916 de
2546 2871 2685 2916 terra
2741 2860 2956 2932 Egypti
3016 2861 3155 2915 lllios
3212 2860 3379 2915 lsrael
3412 2861 3464 2915 in

1873 2966 2067 3010 terram
2107 2955 2380 3010 Cbanaam
2433 2956 2790 3010 transtulisse.
2820 2958 2886 3026 (f)
2921 2955 3070 3010 llunc
3103 2955 3460 3010 turbulentio-

1869 3066 1983 3105 rem
2015 3066 2122 3119 prae
2167 3051 2379 3104 caeteris
2424 3051 2658 3120 angelis,
2710 3063 2870 3120 atque
2903 3050 3025 3105 ideo
3071 3059 3128 3104 et
3173 3049 3468 3106 seditiones

1869 3141 2178 3211 frequenter
2202 3140 2286 3211 (8)
2316 3151 2369 3196 et
2417 3141 2553 3196 bella
2579 3151 2868 3197 concutere
2890 3184 2903 3206 ,
2952 3141 3045 3198 sed
3076 3151 3130 3196 et
3170 3142 3461 3197 lmmannnt

1866 3236 2179 3305 sanguinem
2209 3234 2456 3291 inridere.
2483 3233 2752 3289 Christum
2782 3243 2990 3299 antem,
3023 3251 3127 3291 non
3156 3237 3224 3290 ab
3249 3236 3349 3291 hoc
3376 3237 3465 3306 qui

160 3343 369 3398 negans
423 3327 620 3382 habere
674 3342 832 3395 posse
877 3342 1202 3397 quemquam
1256 3326 1481 3383 salutem
1507 3371 1522 3394 ,
1572 3330 1670 3383 nisi
1708 3330 1758 3384 in
1786 3301 1830 3363 (ἶ
1867 3329 2053 3385 iecerit
2103 3327 2382 3394 mundum,
2407 3328 2500 3383 sed
2525 3329 2592 3384 ab
2623 3328 2717 3383 illo
2748 3328 2962 3383 Ahraxa
2992 3328 3212 3384 missum
3245 3328 3461 3384 venisse

160 3426 386 3476 nomine
415 3437 514 3476 suo
558 3421 855 3490 baptizatus
899 3421 1102 3474 fuisset.
1135 3422 1362 3476 Secutus
1389 3433 1471 3477 est
1503 3435 1616 3494 post
1647 3425 1761 3480 bmc

154 3527 209 3571 et
229 3515 576 3578 Saturninus,
601 3526 652 3568 et
682 3515 764 3568 hic
783 3513 1028 3568 similiter
1045 3513 1228 3569 dicens
1247 3555 1262 3580 ,
1290 3515 1660 3570 innascibilem
1681 3516 1760 3588 (2)

1867 3425 1918 3478 in
1951 3422 2322 3493 phantasmate
2350 3439 2362 3475 :
2407 3421 2524 3476 sine
2546 3421 2840 3476 substantia
2872 3420 3052 3476 carnis
3079 3419 3246 3474 fniSse
3280 3438 3294 3475 :
3323 3421 3464 3476 hunc

1866 3531 2079 3586 passum
2110 3531 2139 3568 a
2170 3515 2370 3570 Iudaeis
2397 3529 2502 3570 non
2530 3531 2672 3581 esse,
2719 3514 2812 3569 sed
2843 3515 2959 3570 vice
2987 3515 3156 3583 ipsius
3179 3513 3457 3570 Simonem

1346 3631 1634 3689 LECTION
1643 3634 1721 3688 ES
1757 3631 2175 3690 VARIANTES.

220 3750 238 3810 (
250 3751 298 3814 l)
340 3751 618 3814 Aberrante
652 3745 816 3799 Paris.
844 3747 902 3798 ad
920 3748 1190 3814 daemonem
1208 3763 1351 3814 suum
1369 3759 1617 3814 errantem
1640 3753 1762 3803 Jun.

152 3815 212 3862 ad
237 3811 482 3885 ⁸Εξιιιεξειιιιι
500 3827 556 3863 se
581 3813 916 3873 aberrantem,
951 3824 1059 3873 quae
1087 3813 1099 3862 1
1109 3823 1200 3872 pro
1224 3811 1362 3875 quid)
1383 3813 1531 3863 Semt.
1562 3828 1628 3864 ex
1655 3813 1764 3866 lre-

151 3875 622 3997 ηδᾶιξίῗηὸωιρω,
645 3936 766 3986 Jun.
786 3937 834 3984 in
853 3935 1056 3985 summis
1073 3933 1169 3985 illis
1185 3943 1256 3997 et,
1279 3937 1400 3986 Jun.

240 4001 296 4051 3i
327 4001 426 4051 Illis
449 4006 500 4049 et
523 4001 644 4049 Jun.

240 3939 298 4059 2;
326 3939 622 3995 Innobilem,
645 3939 762 3986 Jun.

240 4005 274 4051 3
327 4001 426 4051 Illis
449 4006 500 4049 et
523 4001 644 4049 Jun.

241 4066 295 4126 4)
325 4065 593 4114 lderiores
615 4059 762 4112 Seml.

216 4129 295 4187 (5)
341 4126 727 4178 Similitudinem

149 4123 295 4241 S
341 4126 727 4178 Similitudinetn
765 4123 892 4175 illius
915 4123 1128 4184 luminis,
1161 4129 1206 4175 et
1244 4123 1366 4175 nihil
1397 4125 1756 4190 intermedium,

1935 3750 2008 3815 (6)
2055 3751 2210 3819 γεηρίι
2245 3750 2389 3802 modo
2431 3749 2653 3819 neglecta
2687 3747 2768 3802 hic
2797 3747 2965 3819 inserit
2989 3746 3183 3819 Semter
3202 3759 3259 3798 eo
3287 3747 3465 3818 modo:

1869 3813 2104 3876 virtutem
2133 3813 2261 3876 illam
2285 3813 2597 3876 superiorem
2620 3822 2822 3876 propter
2865 3815 3033 3876 miser.
3062 3813 3242 3862 Junius
3262 3823 3376 3862 vero
3396 3813 3468 3862 sic

1866 3875 2010 3926 habet
2031 3888 2044 3922 :
2068 3877 2145 3923 cui
2167 3875 2330 3925 lumen
2350 3874 2474 3924 illud
2498 3885 2550 3925 et
2592 3874 2822 3924 virtutem
2847 3875 2975 3925 illam
3009 3877 3316 3937 superiorem
3353 3887 3466 3937 pro.

1903 3945 1979 3987 ter
2006 3937 2386 3988 misericordiam
2415 3941 2525 3987 vitze
2543 3937 2805 3986 scintillam
2824 3935 3081 3986 immisisse
3100 3951 3114 4000 ;
3140 3936 3264 3985 hanc
3277 3935 3468 3985 scintil-

1867 3954 1963 4049 iitnt
1988 3999 2167 4049 salvam
2191 4013 2330 4049 esse:
2357 4008 2592 4048 caeterum
2609 4000 2818 4048 hominis
2844 4001 3026 4049 nerire.

1887 4014 1963 4050 ant
1988 3999 2167 4049 salvam
2191 4013 2330 4059 esse;
2357 4008 2592 4048 caeterum
2609 4000 2818 4048 hominis
2843 4001 3026 4061 perire.

1927 4061 2000 4120 (7)
2025 4062 2261 4112 Caeteram
2285 4061 2435 4113 Rhea.

1926 4126 1998 4190 (8)
2021 4125 2361 4189 Frequentare
2385 4124 2657 4190 smpicatur
2681 4124 2887 4175 Semler.

1529 4297 2087 4356 COMMENTARIUS.

147 4454 260 4497 non
285 4439 428 4494 ultra
451 4439 626 4509 pergit
647 4439 783 4494 liber
802 4437 869 4494 de
900 4438 1310 4508 Prmscriptione
1338 4437 1640 4494 hmreticor.
1671 4455 1760 4496 ne-

149 4528 262 4574 que
292 4513 400 4566 ulla
437 4515 491 4564 lit
527 4514 727 4566 mentio
769 4513 1040 4580 sequentis
1079 4511 1318 4576 opusculi
1363 4511 1506 4582 quod
1546 4513 1752 4579 incipit,

151 4584 392 4652 Quorum
427 4583 776 4637 [latrem-orum
813 4592 866 4634 ut
913 4583 1063 4652 plura
1093 4593 1408 4647 preter-eam,
1437 4595 1540 4638 etc.
1577 4585 1638 4636 Et
1676 4587 1756 4652 ja-

1867 4437 2135 4493 Dosithens
2194 4435 2645 4492 Samaritanorum
2695 4433 2927 4504 princeps
2984 4432 3256 4504 prophetas
3302 4447 3458 4500 repu-

1861 4512 2038 4569 diavit.
2071 4522 2174 4564 etc.
2207 4508 2330 4564 th.

1931 4583 2078 4635 CAP.
2111 4577 2453 4648 XLVI—(0)
2485 4577 2566 4631 Ad
2593 4593 2678 4631 eos
2706 4593 2784 4630 me
2803 4585 3052 4648 converto.
3079 4575 3456 4648 Hieronymus,

145 4645 298 4711 ἕειιιι
343 4662 609 4722 ἀκέφαλον,
641 4656 740 4736 nisi
772 4645 1104 4736 ll'i‘CillittSSié
1150 4670 1177 4706 a
1213 4653 1542 4736 'l‘ertulliano
1593 4645 1756 4708 adne-
1782 4677 1832 4736 D
1859 4654 1983 4736 and.
2009 4671 2021 4704 :
2049 4655 2229 4736 Ad‘e‘os
2251 4645 2692 4713 venio'lucreticos,
2712 4655 2801 4714 qui
2822 4645 3458 4736 ιίιγιυιειειὶιξ,ιιιιιὸιιιιιενιιιιιζ

146 4743 280 4782 min
317 4731 482 4785 inisse
509 4728 656 4796 operi
689 4726 756 4779 de
796 4725 1204 4793 Praescriptione
1252 4725 1624 4780 haereticorum
1649 4768 1663 4791 ,
1699 4737 1755 4779 ut

146 4815 219 4852 eo
251 4799 529 4857 absoluto.
582 4814 702 4850 eum
757 4797 947 4862 aliquis
997 4796 1390 4866 adscripsisset,
1429 4796 1650 4866 [Cap/irit
1693 4797 1757 4851 de

149 4869 560 4938 Prescriptione
588 4868 954 4932 luerent-orum,
981 4867 1142 4930 idem,
1175 4869 1414 4937 quisquis
1461 4867 1547 4921 ille
1573 4869 1747 4932 fuerit,

144 4943 274 5010 ejus
302 4942 405 4994 avi
437 4941 665 5005 scriptor
691 4955 786 5009 pro
814 4941 963 4992 titulo
995 4941 1268 5008 sequentis
1304 4939 1544 5008 opusculi
1577 4940 1756 5010 snhje-

143 5015 312 5077 cerit,
333 5011 566 5078 Quorum
579 5011 927 5066 hereticorum
951 5027 965 5061 :
986 5012 1207 5066 daturus
1231 5012 1430 5066 scilicet
1457 5013 1753 5080 catalognm

141 5100 380 5146 eorum,
431 5097 567 5152 quos
620 5083 855 5151 generali
907 5083 1308 5150 prmscriptione
1361 5082 1754 5138 sulnnovcntlos

142 5165 431 5217 censeret,
465 5169 528 5206 ac
558 5154 754 5208 deinde
795 5153 1011 5224 incipiat
1058 5154 1394 5221 opusculum,
1428 5152 1592 5207 Taceo
1621 5155 1756 5208 enim

134 5227 413 5296 jadnismi
464 5226 725 5296 [uereticos
775 5241 795 5278 :
847 5223 988 5293 quod
1058 5224 1259 5278 ideirco
1331 5226 1504 5293 portio
1553 5241 1616 5280 ac
1681 5241 1756 5280 se-

140 5295 312 5366 quela
345 5295 701 5365 pracedentis
730 5297 1019 5357 habeatur,
1055 5306 1443 5365 proptereaque
1477 5297 1660 5350 nnllihi
1685 5301 1760 5351 ci—

143 5377 324 5421 tatntn
369 5369 441 5421 ab
481 5377 696 5420 auctore
737 5369 1022 5434 separatim
1062 5367 1372 5439 reperiatur.
1404 5368 1587 5439 Stylus
1611 5377 1758 5422 certe

141 5458 260 5494 non
291 5439 559 5492 absimilis
581 5438 789 5491 videtur
817 5439 1166 5506 Septimiano.
1199 5436 1254 5492 lu
1279 5436 1592 5506 quihusdam
1627 5454 1757 5492 vero

138 5510 559 5582 exemplaribus
588 5509 837 5580 prateedit
861 5508 1054 5563 librum
1076 5507 1142 5562 de
1162 5509 1326 5566 Prcs.
1357 5511 1755 5582 hereticorum.

1491 5581 1606 5638 llic.

220 5701 305 5769 (b)
350 5697 525 5752 Taceo
579 5697 713 5749 enim
773 5696 1024 5767 jttdaismi
1053 5697 1336 5769 lia'reticos.
1391 5697 1517 5752 Htec
1548 5699 1758 5766 legerat

134 5768 561 5841 Hieronymus,
635 5785 776 5841 eum
826 5769 1081 5821 adversus
1133 5768 1496 5823 anit‘erianos
1546 5786 1750 5840 agens,

134 5845 316 5899 Taceo
350 5840 372 5904 ,ί
400 5841 572 5905 inquit
603 5882 614 5897 .
651 5841 712 5892 de
752 5840 1004 5907 jndaismi
1034 5841 1284 5894 lian'eticis
1309 5883 1322 5903 ,
1377 5844 1460 5910 qui
1488 5855 1606 5896 ante
1656 5843 1750 5897 ad-

129 5929 349 5971 t-cntmn
429 5913 620 5968 Clu-isti
695 5913 852 5981 legem
899 5911 1137 5966 traditam
1205 5912 1554 5982 dissiparant,
1609 5915 1747 5989 quod

1859 4723 1981 4780 th.
2011 4753 2082 4763 —
2112 4724 2275 4776 Adeo:
2306 4739 2382 4775 me
2414 4733 2646 4774 converto
2667 4764 2682 4786 ,
2739 4729 2844 4774 etc.
2891 4717 3214 4788 Aggreditur
3237 4719 3345 4785 jam
3393 4717 3460 4771 ad

1859 4795 2141 4850 dicendum
2171 4793 2238 4848 de
2263 4791 2545 4852 lnereticis.
2573 4792 2662 4860 qui
2689 4809 2714 4841 a
2745 4791 2956 4845 Christo
2987 4801 3111 4844 nato
3141 4791 3455 4851 extiterunt,

1859 4872 2055 4934 quique
2073 4866 2290 4920 insania!
2317 4881 2427 4918 sme
2453 4872 2768 4934 argumenta
2788 4861 3172 4932 posterioribus
3191 4860 3459 4916 haereticis

1860 4939 2210 5001 reliquerunt.
2242 4937 2316 4990 LE
2341 4936 2435 4991 Pa.

1935 5008 2013 5081 (ll)
2061 5009 2140 5062 Ea:
2189 5008 2367 5075 quibus
2413 5016 2484 5061 est
2525 5006 2716 5077 primus
2737 5006 2982 5081 _oinnium
3015 5003 3197 5058 Simon
3249 5019 3450 5074 magus.

1862 5074 2098 5135 Primum
2149 5074 2388 5136 omnium
2439 5074 2685 5132 numerat
2732 5074 3006 5131 Simonem
3063 5090 3278 5145 magum
3332 5089 3454 5129 cum

1862 5153 2084 5215 lren:eo,
2120 5150 2423 5219 Epiphanio
2444 5192 2457 5211 ,
2487 5159 2591 5203 etc.

1938 5221 2012 5295 (υ)
2056 5224 2098 5276 Α
2143 5218 2370 5295 dicamne
2395 5237 2448 5274 se
2469 5219 2728 5295 aberrante
2755 5218 2877 5288 quid
2901 5230 3030 5295 esset
3058 5218 3309 5288 sapientia
3336 5218 3454 5272 des-

1863 5289 2087 5347 ceridisse
2106 5292 2432 5362 quorundum
2459 5291 2597 5361 apud
2622 5289 2853 5345 Judazos.
2907 5291 3030 5346 llaec
3055 5298 3181 5344 sunt.
3223 5304 3451 5359 eorrttpo

1865 5367 2108 5428 tissitna,
2141 5367 2444 5429 necjuvant
2493 5364 2866 5433 tnannscripti.
2918 5362 3222 5431 Legendnm
3270 5372 3449 5414 tamen

1863 5437 2071 5490 videtur
2101 5436 2222 5490 :Ad
2272 5451 2382 5488 ones
2431 5435 2718 5488 aberrantes
2762 5451 2834 5497 se,
2888 5433 2973 5499 qui
3025 5443 3148 5486 esset
3178 5433 3450 5500 sapientia,

1863 5508 2178 5561 descendisse
2190 5509 2513 5574 quwrendum
2523 5547 2532 5556 .
2544 5505 2582 5558 Α
2592 5506 2692 5572 pud
2711 5504 2742 5558 J
2751 5506 2921 5558 udwos
2935 5519 2986 5557 se
3007 5504 3057 5556 in
3074 5503 3450 5574 phantasmate.

1864 5587 1966 5634 etc.
2005 5576 2632 5649 Hieronymus,lndicnlo
2653 5577 2842 5633 Intres.
2873 5595 2884 5630 :
2910 5575 3134 5649 Ideoque
3155 5590 3209 5630 se
3241 5575 3447 5649 descent

1862 5653 2014 5713 disse,
2044 5644 2231 5719 inquit,
2252 5661 2302 5700 ut
2325 5666 2463 5702 ovem
2487 5651 2702 5702 salvaret
2722 5651 2987 5717 perditam.
3015 5644 3269 5702 Christum
3311 5644 3449 5714 apud

1858 5721 2069 5776 ludam
2092 5739 2190 5775 non
2222 5737 2326 5773 esse
2350 5738 2573 5787 passum.
2608 5721 2726 5776 llic.

1929 5793 1994 5861 (ἴ)
2052 5791 2199 5848 Hunc
2271 5785 2683 5844 tmbalentiorem
2735 5807 2842 5860 pra
2894 5791 3107 5847 (ceteris.
3171 5785 3438 5861 lndicultts

1858 5860 2165 5935 Hieronymi
2201 5883 2212 5916 :
2249 5862 2345 5915 llic
2397 5863 2606 5935 auge/as
2665 5865 2982 5934 protervitate
3012 5878 3102 5916 sua
3128 5860 3363 5915 exaltant
3393 5873 3448 5913 se

1850 5953 2008 6006 supra
2046 5933 2250 5990 cancros
2275 5935 2502 6004 angelos.
2538 5933 2651 5989 llic.
