4242 6492
172 413 242 471 65
1267 404 1472 463 LIBER
1516 404 1611 461 DE
1647 402 2341 468 PRESCRIPTIONIIIUS.
3417 404 3491 465 66

173 539 280 585 tem
311 528 360 583 in
389 526 643 598 paradiso
661 567 675 590 ,
707 525 756 580 id
784 531 865 579 est
888 566 904 591 ,
934 524 1097 580 istum
1123 520 1286 580 fuisse
1308 531 1612 594 serpentem
1640 562 1655 585 ,
1682 524 1766 577 eui
1801 523 1851 583 Α
1882 522 2129 581 virtutem
2160 543 2280 597 quae
2307 541 2468 599 super
2512 542 2700 583 omnes
2728 528 2949 584 virtutes
2977 535 3161 594 esset;
3188 542 3347 598 quam
3375 541 3487 582 ma-

176 620 289 674 Eva
308 620 459 689 quasi
478 618 622 672 Filio
646 618 737 672 Dei
753 616 1077 672 crediderat.
1102 614 1403 684 Decerpsit,
1424 613 1687 683 inquiunt,
1714 614 1782 668 de

171 712 352 767 fructu
390 711 625 775 arboris,
673 719 834 779 atque
865 709 984 764 ideo
1006 708 1189 780 generi
1236 707 1471 762 humano
1502 707 1779 762 scientiam

172 803 437 858 bonorum
452 803 779 858 etmalorum
797 802 1103 857 contribuit.
1126 801 1393 857 Christum
1408 809 1582 855 autem
1604 815 1708 855 non
1726 800 1779 855 in

170 896 469 950 substantia
511 895 692 949 carnis
741 891 928 959 fuisse,
964 894 1192 949 salutem
1235 894 1416 948 carnis
1457 892 1779 963 sperandam

172 990 397 1043 omnino
413 1002 517 1044 non
535 1002 677 1043 esse.
704 986 920 1042 Necnon
943 988 1106 1042 etiam
1131 986 1305 1055 erupit
1321 987 1419 1039 alia
1434 1001 1646 1056 quoque
1666 985 1779 1040 hae-

173 1080 336 1145 resis,
356 1078 431 1152 (a)
449 1095 565 1149 qua:
583 1079 777 1134 dicitur
796 1079 1150 1133 Caitiwornm.
1181 1078 1254 1149 (ὁ)
1287 1078 1353 1132 Ει
1376 1078 1471 1148 ipsi
1495 1078 1638 1133 enim
1660 1092 1779 1133 ma-

172 1171 600 1244 gnilieantCain,
626 1171 774 1241 quasi
793 1187 855 1225 ex
875 1169 1108 1240 quadam
1138 1172 1346 1239 potenti
1379 1172 1571 1225 virtute
1589 1186 1781 1225 conce-

175 1276 355 1335 ptum,
392 1280 512 1335 qua:
553 1274 772 1333 operata
812 1264 883 1319 sit
924 1266 975 1317 in
1022 1264 1158 1333 ipso.
1204 1263 1333 1316 Nam
1370 1263 1503 1318 Abel
1540 1280 1605 1317 ex
1644 1263 1779 1319 infc-

175 1358 325 1413 riore
379 1358 577 1412 virtute
615 1365 959 1427 conceptum,
1006 1366 1371 1425 procreatum,
1433 1358 1509 1426 (ο)
1559 1368 1616 1413 ct
1662 1358 1781 1413 ideo

179 1449 492 1506 inferiorem
521 1459 814 1521 repertmn.
850 1451 911 1504 Ili
941 1452 1028 1520 qtti
1059 1451 1161 1505 hoc
1187 1451 1462 1515 adserunt,
1493 1452 1656 1506 etiam
1684 1453 1779 1508 Ju-

172 1542 302 1598 datn
336 1542 1015 1614 proditoremdefendunt,
1050 1544 1127 1614 (d)
1163 1545 1531 1601 admirabilem
1561 1547 1704 1601 illum
1728 1555 1783 1602 et

173 1651 429 1707 magnum
473 1650 593 1692 esse
645 1645 1040 1700 mentorantes,
1096 1646 1313 1706 propter
1360 1638 1613 1693 utilitates
1649 1654 1781 1709 quas

172 1729 413 1785 humano
436 1730 618 1801 generi
639 1730 928 1786 contulisse
946 1730 1196 1799 jactatur.
1224 1731 1451 1798 Quidam
1475 1732 1617 1787 enim
1638 1733 1755 1801 ipso
1770 1761 1783 1775 -

170 1838 292 1877 rum
319 1824 611 1893 gratiarum
644 1822 908 1877 actionem
938 1822 1089 1877 Jndaz
1118 1834 1335 1895 propter
1372 1826 1506 1879 hanc
1536 1839 1779 1879 caussam

168 1892 503 1970 reddendam
554 1925 761 1984 putant.
810 1892 1256 1971 Animadvertens
1300 1918 1464 1983 enim,
1512 1918 1775 1987 inquiunt,
1810 1892 1857 1952 Β

165 2006 373 2071 Judas,
406 2007 549 2078 quod
602 2007 848 2064 Christus
893 2008 1057 2063 vellet
1101 2010 1381 2064 veritatem
1425 2009 1776 2076 subvertere,

166 2100 391 2156 tradidit
418 2101 569 2156 illum
595 2141 609 2165 ,
653 2116 719 2155 ne
750 2100 985 2156 subverti
1015 2100 1214 2155 veritas
1244 2110 1441 2170 posset.
1477 2102 1543 2156 Et
1584 2104 1673 2157 alii
1702 2104 1781 2159 sic

161 2202 352 2248 contra
371 2192 712 2266 disputantct
731 2192 933 2247 dicunt:
958 2191 1090 2259 Quia
1117 2200 1408 2261 potestates
1426 2192 1582 2263 Itnjus
1599 2194 1779 2250 mundi

162 2286 424 2341 nolebant
450 2286 557 2354 pati
594 2284 896 2351 Christum,
937 2301 1004 2340 ne
1036 2285 1268 2339 lmmano
1295 2285 1480 2355 generi
1518 2301 1611 2354 per
1639 2302 1783 2342 mor-

162 2388 271 2434 tem
314 2377 481 2447 ipsius
510 2377 656 2432 salns
682 2386 991 2445 pararetur,
1036 2378 1194 2431 saluti
1238 2378 1526 2432 consulens
1560 2381 1775 2448 generis

163 2468 387 2523 humani
411 2509 428 2533 ,
462 2467 1005 2535 tradiditChristum,
1054 2477 1110 2523 ut
1149 2469 1325 2535 salus,
1359 2487 1478 2540 qua:
1520 2471 1777 2539 impedie-

163 2561 324 2615 batur
376 2574 475 2629 per
520 2560 786 2621 virtutes,
838 2576 957 2630 quae
1010 2559 1345 2616 obsistebant
1400 2576 1466 2616 ne
1506 2572 1777 2631 pateretur

162 2653 451 2720 Christus,
486 2652 732 2722 impediri
762 2653 983 2709 omnino
1022 2670 1126 2708 non
1177 2664 1389 2725 posset:
1426 2664 1480 2710 et
1520 2657 1641 2712 ideo
1684 2673 1779 2726 per

165 2746 478 2815 passionem
525 2744 720 2801 Christi
755 2760 859 2801 non
904 2756 1086 2816 posset
1123 2748 1268 2801 salus
1300 2746 1517 2802 humani
1566 2751 1779 2819 generis

166 2836 454 2891 retardari.
501 2837 605 2892 Sed
655 2847 709 2893 et
763 2838 852 2893 illa
901 2838 1121 2894 haeresis
1170 2842 1433 2910 processit
1466 2882 1479 2905 ,
1523 2843 1614 2913 (ε)
1658 2861 1777 2914 qua:

166 2928 369 2983 dicitur
397 2928 761 2984 Scthoitarum
791 2931 894 2999 (1).
938 2929 1105 3000 Hujus
1137 2933 1503 3001 perversitatis
1541 2937 1781 2992 doctrina

168 3020 287 3076 lucc
316 3033 434 3076 est:
462 3021 600 3078 duos
642 3022 887 3078 homines
912 3024 980 3079 ab
1020 3024 1225 3095 angelis
1247 3027 1565 3083 constitutos
1589 3070 1602 3092 ,
1648 3030 1781 3086 Cain

170 3124 225 3169 et
250 3114 423 3178 Abel;
449 3125 669 3185 propter
693 3116 788 3170 hos
812 3132 1030 3186 magnas
1059 3118 1199 3172 inter
1222 3120 1444 3189 angelos
1474 3123 1779 3178 contentio-

170 3220 272 3263 nes
301 3215 357 3262 ct
386 3205 685 3263 discordias
701 3209 984 3275 extitisse;
1018 3210 1088 3264 ob
1121 3212 1259 3267 hanc
1285 3226 1499 3267 causam
1537 3215 1679 3269 illam
1712 3218 1781 3288 (ι’)

236 3420 254 3475 l
267 3418 314 3483 l)
338 3419 663 3470 Settbitarum
683 3418 860 3471 mavult
884 3421 1007 3472 Jun.

232 3484 311 3554 t2)
337 3484 446 3592 Qu?
482 3484 685 3532 seminis
730 3484 841 3533 illos
888 3487 1080 3547 priores
1110 3484 1261 3535 Scott.
1287 3484 1396 3545 Quo
1429 3488 1637 3538 seminio
1679 3489 1788 3540 illos

234 3558 368 3592 Ittl‘PS
450 3556 531 3592 ειη.

173 3558 378 3609 priores
410 3556 438 3609 .t
450 3556 531 3592 uit.

237 3608 317 3670 L3)
344 3605 461 3657 Cain
486 3615 633 3656 t‘ran.
660 3606 826 3659 Puris.

1889 628 2023 673 trem
2066 621 2445 689 pronuntiant,
2479 622 2605 676 dum
2656 622 2785 676 Abel
2839 620 3178 678 interfectum
3207 622 3485 685 dicerent,

1885 710 2120 767 voluisse
2144 713 2432 782 concipiet
2475 715 2616 768 nasci
2650 716 2791 769 hunc
2840 713 2970 768 Setli
3021 714 3136 769 loco
3182 713 3398 778 Abelis,
3432 722 3489 767 iit

1886 815 2275 860 evacuarentur
2303 808 2477 877 angeli
2513 807 2585 860 illi
2610 848 2622 869 ,
2655 807 2741 875 qui
2770 807 2905 859 duos
2933 806 3140 876 priores
3164 806 3287 860 illos
3310 806 3486 859 ltoini-

1887 912 1982 952 nes
2012 897 2382 953 condidissent
2406 941 2421 963 ,
2473 898 2599 952 dum
2634 898 2735 952 hoc
2763 913 2946 953 semen
2977 897 3233 954 mundum
3263 898 3489 951 moritur

1885 999 1939 1043 ct
1977 990 2232 1045 nascitur.
2277 990 2664 1045 Permixtinnes
2687 991 2829 1045 enim
2858 991 3040 1045 dicunt
3080 991 3390 1061 angelorum
3436 999 3491 1045 et

1886 1081 2161 1136 hominum
2193 1083 2399 1152 iniquas
2426 1082 2590 1137 fuisse
2613 1102 2624 1137 :
2649 1083 2717 1139 ob
2738 1099 2895 1152 quam
2922 1098 3169 1138 caussam
3204 1083 3346 1137 illam
3375 1082 3487 1136 vir-

1885 1183 2083 1237 ttttem,
2136 1191 2292 1243 quam
2323 1173 2483 1247 (sicut
2519 1176 2772 1244 diximus)
2821 1178 3167 1246 pronuntiant
3216 1185 3440 1232 matrem
3470 1216 3486 1243 ,

1883 1267 1948 1322 ad
1972 1266 2257 1324 vindictam
2284 1268 2444 1322 etiam
2475 1270 2858 1339 cataclysmnm
2894 1268 3167 1333 inducere,
3195 1278 3253 1322 ut
3281 1280 3330 1323 et
3360 1268 3489 1325 illud

1886 1361 2257 1429 permixtiouis
2283 1375 2467 1415 semen
2498 1360 2814 1416 tolleretur:
2848 1369 2903 1415 ct
2940 1360 3041 1415 boe
3068 1361 3239 1415 solum
3267 1376 3451 1415 semen
3472 1402 3487 1428 ,

1884 1452 2025 1521 qttud
2051 1462 2196 1508 esset
2235 1467 2425 1521 purutn
2449 1493 2463 1516 ,
2496 1458 2760 1522 integrum
2796 1451 3183 1507 custodiretur.
3211 1450 3317 1508 Sed
3346 1454 3490 1509 enim

1886 1544 2007 1599 illos
2036 1546 2125 1614 qui
2166 1545 2388 1600 seminis
2418 1545 2536 1599 illos
2564 1545 2756 1613 prioris
2778 1544 2855 1616 (Ξ)
2885 1544 3245 1600 instituissent
3270 1587 3285 1613 ,
3314 1546 3492 1599 occul-

1887 1648 1938 1692 te
1963 1647 2017 1692 ct
2044 1637 2289 1699 latenter,
2318 1646 2371 1691 et
2393 1637 2672 1706 ignorante
2699 1636 2787 1690 illa
2817 1646 2985 1691 matre
3012 1636 3217 1692 Virtute
3236 1679 3250 1699 ,
3282 1652 3401 1692 cum
3426 1637 3491 1692 il-

1885 1729 1949 1784 lis
2004 1740 2128 1783 oeto
2182 1728 2470 1784 animabus
2528 1729 2578 1784 in
2602 1744 2780 1783 aream
2837 1729 3047 1785 misisse
3095 1730 3252 1784 etiam
3309 1744 3493 1785 semen

1886 1822 2051 1877 Cbam
2075 1818 2174 1893 (5),
2203 1837 2309 1891 quo
2348 1836 2533 1876 semen
2575 1822 2789 1875 malitia:
2826 1835 2930 1875 non
2965 1820 3184 1890 periret,
3234 1821 3327 1877 sed
3372 1837 3493 1877 cum

1886 1914 2095 1970 caeteris
2142 1922 2521 1969 conservatum
2559 1955 2572 1977 ,
2619 1922 2677 1969 et
2725 1924 2847 1983 post
2895 1913 3278 1984 eataclysmum
3336 1914 3495 1969 terris

1887 2008 2172 2073 redditum,
2207 2007 2456 2078 exemplo
2485 2017 2805 2063 ceterorum
2838 2018 3174 2063 excresccret
3196 2048 3210 2073 ,
3236 2017 3290 2064 et
3318 2006 3493 2063 eﬂun-

1885 2102 2105 2179 dcretur
2126 2143 2140 2165 ,
2170 2109 2225 2157 cl
2252 2110 2418 2155 totum
2444 2101 2631 2156 orbein
2656 2111 2708 2154 et
2737 2100 2985 2167 impleret
3010 2111 3063 2154 ct
3085 2111 3390 2171 occuparet.
3414 2100 3495 2156 De

1887 2194 2100 2251 Christo
2118 2202 2295 2248 autem
2320 2196 2399 2249 sic
2415 2196 2689 2257 sentiunt,
2720 2202 2776 2247 ut
2798 2193 2977 2248 dicant
3000 2192 3149 2247 illum
3170 2202 3493 2248 tantummo-

1887 2286 1958 2342 do
1984 2286 2112 2343 Setb
2136 2326 2152 2352 ,
2188 2297 2240 2341 et
2272 2301 2366 2356 pro
2398 2286 2514 2356 ipso
2543 2285 2671 2340 Scth
2705 2285 2876 2355 ipsum
2908 2284 3072 2341 fuisse
3116 2284 3215 2355 (4).

2418 2418 2649 2476 CAPUT
2686 2418 2918 2474 XLVIII.

1957 2555 2217 2612 Prwterca
2247 2555 2603 2625 Carpocmtcm
2628 2596 2642 2619 ,
2679 2553 2977 2611 Cerinthum
3003 2595 3018 2620 ,
3054 2552 3352 2609 Hebionent.

1959 2650 2039 2725 (g)
2061 2651 2420 2722 Corpocrates
2460 2656 2718 2719 praeterea
2748 2647 2886 2702 hanc
2916 2647 3034 2701 tulit
3068 2657 3293 2702 sectam.
3329 2646 3498 2702 Criton

1888 2760 2010 2802 esse
2054 2745 2184 2800 dicit
2216 2744 2476 2799 Virtutem
2544 2743 2595 2796 in
2655 2742 3026 2811 superioribus
3100 2741 3494 2811 principalem,

1889 2854 1954 2892 ex
1983 2836 2083 2891 hac
2114 2837 2351 2905 prolatos
2378 2833 2620 2903 angelos,
2643 2843 2805 2902 atque
2838 2832 3061 2886 virtutes
3086 2849 3099 2885 :
3123 2846 3259 2901 quos
3287 2830 3500 2886 distan-

1889 2939 1969 2983 tes
1990 2928 2145 2997 longe
2169 2942 2199 2980 a
2228 2924 2595 2994 superioribus
2614 2923 2900 2977 virtutibus
2920 2921 3000 2994 (5)
3021 2964 3035 2988 ,
3059 2922 3319 2977 mundum
3342 2923 3500 2978 istum

1888 3022 1939 3075 in
1973 3018 2315 3074 inferioribus
2343 3014 2585 3085 partibus
2615 3012 2962 3077 condidisse;
3002 3014 3272 3069 Christum
3298 3028 3401 3067 non
3434 3028 3500 3068 ex

1885 3113 2089 3185 virgine
2111 3110 2273 3165 Maria
2305 3120 2517 3173 natum,
2552 3105 2646 3163 sed
2686 3122 2753 3163 ex
2784 3108 2988 3161 semine
3025 3105 3260 3177 Ioseph,
3314 3106 3491 3161 homi-

1886 3225 2009 3264 nem
2034 3203 2401 3262 tantummodo
2430 3200 2688 3274 genitmn,
2730 3200 2813 3272 (Ii)
2862 3217 2994 3257 sane
3028 3218 3134 3271 [Il‘ic
3160 3201 3377 3257 caeteris
3401 3200 3493 3272 ju-

1417 3331 1796 3394 LECTIONES
1831 3326 2255 3392 VARIANTES.

1956 3424 2030 3487 (.t)
2057 3421 2161 3488 Non
2187 3431 2280 3488 pro
2299 3416 2442 3488 nobis
2461 3414 2808 3488 tantummodo,
2850 3415 2939 3465 sed
2965 3424 3024 3488 et
3035 3430 3122 3479 pro
3141 3420 3244 3488 ipso
3262 3434 3319 3488 se
3338 3423 3499 3485 ipsum

1892 3479 2045 3537 fuisse
2074 3479 2223 3533 nheri.
2250 3479 2349 3527 Sed
2377 3485 2427 3527 et
2447 3492 2533 3541 pro
2554 3479 2675 3541 ipso,
2699 3492 2754 3526 se
2782 3479 2939 3540 ipsum
2962 3479 3111 3536 fuisse
3141 3483 3291 3533 Seml.

1960 3549 2033 3611 (εί)
2060 3546 2310 3594 Virtutum
2336 3538 2486 3590 Scntl.

1562 3670 2121 3732 COMMENTARIUS.

250 3767 331 3839 (a)
398 3767 528 3833 Qua:
574 3767 762 3821 dicitur
822 3765 1163 3823 Cainworum.
1220 3768 1379 3825 Certe
1427 3770 1587 3826 etiam
1639 3774 1773 3828 istos

173 3834 401 3911 Caiatia:
427 3848 617 3911 vocant
636 3839 969 3911 Philastrius,
997 3841 1344 3909 Epiphanius,
1370 3843 1693 3911 Augusnmis
1712 3859 1775 3899 ac

175 3910 563 3981 Damasccnus.
592 3910 828 3979 Denique
854 3910 1229 3981 llicronyinns,
1258 3913 1379 3964 adv.
1415 3910 1612 3980 Lucif.,
1645 3915 1772 3969 dum

172 3980 714 4051 conjungitOphitas,
746 3981 985 4045 Gaianas,
1016 3980 1415 4051 Ciirpocratem,
1438 3985 1771 4049 Cerintlmm,

176 4053 503 4117 Ilebioncm,
536 4057 847 4119 Auctorem,
902 4063 1157 4121 quantum
1205 4064 1443 4122 apparet,
1501 4055 1771 4121 imitatus;

173 4124 431 4178 Cletltens
462 4137 588 4176 vero
611 4123 792 4185 Alex.,
849 4123 1050 4179 Strom.
1097 4127 1150 4191 7,
1199 4124 1501 4191 Cotonium;
1544 4126 1775 4182 Iri-nasus

172 4195 349 4264 magis
374 4194 612 4264 proprie,
634 4193 1185 4266 utiet'l‘beodorctus,
1207 4198 1410 4260 Cuinos,
1441 4198 1557 4266 quia
1584 4214 1775 4252 nomen

175 4282 286 4319 uno
316 4280 588 4320 consensu
631 4265 758 4321 inde
793 4280 981 4321 omnes
1018 4268 1279 4321 derivant.
1317 4270 1527 4322 l‘au.—-
1550 4268 1782 4323 Cuittwo-

172 4353 313 4390 rum.
346 4341 485 4390 Sunt
534 4338 601 4389 ita
630 4336 914 4406 appellati,
942 4336 1084 4407 quod
1133 4339 1263 4393 Cain
1289 4339 1619 4395 fratricidam
1670 4341 1781 4409 pri-

174 4409 519 4476 mogenitum
555 4412 719 4476 patris
764 4408 933 4463 nostri
964 4424 1027 4463 ac
1076 4409 1213 4463 beati
1241 4412 1371 4463 Atla:
1422 4408 1732 4479 protoplaSti
1763 4452 1779 4478 ,

174 4480 365 4533 eolant
412 4488 466 4532 et
511 4486 871 4541 venerentur,
919 4496 1041 4534 eum
1084 4481 1323 4534 dicentes
1355 4480 1516 4535 fuisse
1573 4484 1783 4537 virtutis

176 4549 493 4622 fortissimae
514 4566 527 4602 :
546 4558 598 4603 et
615 4566 679 4603 ex
702 4551 867 4622 altera
886 4550 1099 4620 quidem
1118 4552 1333 4613 virtute.
1354 4569 1543 4622 nempe
1560 4554 1780 4618 diaboli,

1953 3767 2034 3841 (ι,)
2082 3765 2153 3841 Et
2175 3765 2272 3835 ipsi
2293 3762 2619 3837 magniﬁcam
2645 3760 2793 3817 Cain.
2828 3759 3098 3819 lndiculus
3126 3762 3298 3832 llier.,
3330 3765 3498 3822 Sanc-

1882 3839 2101 3911 tiﬁcont.
2138 3839 2255 3893 lilC.

1957 3911 2029 3983 (ε)
2058 3909 2120 3983 Et
2150 3911 2262 3962 ideo
2288 3907 2577 3983 inferiorem
2608 3914 2878 3983 repertum.
2910 3903 3181 3963 IttdiCulus
3210 3907 3354 3963 Hier.
3389 3927 3400 3961 ε
3432 3908 3495 3964 Iv);

1886 3975 2172 4036 ideot'llum
2204 3996 2311 4031 esse
2346 3975 2598 4029 occisum.
2629 3975 2751 4031 th.

1959 4054 2035 4123 (d)
2055 4050 2417 4123 .lrliiiii'rtbiteiti
2433 4048 2580 4123 illum
2594 4058 2639 4101 et
2656 4064 2895 4123 magnum
2914 4065 3021 4102 esse
3037 4062 3394 4123 ntemoronlu.
3418 4052 3497 4107 lit-

1882 4117 2090 4180 dieul'us
2115 4117 2883 4188 llier.:Omniumapostolorum
2899 4122 3493 4184 fuissedoctioremJlto.

1965 4195 2040 4265 (υ)
2077 4198 2201 4260 Qum
2228 4194 2411 4265 dicitur
2442 4190 2809 4265 St’l/IOflttI‘Itm,
2863 4191 3122 4265 Sittltiani,
3158 4194 3340 4258 \‘c|,ttt
3367 4194 3497 4249 Ter-

1892 4260 2239 4333 tullﬁplacet,
2300 4262 2578 4333 Selltpiltc,
2629 4276 2657 4313 a
2693 4262 2839 4333 .S'etli,
2871 4260 3000 4316 Ada:
3034 4263 3141 4316 lilio
3172 4274 3297 4318 natu
3339 4268 3496 4321 tertio

1890 4339 2014 4393 tlicti
2044 4330 2189 4397 sunt.
2233 4350 2389 4405 quem
2419 4331 2586 4385 .Indiei
2616 4330 2831 4399 quidant
2864 4334 3105 4387 venerari
3137 4333 3489 4404 dicebantur,

1890 4404 2342 4479 quemmhnodnm
2394 4412 2476 4457 est
2525 4411 2716 4479 auctor
2753 4404 3082 4479 Augustinus
3112 4406 3223 4475 (lib.
3257 4408 3319 4461 de
3350 4407 3492 4463 lltvr.

1890 4473 2006 4550 εἶαρ.
2045 4480 2154 4549 III).
2184 4478 2442 4535 Dicebant
2471 4474 2613 4527 enim
2642 4473 2719 4526 illi
2746 4515 2760 4539 ,
2794 4473 2923 4528 Setli
2951 4475 3019 4529 de
3047 4473 3293 4544 suprema
3323 4489 3497 4534 matre

1893 4562 2070 4605 natum
2116 4550 2416 4607 l‘niSse,eam
2449 4554 2752 4599 asserentes
2779 4561 2899 4599 enm
2926 4561 3159 4615 superno
3184 4558 3333 4615 patre
3362 4568 3493 4603 con-

176 4620 324 4704 tlaiir
370 4620 603 4700 factum;
638 4636 701 4674 ex
756 4616 921 4675 altera
952 4634 1174 4704 _antem,
1228 4623 1387 4704 ltl.(‘Sl
1418 4666 1432 4688 ,
1483 4616 1574 4679 i'ei
1606 4667 1619 4689 ,
1651 4616 1781 4680 Abel
1812 4646 1857 4704 Ι)
1893 4626 2139 4704 venisti,
2176 4616 2751 4704 unde‘divinmuIillud
2805 4632 2989 4697 semen
3020 4631 3333 4704 itast-ereti”
3372 4632 3494 4701 tan-

176 4692 558 4764 beatissimum
581 4701 761 4764 natum
786 4708 803 4764 _:
834 4702 889 4745 ct
915 4694 1164 4748 virtutem
1194 4693 1483 4763 tttnjnt‘cnt,
1515 4711 1635 4764 qua:
1661 4707 1779 4751 erat

177 4764 231 4815 in
285 4763 409 4832 ipso
440 4762 605 4826 Cain,
662 4762 732 4816 ita
784 4762 1111 4825 invaluisse,
1165 4776 1219 4817 tit
1257 4762 1409 4819 suum
1454 4762 1777 4822 interficeret

179 4832 429 4906 fratrem.
479 4832 719 4906 Aderant
746 4832 994 4906 similiter
1051 4834 1243 4890 .Iutlam
1280 4837 1624 4906 proditorem.
1653 4855 1775 4893 cum

178 4904 513 4977 arbitrantes
563 4904 762 4977 aliquid
813 4906 1055 4959 divinum
1098 4924 1215 4961 esse
1243 4948 1255 4971 ,
1281 4904 1433 4961 adeo
1459 4909 1692 4977 quidem,
1723 4921 1779 4964 tit

180 4975 302 5042 ejus
318 4975 696 5028 detestamlnm
726 4977 904 5057 scelus
937 4978 1128 5058 ingens
1160 4975 1484 5033 benelicinni
1508 4990 1775 5058 reputent,

179 5060 306 5120 eum
358 5056 661 5120 asserentes
709 5053 1042 5120 prmscivisse
1093 5060 1348 5120 quantum
1405 5061 1548 5104 l‘Sscl
1594 5053 1778 5119 generi

182 5117 426 5191 humano
464 5116 659 5191 Christi
684 5117 862 5191 passio
904 5116 1199 5191 profutura,
1233 5121 1459 5191 ideoque
1511 5116 1655 5175 illuni
1683 5122 1777 5176 ,1η-

182 5188 317 5263 datis
340 5187 411 5263 ad
437 5186 791 5263 occidendum
845 5186 1149 5263 tradidisse.
1185 5186 1543 5263 Per-bibentur
1570 5210 1783 5263 quoque

180 5271 235 5313 et
263 5258 577 5314 Sodomitas
607 5260 806 5330 colere.
845 5259 972 5315 Item
1003 5260 1158 5325 Core,
1196 5262 1399 5317 Dathan
1446 5273 1500 5317 et
1549 5258 1781 5330 Abiron,

181 5340 469 5399 propterea
492 5329 768 5403 quodcum
790 5332 1018 5403 Schisma
1042 5335 1091 5385 itt
1112 5333 1281 5401 primo
1304 5335 1390 5387 l)ci
1418 5335 1613 5403 populo
1631 5329 1786 5390 fecis-

184 5410 326 5465 sent,
346 5409 493 5474 tcrra
508 5400 823 5474 dehiscente
845 5402 1121 5474 perierint.
1138 5403 1287 5458 Adeo
1304 5400 1539 5474 quidem,
1556 5415 1611 5458 ut
1630 5422 1787 5469 quan-

186 5473 431 5527 lumlibet
448 5471 609 5547 aliqui
631 5473 831 5547 fuerint
857 5473 1145 5547 aliquando
1169 5471 1381 5529 sccleSti
1407 5486 1496 5529 aut
1516 5478 1782 5547 llagitiosi,

183 5559 460 5612 nunquam
492 5543 595 5596 illis
611 5544 876 5599 defuerint
892 5556 927 5599 a
942 5545 1132 5614 quibus
1152 5546 1513 5610 laudarentur,
1531 5543 1785 5602 eteorum

182 5615 362 5689 scelus
378 5616 868 5689 coriimetidaretnr.
890 5617 1267 5685 ttlasphemant
1287 5619 1513 5687 denique
1542 5620 1572 5671 ii
1594 5620 1785 5689 legem,

182 5694 238 5738 et
260 5685 429 5757 Deum
452 5685 584 5755 legis
604 5695 895 5757 auctorem.
916 5689 1198 5757 carnisque
1221 5685 1667 5746 rCSurreiztioneni
1692 5706 1784 5743 ne-

219 5766 330 5810 ant.
363 5756 568 5811 Omnes
602 5756 829 5825 denique
859 5756 1139 5812 Marcionis
1168 5776 1378 5815 errores
1416 5761 1515 5814 illis
1554 5761 1791 5814 trilmnnt

212 5842 420 5882 renisus
452 5836 521 5899 et
560 5828 884 5899 Augustinus
921 5845 933 5881 :
977 5844 1041 5884 ex
1080 5846 1188 5899 quo
1244 5832 1394 5885 facile
1432 5832 1635 5886 crcditu
1684 5842 1787 5896 est,

187 5898 416 5955 Caianos
444 5898 734 5955 haereticos
762 5914 791 5953 a
819 5898 1287 5961 Marcioneortum
1323 5903 1589 5960 habuisse.
1658 5902 1788 5959 Lac.

1888 4711 2046 4764 quam
2073 4693 2298 4745 liliornm
2322 4689 2439 4743 Dei.
2472 4688 2622 4756 Apud
2655 4704 2746 4764 eos
2766 4688 2909 4741 enim
2932 4688 3153 4743 masculi
3180 4700 3235 4744 et
3258 4692 3494 4748 lanitium

1884 4757 2203 4843 diiideze'que
2231 4778 2352 4815 esse
2382 4768 2652 4828 putantur.
2688 4757 2817 4811 ch.

1959 4831 2023 4907 (Γ)
2064 4830 2310 4907 Virtutem
2333 4846 2445 4901 qua:
2470 4846 2623 4907 super
2656 4846 2835 4907 omnes
2856 4830 3059 4885 virtutes
3077 4841 3224 4886 esset.
3255 4832 3310 4887 In
3343 4832 3488 4889 ludi-

1885 4900 2013 4960 eul'o'
2035 4906 2179 4959 llirr.
2212 4900 2430 4957 vocatur
2473 4901 2765 4956 Trivirtus.
2800 4900 2918 4954 lito.

1956 4978 2110 5030 CAP.
2142 4972 2525 5041 .\'[.V|ll.-—(g)
2557 4973 2886 5041 Carpocrutcs
2905 4984 3165 5041 prmtcrea,
3189 4982 3291 5027 etc.
3316 4976 3490 5031 Gnos-

1888 5052 2113 5105 ticornm
2151 5057 2425 5115 parentem
2474 5043 2639 5097 fuisse
2682 5044 3059 5111 Carpon-atem
3088 5086 3103 5109 ,
3148 5047 3490 5102 manifestum

1891 5131 1993 5176 cst.
2022 5119 2150 5187 I'ljus
2170 5127 2345 5173 autem
2365 5129 2576 5187 errores
2596 5115 2645 5165 in
2674 5117 2823 5166 cunis
2844 5115 3088 5187 etgstincti
3116 5127 3260 5169 sunt.
3286 5118 3330 5170 Is
3355 5120 3496 5172 inter

1890 5184 2089 5246 caetera
2108 5198 2410 5243 commenta
2452 5184 2853 5239 'l‘estamenttun
2888 5184 3050 5239 Vetus
3082 5188 3375 5252 rejiciebat.
3406 5193 3491 5243 Au

1892 5264 2032 5316 idettt
2065 5260 2227 5315 fuerit
2250 5256 2830 5311 anctorGttoslicm'unt
2864 5267 2916 5309 ct
2946 5257 3489 5323 Carpocratianornnt

1892 5350 1997 5387 rion
2045 5331 2317 5399 expende.
2372 5329 2597 5399 Constat
2651 5328 2850 5399 sociant
2898 5337 2987 5399 ant
3034 5329 3382 5399 inventricem
3415 5342 3495 5384 tot

1891 5406 2152 5457 scelerum
2189 5402 2350 5454 fuisse
2378 5398 2662 5465 quamdam
2700 5398 3062 5451 mulierculam
3094 5398 3451 5453 Mareellinam
3476 5442 3493 5468 ,

1893 5491 2010 5545 quae
2057 5470 2491 5545 CItristi,_Panli,
2526 5470 2765 5545 Ilomeri,
2797 5477 2851 5522 et
2883 5468 3215 5545 Pythagoras
3240 5472 3497 5545 imagines

1895 5540 2198 5615 promiscue
2225 5542 2436 5596 colebat
2462 5559 2473 5601 ;
2508 5558 2665 5611 quem
2699 5540 3089 5615 etiamcultum
3120 5541 3343 5615 ridicule
3368 5561 3496 5609 pro-

1894 5610 2030 5671 fanis
2085 5615 2386 5668 numinibus
2425 5610 2543 5665 cum
2589 5611 2759 5664 sacris
2798 5610 3101 5664 adhibuisse
3150 5610 3318 5665 feitnr
3366 5615 3495 5679 imp.

1897 5689 2050 5743 Alex.
2104 5687 2352 5745 Severus,
2386 5685 2473 5753 qui
2528 5683 2579 5735 iti
2618 5684 2851 5736 sacrario
2880 5682 3164 5753 Abrahami
3190 5691 3251 5753 et
3276 5682 3496 5753 Orphei,

1895 5759 2090 5813 Christi
2119 5770 2170 5811 et
2197 5752 2459 5826 Apollinis
2486 5764 2687 5826 statuas
2715 5754 3044 5826 asservabat.
3075 5752 3154 5815 ,ιε
3184 5752 3277 5826 Pu.

1973 5832 2051 5900 (ὴ)
2079 5830 2218 5883 Sane
2248 5824 2355 5897 pro:
2381 5825 2573 5900 t'rt'tet'is
2591 5826 2806 5900 justitiu'
2832 5824 2992 5900 cultu.
3019 5824 3285 5900 Indicuth
3318 5824 3496 5881 llietu:

1902 5894 2155 5956 flabuisse
2181 5894 2348 5954 autem
2376 5898 2520 5953 illum
2542 5898 2777 5969 spiritum
2807 5896 3171 5967 prapltelalem.
3196 5894 3315 5953 Rtu.
