4242 6492
735 367 806 425 67
2146 367 2607 425 TEItTULLlANI
3969 373 4038 430 68

735 486 896 542 stitia:
946 486 1092 543 cultu
1113 529 1128 554 ,
1181 487 1302 543 vitae
1333 488 1412 559 (l)
1465 489 1768 560 integritate
1821 487 2132 543 meliorem:
2191 486 2330 539 hunc
2359 488 2405 546 Α
2438 485 2587 540 bulas
2611 527 2626 550 ,
2659 485 2754 542 has
2783 502 2885 557 ego
2905 487 3312 543 circumducens
3358 488 3438 559 (4)
3467 489 3700 545 breviter
3729 487 4037 557 expediam.

737 578 876 648 apud
901 577 1118 634 Judzeos
1147 594 1362 649 passum
1386 600 1398 635 :
1435 581 1606 636 solam
1633 582 1865 636 animam
1900 581 2065 650 ipsius
2089 579 2228 635 ctelo
2253 595 2334 633 re-

737 679 970 740 ceptam,
999 687 1064 726 eo
1093 673 1232 742 qttod
1255 684 1308 728 et
1335 674 1536 728 llrmior
1561 683 1615 729 et
1635 674 1906 729 robustior
1925 675 2135 728 t-znteris
2155 673 2329 727 fuerit:

738 776 805 817 ex
828 779 935 832 quo
971 765 1282 834 colligeret,
1318 776 1512 820 tentata
1543 766 1622 836 (2)
1652 768 1949 820 animarum
1979 767 2090 820 sola
2119 765 2290 820 solute
2314 807 2329 829 ,

741 854 915 910 nullas
952 857 1192 926 corporis
1224 859 1666 913 resurrectioues.
1693 858 1821 913 Post
1861 860 2006 913 hunc
2043 858 2332 912 (leriuthus

739 945 1021 1004 luereticus
1040 950 1244 1020 erupit,
1275 951 1464 1005 similia
1488 952 1712 1006 docens.
1764 951 1894 1006 Nam
1942 961 1998 1004 et
2025 953 2137 1019 ipse
2179 966 2331 1003 mun-

738 1043 866 1098 dtttn
900 1045 1201 1101 institutum
1233 1061 1357 1102 esse
1382 1047 1450 1099 ab
1489 1047 1593 1101 illis
1632 1048 1794 1101 dicit:
1824 1046 2096 1100 Christum
2142 1061 2205 1098 ex
2248 1061 2332 1099 se-

739 1137 885 1192 ntiue
909 1136 1109 1209 Joseplt
1132 1149 1312 1194 natutn
1337 1143 1603 1211 proponit,
1641 1140 1907 1195 hominem
1936 1141 2082 1194 illum
2109 1149 2340 1194 tantum-

739 1228 901 1285 modo
921 1231 1037 1286 sine
1057 1230 1334 1287 divinitate
1349 1233 1700 1298 contendens,
1731 1235 1897 1302 ipsam
1923 1248 2134 1302 quoque
2164 1232 2339 1302 legem

738 1324 810 1379 ab
831 1326 1034 1394 angelis
1078 1325 1258 1382 datam
1304 1327 1622 1397 perhibetis:
1657 1329 1962 1383 Judaaorum
2016 1328 2179 1381 Deum
2239 1343 2345 1382 non

739 1413 1064 1484 Dominum,
1099 1419 1195 1475 sed
1234 1419 1481 1490 angelum
1513 1435 1785 1490 promens.
1819 1418 1895 1490 (li)
1924 1419 2092 1489 Hujus
2129 1434 2344 1475 succes-

739 1524 831 1566 sor
858 1511 1062 1568 llehiou
1108 1512 1235 1578 fuit,
1261 1513 1516 1570 Cerintho
1542 1531 1647 1569 non
1678 1514 1728 1569 in
1765 1515 1910 1570 outui
1939 1525 2088 1584 parte
2110 1529 2342 1569 Consen-

740 1606 883 1660 tiens
907 1648 920 1672 ,
951 1606 1091 1677 quod
1122 1621 1150 1660 a
1179 1605 1291 1661 Deo
1330 1607 1473 1662 dicat
1519 1607 1776 1662 mundum
1799 1650 1813 1670 ,
1866 1625 1996 1662 non.
2021 1608 2088 1662 ab
2141 1608 2344 1674 angelis

741 1698 938 1756 factum
975 1719 988 1754 :
1038 1700 1109 1770 (ο)
1156 1711 1212 1756 et
1255 1703 1377 1772 quia
1407 1702 1664 1771 scriptum
1706 1703 1807 1767 sit,
1836 1703 2006 1758 Nemo
2052 1703 2346 1772 discipulus

2440 577 2731 634 lutroducit
2760 581 2905 635 enim
2939 580 3180 636 Plcronta
3213 590 3266 636 et
3296 579 3498 636 Eones
3531 583 3776 651 triginta:
3822 581 4045 649 exponit

2439 680 2614 725 autem
2681 672 2781 727 hos
2849 688 2947 742 per
2985 674 3228 745 sysygias
3271 715 3288 740 ,
3364 673 3415 728 id
3463 685 3588 739 est,
3636 673 4043 744 coniugationes

2438 762 2716 832 quasdam.
2751 762 2882 819 Nam
2909 764 3037 819 dicit
3065 766 3116 819 iti
3163 766 3385 834 primis,
3430 780 3552 821 e~se
3605 765 3811 838 Bylhon
3863 775 3918 820 et
3961 765 4040 819 Si-

2439 857 2693 921 lentium;
2725 873 2792 912 ex
2851 859 2932 912 his
2982 859 3309 927 processisse
3349 873 3533 913 semen
3580 857 3694 929 (5),
3729 859 3962 913 Mentem
3994 869 4044 913 et

2440 947 2728 1005 Veritatem
2759 967 2772 1002 :
2805 966 2872 1004 ex
2901 951 3094 1021 quibus
3120 951 3362 1020 erupisse
3385 950 3612 1006 Verbum
3641 961 3694 1006 et
3722 951 3898 1005 Vitam
3924 970 3936 1005 :
3979 953 4044 1006 de

2441 1044 2634 1111 quibus
2671 1060 2880 1098 rursum
2909 1054 3146 1100 creatum
3188 1045 3459 1099 hominem
3489 1057 3544 1100 et
3580 1045 3894 1101 Ecclesiam.
3939 1045 4044 1102 Sed

2445 1135 2586 1189 enim
2611 1151 2675 1190 ex
2705 1135 2787 1190 his
2806 1151 3018 1208 quoque
3051 1139 3380 1208 processisse
3407 1136 3692 1193 duodecim
3725 1153 3907 1192 conas
3938 1157 3952 1202 ;
3979 1139 4043 1193 de

2447 1227 2706 1283 Sermone
2743 1240 2919 1283 autem
2971 1240 3024 1283 et
3051 1228 3193 1293 Vita,
3235 1244 3414 1283 «ξοπιες
3439 1229 3574 1282 alios
3624 1228 3854 1285 decem:
3907 1230 4046 1285 hanc

2450 1320 2530 1391 (6)
2585 1336 2704 1376 esse
2747 1338 2956 1376 :eonum
3009 1323 3359 1387 triacontada,
3390 1338 3508 1393 qua;
3558 1323 3612 1377 lit
3645 1325 3724 1394 (7)
3771 1326 3824 1379 in
3861 1325 4048 1380 Plero-

2450 1422 2590 1467 tnate
2610 1429 2672 1467 ex
2697 1414 2936 1485 ogtloade
2966 1426 3019 1469 et
3048 1415 3267 1477 decade,
3300 1431 3362 1469 ac
3382 1416 3709 1487 dyoderatle.
3747 1417 3826 1489 (tl)
3863 1417 4051 1472 Tricc-

2448 1505 2642 1557 sitnutn
2670 1515 2847 1560 autetu
2880 1521 3086 1561 metu
3111 1549 3123 1568 ,
3151 1505 3360 1578 Bython
3394 1507 3540 1561 illum
3568 1509 3748 1562 ridere
3773 1509 4015 1563 voluis~e
4034 1551 4048 1572 ,

2449 1607 2504 1652 et
2527 1600 2593 1651 ad
2624 1598 2907 1653 Videndum
2933 1600 3078 1656 illum
3106 1615 3296 1655 ausum
3320 1615 3444 1656 esse
3475 1603 3525 1654 in
3552 1616 3826 1672 super.ora
3857 1604 4049 1659 l’lero—

2451 1695 2608 1747 matis
2655 1693 3041 1749 Conscendere.
3091 1695 3155 1748 Et
3204 1697 3456 1765 quoniam
3503 1694 3568 1749 ad
3624 1697 4049 1766 magnitudinem

743 1806 908 1862 Super
937 1794 1271 1864 magistrum,
1307 1809 1406 1848 nec
1434 1809 1622 1850 servus
1643 1811 1805 1865 super
1823 1796 2121 1851 dominum.
2147 1796 2342 1866 Legem

2453 1784 2618 1854 ipsius
2647 1785 2927 1840 videndam
2953 1801 3122 1857 capax
3151 1801 3254 1841 nou
3285 1787 3414 1852 fuit,
3451 1788 3501 1840 itt
3529 1786 3830 1843 defectione
3861 1789 4049 1854 fuisse,

742 1886 902 1941 etiam
934 1887 1014 1954 (3)
1065 1886 1348 1956 proponit,
1379 1887 1583 1942 scilicet
1633 1889 1698 1942 ad
1729 1889 2120 1944 excludendum
2165 1888 2343 1944 Evan-

743 1979 944 2050 geliunt
965 2020 980 2046 ,
1007 1988 1063 2034 et
1083 1979 1460 2036 vindicandum
1488 1979 1845 2036 Judaisinum.

1312 2112 1539 2170 CAPUT
1584 2113 1773 2170 XLIX.

832 2228 1152 2284 Valentinum
1194 2230 1430 2299 deinceps
1454 2272 1470 2298 ,
1501 2247 1562 2285 ac
1590 2232 1698 2301 ejus
1723 2247 1959 2302 sequaces
1975 2230 2346 2299 .Ptolomaum,

1175 2323 1466 2379 Secundum
1488 2366 1503 2390 ,
1533 2323 1919 2379 Heracleoncm.

822 2440 1130 2497 Valentinus
1155 2452 1333 2496 autem
1379 2439 1661 2496 hmreticus
1691 2441 1889 2496 multas
1938 2440 2225 2496 introducit
2266 2440 2341 2493 la-

2452 1889 2501 1936 et
2530 1895 2664 1949 pene
2707 1880 3027 1936 dissolutum
3083 1894 3204 1935 esse
3233 1923 3246 1943 ,
3302 1880 3405 1934 nisi
3451 1882 3574 1950 quia
3626 1882 3824 1936 missus
3875 1883 3962 1954 (8)
3988 1884 4053 1938 ad

2451 1974 2934 2028 constabiliendum
2965 1975 3112 2028 illum
3134 2017 3148 2038 ,
3180 1974 3268 2028 ille
3302 1989 3461 2044 quem
3513 1975 3779 2042 appellant
3827 1975 4011 2030 Horon
4035 2017 4049 2039 ,

2451 2069 2822 2121 conﬁrmasset
2852 2067 2996 2120 illutn
3028 2067 3172 2121 dicto
3198 2065 3286 2121 Ian
3314 2065 3415 2135 (9).
3437 2065 3511 2137 (ε)
3537 2067 3645 2120 lloc
3669 2069 3984 2137 pronuntiat
4001 2067 4055 2123 lo

2455 2159 2667 2228 Apelles
2693 2159 2832 2229 (10).
2868 2159 3028 2212 Istum
3058 2167 3234 2213 autem
3259 2157 3487 2213 Eonem
3518 2160 3569 2212 in
3597 2158 3957 2216 defectionem
3983 2165 4055 2214 ta-

2453 2261 2597 2306 ctum
2630 2251 2926 2306 Achamoth
2955 2252 3083 2306 dicit
3103 2252 3155 2306 in
3187 2252 3523 2321 passionibus
3547 2251 3803 2308 desiderii
3830 2254 4053 2324 quibus-

2452 2344 2574 2399 dam
2624 2343 2828 2410 ftiisse,
2879 2354 2935 2399 et
2981 2360 3046 2398 ex
3098 2345 3437 2414 passionibus
3489 2346 3740 2400 materias
3791 2347 4054 2404 edidisse.

2452 2438 2684 2506 Expavit
2713 2437 2857 2492 enim
2877 2478 2894 2504 ,
2923 2436 3092 2509 inquit
3113 2478 3127 2504 ,
3153 2447 3209 2495 et
3225 2438 3492 2506 extimuit,
3523 2450 3579 2496 et
3597 2441 3912 2498 contristata
3935 2441 4057 2513 (Il)

1966 2553 2349 2613 LECTIONES
2394 2551 2807 2610 VARIANTES.

810 2731 884 2795 (9)
911 2731 1160 2795 βυιιίερτθ
1186 2739 1264 2784 est
1277 2742 1472 2785 retenta
1496 2735 1616 2784 Jun.

809 2794 885 2851 (δ)
908 2794 1028 2846 Esse
1043 2794 1204 2846 ’Sentl.

742 2922 774 2972 ὰ
1312 2857 1461 2910 Seml.
1506 2859 1876 2911 circumducens
1915 2859 2068 2911 Latin.
2093 2859 2350 2911 circumci-

780 2935 868 2971 ens
990 2934 1038 2970 n.

810 2985 883 3040 (5)
909 2985 1092 3033 Semen
1117 2979 1241 3034 tollit
1265 2982 1567 3036 Ciacconius.

808 3045 881 3112 (6)
916 3045 1035 3096 Haec
1075 3045 1223 3098 Seml.

809 2671 826 2723 l
840 2674 851 2720 I
907 2670 1031 2720 Vita
1053 2667 1174 2722 tollit
1191 2670 1340 2721 Seml.

810 2671 884 2798 (9)
909 2731 1160 2798 Qulligere
1180 2739 1264 2798 est
1277 2747 1340 2785 rei

2516 2667 2591 2730 (7)
2615 2667 2690 2717 Sit
2714 2666 2865 2718 Sentl.
2883 2667 2962 2716 llat
2979 2669 3102 2730 Jun.

2517 2731 2594 2854 ἐξ)
2619 2730 2842 2844 illiilli.

2454 2853 3106 2967 toltlp’rlgprunttatio
3138 2855 3354 2921 appellat
3385 2853 3492 2923 Ilia.
3517 2870 3629 2924 quc
3649 2859 3814 2911 mia
3835 2859 4058 2914 Sanlero

2516 2980 2622 3044 (tt)
2647 2978 2986 3042 Couu'istatus,
3005 2976 3158 3033 Seml.
3184 2980 3386 3034 cubanti.
3422 2996 3547 3036 won.

2112 3129 2680 3188 COMMENTARIUS.

821 3247 901 3320 (b)
939 3246 1412 3320 Hujusisuccessor
1443 3245 1607 3320 Ebion
1635 3249 1751 3319 fuit.
1783 3245 1836 3302 Is
1883 3247 1979 3302 fuit
2020 3248 2214 3314 impius
2251 3249 2339 3318 qui
2369 3299 2410 3320 η
2448 3245 2530 3318 (Ι.
2581 3255 2687 3300 sat.
2728 3245 2784 3310 5,
2816 3261 2867 3298 ν.
2904 3243 3040 3314 100)
3070 3259 3085 3297 :

743 3320 808 3377 Β.
825 3299 1103 3386 vagati;
1127 3299 1394 3372 musaea.
1419 3299 1532 3373 "sit
1547 3299 1747 3374 'tic'mii
1769 3299 2219 3387 .;.;psas'ss".taii,
2251 3299 2338 3386 «iui
2367 3299 2412 3361 C

746 3391 1094 3460 Evangelium
1125 3400 1330 3444 tantum
1368 3389 1528 3444 Hebr.
1565 3391 1892 3460 recipiebat;
1942 3400 2127 3444 contra
2181 3405 2338 3460 quem

746 3406 1094 3460 Lvangenum
1125 3406 1330 3444 tantum
1368 3406 1528 3444 Iienr.
1565 3406 1892 3460 rectptenat;
1942 3406 2127 3444 contra
2170 3406 2338 3516 Eueni

745 3463 802 3519 S.
821 3464 1053 3518 Joannes
1070 3504 1084 3528 ,
1109 3462 1384 3529 apostolus
1402 3461 1541 3516 idem
1558 3472 1611 3517 et
1632 3463 1977 3529 evangelista,
1994 3480 2146 3515 suum
2221 3478 2344 3516 van-

746 3535 943 3604 geliutn
995 3533 1316 3588 novissimus
1367 3535 1602 3601 scripsit.
1637 3534 1696 3589 Β.
1739 3535 1889 3588 Pauli
1942 3534 2209 3603 Epistolas
2239 3549 2341 3589 non

746 3606 1083 3670 admittebat,
1110 3604 1423 3674 Apostolum
1446 3605 1590 3658 enim
1617 3615 1914 3674 apostatam
1937 3607 2180 3659 vocabat.
2203 3604 2347 3670 Quo-

748 3679 893 3734 niam
949 3691 1076 3730 vero
1104 3673 1172 3728 de
1201 3673 1418 3729 Christo
1448 3673 1676 3743 pritntnn
1721 3676 1997 3730 humiliter
2043 3677 2348 3730 sentiebant

748 3759 802 3802 et
826 3747 1181 3814 loquebantur
1211 3744 1451 3817 Ebiomei
1483 3786 1496 3804 .
1530 3747 1642 3800 sive
1667 3762 1774 3816 quo
1798 3748 2027 3816 ingeniis
2053 3757 2345 3817 egestatem

749 3834 846 3875 sua
878 3817 1069 3871 huresi
1101 3815 1409 3886 proderent,
1441 3831 1628 3871 eorum
1657 3815 1847 3874 auctor
1875 3820 2060 3872 nescio
2086 3815 2191 3886 quo
2225 3833 2351 3872 casu

747 3890 1014 3944 mendicus
1059 3887 1234 3942 dictus
1280 3899 1383 3944 est.
1417 3886 1548 3942 Nam
1591 3889 1832 3945 Hebraeis
1884 3888 2047 3943 Ebion
2093 3891 2232 3945 idem
2291 3905 2353 3944 ac

748 3961 1031 4016 mendicus.
1062 3957 1140 4014 ιε
1179 3958 1277 4013 Pst.

825 4031 900 4105 (ε)
922 4031 986 4086 Et
1013 4030 1138 4105 quia
1166 4030 1411 4105 scripturn
1435 4033 1518 4096 sit,
1551 4028 1716 4105 Nemo
1750 4030 2038 4105 discipulus
2065 4048 2216 4105 super
2242 4048 2352 4083 ma-

825 4047 900 4105 (c)
922 4047 986 4086 et
1013 4047 1132 4155 «ΓΜ
1166 4047 1411 4100 scriptum
1435 4047 1518 4096 sit,
1551 4047 1716 4084 nemo
1750 4047 2032 4098 aisaputus
2065 4048 2216 4098 super
2242 4048 2352 4083 ma-

794 4105 992 4158 istrtnn.
1053 4100 1300 4155 udiculus
1330 4101 1551 4156 Hieron.
1579 4143 1591 4166 ,
1626 4102 1912 4170 Carpocras
1946 4144 1960 4164 ,
1999 4101 2266 4155 Cerintltus
2307 4112 2353 4155 et

784 4175 962 4228 lcbion
991 4215 1008 4237 ,
1056 4173 1109 4225 Iti
1137 4181 1236 4225 tres
1257 4172 1350 4226 sibi
1380 4183 1748 4230 successerunt.
1800 4173 2033 4226 docentes
2064 4175 2235 4226 omnia
2274 4191 2352 4226 se-

755 4247 981 4300 cundum
1006 4243 1204 4316 legem,
1246 4245 1578 4305 circumcidi,
1609 4246 1875 4298 observare
1915 4245 2122 4298 sabbata
2153 4255 2197 4316 et
2243 4246 2351 4299 dies

756 4319 910 4387 festos
954 4315 1214 4384 judaicos,
1267 4316 1498 4370 Christus
1541 4317 1671 4368 enim
1731 4317 1839 4369 [nec
1894 4317 2066 4369 omnia
2121 4315 2352 4370 observa-

753 4386 840 4442 ‘llll.
885 4388 1128 4457 Sufﬁccre
1171 4387 1392 4441 dicentes
1419 4388 1492 4457 ita
1530 4403 1636 4441 esse
1663 4386 1918 4442 doctorem
1949 4396 2003 4441 ut
2032 4391 2349 4457 magistrum.

753 4459 909 4516 Unde
941 4456 1278 4513 manifestum
1315 4468 1399 4529 est
1441 4456 1555 4511 huic
1581 4458 1651 4510 ita
1679 4473 1799 4513 esse
1845 4456 2216 4529 distinguenda
2243 4500 2254 4511 .
2287 4459 2352 4513 Et

753 4532 876 4601 quia
904 4534 1147 4595 scriptum
1191 4530 1280 4591 sit,
1321 4528 1485 4582 Nemo
1510 4530 1789 4599 discipulus
1830 4547 1980 4597 super
2015 4528 2312 4598 magistrum
2337 4573 2349 4593 ,

753 4618 845 4657 nec
858 4618 1023 4657 servus
1035 4616 1186 4724 sure!
1199 4601 1480 4662 dominum,
1497 4601 1653 4669 legem
1667 4603 1814 4653 etiam
1835 4605 2089 4669 proponit,
2109 4612 2212 4655 etc.
2236 4604 2350 4656 llic.
2382 4616 2434 4675 D
2461 4604 2639 4656 docere
2659 4603 2962 4654 indicaverit

827 4672 1089 4725 C:\I’.XL
1118 4669 1345 4725 X.—t'dl
1367 4689 1378 4723 :
1399 4671 1726 4725 Tricesintum
1753 4682 1919 4724 autem
1946 4671 2188 4725 diuitem.
2214 4672 2356 4725 lndi-
2461 4684 2612 4725 trum.
2647 4684 2684 4724 t.
2715 4671 2962 4725 XXVIIJ

827 4670 1345 4743 C:\l’.XLlX;—(d)
1367 4689 1378 4723 :
1399 4671 1726 4725 Triccsintum
1753 4682 1919 4724 autem
1946 4671 2188 4726 diuitem.
2214 4672 2356 4726 ludi-

753 4746 907 4800 culus
964 4743 1110 4797 Hier.
1169 4741 1494 4796 Tricesitnum
1539 4745 1705 4810 itaque
1737 4743 1982 4809 rotulum,
2011 4744 2148 4807 quod
2170 4757 2243 4798 est
2274 4761 2358 4798 sa-

757 4816 980 4887 pientia,
997 4815 1282 4881 concupivit
1319 4815 1519 4867 Patrem
1544 4814 1832 4887 viderisibi;
1854 4814 1949 4867 Pu.

832 4886 907 4959 (ε)
936 4883 1047 4938 Hoc
1071 4887 1417 4959 pronuntiatio
1431 4885 1672 4959 appellnt.
1696 4884 1916 4959 Videtur
1927 4885 2121 4959 aliquid
2141 4885 2352 4959 deesse,

756 4957 898 5026 quod
930 4957 1164 5027 suppleri
1201 4959 1368 5027 possit
1394 4958 1542 5013 exiis
1564 4972 1680 5027 quae
1713 4957 1955 5026 leguntur
1979 4957 2067 5009 lili.
2099 4958 2357 5012 adversus

762 5026 1207 5084 Valentinianus:
1246 5026 1373 5080 Tam
1425 5026 1710 5094 importune
1757 5028 1878 5095 lilia:
1930 5030 2250 5088 occurrisset,
2303 5041 2356 5080 ut

756 5102 906 5155 etiam
936 5099 1226 5152 inclamarit
1263 5100 1315 5152 in
1340 5115 1449 5151 eam
1477 5097 1634 5158 :Jao,
1679 5099 1822 5163 quasi
1847 5115 1864 5152 :
1893 5097 2057 5152 Porro
2102 5099 2322 5165 Quirites
2340 5103 2360 5154 .'

757 5183 866 5235 aut,
897 5170 1076 5241 Fidem
1108 5167 1323 5224 Cttsaris
1351 5170 1372 5222 .'
1407 5171 1535 5241 Iride
1573 5171 1823 5241 invenitur
1851 5169 1943 5223 lao
1992 5172 2041 5222 in
2071 5173 2355 5240 scripturis.

761 5243 881 5299 BIG.
898 5273 967 5282 —
987 5240 1100 5293 Hoc
1124 5243 1413 5309 pronuntiat
1441 5239 1504 5295 Ιο
1530 5239 1750 5309 Apelles.
1783 5239 2179 5296 Perobscurum
2220 5245 2360 5298 hunc

763 5315 939 5369 locum
985 5315 1055 5366 ita
1098 5314 1428 5368 restituinius
1453 5352 1467 5372 .
1502 5313 1791 5382 rationibus
1829 5317 2020 5380 partim
2060 5315 2201 5366 ducti
2229 5329 2360 5382 quas

765 5387 823 5442 P.
859 5384 1177 5446 Harduinus,
1208 5399 1239 5438 e
1275 5400 1384 5437 soc.
1433 5382 1579 5447 Jesu,
1622 5382 1672 5435 iu
1706 5380 2031 5438 Collectaneis
2067 5380 2359 5452 (Memoires

762 5459 826 5511 de
873 5455 1139 5516 Trévoux,
1168 5456 1317 5521 attrit,
1349 5454 1514 5518 1724,
1561 5472 1610 5527 μς
1653 5453 1829 5527 8427a
1861 5462 2020 5527 suiv)
2072 5455 2356 5524 explicuit,

762 5541 1084 5596 quamquam
1102 5540 1217 5596 non
1245 5527 1467 5592 Apelles,
1515 5525 1608 5579 sed
1659 5525 1860 5595 Apella,
1897 5525 2069 5594 ponus
2102 5530 2363 5594 putaverit

766 5593 1071 5668 legendum.
1101 5593 1296 5652 Verum
1323 5599 1602 5660 memoria,
1635 5600 1678 5650 si
1707 5593 2140 5666 minus-judicio,
2186 5599 2361 5666 lapsus

769 5673 979 5724 videtur
1023 5669 1258 5721 famosus
1301 5677 1487 5722 auctor
1525 5685 1536 5719 :
1575 5669 1848 5722 contendit
1889 5670 2028 5721 euitu
2065 5669 2128 5720 ad
2167 5669 2357 5723 Valen-

777 5742 943 5794 titntm
994 5744 1178 5806 utpote
1229 5742 1439 5794 natione
1483 5738 1716 5808 judaautn
1769 5739 2037 5793 alludcudi
2080 5741 2357 5795 consilium

765 5810 931 5867 fuisse
979 5810 1311 5866 'l‘ertulliano
1359 5810 1599 5878 Apellatn
1640 5811 1961 5880 appellativo
1997 5824 2158 5865 sensu
2189 5815 2358 5867 uomi-

765 5885 947 5951 nauti,
1004 5882 1052 5938 id
1119 5893 1236 5952 est,
1295 5881 1702 5950 circumcisum,
1751 5882 1902 5955 juxta
1966 5882 2094 5939 illud
2154 5882 2359 5941 Horatii

3231 3314 3412 3368 Credat
3430 3315 3634 3369 Judzeus
3656 3317 3832 3382 Apella
3846 3353 3862 3378 ,

2725 3377 2836 3429 Non
2864 3391 2978 3441 ego.

2448 3465 2515 3518 At
2543 3478 2673 3519 vero
2702 3461 3017 3518 Valentinus
3047 3478 3112 3518 ne
3138 3462 3349 3532 induitis
3375 3462 3613 3534 quidem,
3646 3463 3741 3519 sed
3785 3465 4056 3535 a-gyptius

2447 3535 2579 3597 fuit,
2619 3535 2917 3588 secundum
2971 3535 3110 3604 quod
3156 3537 3214 3590 S.
3252 3535 3492 3604 tremens
3538 3547 3754 3590 enarrat
3795 3536 3834 3589 Ι.
3865 3535 3905 3599 l.
3939 3552 3992 3592 c.
4028 3538 4047 3590 l

2453 3608 2470 3668 (
2491 3605 2571 3676 εί.
2609 3604 2756 3658 Max.
2804 3603 3047 3676 Βρζξιὶρυι.
3096 3605 3202 3660 SS.
3237 3603 3452 3658 Patrum
3487 3616 3622 3658 auct.
3659 3604 3964 3676 Hagnrino
3995 3610 4058 3661 de

2452 3676 2503 3729 la
2531 3675 2712 3744 Bigne,
2742 3686 2779 3728 t.
2813 3674 2980 3730 XXV.
3015 3681 3055 3743 f.
3091 3677 3234 3746 HO),
3264 3687 3318 3730 et
3350 3677 3583 3730 referunt
3614 3674 3804 3732 omnes
3837 3678 4058 3732 histori-

2455 3749 2502 3802 ci
2529 3749 2908 3816 lexicographi.
2943 3749 3157 3816 Apelles
3181 3759 3382 3810 autem,
3415 3746 3699 3803 Marcionis
3753 3749 4057 3818 discipulus

2455 3828 2510 3874 et
2541 3821 2652 3888 ipse
2685 3819 3058 3882 ha-resiarr-Iia,
3087 3833 3300 3874 cozevus
3327 3818 3660 3874 Tertulliano
3691 3829 3838 3881 erat,
3867 3831 3926 3875 ut
3955 3823 4058 3876 hoc

2456 3892 2574 3961 ipso
2599 3905 2660 3945 ex
2695 3889 2849 3954 libro,
2876 3905 2926 3944 c.
2955 3889 3047 3955 ιι,
3073 3900 3237 3960 patet,
3267 3900 3324 3946 et
3368 3904 3499 3945 sane
3540 3892 3711 3955 ptnnit
3745 3905 3799 3946 io
3843 3907 3941 3960 pro
3970 3908 4058 3948 uo

2455 3965 2824 4044 pronuntiare,
2884 3969 2962 4044 ut,
3013 3961 3236 4044 perinde
3288 3961 3804 4044 atquelleracleon,
3837 3963 4058 4044 dequo

2459 4031 2591 4087 intra
2667 4035 2768 4087 hoc
2825 4035 2999 4100 capite
3044 4031 3295 4096 XLIX;
3340 4033 3558 4085 novitate
3629 4031 4060 4101 pronuntiationis

2457 4106 2706 4176 rideretur
2751 4104 2854 4157 alia
2899 4105 3102 4176 sentire.
3151 4104 3390 4176 Alterum
3435 4103 3776 4176 itt‘errorem
3837 4105 4063 4176 impegit

2461 4175 2616 4243 plane
2659 4175 2885 4247 similem
2939 4175 3180 4230 eruditus
3217 4175 3447 4247 jesuita,
3502 4174 3801 4247 inducenda
3841 4174 4059 4247 (ρςειε

2455 4247 2541 4299 cit.
2571 4246 2768 4316 operis)
2810 4245 3194 4300 Tertulliauuut
3222 4245 3300 4301 de
3329 4245 3663 4302 Heracleoue
3705 4245 3960 4316 tanquam
3989 4247 4060 4303 de

2453 4317 2632 4386 jtttlzuo
2669 4317 2885 4370 homine
2932 4318 3089 4372 verba
3119 4318 3401 4373 facientem
3435 4337 3452 4370 :
3482 4333 3652 4387 neque
3672 4319 3816 4372 enim
3839 4319 4060 4372 alterum

2405 4439 2408 4442 .
2458 4389 2702 4454 iudicum,
2732 4389 2826 4442 sed
2854 4389 3070 4442 alterum
3119 4389 3408 4443 Itcrettcunt
3439 4388 3822 4444 llemcleonem
3862 4389 4062 4445 Noster

2457 4461 2612 4514 dixit.
2635 4460 2921 4524 l’ra-terea,
2947 4475 3131 4529 parum
3163 4459 3453 4514 verisimile
3492 4458 3699 4513 videtur
3746 4460 4060 4515 Iudaeorum

2459 4548 2489 4584 e
2518 4541 2674 4600 gente
2702 4529 3083 4586 lleraeleonem
3111 4530 3298 4598 fuisse,
3328 4545 3448 4584 cum
3486 4531 3540 4583 in
3588 4532 3818 4598 partibus
3862 4533 4064 4586 Sicilia:

3015 4603 3256 4673 (Consule
3310 4600 3456 4656 Max.
3502 4601 3747 4656 Biblioth.
3805 4603 3914 4657 SS.
3952 4603 4064 4656 Ρσο

2461 4684 2612 4732 trum,
2647 4684 2684 4724 t.
2715 4671 2929 4733 XXVII,
2949 4671 3038 4741 fol.
3069 4674 3173 4729 547

2532 4744 2629 4816 His
2661 4744 2818 4813 igitur
2835 4747 3019 4814 positis
3041 4743 3462 4814 exceptionibus,
3487 4743 3737 4816 equidem
3763 4761 3886 4800 cum
3918 4745 4062 4802 Har-

2462 4815 2624 4868 dttiuo
2662 4831 2856 4869 censeo
2882 4831 3064 4870 Vocem
3093 4823 3166 4882 to,
3196 4816 3414 4884 perinde
3443 4827 3603 4885 atque
3635 4834 3708 4883 is,
3735 4834 3931 4874 nomen
3966 4819 4061 4874 Dei

2465 4887 2702 4942 llebrcis
2731 4888 2912 4950 fuisse,
2947 4889 3160 4941 tlin'l‘SO
3196 4899 3372 4943 tamen
3420 4892 3581 4941 modo
3633 4896 4057 4955 pronuntiatum.

2461 4957 2662 5012 Nomen
2695 4960 2834 5011 enim
2869 4960 2957 5012 llei
3006 4975 3110 5012 non
3156 4968 3356 5012 tantum
3404 4961 3506 5012 sub
3531 4975 3594 5012 ea
3626 4961 3790 5013 [artua
3822 4963 3892 5022 ia,
3924 4971 3985 5015 nt
4011 4965 4062 5015 iii

2461 5031 2684 5092 alleluia,
2719 5030 2810 5083 sed
2839 5031 3000 5083 etiam
3043 5046 3135 5100 per
3180 5034 3249 5094 io,
3297 5038 3353 5082 ut
3400 5031 3450 5083 itt
3498 5027 3781 5096 Iohannes,
3815 5029 4061 5097 Josedec,

2467 5101 2699 5156 invocari
2765 5101 2904 5169 apud
2959 5104 3104 5171 ipsos
3166 5115 3380 5168 semper
3429 5101 3629 5154 licitum
3697 5105 3815 5154 fuit.
3886 5101 4066 5158 Nemo

2463 5181 2639 5242 autem
2689 5174 2926 5240 ignorat,
2982 5175 3222 5242 quamvis
3270 5173 3318 5225 id
3372 5187 3583 5242 qucque
3628 5172 3687 5226 P.
3723 5173 4063 5227 llarduinmn

2467 5241 2732 5318 fefellerit,
2766 5241 3010 5297 vetitum
3044 5245 3206 5318 fuisse
3245 5241 3566 5318 Judasisllei
3626 5258 3818 5318 nomen
3848 5246 3896 5297 in
3935 5261 4067 5318 pro-

2467 5316 2578 5383 pria
2625 5311 2793 5368 forma
2825 5328 3100 5383 usurpare,
3132 5316 3289 5384 idque
3331 5316 3564 5368 nominis
3602 5329 3707 5368 non
3734 5315 3895 5371 fuisse
3925 5311 4064 5373 Sint-

2504 5387 2672 5441 licitet'
2713 5390 2796 5444 η’,
2853 5398 2901 5437 ιιι
2936 5391 3145 5440 volebat
3187 5386 3486 5457 Hardttinus
3526 5385 3670 5457 (natu
3712 5387 3756 5441 si
3787 5403 3871 5442 res
3900 5390 3975 5439 ita
4006 5403 4066 5442 se

2486 5457 2758 5518 inbuisset,
2793 5459 3243 5523 pronuntiandum
3274 5456 3455 5511 luisset
3504 5456 3549 5508 ie
3578 5458 3771 5526 potius,
3815 5471 3984 5525 quam
4019 5461 4067 5512 io

2463 5539 2553 5580 aut
2579 5531 2659 5580 iao
2689 5530 2766 5581 vel
2801 5530 2893 5599 ia),
2921 5529 3014 5582 sed
3044 5531 3167 5583 totis
3187 5530 3377 5582 littt-ris
3397 5531 3533 5590 Πτῑθ,
3559 5528 3606 5581 id
3628 5541 3736 5599 _e5t.
3769 5542 4019 5583 Jl-ZIOVAI
4051 5547 4064 5583 :

2462 5608 2790 5671 quapropter
2816 5597 2910 5671 usu
2944 5600 3108 5654 fuisse
3145 5603 3282 5655 inter
3313 5600 3430 5654 illos
3458 5599 3525 5671 ad
3555 5597 3919 5655 abbreviatam
3947 5602 4067 5655 for-

2464 5685 2604 5722 niatn
2632 5670 2682 5722 iu
2715 5672 2797 5724 vel
2825 5672 2872 5723 io
2910 5686 3204 5734 recurrere,
3238 5688 3344 5740 quo
3391 5670 3559 5740 magis
3589 5671 3775 5740 religio
3823 5674 4068 5730 nominis

2463 5754 2768 5813 servaretur
2809 5741 2912 5813 (Cf.
2945 5740 3243 5812 Buxturf,v.
3280 5743 3422 5813 ﬂT'l).
3465 5744 3569 5797 Sed
3598 5741 3912 5796 Valentinus
3940 5746 4067 5812 qui-

2461 5810 2584 5866 dem
2617 5828 2704 5866 ιΑο
2728 5810 2906 5868 dicere
2931 5810 3338 5880 maluit,t‘orsan
3369 5810 3493 5884 quia
3517 5829 3578 5868 ea
3603 5813 3776 5868 forma
3797 5810 4067 5885 argyptia-

2460 5895 2730 5953 caesset;
2781 5885 2995 5955 Apelles
3041 5895 3220 5944 autem
3268 5901 3337 5953 to,
3393 5901 3461 5942 ex
3512 5886 3758 5944 hebraico
3805 5887 4067 5945 nimirum
