4242 6492
189 399 260 456 69
1268 398 1469 454 LIBER
1508 397 1599 452 DE
1637 394 2332 456 PRIESCRIPTIONIBUS.
3427 405 3498 462 7o

193 525 278 569 est
303 558 316 579 ,
349 524 491 569 etex
519 513 602 568 his
625 512 962 584 passiouibus
987 515 1234 583 concepit
1268 525 1322 570 et
1344 515 1527 570 edidit.
1564 513 1696 568 llinc
1719 512 1794 567 le-
1821 519 1872 577 Α

190 609 261 661 cit
279 607 476 662 εωιυω
493 617 546 661 et
569 616 762 662 terram
779 617 833 661 ct
854 621 1019 670 mare,
1040 615 1092 659 et
1107 607 1286 661 omnia
1304 621 1652 677 quaecumque
1669 614 1793 659 sunt

193 702 248 756 in
277 703 378 766 eis,
401 700 472 754 ob
496 717 655 772 quam
687 716 929 756 caussam
958 701 1134 754 omnia
1166 700 1373 754 inﬁrma
1403 715 1523 756 esse
1553 709 1604 754 et
1630 699 1791 768 tragi-

191 795 263 850 lia
288 839 302 859 ,
335 805 389 850 ct
407 796 605 851 caduca
631 837 645 860 ,
690 806 742 851 et
775 796 1014 850 mortalia
1055 811 1405 866 quaecumque
1433 805 1556 850 sunt
1580 794 1648 847 ab
1677 795 1792 864 ipso

193 888 365 942 facta:
391 889 640 958 quoniam
670 887 884 958 quidem
919 889 1031 956 ipse
1065 887 1224 942 fuerit
1248 889 1326 957 (α)
1359 887 1424 942 dc
1458 887 1791 957 aporiatiuue

189 992 486 1052 conceptus
529 992 685 1053 atque
732 983 1014 1051 prolatus:
1058 979 1199 1036 hunc
1262 991 1437 1036 tamen
1498 980 1792 1035 instituisse

191 1075 353 1130 istum
383 1075 636 1130 mundum
660 1090 722 1129 ex
769 1075 848 1128 his
875 1075 1142 1137 materiis,
1175 1091 1307 1144 qtias
1328 1072 1625 1128 Achamoth
1659 1113 1674 1137 ,
1705 1071 1791 1127 vel

189 1169 437 1238 pavendo
461 1212 474 1234 ,
507 1169 588 1224 vel
611 1168 848 1223 timendo
867 1209 882 1234 ,
915 1168 998 1222 vel
1021 1167 1386 1222 contristando
1405 1208 1420 1232 ,
1446 1167 1526 1220 vel
1549 1164 1792 1220 sudando

189 1263 534 1331 praestiterat.
565 1259 697 1316 Nam
742 1275 808 1315 ex
843 1275 1067 1330 pavore,
1100 1260 1301 1328 inquit,
1356 1258 1591 1314 tenebrae
1638 1255 1791 1313 facta:

186 1366 354 1411 sunt:
405 1371 472 1411 ex
499 1356 690 1410 timore
734 1365 789 1409 et
833 1355 1167 1425 ignorantia,
1216 1353 1434 1423 Spiritus
1461 1352 1709 1424 nequitim
1738 1360 1793 1406 ct

187 1448 558 1517 malignitatis:
588 1463 652 1501 ex
686 1447 895 1500 tristitia
924 1455 979 1500 et
1004 1445 1274 1516 Iacrymis,
1301 1444 1514 1499 humida
1545 1445 1788 1506 fontium,

185 1539 470 1595 ﬂuminum
503 1540 757 1604 materia,
805 1539 1096 1609 marisque.
1143 1538 1414 1593 Christum
1443 1547 1620 1592 autem
1660 1539 1790 1591 mis-

183 1650 306 1690 sum
337 1636 405 1690 ab
433 1636 522 1688 illo
551 1644 835 1706 pr0patore
865 1634 954 1705 qui
978 1644 1060 1688 est
1089 1633 1309 1705 Bythos.
1341 1632 1494 1687 Hunc
1521 1645 1699 1687 autem
1739 1632 1790 1686 in

182 1727 484 1784 substantia
528 1728 768 1798 corporis
800 1729 966 1783 nostri
1020 1743 1124 1782 non
1159 1727 1360 1791 fuisse,
1411 1727 1503 1782 sed
1553 1726 1794 1797 spiritale

183 1823 372 1878 nescio
393 1821 533 1890 quod
564 1836 758 1891 corpus
787 1820 854 1875 de
881 1821 1023 1878 coalo
1045 1819 1394 1884 deferentem,
1417 1821 1565 1890 quasi
1596 1835 1789 1890 aquam
1822 1841 1869 1900 Β
2127 1819 2378 1916 νξῇςῖξ
2418 1819 2463 1872 ἷ’
2492 1819 2738 1874 “”“““”ἴ

184 1913 262 1934 in
298 1930 395 1934 “‘
432 1913 569 1934 ¹²““’-¹
592 1930 655 1934 νέ-
725 1913 795 1934 -ελ
827 1931 918 1934 —-—
941 1913 1065 1934 “mf
1183 1913 1438 1934 --ξ-ν-εηφρ
1469 1923 1563 1934 .-.μ
1592 1929 1665 1934 --μ
1687 1929 1762 1934 μμ,
2237 1895 2244 1915 ι
2276 1872 2390 1917 ιιιιε
2424 1877 2659 1934 Ineptum
2689 1878 2758 1918 δη

181 1913 264 1983 (l)
298 1930 396 1984 per
432 1913 683 1980 ﬁstulam,
721 1913 799 1969 sic
827 1931 920 1984 per
941 1913 1156 1968 Mariam
1183 1913 1442 1985 virginem
1469 1923 1794 1968 transmeas-

180 2023 276 2070 se,
313 2007 445 2061 nihil
470 2008 593 2062 inde
624 2007 707 2063 vel
734 2008 1086 2078 accipientem
1111 2049 1126 2073 ,
1177 2008 1256 2062 vel
1293 2016 1644 2062 mutuantem.
1687 2007 1794 2062 Re-

182 2103 580 2157 surrectionem
607 2101 763 2173 hujus
785 2102 964 2158 carnis
987 2112 1140 2172 negat
1162 2143 1175 2163 ,
1205 2101 1296 2156 sed
1320 2101 1541 2155 alterius
1565 2101 1666 2172 (2).
1686 2100 1792 2156 Le-

178 2195 262 2265 gis
293 2205 349 2250 ct
376 2195 754 2264 prophetarum
787 2195 1031 2266 quzcdam
1065 2194 1285 2265 probat,
1314 2194 1558 2263 quaedam
1590 2195 1794 2264 impro-

183 2287 276 2342 bat
303 2305 316 2343 :
350 2287 401 2341 id
432 2299 511 2342 est
537 2330 552 2353 ,
580 2288 759 2343 «unuia
783 2288 1070 2358 improbat,
1094 2288 1219 2342 dum
1244 2289 1485 2356 quaedam
1517 2289 1786 2357 reprobat.

183 2382 534 2452 Evangelium
568 2383 725 2438 habet
763 2384 926 2438 etiam
958 2399 1148 2446 suum,
1201 2391 1398 2452 prteter
1439 2383 1552 2437 haac
1584 2393 1786 2438 nostra.

182 2471 317 2527 Post
346 2472 486 2528 hunc
517 2475 811 2529 extiterunt
839 2473 916 2542 (b)
945 2473 1265 2530 Ptolomams
1291 2483 1345 2528 et
1373 2472 1653 2530 Secundus
1683 2473 1790 2529 lue-

181 2565 338 2620 rctici
361 2607 374 2630 ,
401 2567 491 2636 qui
519 2582 641 2623 cum
672 2566 956 2622 Valentino
984 2583 1077 2637 per
1128 2568 1304 2622 omnia
1333 2567 1694 2622 consentiunt.
1732 2568 1787 2624 lu

182 2657 278 2711 illo
307 2658 428 2713 solo
453 2658 727 2714 tliﬂ’erunt.
762 2659 892 2714 Nam
919 2675 1042 2714 cum
1073 2658 1384 2715 Valentinus
1433 2659 1637 2716 (Eouas
1684 2670 1790 2716 tan-

180 2764 296 2808 tmn
332 2755 544 2823 triginta
575 2755 849 2820 ﬁnxisset,
881 2755 966 2809 isti
1016 2752 1340 2809 addiderunt
1373 2755 1508 2810 alios
1538 2757 1786 2824 Complu-

177 2863 290 2903 res.
344 2849 588 2914 Quatuor
634 2848 774 2902 enim
824 2849 1088 2917 primum,
1141 2845 1336 2901 deinde
1381 2847 1515 2900 alios
1555 2859 1788 2917 quatuor

176 2948 629 3010 aggregaverunt.
665 2939 729 2993 Et
754 2939 896 3010 quod
926 2939 1055 2993 dicit
1080 2938 1396 2994 Valentinus
1427 2938 1658 2994 [Eonem
1694 2941 1787 2994 tri-

177 3035 445 3103 gcsitnum
474 3033 557 3101 (⁸5)
584 3033 883 3086 excessisse
905 3032 972 3085 de
999 3031 1293 3100 plcromate
1320 3072 1334 3092 .
1379 3041 1435 3085 ut
1463 3033 1513 3085 iu
1540 3031 1788 3087 delectio-

178 3139 333 3188 nem,
369 3133 563 3194 negant
592 3123 700 3178 isti.
727 3121 844 3177 Non
871 3123 1012 3177 enim
1041 3137 1103 3177 ex
1140 3121 1226 3177 illa
1268 3123 1594 3178 triacontade
1621 3123 1786 3178 fuisse

177 3218 358 3282 hunc,
407 3219 494 3286 qui
549 3215 710 3272 fuerit
765 3216 816 3270 in
869 3214 1258 3283 defectionem,
1300 3225 1519 3287 propter
1572 3217 1786 3273 deside-

176 3309 321 3363 rium
353 3308 569 3364 videndi
612 3309 934 3379 propatoris.
969 3308 1159 3363 Extitit
1205 3320 1464 3378 praeterea
1495 3309 1789 3364 lleracleon

173 3404 317 3457 alter
349 3402 632 3458 hereticus
654 3443 667 3467 ,
696 3403 926 3472 quicum
955 3401 1236 3456 Valentino
1287 3403 1433 3472 paria
1464 3405 1626 3457 sentit
1647 3443 1662 3467 ,
1688 3402 1782 3457 sed

174 3498 420 3550 novitate
448 3494 674 3564 quadam
709 3495 1156 3564 pronuntiationis
1186 3496 1299 3549 vult
1324 3495 1492 3551 videri
1527 3496 1627 3550 alia
1655 3511 1781 3551 seu.

173 3590 303 3644 tire.
340 3587 632 3642 lntroducit
683 3589 825 3643 enim
869 3588 920 3642 iu
963 3588 1148 3658 primis
1173 3587 1242 3659 (ε)
1275 3588 1401 3642 illud
1444 3587 1607 3644 fuisse
1637 3588 1779 3654 quod

172 3681 523 3751 pronuntiat,
551 3689 604 3736 et
627 3679 822 3736 deinde
848 3696 912 3736 ex
945 3681 1034 3736 illa
1061 3681 1289 3737 monade
1318 3682 1454 3745 duo,
1498 3698 1561 3737 ac
1583 3683 1778 3738 deinde

171 3773 422 3844 reliquos
437 3771 661 3838 Eonas,
688 3772 883 3828 deinde
904 3773 1202 3829 introducit
1215 3783 1384 3830 totum
1410 3773 1772 3830 Valentinum.

2537 519 2762 578 CAPUT
2790 521 2851 576 L.

2278 633 2510 688 Marcum
2538 634 2653 688 item
2679 645 2725 689 et
2757 634 3108 692 Colarbaaum.

1970 745 2084 800 Non
2117 746 2399 803 defuerunt
2429 758 2548 816 post
2578 749 2675 804 hos
2723 749 2930 806 Marcus
2959 751 3174 821 quidam
3207 763 3260 807 et
3306 752 3492 810 Colar-

1899 836 2079 904 basus,
2114 855 2303 894 novatn
2338 841 2564 896 lucresiu
2593 857 2655 896 ex
2689 841 2997 897 Graecorum
3030 843 3315 914 alphabeto
3342 862 3493 902 com—

1901 941 2180 1000 ponentes.
2211 932 2414 1004 Negant
2467 935 2611 989 enim
2656 935 2933 990 veritatem
2992 937 3108 992 sine
3166 938 3280 993 istis
3337 953 3496 1010 posse

1897 1023 2088 1080 litteris
2121 1027 2381 1092 inveniri;
2425 1028 2535 1082 imo
2573 1037 2736 1084 totam
2791 1029 3176 1098 plenitudinem
3229 1042 3283 1087 et
3314 1033 3494 1103 perle-

1896 1119 2128 1174 ctionem
2168 1121 2404 1175 veritatis
2427 1121 2478 1175 in
2503 1123 2617 1176 istis
2644 1122 2835 1178 litteris
2854 1139 2974 1180 esse
2997 1124 3330 1196 dispositam.
3360 1128 3494 1183 Pro-

1899 1221 2016 1283 pter
2047 1212 2182 1267 hauc
2205 1213 2347 1267 enim
2373 1229 2617 1268 caussam
2665 1213 2938 1270 Christum
2969 1217 3200 1274 dixisse:
3233 1220 3345 1289 Ego
3375 1235 3493 1276 sum

1898 1307 1938 1358 A
1969 1315 2020 1358 et
2050 1314 2110 1356 Ω.
2148 1304 2382 1377 Denique
2406 1307 2486 1377 (4)
2511 1305 2691 1360 Jesum
2735 1306 3005 1362 Christum
3029 1309 3371 1367 descendiSSe
3395 1353 3409 1376 ,
3444 1313 3494 1368 id

1898 1407 2002 1462 cst,
2034 1397 2115 1468 (cl)
2154 1399 2454 1453 columbam
2481 1400 2532 1452 in
2564 1399 2747 1454 lesum
2779 1403 3026 1468 venisse,
3056 1419 3173 1472 qua:
3195 1420 3372 1474 grzeco
3399 1422 3498 1461 no-

1897 1490 2042 1544 mine
2095 1506 2216 1544 cum
2251 1497 2509 1562 περιστιρέι
2537 1494 2941 1560 pronuntietur,
2976 1495 3168 1550 liaheat
3192 1498 3269 1566 (5)
3301 1513 3494 1554 secun-

1897 1582 2024 1637 dum
2053 1600 2330 1638 numermn
2356 1625 2369 1646 ,
2405 1585 2617 1640 DCCC].
2647 1584 2717 1661 (e)
2753 1587 3078 1642 Percurrunt
3107 1587 3190 1643 isti
3216 1612 3285 1657 ω,
3330 1601 3363 1661 ψ
3383 1632 3398 1656 ,
3428 1617 3459 1659 κ
3479 1633 3495 1658 ,

1897 1702 1957 1747 φ,
1993 1702 2050 1741 υ,
2087 1704 2143 1742 τ,
2173 1688 2340 1731 totum
2371 1693 2538 1747 usque
2577 1678 2644 1732 ad
2698 1679 2867 1749 Alpha
2921 1679 3048 1736 Beta
3084 1680 3195 1752 (6),
3241 1694 3290 1737 et
3346 1700 3498 1738 com-

1903 1779 2082 1840 putant
2114 1769 2381 1839 ogdoadas
2413 1779 2465 1824 et
2486 1769 2738 1837 decadas,
2772 1775 2838 1825 ita
2865 1782 2920 1826 ut
2948 1772 3157 1828 adferre
3183 1775 3262 1844 (7)
3284 1773 3495 1830 illorum

2780 1875 2832 1919 ct
2854 1865 3082 1919 otiosuut
3104 1907 3118 1929 ,
3146 1867 3288 1936 quod
3318 1877 3495 1924 tamen

1899 1971 2003 2010 llOll
2035 1965 2237 2010 tantum
2263 1955 2373 2024 jam
2402 1971 2630 2020 vanum,
2678 1956 2774 2011 sed
2803 1957 2964 2013 etiam
2996 1958 3355 2027 periculosum
3403 1963 3494 2015 sit.

1897 2050 2146 2104 Alterum
2178 2049 2342 2104 Deum
2387 2050 2590 2119 lingunt
2637 2061 2830 2120 praeter
2879 2063 3194 2108 creatorem.
3223 2053 3495 2112 Christum

1898 2140 1952 2197 iu
1997 2143 2295 2198 substantia
2348 2153 2544 2214 negant
2609 2144 2788 2199 carnis
2836 2145 3018 2201 luisse.
3072 2145 3278 2218 Negant
3320 2150 3499 2207 carnis

1899 2238 2347 2293 resurrectionem
2383 2237 2637 2293 futuram.

2521 2354 2750 2411 CAPUT
2782 2355 2867 2410 Ll.

1896 2448 2021 2504 Post
2069 2449 2178 2504 lucc
2217 2448 2518 2515 Cerdonem,
2579 2448 2915 2516 Marcionem,
2966 2452 3173 2523 ejusque
3219 2453 3499 2526 discipulo:

2385 2542 2649 2598 Lucanum
2676 2553 2721 2598 et
2747 2544 3000 2614 Apellem.

1967 2655 2187 2711 Accedit
2218 2655 2300 2710 his
2328 2655 2539 2712 Cerdon
2590 2658 2837 2729 quidam;
2891 2658 2977 2714 hic
3008 2660 3298 2717 introducit
3346 2662 3496 2720 initia

1895 2746 2001 2800 duo
2023 2789 2035 2810 ,
2067 2747 2117 2801 id
2149 2759 2232 2802 est
2274 2747 2410 2803 duos
2436 2748 2568 2804 deos
2589 2791 2603 2816 ,
2662 2765 2824 2804 unum
2871 2749 3069 2807 bonum
3092 2793 3107 2819 ,
3162 2763 3217 2808 et
3267 2753 3496 2810 alterum

1893 2853 2129 2903 saevum;
2171 2840 2367 2894 bonum
2425 2841 2796 2911 superiorem,
2853 2859 3056 2898 saevum
3108 2845 3252 2900 hunc
3312 2847 3496 2904 mttndi

1891 2940 2210 2985 creatorem.
2245 2931 2342 2985 llic
2370 2931 2677 3002 prophetias
2721 2943 2775 2988 et
2822 2933 2992 3005 legem
3047 2938 3333 3007 repudiat,
3388 2940 3496 2997 Deo

1889 3022 2117 3077 creatori
2166 3023 2472 3088 renuntiat,
2525 3026 2819 3094 superioris
2850 3026 2941 3082 Dei
2974 3026 3165 3083 Filium
3216 3027 3495 3088 Christum

1894 3116 2104 3171 venisse
2136 3123 2363 3179 tractat,
2399 3116 2539 3171 hunc
2569 3119 2619 3171 in
2667 3118 2962 3174 substantia
2990 3122 3169 3177 carnis
3196 3135 3391 3194 negat,
3441 3125 3496 3181 in

1898 3209 2268 3279 phantasmate
2295 3208 2408 3264 solo
2432 3208 2593 3265 fuisse
2616 3213 2922 3281 pronuntiat
2948 3255 2963 3279 ,
2992 3230 3092 3269 nec
3119 3217 3339 3271 omnino
3367 3233 3495 3289 pas-

1897 3319 2013 3358 sum
2036 3345 2050 3370 ,
2083 3302 2175 3358 sed
2202 3303 2354 3373 quasi
2383 3318 2597 3373 passum
2626 3321 2639 3358 :
2693 3320 2790 3360 nec
2815 3319 2881 3360 ex
2911 3307 3116 3377 virgine
3145 3317 3326 3362 natum
3351 3353 3365 3374 ,
3399 3311 3494 3367 sed

1896 3396 2116 3449 omnino
2147 3409 2246 3448 nec
2279 3403 2482 3448 natum.
2517 3395 2988 3452 Resurrectionem
3041 3400 3234 3455 anima:
3267 3411 3494 3458 tantum-

1888 3488 2047 3540 modo
2081 3487 2290 3554 probat,
2320 3487 2562 3556 corporis
2590 3502 2771 3558 negat.
2800 3487 2983 3543 Solum
3011 3488 3363 3560 Evengeluun
3391 3494 3497 3549 Lu-

1885 3595 1961 3634 c.c
1986 3621 2000 3642 ,
2029 3595 2128 3634 nec
2159 3589 2334 3634 tamen
2367 3587 2534 3634 totum
2582 3581 2792 3650 recipit.
2835 3583 3083 3652 Apostoli
3140 3584 3289 3639 Pauli
3320 3601 3496 3658 neque

1883 3691 2072 3730 omnes
2097 3716 2110 3739 ,
2140 3690 2313 3745 neque
2358 3685 2497 3729 totas
2525 3675 2792 3745 Epistolas
2822 3679 3000 3731 sumit.
3047 3678 3179 3733 Acta
3210 3680 3496 3750 Apostolo—

1882 3785 2001 3826 rum
2043 3777 2097 3824 et
2123 3767 2650 3838 Apocalypsiuquasi
2679 3768 2809 3824 falsa
2833 3770 3024 3841 rejicit.
3060 3769 3133 3843 (ί)
3190 3772 3318 3829 Post
3355 3773 3499 3833 hunc

1395 3886 1779 3944 LECTIONES
1816 3881 2232 3942 VARIANTES.

237 3985 260 4044 ί
266 3984 320 4050 1)
341 3983 482 4048 Aqua
507 3981 656 4034 Seml.
913 4041 924 4052 θ
1597 4044 1605 4052 .

237 4048 319 4114 (2)
343 4044 444 4098 Sed
462 4045 789 4114 noualtcrius
820 4045 973 4114 Latin:
1001 4043 1144 4114 hujus
1158 4045 1338 4102 carnis,
1359 4042 1671 4114 sedaltertus
1705 4043 1779 4094 lc-

278 4104 406 4175 J'uu.
431 4110 639 4159 alterius
662 4104 1262 4175 partis,seilicel_imi_nuv,
1284 4105 1464 4156 mamlt
1481 4104 1631 4157 Seml.

237 4174 319 4238 ('5)
343 4167 676 4225 'l'ricesimuni
696 4170 762 4222 al.
791 4167 992 4235 triginta
1015 4167 1164 4220 Sentl.

170 4369 329 4410 more
351 4371 366 4413 :
392 4353 689 4408 lleracleon
718 4366 848 4406 vero
878 4349 1115 4411 denmm,
1140 4349 1244 4403 alio
1263 4349 1401 4403 forte
1417 4349 1576 4402 etiam
1606 4349 1786 4418 ignoto

168 4428 328 4480 vocis
348 4441 502 4481 sono,
521 4425 743 4486 scilicet,
765 4431 824 4476 ut
852 4423 1100 4476 videretur
1123 4423 1225 4474 alia
1255 4423 1453 4474 sentire.
1473 4426 1538 4480 At
1562 4420 1622 4474 ἰδ’
1653 4419 1786 4474 Har-

167 4498 374 4553 duinus
397 4496 485 4568 (p.
501 4495 629 4564 846)
649 4494 904 4549 confinxit
923 4509 1016 4563 per
1034 4507 1228 4568 ADONAl
1258 4509 1450 4568 nomen
1479 4496 1595 4568 rm)
1616 4491 1789 4568 (lclio-

166 4569 306 4640 vah)
340 4562 737 4640 pro-nuntiatum
767 4580 886 4620 esse
908 4562 932 4628 ;“
951 4567 1043 4618 sed
1072 4581 1176 4634 quo
1207 4564 1550 4640 fundamento
1573 4562 1785 4617 innixus

167 4635 316 4696 istud
341 4635 657 4704 asseruerit,
684 4639 877 4706 ipsum,
901 4646 1047 4706 puto,
1069 4651 1281 4704 quoque
1313 4635 1456 4696 latet,
1482 4650 1782 4706 quanquam

166 4713 454 4767 neminem
509 4726 574 4764 ex
627 4704 848 4763 eruditis
881 4704 1165 4776 przetereat
1205 4707 1368 4760 Deum
1401 4705 1620 4767 Adonei,
1666 4704 1784 4760 loco

165 4783 415 4838 Jeltovah
437 4825 451 4844 ,
488 4780 759 4849 religionis
788 4781 954 4848 gratia
983 4793 1127 4846 Saepe
1152 4779 1346 4847 sapius
1374 4777 1536 4832 l'uisse
1558 4778 1780 4831 dictum.

249 4855 457 4910 Deinde
496 4848 740 4923 (p.784?)
779 4850 1063 4904 afﬁrmavit
1091 4851 1168 4902 vir
1199 4848 1442 4923 quamvis
1483 4849 1783 4923 erutlitissif

167 4942 299 4983 mus
346 4918 583 4980 nominis
639 4918 729 4979 tito
765 4923 1072 4994 (JEEOVAH.
1127 4918 1325 4994 credo,
1363 4921 1529 4974 voluit
1565 4918 1782 4990 dicere)

165 4999 466 5061 genuinam
495 4995 755 5065 originem
777 4993 896 5049 esse
941 4997 1168 5054 RTI‘TP,
1199 4993 1315 5065 hoc
1343 5001 1424 5065 est
1443 5033 1457 5050 ,
1489 5007 1622 5046 neos
1647 5006 1778 5046 IPSE.

166 5070 294 5126 lmo
311 5083 443 5124 vero
454 5070 572 5137 quis
585 5063 950 5137 nescit,modo_
963 5068 1031 5118 sit
1051 5067 1099 5117 iu
1127 5063 1388 5137 hebraicis
1403 5063 1590 5116 litteris
1609 5067 1784 5137 tantis-

170 5155 275 5210 per
294 5135 557 5200 versatus,
577 5154 760 5192 vocem
782 5141 904 5191 πτν
931 5135 1153 5210 formam
1183 5150 1301 5210 esse
1329 5136 1381 5188 5.
1410 5149 1656 5210 persona;
1676 5136 1784 5210 sin-

165 5205 379 5282 ﬁgularis
408 5212 612 5263 muneri
643 5209 801 5263 futuri
835 5208 1091 5277 temporis
1141 5206 1285 5282 verbi
1334 5212 1432 5259 rm
1470 5205 1702 5282 (lineali)
1733 5215 1786 5260 τὸ

167 5277 287 5338 ἐξω
336 5282 707 5352 signiﬁcantis,
751 5294 1195 5352 neque_usquam
1229 5278 1502 5352 literatus
1541 5277 1662 5352 huic
1683 5292 1785 5352 uo-

168 5354 311 5410 mini
370 5348 675 5424 a'djuuctam
726 5352 888 5407 esse?
939 5349 1158 5419 Reliqua
1214 5351 1488 5418 scriptoris
1544 5348 1782 5424 ejusdem

166 5429 226 5480 iu
280 5421 450 5480 ltuuc'
483 5426 679 5489 locum,
748 5433 803 5478 et
835 5424 974 5477 circa
1043 5436 1227 5475 vocem
1287 5436 1446 5475 IAOTK
1488 5421 1781 5488 praesertim

167 5499 536 5553 deliramenta
575 5496 652 5568 (ιι.
677 5496 856 5568 8587a
884 5492 1022 5564 849)
1065 5494 1320 5568 refutare,
1353 5493 1432 5568 v_el
1468 5491 1785 5568 praeteriit“-

167 5571 342 5623 timus
366 5563 610 5631 omnino,
643 5567 723 5622 vel
747 5567 812 5620 ad
835 5563 1106 5630 eousque,
1137 5566 1262 5616 dum
1292 5565 1347 5617 S.
1382 5563 1565 5617 lremei
1607 5563 1783 5635 (Deus

167 5642 385 5694 utinam
437 5640 600 5710 velit)
641 5642 1088 5710 edamusdopera,
1146 5637 1398 5710 lectorem
1439 5636 1781 5710 remittimus:

165 5712 280 5782 (Cf.
321 5710 539 5782 Tertull.
582 5703 631 5762 ’1.
677 5711 800 5782 adv.
863 5703 1060 5782 volent.
1113 5707 1595 5782 e.-14;_‘0rigeu._
1624 5709 1659 5760 ι.
1687 5703 1785 5782 ξιξ(

167 5775 361 5836 contra
394 5780 631 5846 Celsum;
665 5779 876 5834 Diodor.
913 5780 1080 5834 Sicut.
1107 5779 1144 5833 ι.
1172 5776 1213 5844 Ι,
1241 5779 1408 5849 μ.84;
1443 5775 1650 5844 Euseb.,
1677 5780 1714 5833 l.
1742 5775 1782 5830 Ι.

165 5856 418 5928 Ρναηᾳν.
463 5852 685 5928 Erinnyn
711 5853 1116 5928 versus_ﬁuem;
1165 5849 1225 5907 S.
1259 5850 1420 5920 Ireu.,
1457 5851 1491 5906 l.
1529 5851 1569 5918 Ι,
1599 5867 1646 5906 c.
1674 5849 1705 5905 4
1734 5859 1787 5905 ct

162 5928 234 5994 l8
258 5943 274 5995 ;
298 5924 470 5984 Clem.
500 5925 672 5998 Alcm,
703 5927 856 5996 etc.).
887 5924 1018 5982 lino.

1950 3975 2023 4033 (ι)
2049 3973 2342 4024 Audendum
2369 3975 2415 4023 in
2441 3980 2600 4025 censet
2639 3974 2787 4026 Seml.

1945 4037 2019 4102 (ὃ)
2046 4038 2265 4102 Habere,
2290 4034 2430 4086 56ml.

1973 4097 2024 4166 ti)
2053 4099 2384 4162 Alphabetunt
2406 4097 2559 4150 Seml.

1951 4103 2024 4226 $7)
2053 4164 2122 4213 lta
2143 4163 2201 4211 ad
2220 4163 2353 4212 ferre
2372 4160 2521 4214 Seml.

1973 4160 2024 4228 7)
2053 4160 2126 4213 lta
2143 4163 2201 4211 ad
2220 4163 2353 4212 ferre
2372 4160 2521 4214 Seml.

1538 4249 2096 4309 COMMENTARIUS.

1967 4343 2040 4417 (ει)
2075 4343 2149 4397 De
2178 4342 2492 4418 aporiatione
2505 4353 2774 4412 conceptus
2800 4352 2950 4418 alque
2972 4347 3227 4418 prolatus.
3262 4349 3486 4418 Aporia-

1895 4415 2345 4479 llo,ll£Sllllll0,
2389 4423 2593 4476 metus,
2635 4417 2912 4470 conlusio:
2969 4417 3237 4486 lrcnaeus,
3285 4415 3489 4480 Dehinc

1894 4489 2153 4560 “pauisse
2179 4497 2224 4560 et
2248 4488 2535 4560 aperiantur
2560 4528 2573 4547 ,
2606 4486 2807 4560 idest,
2831 4491 3117 4560 confusam.
3149 4490 3225 4547 LE
3245 4493 3343 4548 Ρι.

1964 4558 2042 4629 (1»)
2073 4557 2382 4611 Ptolomaeis
2400 4568 2444 4610 et
2465 4557 2751 4613 Secundus.
2772 4559 2831 4612 lli
2862 4557 3123 4614 Valentini
3151 4578 3489 4623 sucCessores

1891 4629 2104 4684 fuerunt
2123 4672 2138 4694 ,
2188 4639 2242 4682 nt
2269 4637 2324 4682 et
2346 4629 2637 4684 lleracleon
2666 4671 2678 4690 ,
2704 4632 2770 4684 de
2799 4646 3024 4700 quorum
3069 4631 3258 4688 fabulis
3289 4648 3341 4692 et
3367 4640 3489 4694 atti-

1891 4701 2029 4756 Iilius
2072 4702 2392 4776 commentis
2443 4715 2610 4776 pauca
2657 4715 2753 4776 seu
2799 4705 2973 4769 potius
3021 4702 3154 4759 nihil
3204 4706 3485 4776 dicemus,

1887 4787 2007 4850 cum
2027 4789 2229 4850 _eor_um
2259 4772 2504 4850 dogmata
2539 4773 2847 4843 plenissime
2872 4778 3218 4832 excutiantur
3244 4781 3384 4850 apud
3417 4772 3480 4838 δῷ

1887 4844 2261 4913 Epiphanium.
2295 4843 2370 4897 LE
2400 4844 2496 4898 Pu.

1962 4915 2035 4988 (ς)
2073 4914 2214 4988 Illud
2245 4918 2402 4988 fuisse
2430 4918 2565 4986 quod
2607 4921 2922 4988 pronuntiat.
2961 4918 3057 4973 Hic
3097 4919 3259 4975 etiam
3287 4922 3479 4982 deesse

1887 4986 2097 5041 videtur
2126 4986 2324 5055 aliquid
2353 4989 2616 5042 vocabuli.
2649 4986 2766 5042 Rto.
3099 4990 3111 5008 ‘

1957 5059 2110 5115 CAP.
2147 5057 2366 5130 L.—(d)
2397 5058 2691 5112 Columbam
2714 5061 2766 5111 iu
2795 5058 2971 5112 Iesum
2998 5062 3209 5119 venisse.
3229 5066 3307 5118 An
3337 5065 3484 5124 hisce

1889 5135 2042 5198 nugis
2063 5132 2330 5184 immorari
2349 5130 2707 5196 liceat,adhnc
2729 5130 2942 5194 dubito;
2971 5148 3034 5186 ne
3051 5144 3224 5189 tamen
3246 5136 3345 5195 hoc
3369 5145 3488 5195 sine

1890 5205 2091 5257 monito
2114 5211 2512 5272 praetereamus,
2533 5225 2567 5254 σι
2585 5214 2634 5254 et
2649 5226 2702 5254 ω.
2725 5204 2861 5271 apud
2877 5202 3092 5262 Graecos
3112 5207 3358 5263 eumdem
3384 5226 3487 5262 nu-

1888 5290 2095 5328 merum
2114 5273 2402 5328 coniiciunt
2420 5290 2481 5328 ac
2506 5290 2604 5344 vos
2628 5280 2882 5344 περιστερά
2904 5295 2915 5327 :
2936 5293 3188 5331 numerus
3201 5293 3381 5335 autem
3402 5293 3486 5336 est

1887 5346 2012 5421 801,
2044 5358 2100 5399 ut
2123 5346 2206 5399 hic
2228 5347 2530 5421 apponitur.
2550 5342 2704 5399 Unde
2729 5342 3152 5421 grammaticales
3173 5367 3329 5421 nugw
3347 5352 3488 5408 Mar-

1887 5419 2150 5472 cosiorum
2178 5426 2229 5470 et
2259 5416 2712 5471 Colarbasiorum.
2748 5417 2823 5472 Ls
2850 5419 2941 5472 Pu.

1963 5487 2036 5565 (c)
2070 5488 2383 5565 I_’ercu_rruut
2412 5488 2493 5565 isti
2543 5487 2664 5565 Haec
2692 5490 2848 5543 aliter
2893 5490 3196 5565 reici-untur
3225 5495 3364 5565 apud
3406 5495 3481 5551 E-

1889 5560 2194 5627 piphanium
2228 5561 2358 5616 hair.
2413 5560 2481 5613 54
2521 5576 2587 5614 ex
2631 5558 2855 5628 lremeo,
2885 5562 2978 5616 sed
3005 5579 3171 5617 vanus
3213 5558 3362 5626 labor
3399 5576 3486 5623 est

1890 5631 2230 5696 ineptiarum.
2267 5631 2384 5687 “lC.

1960 5702 2185 5757 CAP.L|
2199 5703 2356 5774 .—(f)
2387 5701 2509 5755 Post
2529 5703 2660 5757 hunc
2678 5705 2961 5772 discipulus
2980 5706 3089 5773 ejus
3110 5709 3309 5761 emersit
3334 5706 3480 5762 Mar-

1890 5780 2021 5846 eiou.
2043 5774 2134 5827 lsa
2154 5784 2302 5843 patre
2319 5777 2530 5844 pr0prio
2547 5777 2616 5829 ob
2645 5787 2885 5846 stuprum
2917 5777 3151 5833 Ecclesia
3175 5782 3354 5844 pulsus
3372 5791 3474 5836 est.

1890 5844 2048 5922 Pater
2063 5846 2203 5922 enim
2230 5847 2510 5922 episcopus
2539 5846 2655 5922 fuit,
2677 5844 2904 5922 euntque
2931 5851 3110 5904 multis
3132 5852 3478 5922 supplicatio-

1895 5919 2049 5975 nibus
2069 5919 2117 5974 in
2137 5918 2426 5977 Ecclesiam
2443 5917 2648 5976 admitti
2665 5919 2733 5976 ab
2753 5917 2940 5978 eodem
2955 5936 3060 5980 non
3085 5917 3476 5995 pottiiSsetJlo-
