  <div class='ocr_page' id='page_1' title='image "/cluster/home/n/w/nwhite01/storage/ocr_20150623/2/hvd.32044015466741/045.png"; bbox 0 0 4242 6492; ppageno 0'>
   <div class='ocr_carea' id='block_1_1' title="bbox 777 350 4092 425">
    <p class='ocr_par' dir='ltr' id='par_1_1' title="bbox 777 350 4092 425">
     <span class='ocr_line' id='line_1_1' title="bbox 777 350 4092 425; baseline 0.005 -15"><span class='ocrx_word' id='word_1_1' title='bbox 777 350 843 412; x_wconf 77' lang='grc'><strong>71</strong></span> <span class='ocrx_word' id='word_1_2' title='bbox 2208 359 2675 419; x_wconf 76' lang='lat' dir='ltr'><strong>TERTULLIANI</strong></span> <span class='ocrx_word' id='word_1_3' title='bbox 4022 371 4092 425; x_wconf 79' lang='grc'><strong>72</strong></span> 
     </span>
    </p>
   </div>
   <div class='ocr_carea' id='block_1_2' title="bbox 778 472 4050 547">
    <p class='ocr_par' dir='ltr' id='par_1_2' title="bbox 778 472 4050 547">
     <span class='ocr_line' id='line_1_2' title="bbox 778 472 4050 547; baseline 0.003 -19"><span class='ocrx_word' id='word_1_4' title='bbox 778 472 1073 546; x_wconf 86' lang='lat' dir='ltr'><strong>discipulus</strong></span> <span class='ocrx_word' id='word_1_5' title='bbox 1103 474 1269 546; x_wconf 89' lang='lat' dir='ltr'><strong>ipsius</strong></span> <span class='ocrx_word' id='word_1_6' title='bbox 1311 474 1536 531; x_wconf 78' lang='lat' dir='ltr'><strong>emersit</strong></span> <span class='ocrx_word' id='word_1_7' title='bbox 1563 472 1639 547; x_wconf 83' lang='grc' dir='ltr'><strong>(α)</strong></span> <span class='ocrx_word' id='word_1_8' title='bbox 1669 473 1903 530; x_wconf 82' lang='lat' dir='ltr'><strong>Marcion</strong></span> <span class='ocrx_word' id='word_1_9' title='bbox 1931 473 2147 546; x_wconf 90' lang='lat' dir='ltr'><strong>quidam</strong></span> <span class='ocrx_word' id='word_1_10' title='bbox 2198 477 2369 532; x_wconf 81' lang='lat' dir='ltr'><strong>nonii-</strong></span> <span class='ocrx_word' id='word_1_11' title='bbox 2400 479 2450 537; x_wconf 83' lang='grc' dir='ltr'>Λ</span> <span class='ocrx_word' id='word_1_12' title='bbox 2514 483 2638 533; x_wconf 66' lang='grc' dir='ltr'><strong>κατὰ</strong></span> <span class='ocrx_word' id='word_1_13' title='bbox 2658 476 2919 542; x_wconf 83' lang='lat' dir='ltr'><strong>Proclum,</strong></span> <span class='ocrx_word' id='word_1_14' title='bbox 2940 478 3009 531; x_wconf 87' lang='lat' dir='ltr'><strong>ad</strong></span> <span class='ocrx_word' id='word_1_15' title='bbox 3024 479 3301 533; x_wconf 79' lang='lat' dir='ltr'><strong>secundum</strong></span> <span class='ocrx_word' id='word_1_16' title='bbox 3319 477 3619 537; x_wconf 65' lang='grc' dir='ltr'><strong>Αἰσεὴῑιιωιι</strong></span> <span class='ocrx_word' id='word_1_17' title='bbox 3637 526 3650 543; x_wconf 87' lang='grc'><strong>.</strong></span> <span class='ocrx_word' id='word_1_18' title='bbox 3677 483 4050 540; x_wconf 71' lang='lat' dir='ltr'><strong>Montanum.</strong></span> 
     </span>
    </p>
   </div>
   <div class='ocr_carea' id='block_1_3' title="bbox 779 566 2373 639">
    <p class='ocr_par' dir='ltr' id='par_1_3' title="bbox 779 566 2373 639">
     <span class='ocr_line' id='line_1_3' title="bbox 779 566 2373 639; baseline -0.001 -17"><span class='ocrx_word' id='word_1_19' title='bbox 779 579 885 631; x_wconf 89' lang='lat' dir='ltr'><strong>ne,</strong></span> <span class='ocrx_word' id='word_1_20' title='bbox 941 566 1186 637; x_wconf 91' lang='lat' dir='ltr'><strong>pontieus</strong></span> <span class='ocrx_word' id='word_1_21' title='bbox 1236 582 1455 639; x_wconf 77' lang='lat' dir='ltr'><strong>genere,</strong></span> <span class='ocrx_word' id='word_1_22' title='bbox 1489 568 1725 639; x_wconf 89' lang='lat' dir='ltr'><strong>episcopi</strong></span> <span class='ocrx_word' id='word_1_23' title='bbox 1781 567 1958 634; x_wconf 87' lang='lat' dir='ltr'><strong>lilius,</strong></span> <span class='ocrx_word' id='word_1_24' title='bbox 2002 577 2220 637; x_wconf 86' lang='lat' dir='ltr'><strong>propter</strong></span> <span class='ocrx_word' id='word_1_25' title='bbox 2259 578 2373 622; x_wconf 86' lang='lat' dir='ltr'><strong>stu-</strong></span> 
     </span>
    </p>
   </div>
   <div class='ocr_carea' id='block_1_4' title="bbox 780 659 2375 730">
    <p class='ocr_par' dir='ltr' id='par_1_4' title="bbox 780 659 2375 730">
     <span class='ocr_line' id='line_1_4' title="bbox 780 659 2375 730; baseline 0 -16"><span class='ocrx_word' id='word_1_26' title='bbox 780 674 933 730; x_wconf 89' lang='lat' dir='ltr'><strong>prum</strong></span> <span class='ocrx_word' id='word_1_27' title='bbox 955 660 1232 729; x_wconf 77' lang='lat' dir='ltr'><strong>cujusdam</strong></span> <span class='ocrx_word' id='word_1_28' title='bbox 1262 660 1482 730; x_wconf 75' lang='lat' dir='ltr'><strong>virginis</strong></span> <span class='ocrx_word' id='word_1_29' title='bbox 1508 661 1577 714; x_wconf 87' lang='lat' dir='ltr'><strong>ab</strong></span> <span class='ocrx_word' id='word_1_30' title='bbox 1605 659 1859 715; x_wconf 70' lang='lat' dir='ltr'><strong>Ecclesia:</strong></span> <span class='ocrx_word' id='word_1_31' title='bbox 1890 660 2375 714; x_wconf 88' lang='lat' dir='ltr'><strong>communicatione</strong></span> 
     </span>
    </p>
   </div>
   <div class='ocr_carea' id='block_1_5' title="bbox 779 749 2375 823">
    <p class='ocr_par' dir='ltr' id='par_1_5' title="bbox 779 749 2375 823">
     <span class='ocr_line' id='line_1_5' title="bbox 779 749 2375 823; baseline -0.001 -18"><span class='ocrx_word' id='word_1_32' title='bbox 779 750 1041 822; x_wconf 84' lang='lat' dir='ltr'><strong>abjectus.</strong></span> <span class='ocrx_word' id='word_1_33' title='bbox 1060 751 1157 807; x_wconf 85' lang='lat' dir='ltr'><strong>Hic</strong></span> <span class='ocrx_word' id='word_1_34' title='bbox 1177 767 1240 807; x_wconf 82' lang='lat' dir='ltr'><strong>ex</strong></span> <span class='ocrx_word' id='word_1_35' title='bbox 1259 751 1539 807; x_wconf 86' lang='lat' dir='ltr'><strong>occasione</strong></span> <span class='ocrx_word' id='word_1_36' title='bbox 1557 767 1659 823; x_wconf 90' lang='lat' dir='ltr'><strong>qua</strong></span> <span class='ocrx_word' id='word_1_37' title='bbox 1676 751 1877 806; x_wconf 91' lang='lat' dir='ltr'><strong>dictum</strong></span> <span class='ocrx_word' id='word_1_38' title='bbox 1901 750 1987 813; x_wconf 75' lang='lat' dir='ltr'><strong>sit,</strong></span> <span class='ocrx_word' id='word_1_39' title='bbox 2008 750 2194 805; x_wconf 81' lang='lat' dir='ltr'><strong>Omnis</strong></span> <span class='ocrx_word' id='word_1_40' title='bbox 2215 749 2375 804; x_wconf 90' lang='lat' dir='ltr'><strong>arbor</strong></span> 
     </span>
    </p>
   </div>
   <div class='ocr_carea' id='block_1_6' title="bbox 778 842 2373 911">
    <p class='ocr_par' dir='ltr' id='par_1_6' title="bbox 778 842 2373 911">
     <span class='ocr_line' id='line_1_6' title="bbox 778 842 2373 911; baseline -0.001 -12"><span class='ocrx_word' id='word_1_41' title='bbox 778 843 917 899; x_wconf 90' lang='lat' dir='ltr'><strong>bona</strong></span> <span class='ocrx_word' id='word_1_42' title='bbox 944 846 1114 901; x_wconf 91' lang='lat' dir='ltr'><strong>bonos</strong></span> <span class='ocrx_word' id='word_1_43' title='bbox 1143 843 1343 899; x_wconf 83' lang='lat' dir='ltr'><strong>fructus</strong></span> <span class='ocrx_word' id='word_1_44' title='bbox 1365 842 1491 899; x_wconf 81' lang='lat' dir='ltr'><strong>facit</strong></span> <span class='ocrx_word' id='word_1_45' title='bbox 1509 886 1524 911; x_wconf 95' lang='lat'><strong>,</strong></span> <span class='ocrx_word' id='word_1_46' title='bbox 1548 844 1685 897; x_wconf 91' lang='lat' dir='ltr'><strong>mala</strong></span> <span class='ocrx_word' id='word_1_47' title='bbox 1711 854 1887 898; x_wconf 88' lang='lat' dir='ltr'><strong>autem</strong></span> <span class='ocrx_word' id='word_1_48' title='bbox 1922 842 2121 907; x_wconf 91' lang='lat' dir='ltr'><strong>malos,</strong></span> <span class='ocrx_word' id='word_1_49' title='bbox 2147 842 2373 898; x_wconf 76' lang='lat' dir='ltr'><strong>lueresin</strong></span> 
     </span>
    </p>
   </div>
   <div class='ocr_carea' id='block_1_7' title="bbox 778 928 2375 1008">
    <p class='ocr_par' dir='ltr' id='par_1_7' title="bbox 778 928 2375 1008">
     <span class='ocr_line' id='line_1_7' title="bbox 778 928 2375 1008; baseline -0.003 -15"><span class='ocrx_word' id='word_1_50' title='bbox 778 936 1038 993; x_wconf 90' lang='lat' dir='ltr'><strong>Cerdonis</strong></span> <span class='ocrx_word' id='word_1_51' title='bbox 1062 928 1363 1008; x_wconf 82' lang='lat' dir='ltr'><strong>approbare</strong></span> <span class='ocrx_word' id='word_1_52' title='bbox 1392 947 1614 991; x_wconf 89' lang='lat' dir='ltr'><strong>conatus</strong></span> <span class='ocrx_word' id='word_1_53' title='bbox 1637 948 1718 991; x_wconf 82' lang='lat' dir='ltr'><strong>eSt</strong></span> <span class='ocrx_word' id='word_1_54' title='bbox 1743 978 1757 1002; x_wconf 95' lang='lat'><strong>,</strong></span> <span class='ocrx_word' id='word_1_55' title='bbox 1803 934 1991 991; x_wconf 89' lang='lat' dir='ltr'><strong>eadem</strong></span> <span class='ocrx_word' id='word_1_56' title='bbox 2014 934 2193 990; x_wconf 90' lang='lat' dir='ltr'><strong>dicere</strong></span> <span class='ocrx_word' id='word_1_57' title='bbox 2217 976 2230 999; x_wconf 97' lang='lat'><strong>,</strong></span> <span class='ocrx_word' id='word_1_58' title='bbox 2255 950 2375 1006; x_wconf 80' lang='lat' dir='ltr'><strong>qua:</strong></span> 
     </span>
    </p>
   </div>
   <div class='ocr_carea' id='block_1_8' title="bbox 777 1026 2376 1103">
    <p class='ocr_par' dir='ltr' id='par_1_8' title="bbox 777 1026 2376 1103">
     <span class='ocr_line' id='line_1_8' title="bbox 777 1026 2376 1103; baseline -0.001 -19"><span class='ocrx_word' id='word_1_59' title='bbox 777 1029 869 1086; x_wconf 91' lang='lat' dir='ltr'><strong>ille</strong></span> <span class='ocrx_word' id='word_1_60' title='bbox 892 1031 1137 1103; x_wconf 85' lang='lat' dir='ltr'><strong>superior</strong></span> <span class='ocrx_word' id='word_1_61' title='bbox 1162 1031 1443 1085; x_wconf 79' lang='lat' dir='ltr'><strong>lucreticus</strong></span> <span class='ocrx_word' id='word_1_62' title='bbox 1472 1040 1597 1085; x_wconf 89' lang='lat' dir='ltr'><strong>ante</strong></span> <span class='ocrx_word' id='word_1_63' title='bbox 1626 1029 1852 1085; x_wconf 78' lang='lat' dir='ltr'><strong>dixerat.</strong></span> <span class='ocrx_word' id='word_1_64' title='bbox 1883 1028 2067 1083; x_wconf 83' lang='lat' dir='ltr'><strong>Extitit</strong></span> <span class='ocrx_word' id='word_1_65' title='bbox 2089 1036 2207 1097; x_wconf 88' lang='lat' dir='ltr'><strong>post</strong></span> <span class='ocrx_word' id='word_1_66' title='bbox 2232 1026 2376 1083; x_wconf 91' lang='lat' dir='ltr'><strong>hunc</strong></span> 
     </span>
    </p>
   </div>
   <div class='ocr_carea' id='block_1_9' title="bbox 782 1124 2375 1197">
    <p class='ocr_par' dir='ltr' id='par_1_9' title="bbox 782 1124 2375 1197">
     <span class='ocr_line' id='line_1_9' title="bbox 782 1124 2375 1197; baseline -0.001 -19"><span class='ocrx_word' id='word_1_67' title='bbox 782 1124 857 1197; x_wconf 74' lang='grc' dir='ltr'><strong>(ὁ)</strong></span> <span class='ocrx_word' id='word_1_68' title='bbox 891 1126 1135 1182; x_wconf 84' lang='lat' dir='ltr'><strong>Lucanus</strong></span> <span class='ocrx_word' id='word_1_69' title='bbox 1161 1126 1375 1196; x_wconf 87' lang='lat' dir='ltr'><strong>quidam</strong></span> <span class='ocrx_word' id='word_1_70' title='bbox 1406 1126 1620 1181; x_wconf 86' lang='lat' dir='ltr'><strong>munine</strong></span> <span class='ocrx_word' id='word_1_71' title='bbox 1646 1168 1659 1191; x_wconf 92' lang='lat'><strong>,</strong></span> <span class='ocrx_word' id='word_1_72' title='bbox 1707 1124 1991 1179; x_wconf 89' lang='lat' dir='ltr'><strong>Marcionis</strong></span> <span class='ocrx_word' id='word_1_73' title='bbox 2017 1134 2248 1181; x_wconf 90' lang='lat' dir='ltr'><strong>sectator</strong></span> <span class='ocrx_word' id='word_1_74' title='bbox 2294 1136 2375 1178; x_wconf 84' lang='lat' dir='ltr'><strong>at-</strong></span> 
     </span>
    </p>
   </div>
   <div class='ocr_carea' id='block_1_10' title="bbox 775 1218 2373 1291">
    <p class='ocr_par' dir='ltr' id='par_1_10' title="bbox 775 1218 2373 1291">
     <span class='ocr_line' id='line_1_10' title="bbox 775 1218 2373 1291; baseline 0.001 -17"><span class='ocrx_word' id='word_1_75' title='bbox 775 1235 879 1290; x_wconf 90' lang='lat' dir='ltr'><strong>que</strong></span> <span class='ocrx_word' id='word_1_76' title='bbox 905 1220 1195 1291; x_wconf 80' lang='lat' dir='ltr'><strong>discipulus</strong></span> <span class='ocrx_word' id='word_1_77' title='bbox 1223 1240 1233 1274; x_wconf 78' lang='grc' dir='ltr'>ε</span> <span class='ocrx_word' id='word_1_78' title='bbox 1270 1231 1322 1275; x_wconf 85' lang='lat' dir='ltr'><strong>et</strong></span> <span class='ocrx_word' id='word_1_79' title='bbox 1355 1221 1438 1274; x_wconf 89' lang='lat' dir='ltr'><strong>hic</strong></span> <span class='ocrx_word' id='word_1_80' title='bbox 1465 1235 1557 1290; x_wconf 89' lang='lat' dir='ltr'><strong>per</strong></span> <span class='ocrx_word' id='word_1_81' title='bbox 1585 1218 1771 1275; x_wconf 89' lang='lat' dir='ltr'><strong>eadem</strong></span> <span class='ocrx_word' id='word_1_82' title='bbox 1798 1220 2000 1274; x_wconf 86' lang='lat' dir='ltr'><strong>vadens</strong></span> <span class='ocrx_word' id='word_1_83' title='bbox 2030 1220 2373 1287; x_wconf 65' lang='lat' dir='ltr'><strong>hlasphcmim</strong></span> 
     </span>
    </p>
   </div>
   <div class='ocr_carea' id='block_1_11' title="bbox 776 1314 2371 1386">
    <p class='ocr_par' dir='ltr' id='par_1_11' title="bbox 776 1314 2371 1386">
     <span class='ocr_line' id='line_1_11' title="bbox 776 1314 2371 1386; baseline -0.003 -18"><span class='ocrx_word' id='word_1_84' title='bbox 776 1328 973 1385; x_wconf 88' lang='lat' dir='ltr'><strong>genera</strong></span> <span class='ocrx_word' id='word_1_85' title='bbox 1000 1356 1014 1376; x_wconf 87' lang='lat'><em>.</em></span> <span class='ocrx_word' id='word_1_86' title='bbox 1044 1315 1229 1370; x_wconf 87' lang='lat' dir='ltr'><strong>eadem</strong></span> <span class='ocrx_word' id='word_1_87' title='bbox 1258 1315 1412 1370; x_wconf 86' lang='lat' dir='ltr'><strong>docet</strong></span> <span class='ocrx_word' id='word_1_88' title='bbox 1452 1331 1573 1386; x_wconf 76' lang='lat' dir='ltr'><strong>qua:</strong></span> <span class='ocrx_word' id='word_1_89' title='bbox 1627 1314 1861 1369; x_wconf 77' lang='lat' dir='ltr'><strong>Marcion</strong></span> <span class='ocrx_word' id='word_1_90' title='bbox 1908 1323 1964 1369; x_wconf 93' lang='lat' dir='ltr'><strong>et</strong></span> <span class='ocrx_word' id='word_1_91' title='bbox 2012 1314 2220 1369; x_wconf 80' lang='lat' dir='ltr'><strong>Ccrdon</strong></span> <span class='ocrx_word' id='word_1_92' title='bbox 2272 1315 2371 1369; x_wconf 85' lang='lat' dir='ltr'><strong>do-</strong></span> 
     </span>
    </p>
   </div>
   <div class='ocr_carea' id='block_1_12' title="bbox 774 1406 2374 1477">
    <p class='ocr_par' dir='ltr' id='par_1_12' title="bbox 774 1406 2374 1477">
     <span class='ocr_line' id='line_1_12' title="bbox 774 1406 2374 1477; baseline 0.002 -19"><span class='ocrx_word' id='word_1_93' title='bbox 774 1414 1014 1460; x_wconf 89' lang='lat' dir='ltr'><strong>cuerant.</strong></span> <span class='ocrx_word' id='word_1_94' title='bbox 1073 1406 1198 1462; x_wconf 79' lang='lat' dir='ltr'><strong>Post</strong></span> <span class='ocrx_word' id='word_1_95' title='bbox 1243 1408 1341 1460; x_wconf 84' lang='lat' dir='ltr'><strong>hos</strong></span> <span class='ocrx_word' id='word_1_96' title='bbox 1388 1406 1733 1477; x_wconf 80' lang='lat' dir='ltr'><strong>subsequitur</strong></span> <span class='ocrx_word' id='word_1_97' title='bbox 1786 1406 2035 1475; x_wconf 79' lang='lat' dir='ltr'><strong>Apelles,</strong></span> <span class='ocrx_word' id='word_1_98' title='bbox 2080 1406 2374 1475; x_wconf 86' lang='lat' dir='ltr'><strong>discipulus</strong></span> 
     </span>
    </p>
   </div>
   <div class='ocr_carea' id='block_1_13' title="bbox 775 1494 2374 1569">
    <p class='ocr_par' dir='ltr' id='par_1_13' title="bbox 775 1494 2374 1569">
     <span class='ocr_line' id='line_1_13' title="bbox 775 1494 2374 1569; baseline 0.001 -17"><span class='ocrx_word' id='word_1_99' title='bbox 775 1494 1064 1552; x_wconf 81' lang='lat' dir='ltr'><strong>Marcionis</strong></span> <span class='ocrx_word' id='word_1_100' title='bbox 1088 1539 1102 1564; x_wconf 94' lang='lat'><strong>,</strong></span> <span class='ocrx_word' id='word_1_101' title='bbox 1136 1498 1225 1568; x_wconf 91' lang='lat' dir='ltr'><strong>qui</strong></span> <span class='ocrx_word' id='word_1_102' title='bbox 1258 1508 1603 1569; x_wconf 88' lang='lat' dir='ltr'><strong>posteaquam</strong></span> <span class='ocrx_word' id='word_1_103' title='bbox 1663 1499 1713 1552; x_wconf 92' lang='lat' dir='ltr'><strong>in</strong></span> <span class='ocrx_word' id='word_1_104' title='bbox 1746 1514 1960 1555; x_wconf 83' lang='lat' dir='ltr'><strong>carnem</strong></span> <span class='ocrx_word' id='word_1_105' title='bbox 1992 1513 2140 1551; x_wconf 87' lang='lat' dir='ltr'><strong>suam</strong></span> <span class='ocrx_word' id='word_1_106' title='bbox 2196 1499 2374 1567; x_wconf 76' lang='lat' dir='ltr'><strong>lapsus</strong></span> 
     </span>
    </p>
   </div>
   <div class='ocr_carea' id='block_1_14' title="bbox 771 1588 2373 1659">
    <p class='ocr_par' dir='ltr' id='par_1_14' title="bbox 771 1588 2373 1659">
     <span class='ocr_line' id='line_1_14' title="bbox 771 1588 2373 1659; baseline 0.003 -19"><span class='ocrx_word' id='word_1_107' title='bbox 771 1597 853 1642; x_wconf 85' lang='lat' dir='ltr'><strong>est</strong></span> <span class='ocrx_word' id='word_1_108' title='bbox 874 1629 889 1653; x_wconf 94' lang='lat'><strong>,</strong></span> <span class='ocrx_word' id='word_1_109' title='bbox 921 1604 950 1642; x_wconf 89' lang='lat' dir='ltr'><strong>a</strong></span> <span class='ocrx_word' id='word_1_110' title='bbox 983 1588 1249 1643; x_wconf 84' lang='lat' dir='ltr'><strong>Marcione</strong></span> <span class='ocrx_word' id='word_1_111' title='bbox 1277 1601 1587 1659; x_wconf 81' lang='lat' dir='ltr'><strong>segregatus</strong></span> <span class='ocrx_word' id='word_1_112' title='bbox 1618 1601 1719 1643; x_wconf 90' lang='lat' dir='ltr'><strong>est.</strong></span> <span class='ocrx_word' id='word_1_113' title='bbox 1768 1590 1863 1644; x_wconf 90' lang='lat' dir='ltr'><strong>IIic</strong></span> <span class='ocrx_word' id='word_1_114' title='bbox 1891 1588 2179 1644; x_wconf 84' lang='lat' dir='ltr'><strong>introducit</strong></span> <span class='ocrx_word' id='word_1_115' title='bbox 2210 1606 2373 1645; x_wconf 90' lang='lat' dir='ltr'><strong>unum</strong></span> 
     </span>
    </p>
   </div>
   <div class='ocr_carea' id='block_1_15' title="bbox 778 1679 2373 1755">
    <p class='ocr_par' dir='ltr' id='par_1_15' title="bbox 778 1679 2373 1755">
     <span class='ocr_line' id='line_1_15' title="bbox 778 1679 2373 1755; baseline -0.001 -18"><span class='ocrx_word' id='word_1_116' title='bbox 778 1680 944 1737; x_wconf 87' lang='lat' dir='ltr'><strong>Deum</strong></span> <span class='ocrx_word' id='word_1_117' title='bbox 974 1679 1199 1734; x_wconf 80' lang='lat' dir='ltr'><strong>inﬁnitis</strong></span> <span class='ocrx_word' id='word_1_118' title='bbox 1226 1679 1595 1748; x_wconf 80' lang='lat' dir='ltr'><strong>superioribus</strong></span> <span class='ocrx_word' id='word_1_119' title='bbox 1638 1681 1895 1750; x_wconf 85' lang='lat' dir='ltr'><strong>partibus.</strong></span> <span class='ocrx_word' id='word_1_120' title='bbox 1944 1681 2092 1755; x_wconf 88' lang='lat' dir='ltr'><strong>I-Iunc</strong></span> <span class='ocrx_word' id='word_1_121' title='bbox 2140 1693 2373 1752; x_wconf 80' lang='lat' dir='ltr'><strong>petesta-</strong></span> 
     </span>
    </p>
   </div>
   <div class='ocr_carea' id='block_1_16' title="bbox 775 1769 2371 1844">
    <p class='ocr_par' dir='ltr' id='par_1_16' title="bbox 775 1769 2371 1844">
     <span class='ocr_line' id='line_1_16' title="bbox 775 1769 2371 1844; baseline 0.001 -17"><span class='ocrx_word' id='word_1_122' title='bbox 775 1781 858 1829; x_wconf 89' lang='lat' dir='ltr'><strong>tes</strong></span> <span class='ocrx_word' id='word_1_123' title='bbox 884 1774 1079 1827; x_wconf 84' lang='lat' dir='ltr'><strong>multas</strong></span> <span class='ocrx_word' id='word_1_124' title='bbox 1102 1812 1117 1837; x_wconf 93' lang='lat'><strong>,</strong></span> <span class='ocrx_word' id='word_1_125' title='bbox 1145 1772 1473 1843; x_wconf 78' lang='lat' dir='ltr'><strong>angelosque</strong></span> <span class='ocrx_word' id='word_1_126' title='bbox 1520 1769 1752 1829; x_wconf 79' lang='lat' dir='ltr'><strong>fecisse:</strong></span> <span class='ocrx_word' id='word_1_127' title='bbox 1804 1784 2081 1844; x_wconf 79' lang='lat' dir='ltr'><strong>prepterca</strong></span> <span class='ocrx_word' id='word_1_128' title='bbox 2113 1785 2167 1827; x_wconf 86' lang='lat' dir='ltr'><strong>et</strong></span> <span class='ocrx_word' id='word_1_129' title='bbox 2211 1774 2371 1828; x_wconf 90' lang='lat' dir='ltr'><strong>aliam</strong></span> 
     </span>
    </p>
   </div>
   <div class='ocr_carea' id='block_1_17' title="bbox 2552 570 4087 650">
    <p class='ocr_par' dir='ltr' id='par_1_17' title="bbox 2552 570 4087 650">
     <span class='ocr_line' id='line_1_17' title="bbox 2552 570 4087 650; baseline 0.007 -26"><span class='ocrx_word' id='word_1_130' title='bbox 2552 570 2648 626; x_wconf 83' lang='lat' dir='ltr'><strong>IIis</strong></span> <span class='ocrx_word' id='word_1_131' title='bbox 2677 572 2942 626; x_wconf 69' lang='lat' dir='ltr'><strong>haereticis</strong></span> <span class='ocrx_word' id='word_1_132' title='bbox 2962 573 3211 628; x_wconf 88' lang='lat' dir='ltr'><strong>omnibus</strong></span> <span class='ocrx_word' id='word_1_133' title='bbox 3234 572 3309 645; x_wconf 78' lang='grc' dir='ltr'><strong>(ε)</strong></span> <span class='ocrx_word' id='word_1_134' title='bbox 3336 576 3542 630; x_wconf 87' lang='lat' dir='ltr'><strong>accedit</strong></span> <span class='ocrx_word' id='word_1_135' title='bbox 3573 577 3826 635; x_wconf 75' lang='lat' dir='ltr'><strong>Tetianus</strong></span> <span class='ocrx_word' id='word_1_136' title='bbox 3862 581 4087 650; x_wconf 72' lang='lat' dir='ltr'><strong>quidam</strong></span> 
     </span>
    </p>
   </div>
   <div class='ocr_carea' id='block_1_18' title="bbox 2479 663 4086 741">
    <p class='ocr_par' dir='ltr' id='par_1_18' title="bbox 2479 663 4086 741">
     <span class='ocr_line' id='line_1_18' title="bbox 2479 663 4086 741; baseline 0.004 -24"><span class='ocrx_word' id='word_1_137' title='bbox 2479 663 2616 720; x_wconf 88' lang='lat' dir='ltr'><strong>alter</strong></span> <span class='ocrx_word' id='word_1_138' title='bbox 2658 664 2963 720; x_wconf 76' lang='lat' dir='ltr'><strong>harreticus.</strong></span> <span class='ocrx_word' id='word_1_139' title='bbox 2999 665 3094 720; x_wconf 86' lang='lat' dir='ltr'><strong>llic</strong></span> <span class='ocrx_word' id='word_1_140' title='bbox 3124 666 3316 720; x_wconf 73' lang='lat' dir='ltr'><strong>Justtni</strong></span> <span class='ocrx_word' id='word_1_141' title='bbox 3351 670 3602 738; x_wconf 74' lang='lat' dir='ltr'><strong>martyris</strong></span> <span class='ocrx_word' id='word_1_142' title='bbox 3627 670 3919 741; x_wconf 83' lang='lat' dir='ltr'><strong>discipulus</strong></span> <span class='ocrx_word' id='word_1_143' title='bbox 3954 672 4086 733; x_wconf 88' lang='lat' dir='ltr'><strong>luit,</strong></span> 
     </span>
    </p>
   </div>
   <div class='ocr_carea' id='block_1_19' title="bbox 2482 756 4086 829">
    <p class='ocr_par' dir='ltr' id='par_1_19' title="bbox 2482 756 4086 829">
     <span class='ocr_line' id='line_1_19' title="bbox 2482 756 4086 829; baseline 0.002 -19"><span class='ocrx_word' id='word_1_144' title='bbox 2482 764 2600 825; x_wconf 85' lang='lat' dir='ltr'><strong>post</strong></span> <span class='ocrx_word' id='word_1_145' title='bbox 2632 756 2773 811; x_wconf 87' lang='lat' dir='ltr'><strong>hunc</strong></span> <span class='ocrx_word' id='word_1_146' title='bbox 2801 757 3011 812; x_wconf 77' lang='lat' dir='ltr'><strong>diversa</strong></span> <span class='ocrx_word' id='word_1_147' title='bbox 3040 760 3241 814; x_wconf 88' lang='lat' dir='ltr'><strong>sentire</strong></span> <span class='ocrx_word' id='word_1_148' title='bbox 3288 760 3468 829; x_wconf 67' lang='lat' dir='ltr'><strong>cmpit.</strong></span> <span class='ocrx_word' id='word_1_149' title='bbox 3507 760 3673 815; x_wconf 90' lang='lat' dir='ltr'><strong>Totus</strong></span> <span class='ocrx_word' id='word_1_150' title='bbox 3703 764 3845 817; x_wconf 88' lang='lat' dir='ltr'><strong>enim</strong></span> <span class='ocrx_word' id='word_1_151' title='bbox 3888 777 4086 816; x_wconf 80' lang='lat' dir='ltr'><strong>secun-</strong></span> 
     </span>
    </p>
   </div>
   <div class='ocr_carea' id='block_1_20' title="bbox 2479 847 4091 921">
    <p class='ocr_par' dir='ltr' id='par_1_20' title="bbox 2479 847 4091 921">
     <span class='ocr_line' id='line_1_20' title="bbox 2479 847 4091 921; baseline 0.004 -19"><span class='ocrx_word' id='word_1_152' title='bbox 2479 847 2605 902; x_wconf 89' lang='lat' dir='ltr'><strong>dum</strong></span> <span class='ocrx_word' id='word_1_153' title='bbox 2644 848 2987 905; x_wconf 80' lang='lat' dir='ltr'><strong>Valentinum</strong></span> <span class='ocrx_word' id='word_1_154' title='bbox 3017 852 3187 920; x_wconf 91' lang='lat' dir='ltr'><strong>sapit,</strong></span> <span class='ocrx_word' id='word_1_155' title='bbox 3244 852 3506 921; x_wconf 86' lang='lat' dir='ltr'><strong>adjicieus</strong></span> <span class='ocrx_word' id='word_1_156' title='bbox 3547 854 3705 918; x_wconf 90' lang='lat' dir='ltr'><strong>illud,</strong></span> <span class='ocrx_word' id='word_1_157' title='bbox 3766 855 3933 912; x_wconf 79' lang='lat' dir='ltr'><strong>Adam</strong></span> <span class='ocrx_word' id='word_1_158' title='bbox 3994 872 4091 909; x_wconf 75' lang='lat' dir='ltr'><strong>nec</strong></span> 
     </span>
    </p>
   </div>
   <div class='ocr_carea' id='block_1_21' title="bbox 2479 941 4088 1013">
    <p class='ocr_par' dir='ltr' id='par_1_21' title="bbox 2479 941 4088 1013">
     <span class='ocr_line' id='line_1_21' title="bbox 2479 941 4088 1013; baseline 0.002 -18"><span class='ocrx_word' id='word_1_159' title='bbox 2479 941 2707 995; x_wconf 85' lang='lat' dir='ltr'><strong>salutem</strong></span> <span class='ocrx_word' id='word_1_160' title='bbox 2758 941 3017 1013; x_wconf 82' lang='lat' dir='ltr'><strong>consequi</strong></span> <span class='ocrx_word' id='word_1_161' title='bbox 3063 958 3248 1012; x_wconf 75' lang='lat' dir='ltr'><strong>p0sse:</strong></span> <span class='ocrx_word' id='word_1_162' title='bbox 3298 944 3447 1013; x_wconf 87' lang='lat' dir='ltr'><strong>quasi</strong></span> <span class='ocrx_word' id='word_1_163' title='bbox 3492 960 3632 1009; x_wconf 90' lang='lat' dir='ltr'><strong>non,</strong></span> <span class='ocrx_word' id='word_1_164' title='bbox 3667 950 3709 999; x_wconf 89' lang='lat' dir='ltr'><strong>si</strong></span> <span class='ocrx_word' id='word_1_165' title='bbox 3764 948 3897 999; x_wconf 91' lang='lat' dir='ltr'><strong>rami</strong></span> <span class='ocrx_word' id='word_1_166' title='bbox 3952 948 4088 999; x_wconf 71' lang='lat' dir='ltr'><strong>salii</strong></span> 
     </span>
    </p>
   </div>
   <div class='ocr_carea' id='block_1_22' title="bbox 2480 1030 4087 1098">
    <p class='ocr_par' dir='ltr' id='par_1_22' title="bbox 2480 1030 4087 1098">
     <span class='ocr_line' id='line_1_22' title="bbox 2480 1030 4087 1098; baseline 0.002 -12"><span class='ocrx_word' id='word_1_167' title='bbox 2480 1030 2639 1096; x_wconf 80' lang='lat' dir='ltr'><strong>ﬁant,</strong></span> <span class='ocrx_word' id='word_1_168' title='bbox 2691 1043 2746 1087; x_wconf 89' lang='lat' dir='ltr'><strong>et</strong></span> <span class='ocrx_word' id='word_1_169' title='bbox 2777 1034 3103 1089; x_wconf 79' lang='lat' dir='ltr'><strong>radixsalva</strong></span> <span class='ocrx_word' id='word_1_170' title='bbox 3134 1035 3223 1088; x_wconf 90' lang='lat' dir='ltr'><strong>sit.</strong></span> <span class='ocrx_word' id='word_1_171' title='bbox 3257 1035 3615 1090; x_wconf 82' lang='lat' dir='ltr'><strong>Accesserunt</strong></span> <span class='ocrx_word' id='word_1_172' title='bbox 3662 1037 3750 1093; x_wconf 82' lang='lat' dir='ltr'><strong>alii</strong></span> <span class='ocrx_word' id='word_1_173' title='bbox 3806 1038 4087 1098; x_wconf 58' lang='lat' dir='ltr'><strong>heretici.</strong></span> 
     </span>
    </p>
   </div>
   <div class='ocr_carea' id='block_1_23' title="bbox 2479 1125 4087 1197">
    <p class='ocr_par' dir='ltr' id='par_1_23' title="bbox 2479 1125 4087 1197">
     <span class='ocr_line' id='line_1_23' title="bbox 2479 1125 4087 1197; baseline 0.002 -19"><span class='ocrx_word' id='word_1_174' title='bbox 2479 1125 2568 1195; x_wconf 91' lang='lat' dir='ltr'><strong>qui</strong></span> <span class='ocrx_word' id='word_1_175' title='bbox 2597 1126 2846 1181; x_wconf 91' lang='lat' dir='ltr'><strong>dicuntur</strong></span> <span class='ocrx_word' id='word_1_176' title='bbox 2876 1125 2956 1197; x_wconf 84' lang='lat' dir='ltr'><strong>(d)</strong></span> <span class='ocrx_word' id='word_1_177' title='bbox 3010 1126 3301 1181; x_wconf 91' lang='lat' dir='ltr'><strong>secundum</strong></span> <span class='ocrx_word' id='word_1_178' title='bbox 3335 1126 3601 1197; x_wconf 78' lang='lat' dir='ltr'><strong>Phrygas;</strong></span> <span class='ocrx_word' id='word_1_179' title='bbox 3632 1128 3723 1182; x_wconf 83' lang='lat' dir='ltr'><strong>sed</strong></span> <span class='ocrx_word' id='word_1_180' title='bbox 3755 1127 3946 1183; x_wconf 87' lang='lat' dir='ltr'><strong>horum</strong></span> <span class='ocrx_word' id='word_1_181' title='bbox 3983 1145 4087 1183; x_wconf 91' lang='lat' dir='ltr'><strong>non</strong></span> 
     </span>
    </p>
   </div>
   <div class='ocr_carea' id='block_1_24' title="bbox 2485 1217 4091 1289">
    <p class='ocr_par' dir='ltr' id='par_1_24' title="bbox 2485 1217 4091 1289">
     <span class='ocr_line' id='line_1_24' title="bbox 2485 1217 4091 1289; baseline 0.003 -20"><span class='ocrx_word' id='word_1_182' title='bbox 2485 1232 2588 1271; x_wconf 89' lang='lat' dir='ltr'><strong>una</strong></span> <span class='ocrx_word' id='word_1_183' title='bbox 2620 1218 2864 1271; x_wconf 77' lang='lat' dir='ltr'><strong>doctrina</strong></span> <span class='ocrx_word' id='word_1_184' title='bbox 2912 1230 3014 1272; x_wconf 75' lang='lat' dir='ltr'><strong>est.</strong></span> <span class='ocrx_word' id='word_1_185' title='bbox 3049 1217 3184 1274; x_wconf 83' lang='lat' dir='ltr'><strong>Sunt</strong></span> <span class='ocrx_word' id='word_1_186' title='bbox 3234 1220 3375 1272; x_wconf 87' lang='lat' dir='ltr'><strong>enim</strong></span> <span class='ocrx_word' id='word_1_187' title='bbox 3424 1220 3511 1289; x_wconf 88' lang='lat' dir='ltr'><strong>qui</strong></span> <span class='ocrx_word' id='word_1_188' title='bbox 3554 1226 3679 1276; x_wconf 69' lang='grc' dir='ltr'><strong>κατὰ.</strong></span> <span class='ocrx_word' id='word_1_189' title='bbox 3724 1221 3973 1275; x_wconf 75' lang='lat' dir='ltr'><strong>I’roclurn</strong></span> <span class='ocrx_word' id='word_1_190' title='bbox 4014 1221 4091 1274; x_wconf 85' lang='lat' dir='ltr'><strong>di-</strong></span> 
     </span>
    </p>
   </div>
   <div class='ocr_carea' id='block_1_25' title="bbox 2478 1309 4087 1381">
    <p class='ocr_par' dir='ltr' id='par_1_25' title="bbox 2478 1309 4087 1381">
     <span class='ocr_line' id='line_1_25' title="bbox 2478 1309 4087 1381; baseline 0.002 -20"><span class='ocrx_word' id='word_1_191' title='bbox 2478 1318 2691 1373; x_wconf 75' lang='lat' dir='ltr'><strong>cuntur,</strong></span> <span class='ocrx_word' id='word_1_192' title='bbox 2722 1320 2846 1363; x_wconf 83' lang='lat' dir='ltr'><strong>sttltt</strong></span> <span class='ocrx_word' id='word_1_193' title='bbox 2872 1311 2961 1378; x_wconf 89' lang='lat' dir='ltr'><strong>qui</strong></span> <span class='ocrx_word' id='word_1_194' title='bbox 2993 1311 3287 1365; x_wconf 83' lang='lat' dir='ltr'><strong>secundum</strong></span> <span class='ocrx_word' id='word_1_195' title='bbox 3307 1309 3621 1365; x_wconf 63' lang='lat' dir='ltr'><strong>xEschitietn</strong></span> <span class='ocrx_word' id='word_1_196' title='bbox 3648 1315 4087 1381; x_wconf 82' lang='lat' dir='ltr'><strong>pronuntiantur.</strong></span> 
     </span>
    </p>
   </div>
   <div class='ocr_carea' id='block_1_26' title="bbox 2480 1399 4089 1473">
    <p class='ocr_par' dir='ltr' id='par_1_26' title="bbox 2480 1399 4089 1473">
     <span class='ocr_line' id='line_1_26' title="bbox 2480 1399 4089 1473; baseline 0.004 -20"><span class='ocrx_word' id='word_1_197' title='bbox 2480 1399 2542 1453; x_wconf 89' lang='lat' dir='ltr'><strong>Ili</strong></span> <span class='ocrx_word' id='word_1_198' title='bbox 2598 1400 2799 1455; x_wconf 82' lang='lat' dir='ltr'><strong>habent</strong></span> <span class='ocrx_word' id='word_1_199' title='bbox 2848 1402 3007 1456; x_wconf 82' lang='lat' dir='ltr'><strong>aliam</strong></span> <span class='ocrx_word' id='word_1_200' title='bbox 3058 1418 3399 1457; x_wconf 85' lang='lat' dir='ltr'><strong>communem</strong></span> <span class='ocrx_word' id='word_1_201' title='bbox 3450 1402 3875 1473; x_wconf 86' lang='lat' dir='ltr'><strong>blasphemiam,</strong></span> <span class='ocrx_word' id='word_1_202' title='bbox 3920 1407 4089 1460; x_wconf 74' lang='lat' dir='ltr'><strong>aliam</strong></span> 
     </span>
    </p>
   </div>
   <div class='ocr_carea' id='block_1_27' title="bbox 2480 1492 4088 1567">
    <p class='ocr_par' dir='ltr' id='par_1_27' title="bbox 2480 1492 4088 1567">
     <span class='ocr_line' id='line_1_27' title="bbox 2480 1492 4088 1567; baseline 0.004 -20"><span class='ocrx_word' id='word_1_203' title='bbox 2480 1492 2863 1562; x_wconf 88' lang='lat' dir='ltr'><strong>Idasphemiam</strong></span> <span class='ocrx_word' id='word_1_204' title='bbox 2897 1512 3000 1549; x_wconf 89' lang='lat' dir='ltr'><strong>non</strong></span> <span class='ocrx_word' id='word_1_205' title='bbox 3042 1511 3379 1551; x_wconf 85' lang='lat' dir='ltr'><strong>communem</strong></span> <span class='ocrx_word' id='word_1_206' title='bbox 3397 1538 3411 1562; x_wconf 94' lang='lat'><strong>,</strong></span> <span class='ocrx_word' id='word_1_207' title='bbox 3437 1495 3532 1551; x_wconf 87' lang='lat' dir='ltr'><strong>sed</strong></span> <span class='ocrx_word' id='word_1_208' title='bbox 3558 1500 3879 1567; x_wconf 78' lang='lat' dir='ltr'><strong>peculiarem</strong></span> <span class='ocrx_word' id='word_1_209' title='bbox 3906 1515 4088 1553; x_wconf 81' lang='lat' dir='ltr'><strong>suam:</strong></span> 
     </span>
    </p>
   </div>
   <div class='ocr_carea' id='block_1_28' title="bbox 2479 1590 4090 1662">
    <p class='ocr_par' dir='ltr' id='par_1_28' title="bbox 2479 1590 4090 1662">
     <span class='ocr_line' id='line_1_28' title="bbox 2479 1590 4090 1662; baseline 0.003 -21"><span class='ocrx_word' id='word_1_210' title='bbox 2479 1596 2533 1641; x_wconf 88' lang='lat' dir='ltr'><strong>et</strong></span> <span class='ocrx_word' id='word_1_211' title='bbox 2557 1603 2896 1643; x_wconf 86' lang='lat' dir='ltr'><strong>communem</strong></span> <span class='ocrx_word' id='word_1_212' title='bbox 2920 1590 3133 1659; x_wconf 85' lang='lat' dir='ltr'><strong>quidem</strong></span> <span class='ocrx_word' id='word_1_213' title='bbox 3158 1590 3322 1654; x_wconf 90' lang='lat' dir='ltr'><strong>illatn,</strong></span> <span class='ocrx_word' id='word_1_214' title='bbox 3348 1607 3448 1659; x_wconf 91' lang='lat' dir='ltr'><strong>qua</strong></span> <span class='ocrx_word' id='word_1_215' title='bbox 3480 1593 3530 1645; x_wconf 90' lang='lat' dir='ltr'><strong>in</strong></span> <span class='ocrx_word' id='word_1_216' title='bbox 3564 1593 3835 1661; x_wconf 75' lang='lat' dir='ltr'><strong>Apostolis</strong></span> <span class='ocrx_word' id='word_1_217' title='bbox 3866 1594 4090 1662; x_wconf 77' lang='lat' dir='ltr'><strong>quidem</strong></span> 
     </span>
    </p>
   </div>
   <div class='ocr_carea' id='block_1_29' title="bbox 2480 1680 4090 1752">
    <p class='ocr_par' dir='ltr' id='par_1_29' title="bbox 2480 1680 4090 1752">
     <span class='ocr_line' id='line_1_29' title="bbox 2480 1680 4090 1752; baseline 0.006 -19"><span class='ocrx_word' id='word_1_218' title='bbox 2480 1680 2658 1735; x_wconf 85' lang='lat' dir='ltr'><strong>tlieant</strong></span> <span class='ocrx_word' id='word_1_219' title='bbox 2703 1682 2958 1752; x_wconf 87' lang='lat' dir='ltr'><strong>Spiritum</strong></span> <span class='ocrx_word' id='word_1_220' title='bbox 3001 1682 3253 1739; x_wconf 84' lang='lat' dir='ltr'><strong>Sanetnm</strong></span> <span class='ocrx_word' id='word_1_221' title='bbox 3318 1684 3517 1750; x_wconf 78' lang='lat' dir='ltr'><strong>fuisse,</strong></span> <span class='ocrx_word' id='word_1_222' title='bbox 3584 1686 3916 1741; x_wconf 86' lang='lat' dir='ltr'><strong>Paracletum</strong></span> <span class='ocrx_word' id='word_1_223' title='bbox 3984 1706 4090 1744; x_wconf 90' lang='lat' dir='ltr'><strong>non</strong></span> 
     </span>
    </p>
   </div>
   <div class='ocr_carea' id='block_1_30' title="bbox 2482 1773 4092 1847">
    <p class='ocr_par' dir='ltr' id='par_1_30' title="bbox 2482 1773 4092 1847">
     <span class='ocr_line' id='line_1_30' title="bbox 2482 1773 4092 1847; baseline 0.004 -20"><span class='ocrx_word' id='word_1_224' title='bbox 2482 1773 2682 1829; x_wconf 81' lang='lat' dir='ltr'><strong>fuisse:</strong></span> <span class='ocrx_word' id='word_1_225' title='bbox 2716 1785 2771 1829; x_wconf 94' lang='lat' dir='ltr'><strong>et</strong></span> <span class='ocrx_word' id='word_1_226' title='bbox 2816 1792 2918 1845; x_wconf 91' lang='lat' dir='ltr'><strong>qua</strong></span> <span class='ocrx_word' id='word_1_227' title='bbox 2949 1776 3131 1830; x_wconf 86' lang='lat' dir='ltr'><strong>dicant</strong></span> <span class='ocrx_word' id='word_1_228' title='bbox 3162 1776 3497 1831; x_wconf 86' lang='lat' dir='ltr'><strong>Paracletum</strong></span> <span class='ocrx_word' id='word_1_229' title='bbox 3543 1778 3692 1847; x_wconf 87' lang='lat' dir='ltr'><strong>plura</strong></span> <span class='ocrx_word' id='word_1_230' title='bbox 3744 1779 3795 1833; x_wconf 90' lang='lat' dir='ltr'><strong>in</strong></span> <span class='ocrx_word' id='word_1_231' title='bbox 3827 1780 4092 1836; x_wconf 75' lang='lat' dir='ltr'><strong>Montano</strong></span> 
     </span>
    </p>
   </div>
   <div class='ocr_carea' id='block_1_31' title="bbox 774 1864 4090 1949">
    <p class='ocr_par' dir='ltr' id='par_1_31' title="bbox 774 1864 4090 1949">
     <span class='ocr_line' id='line_1_31' title="bbox 774 1864 4090 1949; baseline 0.003 -31"><span class='ocrx_word' id='word_1_232' title='bbox 774 1864 1025 1920; x_wconf 87' lang='lat' dir='ltr'><strong>virtutem</strong></span> <span class='ocrx_word' id='word_1_233' title='bbox 1055 1881 1215 1937; x_wconf 88' lang='lat' dir='ltr'><strong>quam</strong></span> <span class='ocrx_word' id='word_1_234' title='bbox 1245 1865 1408 1933; x_wconf 92' lang='lat' dir='ltr'><strong>dicit,</strong></span> <span class='ocrx_word' id='word_1_235' title='bbox 1433 1864 1720 1921; x_wconf 89' lang='lat' dir='ltr'><strong>Dominum</strong></span> <span class='ocrx_word' id='word_1_236' title='bbox 1752 1866 1879 1920; x_wconf 90' lang='lat' dir='ltr'><strong>dicit</strong></span> <span class='ocrx_word' id='word_1_237' title='bbox 1927 1906 1941 1931; x_wconf 94' lang='lat'><strong>,</strong></span> <span class='ocrx_word' id='word_1_238' title='bbox 1984 1867 2076 1921; x_wconf 85' lang='lat' dir='ltr'><strong>sed</strong></span> <span class='ocrx_word' id='word_1_239' title='bbox 2125 1867 2370 1937; x_wconf 77' lang='lat' dir='ltr'><strong>angelum</strong></span> <span class='ocrx_word' id='word_1_240' title='bbox 2408 1890 2455 1949; x_wconf 79' lang='grc' dir='ltr'><strong>Β</strong></span> <span class='ocrx_word' id='word_1_241' title='bbox 2484 1865 2685 1922; x_wconf 75' lang='lat' dir='ltr'><strong>dixisse</strong></span> <span class='ocrx_word' id='word_1_242' title='bbox 2707 1908 2721 1932; x_wconf 90' lang='lat'><strong>,</strong></span> <span class='ocrx_word' id='word_1_243' title='bbox 2772 1884 2933 1937; x_wconf 80' lang='lat' dir='ltr'><strong>quant</strong></span> <span class='ocrx_word' id='word_1_244' title='bbox 2966 1866 3236 1922; x_wconf 80' lang='lat' dir='ltr'><strong>Christum</strong></span> <span class='ocrx_word' id='word_1_245' title='bbox 3286 1869 3339 1923; x_wconf 95' lang='lat' dir='ltr'><strong>in</strong></span> <span class='ocrx_word' id='word_1_246' title='bbox 3374 1870 3717 1940; x_wconf 76' lang='lat' dir='ltr'><strong>Evangeliqu</strong></span> <span class='ocrx_word' id='word_1_247' title='bbox 3753 1875 4050 1942; x_wconf 81' lang='lat' dir='ltr'><strong>protulisse</strong></span> <span class='ocrx_word' id='word_1_248' title='bbox 4078 1920 4090 1943; x_wconf 84' lang='lat'><strong>,</strong></span> 
     </span>
    </p>
   </div>
   <div class='ocr_carea' id='block_1_32' title="bbox 772 1958 2371 2030">
    <p class='ocr_par' dir='ltr' id='par_1_32' title="bbox 772 1958 2371 2030">
     <span class='ocr_line' id='line_1_32' title="bbox 772 1958 2371 2030; baseline 0.001 -17"><span class='ocrx_word' id='word_1_249' title='bbox 772 1959 943 2030; x_wconf 83' lang='lat' dir='ltr'><strong>ponit.</strong></span> <span class='ocrx_word' id='word_1_250' title='bbox 972 1958 1083 2015; x_wconf 92' lang='lat' dir='ltr'><strong>lloc</strong></span> <span class='ocrx_word' id='word_1_251' title='bbox 1104 1959 1216 2013; x_wconf 92' lang='lat' dir='ltr'><strong>vult</strong></span> <span class='ocrx_word' id='word_1_252' title='bbox 1234 1958 1399 2014; x_wconf 86' lang='lat' dir='ltr'><strong>videri</strong></span> <span class='ocrx_word' id='word_1_253' title='bbox 1425 1959 1680 2013; x_wconf 88' lang='lat' dir='ltr'><strong>mundum</strong></span> <span class='ocrx_word' id='word_1_254' title='bbox 1702 1960 1997 2014; x_wconf 88' lang='lat' dir='ltr'><strong>institutqu</strong></span> <span class='ocrx_word' id='word_1_255' title='bbox 2024 1960 2088 2015; x_wconf 80' lang='lat' dir='ltr'><strong>ad</strong></span> <span class='ocrx_word' id='word_1_256' title='bbox 2117 1961 2371 2015; x_wconf 89' lang='lat' dir='ltr'><strong>imitatio-</strong></span> 
     </span>
    </p>
   </div>
   <div class='ocr_carea' id='block_1_33' title="bbox 772 2052 2376 2124">
    <p class='ocr_par' dir='ltr' id='par_1_33' title="bbox 772 2052 2376 2124">
     <span class='ocr_line' id='line_1_33' title="bbox 772 2052 2376 2124; baseline 0.002 -18"><span class='ocrx_word' id='word_1_257' title='bbox 772 2067 897 2106; x_wconf 87' lang='lat' dir='ltr'><strong>nem</strong></span> <span class='ocrx_word' id='word_1_258' title='bbox 927 2052 1108 2106; x_wconf 89' lang='lat' dir='ltr'><strong>mundi</strong></span> <span class='ocrx_word' id='word_1_259' title='bbox 1137 2053 1433 2123; x_wconf 86' lang='lat' dir='ltr'><strong>superioris</strong></span> <span class='ocrx_word' id='word_1_260' title='bbox 1456 2092 1470 2116; x_wconf 92' lang='lat'><strong>,</strong></span> <span class='ocrx_word' id='word_1_261' title='bbox 1506 2052 1590 2107; x_wconf 91' lang='lat' dir='ltr'><strong>cui</strong></span> <span class='ocrx_word' id='word_1_262' title='bbox 1624 2052 1824 2106; x_wconf 90' lang='lat' dir='ltr'><strong>mundo</strong></span> <span class='ocrx_word' id='word_1_263' title='bbox 1851 2053 2229 2121; x_wconf 78' lang='lat' dir='ltr'><strong>permiscuisse</strong></span> <span class='ocrx_word' id='word_1_264' title='bbox 2263 2069 2376 2124; x_wconf 73' lang='lat' dir='ltr'><strong>pa:-</strong></span> 
     </span>
    </p>
   </div>
   <div class='ocr_carea' id='block_1_34' title="bbox 771 2142 2371 2213">
    <p class='ocr_par' dir='ltr' id='par_1_34' title="bbox 771 2142 2371 2213">
     <span class='ocr_line' id='line_1_34' title="bbox 771 2142 2371 2213; baseline 0 -16"><span class='ocrx_word' id='word_1_265' title='bbox 771 2142 1095 2207; x_wconf 89' lang='lat' dir='ltr'><strong>nitentiam;</strong></span> <span class='ocrx_word' id='word_1_266' title='bbox 1141 2143 1265 2213; x_wconf 86' lang='lat' dir='ltr'><strong>quia</strong></span> <span class='ocrx_word' id='word_1_267' title='bbox 1323 2158 1427 2197; x_wconf 93' lang='lat' dir='ltr'><strong>non</strong></span> <span class='ocrx_word' id='word_1_268' title='bbox 1476 2142 1623 2197; x_wconf 90' lang='lat' dir='ltr'><strong>illum</strong></span> <span class='ocrx_word' id='word_1_269' title='bbox 1676 2152 1780 2196; x_wconf 89' lang='lat' dir='ltr'><strong>tam</strong></span> <span class='ocrx_word' id='word_1_270' title='bbox 1832 2145 2067 2213; x_wconf 76' lang='lat' dir='ltr'><strong>perfecte</strong></span> <span class='ocrx_word' id='word_1_271' title='bbox 2122 2144 2371 2212; x_wconf 77' lang='lat' dir='ltr'><strong>fecisset,</strong></span> 
     </span>
    </p>
   </div>
   <div class='ocr_carea' id='block_1_35' title="bbox 770 2235 2371 2306">
    <p class='ocr_par' dir='ltr' id='par_1_35' title="bbox 770 2235 2371 2306">
     <span class='ocr_line' id='line_1_35' title="bbox 770 2235 2371 2306; baseline 0.002 -17"><span class='ocrx_word' id='word_1_272' title='bbox 770 2251 929 2306; x_wconf 85' lang='lat' dir='ltr'><strong>quam</strong></span> <span class='ocrx_word' id='word_1_273' title='bbox 962 2235 1053 2291; x_wconf 90' lang='lat' dir='ltr'><strong>ille</strong></span> <span class='ocrx_word' id='word_1_274' title='bbox 1081 2237 1326 2306; x_wconf 87' lang='lat' dir='ltr'><strong>superior</strong></span> <span class='ocrx_word' id='word_1_275' title='bbox 1367 2235 1598 2290; x_wconf 91' lang='lat' dir='ltr'><strong>mundus</strong></span> <span class='ocrx_word' id='word_1_276' title='bbox 1625 2237 1899 2290; x_wconf 87' lang='lat' dir='ltr'><strong>institutus</strong></span> <span class='ocrx_word' id='word_1_277' title='bbox 1931 2236 2141 2291; x_wconf 80' lang='lat' dir='ltr'><strong>fuisset.</strong></span> <span class='ocrx_word' id='word_1_278' title='bbox 2172 2237 2371 2305; x_wconf 68' lang='lat' dir='ltr'><strong>Legem</strong></span> 
     </span>
    </p>
   </div>
   <div class='ocr_carea' id='block_1_36' title="bbox 770 2327 2372 2401">
    <p class='ocr_par' dir='ltr' id='par_1_36' title="bbox 770 2327 2372 2401">
     <span class='ocr_line' id='line_1_36' title="bbox 770 2327 2372 2401; baseline -0.001 -15"><span class='ocrx_word' id='word_1_279' title='bbox 770 2339 825 2386; x_wconf 91' lang='lat' dir='ltr'><strong>et</strong></span> <span class='ocrx_word' id='word_1_280' title='bbox 843 2330 1135 2401; x_wconf 81' lang='lat' dir='ltr'><strong>praphetas</strong></span> <span class='ocrx_word' id='word_1_281' title='bbox 1152 2329 1418 2399; x_wconf 88' lang='lat' dir='ltr'><strong>repudiat.</strong></span> <span class='ocrx_word' id='word_1_282' title='bbox 1441 2327 1715 2383; x_wconf 85' lang='lat' dir='ltr'><strong>Christum</strong></span> <span class='ocrx_word' id='word_1_283' title='bbox 1739 2346 1913 2401; x_wconf 90' lang='lat' dir='ltr'><strong>neque</strong></span> <span class='ocrx_word' id='word_1_284' title='bbox 1930 2331 1980 2384; x_wconf 91' lang='lat' dir='ltr'><strong>in</strong></span> <span class='ocrx_word' id='word_1_285' title='bbox 2001 2329 2372 2400; x_wconf 84' lang='lat' dir='ltr'><strong>phantasmate</strong></span> 
     </span>
    </p>
   </div>
   <div class='ocr_carea' id='block_1_37' title="bbox 771 2423 2371 2493">
    <p class='ocr_par' dir='ltr' id='par_1_37' title="bbox 771 2423 2371 2493">
     <span class='ocr_line' id='line_1_37' title="bbox 771 2423 2371 2493; baseline 0.001 -14"><span class='ocrx_word' id='word_1_286' title='bbox 771 2423 902 2479; x_wconf 88' lang='lat' dir='ltr'><strong>dicit</strong></span> <span class='ocrx_word' id='word_1_287' title='bbox 934 2423 1122 2489; x_wconf 78' lang='lat' dir='ltr'><strong>fuisse,</strong></span> <span class='ocrx_word' id='word_1_288' title='bbox 1152 2425 1291 2479; x_wconf 89' lang='lat' dir='ltr'><strong>sicut</strong></span> <span class='ocrx_word' id='word_1_289' title='bbox 1319 2423 1577 2485; x_wconf 78' lang='lat' dir='ltr'><strong>Marcion.</strong></span> <span class='ocrx_word' id='word_1_290' title='bbox 1631 2438 1804 2493; x_wconf 91' lang='lat' dir='ltr'><strong>neque</strong></span> <span class='ocrx_word' id='word_1_291' title='bbox 1848 2427 1897 2477; x_wconf 91' lang='lat' dir='ltr'><strong>in</strong></span> <span class='ocrx_word' id='word_1_292' title='bbox 1927 2423 2222 2479; x_wconf 82' lang='lat' dir='ltr'><strong>substantia</strong></span> <span class='ocrx_word' id='word_1_293' title='bbox 2256 2425 2371 2480; x_wconf 90' lang='lat' dir='ltr'><strong>veri</strong></span> 
     </span>
    </p>
   </div>
   <div class='ocr_carea' id='block_1_38' title="bbox 774 2516 2369 2588">
    <p class='ocr_par' dir='ltr' id='par_1_38' title="bbox 774 2516 2369 2588">
     <span class='ocr_line' id='line_1_38' title="bbox 774 2516 2369 2588; baseline 0.001 -16"><span class='ocrx_word' id='word_1_294' title='bbox 774 2516 1038 2585; x_wconf 83' lang='lat' dir='ltr'><strong>corporis,</strong></span> <span class='ocrx_word' id='word_1_295' title='bbox 1072 2527 1127 2571; x_wconf 83' lang='grc' dir='ltr'><strong>ιιι</strong></span> <span class='ocrx_word' id='word_1_296' title='bbox 1152 2516 1497 2586; x_wconf 79' lang='lat' dir='ltr'><strong>Evangelium</strong></span> <span class='ocrx_word' id='word_1_297' title='bbox 1528 2516 1725 2580; x_wconf 90' lang='lat' dir='ltr'><strong>ducet;</strong></span> <span class='ocrx_word' id='word_1_298' title='bbox 1758 2516 1851 2571; x_wconf 91' lang='lat' dir='ltr'><strong>sed</strong></span> <span class='ocrx_word' id='word_1_299' title='bbox 1876 2532 1941 2570; x_wconf 88' lang='lat' dir='ltr'><strong>eo</strong></span> <span class='ocrx_word' id='word_1_300' title='bbox 1969 2518 2109 2587; x_wconf 88' lang='lat' dir='ltr'><strong>quod</strong></span> <span class='ocrx_word' id='word_1_301' title='bbox 2125 2532 2164 2586; x_wconf 86' lang='lat' dir='ltr'><strong>_e</strong></span> <span class='ocrx_word' id='word_1_302' title='bbox 2206 2532 2369 2588; x_wconf 84' lang='lat' dir='ltr'><strong>supe-</strong></span> 
     </span>
    </p>
   </div>
   <div class='ocr_carea' id='block_1_39' title="bbox 769 2608 2367 2678">
    <p class='ocr_par' dir='ltr' id='par_1_39' title="bbox 769 2608 2367 2678">
     <span class='ocr_line' id='line_1_39' title="bbox 769 2608 2367 2678; baseline 0 -14"><span class='ocrx_word' id='word_1_303' title='bbox 769 2608 1000 2665; x_wconf 85' lang='lat' dir='ltr'><strong>rioribus</strong></span> <span class='ocrx_word' id='word_1_304' title='bbox 1021 2609 1261 2678; x_wconf 88' lang='lat' dir='ltr'><strong>partibus</strong></span> <span class='ocrx_word' id='word_1_305' title='bbox 1282 2608 1657 2674; x_wconf 87' lang='lat' dir='ltr'><strong>descenderet,</strong></span> <span class='ocrx_word' id='word_1_306' title='bbox 1683 2608 1797 2678; x_wconf 89' lang='lat' dir='ltr'><strong>ipso</strong></span> <span class='ocrx_word' id='word_1_307' title='bbox 1817 2608 2081 2664; x_wconf 87' lang='lat' dir='ltr'><strong>descensu</strong></span> <span class='ocrx_word' id='word_1_308' title='bbox 2103 2608 2367 2664; x_wconf 87' lang='lat' dir='ltr'><strong>sideream</strong></span> 
     </span>
    </p>
   </div>
   <div class='ocr_carea' id='block_1_40' title="bbox 767 2702 2370 2761">
    <p class='ocr_par' dir='ltr' id='par_1_40' title="bbox 767 2702 2370 2761">
     <span class='ocr_line' id='line_1_40' title="bbox 767 2702 2370 2761; baseline 0.001 -2"><span class='ocrx_word' id='word_1_309' title='bbox 767 2702 870 2759; x_wconf 89' lang='lat' dir='ltr'><strong>sibi</strong></span> <span class='ocrx_word' id='word_1_310' title='bbox 897 2718 1113 2758; x_wconf 88' lang='lat' dir='ltr'><strong>carnem</strong></span> <span class='ocrx_word' id='word_1_311' title='bbox 1143 2715 1195 2758; x_wconf 94' lang='lat' dir='ltr'><strong>et</strong></span> <span class='ocrx_word' id='word_1_312' title='bbox 1222 2719 1415 2757; x_wconf 65' lang='lat' dir='ltr'><strong>aeream</strong></span> <span class='ocrx_word' id='word_1_313' title='bbox 1440 2704 1817 2758; x_wconf 71' lang='lat' dir='ltr'><strong>contonuisse:</strong></span> <span class='ocrx_word' id='word_1_314' title='bbox 1864 2704 2003 2758; x_wconf 91' lang='lat' dir='ltr'><strong>hunc</strong></span> <span class='ocrx_word' id='word_1_315' title='bbox 2033 2705 2085 2759; x_wconf 96' lang='lat' dir='ltr'><strong>in</strong></span> <span class='ocrx_word' id='word_1_316' title='bbox 2135 2720 2370 2761; x_wconf 82' lang='lat' dir='ltr'><strong>resurre-</strong></span> 
     </span>
    </p>
   </div>
   <div class='ocr_carea' id='block_1_41' title="bbox 767 2795 2367 2867">
    <p class='ocr_par' dir='ltr' id='par_1_41' title="bbox 767 2795 2367 2867">
     <span class='ocr_line' id='line_1_41' title="bbox 767 2795 2367 2867; baseline 0.001 -16"><span class='ocrx_word' id='word_1_317' title='bbox 767 2796 948 2852; x_wconf 89' lang='lat' dir='ltr'><strong>ctione</strong></span> <span class='ocrx_word' id='word_1_318' title='bbox 966 2797 1187 2866; x_wconf 81' lang='lat' dir='ltr'><strong>singulis</strong></span> <span class='ocrx_word' id='word_1_319' title='bbox 1206 2795 1506 2867; x_wconf 85' lang='lat' dir='ltr'><strong>quibusque</strong></span> <span class='ocrx_word' id='word_1_320' title='bbox 1528 2796 1811 2851; x_wconf 90' lang='lat' dir='ltr'><strong>elementis</strong></span> <span class='ocrx_word' id='word_1_321' title='bbox 1831 2837 1845 2861; x_wconf 92' lang='lat'><strong>,</strong></span> <span class='ocrx_word' id='word_1_322' title='bbox 1872 2812 1993 2867; x_wconf 70' lang='lat' dir='ltr'><strong>qua:</strong></span> <span class='ocrx_word' id='word_1_323' title='bbox 2022 2796 2073 2851; x_wconf 91' lang='lat' dir='ltr'><strong>iu</strong></span> <span class='ocrx_word' id='word_1_324' title='bbox 2103 2796 2367 2854; x_wconf 89' lang='lat' dir='ltr'><strong>descensu</strong></span> 
     </span>
    </p>
   </div>
   <div class='ocr_carea' id='block_1_42' title="bbox 766 2886 2367 2957">
    <p class='ocr_par' dir='ltr' id='par_1_42' title="bbox 766 2886 2367 2957">
     <span class='ocr_line' id='line_1_42' title="bbox 766 2886 2367 2957; baseline 0.002 -14"><span class='ocrx_word' id='word_1_325' title='bbox 766 2902 869 2943; x_wconf 90' lang='lat' dir='ltr'><strong>suo</strong></span> <span class='ocrx_word' id='word_1_326' title='bbox 918 2896 1162 2942; x_wconf 88' lang='lat' dir='ltr'><strong>mutuata</strong></span> <span class='ocrx_word' id='word_1_327' title='bbox 1216 2886 1459 2951; x_wconf 81' lang='lat' dir='ltr'><strong>fuissent,</strong></span> <span class='ocrx_word' id='word_1_328' title='bbox 1494 2886 1545 2941; x_wconf 92' lang='lat' dir='ltr'><strong>in</strong></span> <span class='ocrx_word' id='word_1_329' title='bbox 1591 2902 1816 2943; x_wconf 88' lang='lat' dir='ltr'><strong>ascensu</strong></span> <span class='ocrx_word' id='word_1_330' title='bbox 1849 2888 2185 2957; x_wconf 88' lang='lat' dir='ltr'><strong>reddidisse,</strong></span> <span class='ocrx_word' id='word_1_331' title='bbox 2211 2901 2263 2946; x_wconf 91' lang='lat' dir='ltr'><strong>et</strong></span> <span class='ocrx_word' id='word_1_332' title='bbox 2288 2891 2367 2947; x_wconf 91' lang='lat' dir='ltr'><strong>sic</strong></span> 
     </span>
    </p>
   </div>
   <div class='ocr_carea' id='block_1_43' title="bbox 766 2980 2367 3055">
    <p class='ocr_par' dir='ltr' id='par_1_43' title="bbox 766 2980 2367 3055">
     <span class='ocr_line' id='line_1_43' title="bbox 766 2980 2367 3055; baseline 0.001 -16"><span class='ocrx_word' id='word_1_333' title='bbox 766 2982 1025 3055; x_wconf 79' lang='lat' dir='ltr'><strong>dispersis</strong></span> <span class='ocrx_word' id='word_1_334' title='bbox 1069 2982 1371 3053; x_wconf 84' lang='lat' dir='ltr'><strong>quibusque</strong></span> <span class='ocrx_word' id='word_1_335' title='bbox 1400 2980 1641 3051; x_wconf 87' lang='lat' dir='ltr'><strong>corporis</strong></span> <span class='ocrx_word' id='word_1_336' title='bbox 1693 2982 1777 3037; x_wconf 90' lang='lat' dir='ltr'><strong>sui</strong></span> <span class='ocrx_word' id='word_1_337' title='bbox 1821 2982 2097 3053; x_wconf 84' lang='lat' dir='ltr'><strong>partibus,</strong></span> <span class='ocrx_word' id='word_1_338' title='bbox 2146 2982 2197 3037; x_wconf 93' lang='lat' dir='ltr'><strong>in</strong></span> <span class='ocrx_word' id='word_1_339' title='bbox 2227 2985 2367 3040; x_wconf 73' lang='lat' dir='ltr'><strong>cmlo</strong></span> 
     </span>
    </p>
   </div>
   <div class='ocr_carea' id='block_1_44' title="bbox 765 3072 2365 3146">
    <p class='ocr_par' dir='ltr' id='par_1_44' title="bbox 765 3072 2365 3146">
     <span class='ocr_line' id='line_1_44' title="bbox 765 3072 2365 3146; baseline -0.001 -14"><span class='ocrx_word' id='word_1_340' title='bbox 765 3075 1013 3146; x_wconf 77' lang='lat' dir='ltr'><strong>spiritum</strong></span> <span class='ocrx_word' id='word_1_341' title='bbox 1061 3084 1267 3130; x_wconf 90' lang='lat' dir='ltr'><strong>tantum</strong></span> <span class='ocrx_word' id='word_1_342' title='bbox 1299 3074 1615 3130; x_wconf 88' lang='lat' dir='ltr'><strong>reddidisse.</strong></span> <span class='ocrx_word' id='word_1_343' title='bbox 1649 3072 1745 3129; x_wconf 85' lang='lat' dir='ltr'><strong>llic</strong></span> <span class='ocrx_word' id='word_1_344' title='bbox 1783 3075 1967 3131; x_wconf 89' lang='lat' dir='ltr'><strong>carnis</strong></span> <span class='ocrx_word' id='word_1_345' title='bbox 2008 3077 2365 3131; x_wconf 84' lang='lat' dir='ltr'><strong>resurrectio-</strong></span> 
     </span>
    </p>
   </div>
   <div class='ocr_carea' id='block_1_45' title="bbox 765 3163 2361 3235">
    <p class='ocr_par' dir='ltr' id='par_1_45' title="bbox 765 3163 2361 3235">
     <span class='ocr_line' id='line_1_45' title="bbox 765 3163 2361 3235; baseline 0.001 -14"><span class='ocrx_word' id='word_1_346' title='bbox 765 3180 889 3221; x_wconf 91' lang='lat' dir='ltr'><strong>nem</strong></span> <span class='ocrx_word' id='word_1_347' title='bbox 913 3175 1101 3235; x_wconf 84' lang='lat' dir='ltr'><strong>negat;</strong></span> <span class='ocrx_word' id='word_1_348' title='bbox 1144 3165 1261 3220; x_wconf 87' lang='lat' dir='ltr'><strong>solo</strong></span> <span class='ocrx_word' id='word_1_349' title='bbox 1289 3163 1534 3220; x_wconf 75' lang='lat' dir='ltr'><strong>utituret</strong></span> <span class='ocrx_word' id='word_1_350' title='bbox 1575 3164 1868 3234; x_wconf 80' lang='lat' dir='ltr'><strong>Apostolo,</strong></span> <span class='ocrx_word' id='word_1_351' title='bbox 1900 3164 1994 3220; x_wconf 90' lang='lat' dir='ltr'><strong>sed</strong></span> <span class='ocrx_word' id='word_1_352' title='bbox 2042 3164 2361 3232; x_wconf 87' lang='lat' dir='ltr'><strong>Marcionis,</strong></span> 
     </span>
    </p>
   </div>
   <div class='ocr_carea' id='block_1_46' title="bbox 2484 1961 4059 2037">
    <p class='ocr_par' dir='ltr' id='par_1_46' title="bbox 2484 1961 4059 2037">
     <span class='ocr_line' id='line_1_46' title="bbox 2484 1961 4059 2037; baseline 0.006 -24"><span class='ocrx_word' id='word_1_353' title='bbox 2484 1974 2583 2014; x_wconf 90' lang='lat' dir='ltr'><strong>nec</strong></span> <span class='ocrx_word' id='word_1_354' title='bbox 2619 1969 2823 2015; x_wconf 90' lang='lat' dir='ltr'><strong>tantum</strong></span> <span class='ocrx_word' id='word_1_355' title='bbox 2852 1961 3026 2031; x_wconf 90' lang='lat' dir='ltr'><strong>plura,</strong></span> <span class='ocrx_word' id='word_1_356' title='bbox 3062 1961 3152 2016; x_wconf 85' lang='lat' dir='ltr'><strong>sed</strong></span> <span class='ocrx_word' id='word_1_357' title='bbox 3182 1964 3343 2016; x_wconf 87' lang='lat' dir='ltr'><strong>etiam</strong></span> <span class='ocrx_word' id='word_1_358' title='bbox 3374 1963 3595 2019; x_wconf 88' lang='lat' dir='ltr'><strong>meliora</strong></span> <span class='ocrx_word' id='word_1_359' title='bbox 3628 1974 3790 2035; x_wconf 77' lang='lat' dir='ltr'><strong>atque</strong></span> <span class='ocrx_word' id='word_1_360' title='bbox 3820 1967 4059 2037; x_wconf 78' lang='lat' dir='ltr'><strong>majora.</strong></span> 
     </span>
    </p>
   </div>
   <div class='ocr_carea' id='block_1_47' title="bbox 3085 2097 3477 2155">
    <p class='ocr_par' dir='ltr' id='par_1_47' title="bbox 3085 2097 3477 2155">
     <span class='ocr_line' id='line_1_47' title="bbox 3085 2097 3477 2155; baseline 0.005 -2"><span class='ocrx_word' id='word_1_361' title='bbox 3085 2097 3316 2155; x_wconf 78' lang='lat' dir='ltr'><strong>CAPUT</strong></span> <span class='ocrx_word' id='word_1_362' title='bbox 3347 2098 3477 2155; x_wconf 86' lang='lat' dir='ltr'><strong>LIII.</strong></span> 
     </span>
    </p>
   </div>
   <div class='ocr_carea' id='block_1_48' title="bbox 2480 2207 4095 2289">
    <p class='ocr_par' dir='ltr' id='par_1_48' title="bbox 2480 2207 4095 2289">
     <span class='ocr_line' id='line_1_48' title="bbox 2480 2207 4095 2289; baseline 0.007 -26"><span class='ocrx_word' id='word_1_363' title='bbox 2480 2207 2711 2283; x_wconf 77' lang='lat' dir='ltr'><strong>Denique</strong></span> <span class='ocrx_word' id='word_1_364' title='bbox 2775 2210 3033 2279; x_wconf 80' lang='lat' dir='ltr'><strong>Blaslum,</strong></span> <span class='ocrx_word' id='word_1_365' title='bbox 3069 2211 3387 2267; x_wconf 77' lang='lat' dir='ltr'><strong>Theodotum</strong></span> <span class='ocrx_word' id='word_1_366' title='bbox 3433 2224 3713 2289; x_wconf 82' lang='lat' dir='ltr'><strong>utrumque,</strong></span> <span class='ocrx_word' id='word_1_367' title='bbox 3762 2214 4011 2274; x_wconf 71' lang='lat' dir='ltr'><strong>Premit</strong></span> <span class='ocrx_word' id='word_1_368' title='bbox 4053 2233 4095 2275; x_wconf 78' lang='lat' dir='ltr'><strong>ct</strong></span> 
     </span>
    </p>
   </div>
   <div class='ocr_carea' id='block_1_49' title="bbox 3115 2304 3446 2360">
    <p class='ocr_par' dir='ltr' id='par_1_49' title="bbox 3115 2304 3446 2360">
     <span class='ocr_line' id='line_1_49' title="bbox 3115 2304 3446 2360; baseline 0.006 -2"><span class='ocrx_word' id='word_1_369' title='bbox 3115 2304 3446 2360; x_wconf 82' lang='lat' dir='ltr'><strong>Victorinum.</strong></span> 
     </span>
    </p>
   </div>
   <div class='ocr_carea' id='block_1_50' title="bbox 2545 2460 4095 2535">
    <p class='ocr_par' dir='ltr' id='par_1_50' title="bbox 2545 2460 4095 2535">
     <span class='ocr_line' id='line_1_50' title="bbox 2545 2460 4095 2535; baseline 0.003 -18"><span class='ocrx_word' id='word_1_370' title='bbox 2545 2460 2813 2517; x_wconf 77' lang='lat' dir='ltr'><strong>Privatam</strong></span> <span class='ocrx_word' id='word_1_371' title='bbox 2863 2471 3040 2515; x_wconf 88' lang='lat' dir='ltr'><strong>autem</strong></span> <span class='ocrx_word' id='word_1_372' title='bbox 3092 2461 3476 2532; x_wconf 85' lang='lat' dir='ltr'><strong>blasphemiam</strong></span> <span class='ocrx_word' id='word_1_373' title='bbox 3526 2464 3599 2518; x_wconf 90' lang='lat' dir='ltr'><strong>illi</strong></span> <span class='ocrx_word' id='word_1_374' title='bbox 3648 2465 3735 2535; x_wconf 91' lang='lat' dir='ltr'><strong>qui</strong></span> <span class='ocrx_word' id='word_1_375' title='bbox 3785 2474 3911 2521; x_wconf 79' lang='lat' dir='ltr'><strong>sunt</strong></span> <span class='ocrx_word' id='word_1_376' title='bbox 3967 2472 4095 2521; x_wconf 63' lang='grc' dir='ltr'><strong>κατὰ</strong></span> 
     </span>
    </p>
   </div>
   <div class='ocr_carea' id='block_1_51' title="bbox 2475 2553 4090 2625">
    <p class='ocr_par' dir='ltr' id='par_1_51' title="bbox 2475 2553 4090 2625">
     <span class='ocr_line' id='line_1_51' title="bbox 2475 2553 4090 2625; baseline 0.001 -14"><span class='ocrx_word' id='word_1_377' title='bbox 2475 2553 2786 2611; x_wconf 74' lang='grc' dir='ltr'><strong>ΑΞςεΙιίηρῑη</strong></span> <span class='ocrx_word' id='word_1_378' title='bbox 2807 2598 2820 2621; x_wconf 85' lang='grc'>,</span> <span class='ocrx_word' id='word_1_379' title='bbox 2866 2554 3004 2610; x_wconf 91' lang='lat' dir='ltr'><strong>hanc</strong></span> <span class='ocrx_word' id='word_1_380' title='bbox 3036 2554 3270 2618; x_wconf 91' lang='lat' dir='ltr'><strong>habent,</strong></span> <span class='ocrx_word' id='word_1_381' title='bbox 3302 2571 3403 2625; x_wconf 86' lang='lat' dir='ltr'><strong>qua</strong></span> <span class='ocrx_word' id='word_1_382' title='bbox 3430 2554 3689 2625; x_wconf 70' lang='lat' dir='ltr'><strong>adjiciunt</strong></span> <span class='ocrx_word' id='word_1_383' title='bbox 3733 2559 3892 2612; x_wconf 90' lang='lat' dir='ltr'><strong>etiam</strong></span> <span class='ocrx_word' id='word_1_384' title='bbox 3956 2560 4090 2623; x_wconf 85' lang='lat' dir='ltr'><strong>hoc,</strong></span> 
     </span>
    </p>
   </div>
   <div class='ocr_carea' id='block_1_52' title="bbox 2474 2647 4093 2719">
    <p class='ocr_par' dir='ltr' id='par_1_52' title="bbox 2474 2647 4093 2719">
     <span class='ocr_line' id='line_1_52' title="bbox 2474 2647 4093 2719; baseline 0.004 -18"><span class='ocrx_word' id='word_1_385' title='bbox 2474 2658 2531 2702; x_wconf 91' lang='lat' dir='ltr'><strong>ut</strong></span> <span class='ocrx_word' id='word_1_386' title='bbox 2558 2648 2736 2704; x_wconf 92' lang='lat' dir='ltr'><strong>dicant</strong></span> <span class='ocrx_word' id='word_1_387' title='bbox 2763 2647 3033 2703; x_wconf 90' lang='lat' dir='ltr'><strong>Christum</strong></span> <span class='ocrx_word' id='word_1_388' title='bbox 3063 2649 3235 2719; x_wconf 89' lang='lat' dir='ltr'><strong>ipsum</strong></span> <span class='ocrx_word' id='word_1_389' title='bbox 3263 2663 3385 2703; x_wconf 86' lang='lat' dir='ltr'><strong>esse</strong></span> <span class='ocrx_word' id='word_1_390' title='bbox 3403 2648 3594 2705; x_wconf 82' lang='lat' dir='ltr'><strong>Filium</strong></span> <span class='ocrx_word' id='word_1_391' title='bbox 3627 2662 3680 2705; x_wconf 91' lang='lat' dir='ltr'><strong>et</strong></span> <span class='ocrx_word' id='word_1_392' title='bbox 3713 2651 3956 2705; x_wconf 86' lang='lat' dir='ltr'><strong>Patrem.</strong></span> <span class='ocrx_word' id='word_1_393' title='bbox 4000 2654 4093 2709; x_wconf 84' lang='lat' dir='ltr'><strong>Est</strong></span> 
     </span>
    </p>
   </div>
   <div class='ocr_carea' id='block_1_53' title="bbox 2472 2739 4091 2815">
    <p class='ocr_par' dir='ltr' id='par_1_53' title="bbox 2472 2739 4091 2815">
     <span class='ocr_line' id='line_1_53' title="bbox 2472 2739 4091 2815; baseline 0.004 -22"><span class='ocrx_word' id='word_1_394' title='bbox 2472 2750 2729 2810; x_wconf 66' lang='lat' dir='ltr'><strong>pra-terea</strong></span> <span class='ocrx_word' id='word_1_395' title='bbox 2774 2739 2857 2794; x_wconf 90' lang='lat' dir='ltr'><strong>his</strong></span> <span class='ocrx_word' id='word_1_396' title='bbox 2885 2740 3136 2795; x_wconf 84' lang='lat' dir='ltr'><strong>omnibus</strong></span> <span class='ocrx_word' id='word_1_397' title='bbox 3184 2741 3344 2796; x_wconf 89' lang='lat' dir='ltr'><strong>etiam</strong></span> <span class='ocrx_word' id='word_1_398' title='bbox 3401 2740 3610 2796; x_wconf 86' lang='lat' dir='ltr'><strong>Blastus</strong></span> <span class='ocrx_word' id='word_1_399' title='bbox 3659 2743 3925 2799; x_wconf 87' lang='lat' dir='ltr'><strong>accedens</strong></span> <span class='ocrx_word' id='word_1_400' title='bbox 3954 2787 3972 2811; x_wconf 92' lang='lat'><strong>,</strong></span> <span class='ocrx_word' id='word_1_401' title='bbox 4001 2749 4091 2815; x_wconf 85' lang='lat' dir='ltr'><strong>qui</strong></span> 
     </span>
    </p>
   </div>
   <div class='ocr_carea' id='block_1_54' title="bbox 2474 2831 4082 2901">
    <p class='ocr_par' dir='ltr' id='par_1_54' title="bbox 2474 2831 4082 2901">
     <span class='ocr_line' id='line_1_54' title="bbox 2474 2831 4082 2901; baseline 0.004 -16"><span class='ocrx_word' id='word_1_402' title='bbox 2474 2831 2699 2886; x_wconf 89' lang='lat' dir='ltr'><strong>latenter</strong></span> <span class='ocrx_word' id='word_1_403' title='bbox 2745 2831 3070 2901; x_wconf 87' lang='lat' dir='ltr'><strong>judaismum</strong></span> <span class='ocrx_word' id='word_1_404' title='bbox 3103 2831 3215 2885; x_wconf 89' lang='lat' dir='ltr'><strong>vult</strong></span> <span class='ocrx_word' id='word_1_405' title='bbox 3266 2833 3631 2888; x_wconf 88' lang='lat' dir='ltr'><strong>introducere.</strong></span> <span class='ocrx_word' id='word_1_406' title='bbox 3684 2834 3885 2890; x_wconf 80' lang='lat' dir='ltr'><strong>Pascha</strong></span> <span class='ocrx_word' id='word_1_407' title='bbox 3926 2840 4082 2891; x_wconf 73' lang='lat' dir='ltr'><strong>enim</strong></span> 
     </span>
    </p>
   </div>
   <div class='ocr_carea' id='block_1_55' title="bbox 2470 2922 4091 2991">
    <p class='ocr_par' dir='ltr' id='par_1_55' title="bbox 2470 2922 4091 2991">
     <span class='ocr_line' id='line_1_55' title="bbox 2470 2922 4091 2991; baseline 0.004 -14"><span class='ocrx_word' id='word_1_408' title='bbox 2470 2923 2599 2979; x_wconf 91' lang='lat' dir='ltr'><strong>dicit</strong></span> <span class='ocrx_word' id='word_1_409' title='bbox 2628 2938 2735 2978; x_wconf 92' lang='lat' dir='ltr'><strong>non</strong></span> <span class='ocrx_word' id='word_1_410' title='bbox 2794 2923 2950 2977; x_wconf 87' lang='lat' dir='ltr'><strong>aliter</strong></span> <span class='ocrx_word' id='word_1_411' title='bbox 3003 2922 3416 2978; x_wconf 83' lang='lat' dir='ltr'><strong>custodiendum</strong></span> <span class='ocrx_word' id='word_1_412' title='bbox 3444 2939 3601 2991; x_wconf 89' lang='lat' dir='ltr'><strong>esse,</strong></span> <span class='ocrx_word' id='word_1_413' title='bbox 3649 2925 3747 2981; x_wconf 89' lang='lat' dir='ltr'><strong>nisi</strong></span> <span class='ocrx_word' id='word_1_414' title='bbox 3777 2928 4091 2983; x_wconf 84' lang='lat' dir='ltr'><strong>secundum</strong></span> 
     </span>
    </p>
   </div>
   <div class='ocr_carea' id='block_1_56' title="bbox 2469 3015 4091 3092">
    <p class='ocr_par' dir='ltr' id='par_1_56' title="bbox 2469 3015 4091 3092">
     <span class='ocr_line' id='line_1_56' title="bbox 2469 3015 4091 3092; baseline 0.003 -21"><span class='ocrx_word' id='word_1_415' title='bbox 2469 3016 2638 3088; x_wconf 86' lang='lat' dir='ltr'><strong>legem</strong></span> <span class='ocrx_word' id='word_1_416' title='bbox 2664 3017 2849 3089; x_wconf 83' lang='lat' dir='ltr'><strong>Moysi,</strong></span> <span class='ocrx_word' id='word_1_417' title='bbox 2887 3015 3022 3071; x_wconf 79' lang='lat' dir='ltr'><strong>XIV.</strong></span> <span class='ocrx_word' id='word_1_418' title='bbox 3055 3018 3280 3072; x_wconf 86' lang='lat' dir='ltr'><strong>mensis.</strong></span> <span class='ocrx_word' id='word_1_419' title='bbox 3307 3018 3437 3086; x_wconf 85' lang='lat' dir='ltr'><strong>Quis</strong></span> <span class='ocrx_word' id='word_1_420' title='bbox 3481 3028 3659 3073; x_wconf 90' lang='lat' dir='ltr'><strong>autem</strong></span> <span class='ocrx_word' id='word_1_421' title='bbox 3693 3020 3919 3087; x_wconf 85' lang='lat' dir='ltr'><strong>nesciat,</strong></span> <span class='ocrx_word' id='word_1_422' title='bbox 3955 3038 4091 3092; x_wconf 86' lang='lat' dir='ltr'><strong>quo-</strong></span> 
     </span>
    </p>
   </div>
   <div class='ocr_carea' id='block_1_57' title="bbox 2469 3108 4092 3181">
    <p class='ocr_par' dir='ltr' id='par_1_57' title="bbox 2469 3108 4092 3181">
     <span class='ocr_line' id='line_1_57' title="bbox 2469 3108 4092 3181; baseline 0.002 -17"><span class='ocrx_word' id='word_1_423' title='bbox 2469 3110 2611 3164; x_wconf 88' lang='lat' dir='ltr'><strong>niam</strong></span> <span class='ocrx_word' id='word_1_424' title='bbox 2634 3108 2945 3179; x_wconf 83' lang='lat' dir='ltr'><strong>evangelica</strong></span> <span class='ocrx_word' id='word_1_425' title='bbox 2978 3111 3146 3179; x_wconf 88' lang='lat' dir='ltr'><strong>gratia</strong></span> <span class='ocrx_word' id='word_1_426' title='bbox 3171 3120 3462 3164; x_wconf 73' lang='lat' dir='ltr'><strong>evacuatur</strong></span> <span class='ocrx_word' id='word_1_427' title='bbox 3485 3152 3499 3175; x_wconf 95' lang='lat'><strong>,</strong></span> <span class='ocrx_word' id='word_1_428' title='bbox 3533 3113 3577 3165; x_wconf 88' lang='lat' dir='ltr'><strong>si</strong></span> <span class='ocrx_word' id='word_1_429' title='bbox 3608 3110 3674 3164; x_wconf 90' lang='lat' dir='ltr'><strong>ad</strong></span> <span class='ocrx_word' id='word_1_430' title='bbox 3708 3111 3877 3181; x_wconf 85' lang='lat' dir='ltr'><strong>legem</strong></span> <span class='ocrx_word' id='word_1_431' title='bbox 3922 3114 4092 3168; x_wconf 81' lang='lat' dir='ltr'><strong>Chri-</strong></span> 
     </span>
    </p>
   </div>
   <div class='ocr_carea' id='block_1_58' title="bbox 2468 3201 4092 3273">
    <p class='ocr_par' dir='ltr' id='par_1_58' title="bbox 2468 3201 4092 3273">
     <span class='ocr_line' id='line_1_58' title="bbox 2468 3201 4092 3273; baseline 0.005 -17"><span class='ocrx_word' id='word_1_432' title='bbox 2468 3210 2607 3256; x_wconf 90' lang='lat' dir='ltr'><strong>stum</strong></span> <span class='ocrx_word' id='word_1_433' title='bbox 2649 3201 2893 3272; x_wconf 78' lang='lat' dir='ltr'><strong>rediget?</strong></span> <span class='ocrx_word' id='word_1_434' title='bbox 2929 3202 3003 3273; x_wconf 75' lang='grc' dir='ltr'><strong>(ε)</strong></span> <span class='ocrx_word' id='word_1_435' title='bbox 3048 3204 3268 3257; x_wconf 78' lang='lat' dir='ltr'><strong>Accedit</strong></span> <span class='ocrx_word' id='word_1_436' title='bbox 3312 3204 3392 3258; x_wconf 88' lang='lat' dir='ltr'><strong>his</strong></span> <span class='ocrx_word' id='word_1_437' title='bbox 3435 3205 3742 3260; x_wconf 86' lang='lat' dir='ltr'><strong>Theodotus</strong></span> <span class='ocrx_word' id='word_1_438' title='bbox 3790 3208 4092 3264; x_wconf 68' lang='lat' dir='ltr'><strong>haereticus</strong></span> 
     </span>
    </p>
   </div>
   <div class='ocr_carea' id='block_1_59' title="bbox 765 3254 4091 3367">
    <p class='ocr_par' dir='ltr' id='par_1_59' title="bbox 765 3255 4091 3367">
     <span class='ocr_line' id='line_1_59' title="bbox 765 3255 4091 3367; baseline 0.004 -24"><span class='ocrx_word' id='word_1_439' title='bbox 765 3255 937 3367; x_wconf 51' lang='lat' dir='ltr'><strong>{{‘fsj</strong></span> <span class='ocrx_word' id='word_1_440' title='bbox 974 3255 1904 3367; x_wconf 39' lang='lat' dir='ltr'><strong>ﬁnefine;ﬁn&#39;fri&#39;wgff’féjff’f&#39;j</strong></span> <span class='ocrx_word' id='word_1_441' title='bbox 1928 3255 2081 3367; x_wconf 59' lang='lat' dir='ltr'><strong>fw&quot;,</strong></span> <span class='ocrx_word' id='word_1_442' title='bbox 2108 3257 2359 3367; x_wconf 57' lang='grc' dir='ltr'><strong>ξυευιεῖξιι·</strong></span> <span class='ocrx_word' id='word_1_443' title='bbox 2392 3283 2435 3345; x_wconf 87' lang='lat' dir='ltr'><strong>c</strong></span> <span class='ocrx_word' id='word_1_444' title='bbox 2472 3296 2748 3365; x_wconf 83' lang='lat' dir='ltr'><strong>byzantius</strong></span> <span class='ocrx_word' id='word_1_445' title='bbox 2780 3310 2795 3349; x_wconf 74' lang='grc' dir='ltr'><strong>ε</strong></span> <span class='ocrx_word' id='word_1_446' title='bbox 2825 3295 2915 3364; x_wconf 87' lang='lat' dir='ltr'><strong>qui</strong></span> <span class='ocrx_word' id='word_1_447' title='bbox 2954 3306 3297 3365; x_wconf 81' lang='lat' dir='ltr'><strong>posteaquam</strong></span> <span class='ocrx_word' id='word_1_448' title='bbox 3333 3295 3529 3351; x_wconf 90' lang='lat' dir='ltr'><strong>Christi</strong></span> <span class='ocrx_word' id='word_1_449' title='bbox 3560 3313 3655 3367; x_wconf 89' lang='lat' dir='ltr'><strong>pro</strong></span> <span class='ocrx_word' id='word_1_450' title='bbox 3687 3300 3903 3354; x_wconf 87' lang='lat' dir='ltr'><strong>nomine</strong></span> <span class='ocrx_word' id='word_1_451' title='bbox 3936 3318 4091 3357; x_wconf 80' lang='lat' dir='ltr'><strong>com-</strong></span> 
     </span>
    </p>
   </div>
   <div class='ocr_carea' id='block_1_60' title="bbox 766 3346 2362 3419">
    <p class='ocr_par' dir='ltr' id='par_1_60' title="bbox 766 3346 2362 3419">
     <span class='ocr_line' id='line_1_60' title="bbox 766 3346 2362 3419; baseline 0.001 -14"><span class='ocrx_word' id='word_1_452' title='bbox 766 3348 943 3405; x_wconf 80' lang='lat' dir='ltr'><strong>Ilabet</strong></span> <span class='ocrx_word' id='word_1_453' title='bbox 970 3358 1231 3419; x_wconf 69' lang='lat' dir='ltr'><strong>praeterea</strong></span> <span class='ocrx_word' id='word_1_454' title='bbox 1266 3348 1497 3417; x_wconf 86' lang='lat' dir='ltr'><strong>privatas</strong></span> <span class='ocrx_word' id='word_1_455' title='bbox 1518 3389 1535 3416; x_wconf 95' lang='lat'><strong>,</strong></span> <span class='ocrx_word' id='word_1_456' title='bbox 1567 3346 1663 3403; x_wconf 88' lang='lat' dir='ltr'><strong>sed</strong></span> <span class='ocrx_word' id='word_1_457' title='bbox 1688 3348 2147 3403; x_wconf 78' lang='lat' dir='ltr'><strong>extraordinarius</strong></span> <span class='ocrx_word' id='word_1_458' title='bbox 2179 3350 2362 3405; x_wconf 86' lang='lat' dir='ltr'><strong>lectio-</strong></span> 
     </span>
    </p>
   </div>
   <div class='ocr_carea' id='block_1_61' title="bbox 765 3440 2363 3511">
    <p class='ocr_par' dir='ltr' id='par_1_61' title="bbox 765 3440 2363 3511">
     <span class='ocr_line' id='line_1_61' title="bbox 765 3440 2363 3511; baseline 0.001 -14"><span class='ocrx_word' id='word_1_459' title='bbox 765 3456 866 3497; x_wconf 91' lang='lat' dir='ltr'><strong>nes</strong></span> <span class='ocrx_word' id='word_1_460' title='bbox 891 3456 1017 3495; x_wconf 85' lang='lat' dir='ltr'><strong>suas</strong></span> <span class='ocrx_word' id='word_1_461' title='bbox 1036 3482 1051 3508; x_wconf 94' lang='lat'><strong>,</strong></span> <span class='ocrx_word' id='word_1_462' title='bbox 1091 3456 1224 3509; x_wconf 87' lang='lat' dir='ltr'><strong>quas</strong></span> <span class='ocrx_word' id='word_1_463' title='bbox 1251 3440 1485 3511; x_wconf 74' lang='lat' dir='ltr'><strong>appellat</strong></span> <span class='ocrx_word' id='word_1_464' title='bbox 1517 3440 1865 3509; x_wconf 87' lang='lat' dir='ltr'><strong>phaneroseis</strong></span> <span class='ocrx_word' id='word_1_465' title='bbox 1895 3440 2237 3497; x_wconf 87' lang='lat' dir='ltr'><strong>Philumcncs</strong></span> <span class='ocrx_word' id='word_1_466' title='bbox 2266 3458 2363 3498; x_wconf 90' lang='lat' dir='ltr'><strong>cu-</strong></span> 
     </span>
    </p>
   </div>
   <div class='ocr_carea' id='block_1_62' title="bbox 760 3533 2358 3605">
    <p class='ocr_par' dir='ltr' id='par_1_62' title="bbox 760 3533 2358 3605">
     <span class='ocr_line' id='line_1_62' title="bbox 760 3533 2358 3605; baseline 0.001 -16"><span class='ocrx_word' id='word_1_467' title='bbox 760 3534 973 3605; x_wconf 86' lang='lat' dir='ltr'><strong>jusdam</strong></span> <span class='ocrx_word' id='word_1_468' title='bbox 1005 3534 1226 3605; x_wconf 46' lang='lat' dir='ltr'><strong>puellae,</strong></span> <span class='ocrx_word' id='word_1_469' title='bbox 1273 3549 1431 3604; x_wconf 90' lang='lat' dir='ltr'><strong>quam</strong></span> <span class='ocrx_word' id='word_1_470' title='bbox 1472 3534 1625 3605; x_wconf 88' lang='lat' dir='ltr'><strong>quasi</strong></span> <span class='ocrx_word' id='word_1_471' title='bbox 1670 3533 2064 3605; x_wconf 80' lang='lat' dir='ltr'><strong>prophetissam</strong></span> <span class='ocrx_word' id='word_1_472' title='bbox 2095 3536 2358 3605; x_wconf 86' lang='lat' dir='ltr'><strong>sequitur.</strong></span> 
     </span>
    </p>
   </div>
   <div class='ocr_carea' id='block_1_63' title="bbox 764 3626 2363 3699">
    <p class='ocr_par' dir='ltr' id='par_1_63' title="bbox 764 3626 2363 3699">
     <span class='ocr_line' id='line_1_63' title="bbox 764 3626 2363 3699; baseline 0 -16"><span class='ocrx_word' id='word_1_473' title='bbox 764 3626 938 3683; x_wconf 84' lang='lat' dir='ltr'><strong>Habet</strong></span> <span class='ocrx_word' id='word_1_474' title='bbox 968 3637 1225 3697; x_wconf 64' lang='lat' dir='ltr'><strong>praeterea</strong></span> <span class='ocrx_word' id='word_1_475' title='bbox 1254 3640 1383 3681; x_wconf 86' lang='lat' dir='ltr'><strong>suos</strong></span> <span class='ocrx_word' id='word_1_476' title='bbox 1411 3626 1577 3681; x_wconf 82' lang='lat' dir='ltr'><strong>libros</strong></span> <span class='ocrx_word' id='word_1_477' title='bbox 1597 3666 1616 3693; x_wconf 91' lang='lat'><strong>,</strong></span> <span class='ocrx_word' id='word_1_478' title='bbox 1643 3642 1780 3696; x_wconf 89' lang='lat' dir='ltr'><strong>quos</strong></span> <span class='ocrx_word' id='word_1_479' title='bbox 1818 3626 2363 3699; x_wconf 82' lang='lat' dir='ltr'><strong>inscripsitSyllogis-</strong></span> 
     </span>
    </p>
   </div>
   <div class='ocr_carea' id='block_1_64' title="bbox 761 3718 2361 3791">
    <p class='ocr_par' dir='ltr' id='par_1_64' title="bbox 761 3718 2361 3791">
     <span class='ocr_line' id='line_1_64' title="bbox 761 3718 2361 3791; baseline 0.001 -15"><span class='ocrx_word' id='word_1_480' title='bbox 761 3736 975 3791; x_wconf 68' lang='lat' dir='ltr'><strong>morum</strong></span> <span class='ocrx_word' id='word_1_481' title='bbox 996 3761 1011 3787; x_wconf 94' lang='lat'><strong>,</strong></span> <span class='ocrx_word' id='word_1_482' title='bbox 1047 3720 1097 3774; x_wconf 92' lang='lat' dir='ltr'><strong>in</strong></span> <span class='ocrx_word' id='word_1_483' title='bbox 1138 3719 1333 3790; x_wconf 86' lang='lat' dir='ltr'><strong>quibus</strong></span> <span class='ocrx_word' id='word_1_484' title='bbox 1380 3718 1609 3789; x_wconf 86' lang='lat' dir='ltr'><strong>probare</strong></span> <span class='ocrx_word' id='word_1_485' title='bbox 1635 3720 1780 3784; x_wconf 89' lang='lat' dir='ltr'><strong>vult,</strong></span> <span class='ocrx_word' id='word_1_486' title='bbox 1812 3718 1953 3789; x_wconf 91' lang='lat' dir='ltr'><strong>quod</strong></span> <span class='ocrx_word' id='word_1_487' title='bbox 2000 3721 2179 3775; x_wconf 91' lang='lat' dir='ltr'><strong>omnia</strong></span> <span class='ocrx_word' id='word_1_488' title='bbox 2212 3737 2361 3791; x_wconf 77' lang='lat' dir='ltr'><strong>qua:-</strong></span> 
     </span>
    </p>
   </div>
   <div class='ocr_carea' id='block_1_65' title="bbox 761 3812 2348 3886">
    <p class='ocr_par' dir='ltr' id='par_1_65' title="bbox 761 3812 2348 3886">
     <span class='ocr_line' id='line_1_65' title="bbox 761 3812 2348 3886; baseline -0.001 -14"><span class='ocrx_word' id='word_1_489' title='bbox 761 3830 991 3886; x_wconf 90' lang='lat' dir='ltr'><strong>cumque</strong></span> <span class='ocrx_word' id='word_1_490' title='bbox 1042 3813 1254 3886; x_wconf 86' lang='lat' dir='ltr'><strong>Moyses</strong></span> <span class='ocrx_word' id='word_1_491' title='bbox 1283 3812 1351 3870; x_wconf 88' lang='lat' dir='ltr'><strong>de</strong></span> <span class='ocrx_word' id='word_1_492' title='bbox 1402 3813 1511 3869; x_wconf 90' lang='lat' dir='ltr'><strong>Deo</strong></span> <span class='ocrx_word' id='word_1_493' title='bbox 1554 3812 1865 3884; x_wconf 88' lang='lat' dir='ltr'><strong>scripserit,</strong></span> <span class='ocrx_word' id='word_1_494' title='bbox 1899 3827 2023 3869; x_wconf 89' lang='lat' dir='ltr'><strong>vera</strong></span> <span class='ocrx_word' id='word_1_495' title='bbox 2070 3829 2176 3871; x_wconf 91' lang='lat' dir='ltr'><strong>non</strong></span> <span class='ocrx_word' id='word_1_496' title='bbox 2208 3816 2348 3882; x_wconf 90' lang='lat' dir='ltr'><strong>sint,</strong></span> 
     </span>
    </p>
   </div>
   <div class='ocr_carea' id='block_1_66' title="bbox 762 3906 1177 3965">
    <p class='ocr_par' dir='ltr' id='par_1_66' title="bbox 762 3906 1177 3965">
     <span class='ocr_line' id='line_1_66' title="bbox 762 3906 1177 3965; baseline -0.005 0"><span class='ocrx_word' id='word_1_497' title='bbox 762 3907 857 3965; x_wconf 85' lang='lat' dir='ltr'><strong>sed</strong></span> <span class='ocrx_word' id='word_1_498' title='bbox 890 3906 1019 3964; x_wconf 80' lang='lat' dir='ltr'><strong>falsa</strong></span> <span class='ocrx_word' id='word_1_499' title='bbox 1049 3908 1177 3964; x_wconf 86' lang='lat' dir='ltr'><strong>sint.</strong></span> 
     </span>
    </p>
   </div>
   <div class='ocr_carea' id='block_1_67' title="bbox 1399 4034 1762 4099">
    <p class='ocr_par' dir='ltr' id='par_1_67' title="bbox 1399 4034 1762 4099">
     <span class='ocr_line' id='line_1_67' title="bbox 1399 4034 1762 4099; baseline -0.006 -4"><span class='ocrx_word' id='word_1_500' title='bbox 1399 4034 1626 4099; x_wconf 80' lang='lat' dir='ltr'><strong>CAPUT</strong></span> <span class='ocrx_word' id='word_1_501' title='bbox 1655 4036 1762 4094; x_wconf 87' lang='lat' dir='ltr'><strong>LII.</strong></span> 
     </span>
    </p>
   </div>
   <div class='ocr_carea' id='block_1_68' title="bbox 762 4192 2362 4269">
    <p class='ocr_par' dir='ltr' id='par_1_68' title="bbox 762 4192 2362 4269">
     <span class='ocr_line' id='line_1_68' title="bbox 762 4192 2362 4269; baseline -0.001 -13"><span class='ocrx_word' id='word_1_502' title='bbox 762 4198 1035 4256; x_wconf 80' lang='lat' dir='ltr'><strong>Tatianuut</strong></span> <span class='ocrx_word' id='word_1_503' title='bbox 1052 4196 1192 4266; x_wconf 79' lang='lat' dir='ltr'><strong>inde,</strong></span> <span class='ocrx_word' id='word_1_504' title='bbox 1210 4206 1255 4253; x_wconf 84' lang='lat' dir='ltr'><strong>et</strong></span> <span class='ocrx_word' id='word_1_505' title='bbox 1272 4211 1358 4253; x_wconf 80' lang='lat' dir='ltr'><strong>eos</strong></span> <span class='ocrx_word' id='word_1_506' title='bbox 1381 4196 1469 4269; x_wconf 88' lang='lat' dir='ltr'><strong>qui</strong></span> <span class='ocrx_word' id='word_1_507' title='bbox 1486 4196 1765 4252; x_wconf 77' lang='lat' dir='ltr'><strong>secundum</strong></span> <span class='ocrx_word' id='word_1_508' title='bbox 1786 4192 2023 4269; x_wconf 76' lang='lat' dir='ltr'><strong>Phrygas</strong></span> <span class='ocrx_word' id='word_1_509' title='bbox 2045 4199 2362 4269; x_wconf 83' lang='lat' dir='ltr'><strong>dicebantur,</strong></span> 
     </span>
    </p>
   </div>
   <div class='ocr_carea' id='block_1_69' title="bbox 2468 3387 4089 3462">
    <p class='ocr_par' dir='ltr' id='par_1_69' title="bbox 2468 3387 4089 3462">
     <span class='ocr_line' id='line_1_69' title="bbox 2468 3387 4089 3462; baseline 0.007 -22"><span class='ocrx_word' id='word_1_510' title='bbox 2468 3388 2769 3459; x_wconf 88' lang='lat' dir='ltr'><strong>prehensus</strong></span> <span class='ocrx_word' id='word_1_511' title='bbox 2818 3388 3067 3459; x_wconf 87' lang='lat' dir='ltr'><strong>negavit,</strong></span> <span class='ocrx_word' id='word_1_512' title='bbox 3123 3389 3173 3443; x_wconf 91' lang='lat' dir='ltr'><strong>in</strong></span> <span class='ocrx_word' id='word_1_513' title='bbox 3227 3387 3497 3444; x_wconf 90' lang='lat' dir='ltr'><strong>Christum</strong></span> <span class='ocrx_word' id='word_1_514' title='bbox 3545 3391 3927 3462; x_wconf 74' lang='lat' dir='ltr'><strong>bIaSphemare.</strong></span> <span class='ocrx_word' id='word_1_515' title='bbox 3983 3413 4089 3450; x_wconf 88' lang='lat' dir='ltr'><strong>non</strong></span> 
     </span>
    </p>
   </div>
   <div class='ocr_carea' id='block_1_70' title="bbox 2466 3480 4094 3554">
    <p class='ocr_par' dir='ltr' id='par_1_70' title="bbox 2466 3480 4094 3554">
     <span class='ocr_line' id='line_1_70' title="bbox 2466 3480 4094 3554; baseline 0.004 -19"><span class='ocrx_word' id='word_1_516' title='bbox 2466 3481 2685 3535; x_wconf 88' lang='lat' dir='ltr'><strong>destitit.</strong></span> <span class='ocrx_word' id='word_1_517' title='bbox 2714 3481 3019 3535; x_wconf 85' lang='lat' dir='ltr'><strong>Doctrinam</strong></span> <span class='ocrx_word' id='word_1_518' title='bbox 3046 3480 3188 3536; x_wconf 89' lang='lat' dir='ltr'><strong>enim</strong></span> <span class='ocrx_word' id='word_1_519' title='bbox 3216 3481 3530 3548; x_wconf 71' lang='lat' dir='ltr'><strong>introduxit,</strong></span> <span class='ocrx_word' id='word_1_520' title='bbox 3560 3500 3669 3554; x_wconf 76' lang='lat' dir='ltr'><strong>qua</strong></span> <span class='ocrx_word' id='word_1_521' title='bbox 3683 3484 3972 3542; x_wconf 86' lang='lat' dir='ltr'><strong>Christum</strong></span> <span class='ocrx_word' id='word_1_522' title='bbox 4000 3490 4094 3542; x_wconf 86' lang='lat' dir='ltr'><strong>ho-</strong></span> 
     </span>
    </p>
   </div>
   <div class='ocr_carea' id='block_1_71' title="bbox 2467 3571 4091 3650">
    <p class='ocr_par' dir='ltr' id='par_1_71' title="bbox 2467 3571 4091 3650">
     <span class='ocr_line' id='line_1_71' title="bbox 2467 3571 4091 3650; baseline 0.002 -23"><span class='ocrx_word' id='word_1_523' title='bbox 2467 3573 2665 3628; x_wconf 83' lang='lat' dir='ltr'><strong>minem</strong></span> <span class='ocrx_word' id='word_1_524' title='bbox 2695 3573 3062 3627; x_wconf 89' lang='lat' dir='ltr'><strong>tantummodo</strong></span> <span class='ocrx_word' id='word_1_525' title='bbox 3082 3571 3317 3639; x_wconf 89' lang='lat' dir='ltr'><strong>diceret,</strong></span> <span class='ocrx_word' id='word_1_526' title='bbox 3342 3574 3511 3633; x_wconf 89' lang='lat' dir='ltr'><strong>Deum</strong></span> <span class='ocrx_word' id='word_1_527' title='bbox 3542 3586 3718 3630; x_wconf 88' lang='lat' dir='ltr'><strong>autem</strong></span> <span class='ocrx_word' id='word_1_528' title='bbox 3742 3577 3886 3631; x_wconf 89' lang='lat' dir='ltr'><strong>illum</strong></span> <span class='ocrx_word' id='word_1_529' title='bbox 3919 3595 4091 3650; x_wconf 73' lang='lat' dir='ltr'><strong>nega-</strong></span> 
     </span>
    </p>
   </div>
   <div class='ocr_carea' id='block_1_72' title="bbox 2467 3664 4089 3740">
    <p class='ocr_par' dir='ltr' id='par_1_72' title="bbox 2467 3664 4089 3740">
     <span class='ocr_line' id='line_1_72' title="bbox 2467 3664 4089 3740; baseline 0.004 -20"><span class='ocrx_word' id='word_1_530' title='bbox 2467 3676 2583 3729; x_wconf 89' lang='lat' dir='ltr'><strong>ret;</strong></span> <span class='ocrx_word' id='word_1_531' title='bbox 2617 3681 2681 3721; x_wconf 88' lang='lat' dir='ltr'><strong>cx</strong></span> <span class='ocrx_word' id='word_1_532' title='bbox 2707 3666 2907 3736; x_wconf 90' lang='lat' dir='ltr'><strong>Spiritu</strong></span> <span class='ocrx_word' id='word_1_533' title='bbox 2946 3664 3159 3736; x_wconf 89' lang='lat' dir='ltr'><strong>quidem</strong></span> <span class='ocrx_word' id='word_1_534' title='bbox 3184 3665 3383 3721; x_wconf 91' lang='lat' dir='ltr'><strong>Sancto</strong></span> <span class='ocrx_word' id='word_1_535' title='bbox 3410 3676 3591 3723; x_wconf 90' lang='lat' dir='ltr'><strong>natum</strong></span> <span class='ocrx_word' id='word_1_536' title='bbox 3618 3683 3684 3723; x_wconf 91' lang='lat' dir='ltr'><strong>ex</strong></span> <span class='ocrx_word' id='word_1_537' title='bbox 3720 3669 3963 3740; x_wconf 80' lang='lat' dir='ltr'><strong>virgine,</strong></span> <span class='ocrx_word' id='word_1_538' title='bbox 3996 3674 4089 3727; x_wconf 86' lang='lat' dir='ltr'><strong>sed</strong></span> 
     </span>
    </p>
   </div>
   <div class='ocr_carea' id='block_1_73' title="bbox 2472 3758 4091 3837">
    <p class='ocr_par' dir='ltr' id='par_1_73' title="bbox 2472 3758 4091 3837">
     <span class='ocr_line' id='line_1_73' title="bbox 2472 3758 4091 3837; baseline 0.006 -25"><span class='ocrx_word' id='word_1_539' title='bbox 2472 3758 2741 3814; x_wconf 90' lang='lat' dir='ltr'><strong>hominem</strong></span> <span class='ocrx_word' id='word_1_540' title='bbox 2783 3758 3119 3825; x_wconf 88' lang='lat' dir='ltr'><strong>solitarium,</strong></span> <span class='ocrx_word' id='word_1_541' title='bbox 3170 3769 3330 3830; x_wconf 89' lang='lat' dir='ltr'><strong>atque</strong></span> <span class='ocrx_word' id='word_1_542' title='bbox 3370 3760 3609 3826; x_wconf 90' lang='lat' dir='ltr'><strong>nudum,</strong></span> <span class='ocrx_word' id='word_1_543' title='bbox 3642 3762 3788 3819; x_wconf 81' lang='lat' dir='ltr'><strong>nulla</strong></span> <span class='ocrx_word' id='word_1_544' title='bbox 3812 3763 3923 3817; x_wconf 85' lang='lat' dir='ltr'><strong>alia</strong></span> <span class='ocrx_word' id='word_1_545' title='bbox 3978 3781 4091 3837; x_wconf 77' lang='lat' dir='ltr'><strong>pra:</strong></span> 
     </span>
    </p>
   </div>
   <div class='ocr_carea' id='block_1_74' title="bbox 2471 3849 4093 3925">
    <p class='ocr_par' dir='ltr' id='par_1_74' title="bbox 2471 3849 4093 3925">
     <span class='ocr_line' id='line_1_74' title="bbox 2471 3849 4093 3925; baseline 0.006 -19"><span class='ocrx_word' id='word_1_546' title='bbox 2471 3850 2705 3919; x_wconf 75' lang='lat' dir='ltr'><strong>czeteris,</strong></span> <span class='ocrx_word' id='word_1_547' title='bbox 2736 3849 2837 3906; x_wconf 91' lang='lat' dir='ltr'><strong>nisi</strong></span> <span class='ocrx_word' id='word_1_548' title='bbox 2866 3853 2979 3907; x_wconf 89' lang='lat' dir='ltr'><strong>sola</strong></span> <span class='ocrx_word' id='word_1_549' title='bbox 2999 3851 3217 3921; x_wconf 72' lang='lat' dir='ltr'><strong>iustitia:</strong></span> <span class='ocrx_word' id='word_1_550' title='bbox 3238 3853 3573 3909; x_wconf 89' lang='lat' dir='ltr'><strong>auctoritate.</strong></span> <span class='ocrx_word' id='word_1_551' title='bbox 3601 3855 3751 3909; x_wconf 83' lang='lat' dir='ltr'><strong>Alter</strong></span> <span class='ocrx_word' id='word_1_552' title='bbox 3771 3866 3891 3925; x_wconf 89' lang='lat' dir='ltr'><strong>post</strong></span> <span class='ocrx_word' id='word_1_553' title='bbox 3942 3859 4093 3916; x_wconf 86' lang='lat' dir='ltr'><strong>hunc</strong></span> 
     </span>
    </p>
   </div>
   <div class='ocr_carea' id='block_1_75' title="bbox 2475 3942 4091 4014">
    <p class='ocr_par' dir='ltr' id='par_1_75' title="bbox 2475 3942 4091 4014">
     <span class='ocr_line' id='line_1_75' title="bbox 2475 3942 4091 4014; baseline 0.004 -15"><span class='ocrx_word' id='word_1_554' title='bbox 2475 3943 2787 3999; x_wconf 85' lang='lat' dir='ltr'><strong>Theodoms</strong></span> <span class='ocrx_word' id='word_1_555' title='bbox 2817 3942 3101 3997; x_wconf 71' lang='lat' dir='ltr'><strong>limreticus</strong></span> <span class='ocrx_word' id='word_1_556' title='bbox 3130 3944 3344 4013; x_wconf 90' lang='lat' dir='ltr'><strong>erupit,</strong></span> <span class='ocrx_word' id='word_1_557' title='bbox 3399 3944 3488 4014; x_wconf 90' lang='lat' dir='ltr'><strong>qui</strong></span> <span class='ocrx_word' id='word_1_558' title='bbox 3520 3953 3572 3999; x_wconf 91' lang='lat' dir='ltr'><strong>et</strong></span> <span class='ocrx_word' id='word_1_559' title='bbox 3618 3945 3731 4014; x_wconf 91' lang='lat' dir='ltr'><strong>ipse</strong></span> <span class='ocrx_word' id='word_1_560' title='bbox 3777 3947 4091 4006; x_wconf 80' lang='lat' dir='ltr'><strong>introduxit</strong></span> 
     </span>
    </p>
   </div>
   <div class='ocr_carea' id='block_1_76' title="bbox 2469 4033 4093 4103">
    <p class='ocr_par' dir='ltr' id='par_1_76' title="bbox 2469 4033 4093 4103">
     <span class='ocr_line' id='line_1_76' title="bbox 2469 4033 4093 4103; baseline 0.005 -14"><span class='ocrx_word' id='word_1_561' title='bbox 2469 4036 2693 4091; x_wconf 87' lang='lat' dir='ltr'><strong>alteram</strong></span> <span class='ocrx_word' id='word_1_562' title='bbox 2720 4044 2954 4098; x_wconf 88' lang='lat' dir='ltr'><strong>sectam,</strong></span> <span class='ocrx_word' id='word_1_563' title='bbox 2983 4042 3037 4088; x_wconf 93' lang='lat' dir='ltr'><strong>et</strong></span> <span class='ocrx_word' id='word_1_564' title='bbox 3058 4034 3229 4103; x_wconf 90' lang='lat' dir='ltr'><strong>ipsum</strong></span> <span class='ocrx_word' id='word_1_565' title='bbox 3250 4033 3519 4089; x_wconf 89' lang='lat' dir='ltr'><strong>hominem</strong></span> <span class='ocrx_word' id='word_1_566' title='bbox 3545 4034 3813 4091; x_wconf 88' lang='lat' dir='ltr'><strong>Christum</strong></span> <span class='ocrx_word' id='word_1_567' title='bbox 3840 4048 4093 4096; x_wconf 78' lang='lat' dir='ltr'><strong>tantum-</strong></span> 
     </span>
    </p>
   </div>
   <div class='ocr_carea' id='block_1_77' title="bbox 2473 4123 4090 4198">
    <p class='ocr_par' dir='ltr' id='par_1_77' title="bbox 2473 4123 4090 4198">
     <span class='ocr_line' id='line_1_77' title="bbox 2473 4123 4090 4198; baseline 0.004 -17"><span class='ocrx_word' id='word_1_568' title='bbox 2473 4125 2635 4181; x_wconf 90' lang='lat' dir='ltr'><strong>modo</strong></span> <span class='ocrx_word' id='word_1_569' title='bbox 2663 4124 2789 4180; x_wconf 90' lang='lat' dir='ltr'><strong>dicit</strong></span> <span class='ocrx_word' id='word_1_570' title='bbox 2817 4141 2880 4179; x_wconf 89' lang='lat' dir='ltr'><strong>ex</strong></span> <span class='ocrx_word' id='word_1_571' title='bbox 2912 4123 3113 4195; x_wconf 90' lang='lat' dir='ltr'><strong>Spiritu</strong></span> <span class='ocrx_word' id='word_1_572' title='bbox 3156 4125 3378 4191; x_wconf 87' lang='lat' dir='ltr'><strong>Sancto,</strong></span> <span class='ocrx_word' id='word_1_573' title='bbox 3422 4141 3487 4181; x_wconf 83' lang='lat' dir='ltr'><strong>ex</strong></span> <span class='ocrx_word' id='word_1_574' title='bbox 3520 4128 3723 4198; x_wconf 85' lang='lat' dir='ltr'><strong>virgine</strong></span> <span class='ocrx_word' id='word_1_575' title='bbox 3745 4128 3919 4185; x_wconf 78' lang='lat' dir='ltr'><strong>Maria</strong></span> <span class='ocrx_word' id='word_1_576' title='bbox 3951 4148 4090 4187; x_wconf 84' lang='lat' dir='ltr'><strong>con-</strong></span> 
     </span>
    </p>
   </div>
   <div class='ocr_carea' id='block_1_78' title="bbox 2472 4217 4093 4289">
    <p class='ocr_par' dir='ltr' id='par_1_78' title="bbox 2472 4217 4093 4289">
     <span class='ocr_line' id='line_1_78' title="bbox 2472 4217 4093 4289; baseline 0.006 -15"><span class='ocrx_word' id='word_1_577' title='bbox 2472 4228 2686 4289; x_wconf 88' lang='lat' dir='ltr'><strong>ceptum</strong></span> <span class='ocrx_word' id='word_1_578' title='bbox 2728 4218 2925 4289; x_wconf 88' lang='lat' dir='ltr'><strong>pariter</strong></span> <span class='ocrx_word' id='word_1_579' title='bbox 2946 4226 2999 4273; x_wconf 91' lang='lat' dir='ltr'><strong>et</strong></span> <span class='ocrx_word' id='word_1_580' title='bbox 3033 4225 3252 4284; x_wconf 90' lang='lat' dir='ltr'><strong>natum;</strong></span> <span class='ocrx_word' id='word_1_581' title='bbox 3288 4217 3385 4277; x_wconf 89' lang='lat' dir='ltr'><strong>sed</strong></span> <span class='ocrx_word' id='word_1_582' title='bbox 3426 4218 3570 4274; x_wconf 90' lang='lat' dir='ltr'><strong>hunc</strong></span> <span class='ocrx_word' id='word_1_583' title='bbox 3613 4218 3931 4277; x_wconf 81' lang='lat' dir='ltr'><strong>inferiorem</strong></span> <span class='ocrx_word' id='word_1_584' title='bbox 3967 4241 4093 4283; x_wconf 79' lang='lat' dir='ltr'><strong>esse</strong></span> 
     </span>
    </p>
   </div>
   <div class='ocr_carea' id='block_1_79' title="bbox 2185 4332 2767 4391">
    <p class='ocr_par' dir='ltr' id='par_1_79' title="bbox 2185 4332 2767 4391">
     <span class='ocr_line' id='line_1_79' title="bbox 2185 4332 2767 4391; baseline -0.002 -2"><span class='ocrx_word' id='word_1_585' title='bbox 2185 4332 2767 4391; x_wconf 75' lang='lat' dir='ltr'><strong>COMMENTARIUS.</strong></span> 
     </span>
    </p>
   </div>
   <div class='ocr_carea' id='block_1_80' title="bbox 757 4424 2351 4499">
    <p class='ocr_par' dir='ltr' id='par_1_80' title="bbox 757 4424 2351 4499">
     <span class='ocr_line' id='line_1_80' title="bbox 757 4424 2351 4499; baseline -0.001 -14"><span class='ocrx_word' id='word_1_586' title='bbox 757 4442 900 4486; x_wconf 89' lang='lat' dir='ltr'><strong>mam</strong></span> <span class='ocrx_word' id='word_1_587' title='bbox 922 4428 1090 4499; x_wconf 89' lang='lat' dir='ltr'><strong>petiit,</strong></span> <span class='ocrx_word' id='word_1_588' title='bbox 1106 4426 1194 4482; x_wconf 89' lang='lat' dir='ltr'><strong>ubi</strong></span> <span class='ocrx_word' id='word_1_589' title='bbox 1214 4425 1609 4499; x_wconf 82' lang='lat' dir='ltr'><strong>ahapostolieis</strong></span> <span class='ocrx_word' id='word_1_590' title='bbox 1621 4426 1749 4499; x_wconf 76' lang='lat' dir='ltr'><strong>viris</strong></span> <span class='ocrx_word' id='word_1_591' title='bbox 1767 4424 1879 4499; x_wconf 74' lang='lat' dir='ltr'><strong>pari</strong></span> <span class='ocrx_word' id='word_1_592' title='bbox 1900 4426 2107 4499; x_wconf 85' lang='lat' dir='ltr'><strong>ratione</strong></span> <span class='ocrx_word' id='word_1_593' title='bbox 2128 4426 2351 4496; x_wconf 89' lang='lat' dir='ltr'><strong>ejectus.</strong></span> 
     </span>
    </p>
   </div>
   <div class='ocr_carea' id='block_1_81' title="bbox 758 4496 2349 4569">
    <p class='ocr_par' dir='ltr' id='par_1_81' title="bbox 758 4496 2349 4569">
     <span class='ocr_line' id='line_1_81' title="bbox 758 4496 2349 4569; baseline -0.001 -14"><span class='ocrx_word' id='word_1_594' title='bbox 758 4503 889 4569; x_wconf 64' lang='lat' dir='ltr'><strong>Qua</strong></span> <span class='ocrx_word' id='word_1_595' title='bbox 919 4496 1040 4557; x_wconf 80' lang='lat' dir='ltr'><strong>eum</strong></span> <span class='ocrx_word' id='word_1_596' title='bbox 1086 4496 1534 4553; x_wconf 82' lang='lat' dir='ltr'><strong>animadverteret</strong></span> <span class='ocrx_word' id='word_1_597' title='bbox 1558 4538 1572 4561; x_wconf 93' lang='lat'><strong>,</strong></span> <span class='ocrx_word' id='word_1_598' title='bbox 1620 4498 1671 4552; x_wconf 89' lang='lat' dir='ltr'><strong>in</strong></span> <span class='ocrx_word' id='word_1_599' title='bbox 1711 4496 1972 4551; x_wconf 88' lang='lat' dir='ltr'><strong>Cerdonis</strong></span> <span class='ocrx_word' id='word_1_600' title='bbox 1997 4497 2349 4553; x_wconf 87' lang='lat' dir='ltr'><strong>deliramenta</strong></span> 
     </span>
    </p>
   </div>
   <div class='ocr_carea' id='block_1_82' title="bbox 754 4569 2354 4644">
    <p class='ocr_par' dir='ltr' id='par_1_82' title="bbox 754 4569 2354 4644">
     <span class='ocr_line' id='line_1_82' title="bbox 754 4569 2354 4644; baseline -0.004 -15"><span class='ocrx_word' id='word_1_601' title='bbox 754 4574 937 4644; x_wconf 85' lang='lat' dir='ltr'><strong>jurare</strong></span> <span class='ocrx_word' id='word_1_602' title='bbox 977 4572 1177 4641; x_wconf 69' lang='lat' dir='ltr'><strong>coepit,</strong></span> <span class='ocrx_word' id='word_1_603' title='bbox 1206 4581 1257 4624; x_wconf 91' lang='lat' dir='ltr'><strong>et</strong></span> <span class='ocrx_word' id='word_1_604' title='bbox 1285 4571 1425 4624; x_wconf 91' lang='lat' dir='ltr'><strong>illius</strong></span> <span class='ocrx_word' id='word_1_605' title='bbox 1442 4569 1775 4644; x_wconf 74' lang='lat' dir='ltr'><strong>imposturas</strong></span> <span class='ocrx_word' id='word_1_606' title='bbox 1814 4569 2107 4644; x_wconf 71' lang='lat' dir='ltr'><strong>atnplecti._</strong></span> <span class='ocrx_word' id='word_1_607' title='bbox 2137 4569 2212 4625; x_wconf 89' lang='lat' dir='ltr'><strong>De</strong></span> <span class='ocrx_word' id='word_1_608' title='bbox 2262 4587 2354 4644; x_wconf 78' lang='lat' dir='ltr'><strong>ep-</strong></span> 
     </span>
    </p>
   </div>
   <div class='ocr_carea' id='block_1_83' title="bbox 757 4638 2347 4707">
    <p class='ocr_par' dir='ltr' id='par_1_83' title="bbox 757 4638 2347 4707">
     <span class='ocr_line' id='line_1_83' title="bbox 757 4638 2347 4707; baseline -0.003 -7"><span class='ocrx_word' id='word_1_609' title='bbox 757 4638 881 4700; x_wconf 80' lang='lat' dir='ltr'><strong>dem</strong></span> <span class='ocrx_word' id='word_1_610' title='bbox 936 4638 1111 4698; x_wconf 81' lang='lat' dir='ltr'><strong>ierunt</strong></span> <span class='ocrx_word' id='word_1_611' title='bbox 1138 4682 1153 4707; x_wconf 94' lang='lat'><strong>,</strong></span> <span class='ocrx_word' id='word_1_612' title='bbox 1200 4658 1347 4706; x_wconf 90' lang='lat' dir='ltr'><strong>eum,</strong></span> <span class='ocrx_word' id='word_1_613' title='bbox 1376 4640 1475 4695; x_wconf 92' lang='lat' dir='ltr'><strong>sub</strong></span> <span class='ocrx_word' id='word_1_614' title='bbox 1523 4642 1749 4696; x_wconf 83' lang='lat' dir='ltr'><strong>Aniceto</strong></span> <span class='ocrx_word' id='word_1_615' title='bbox 1781 4638 2032 4707; x_wconf 83' lang='lat' dir='ltr'><strong>pontiliee</strong></span> <span class='ocrx_word' id='word_1_616' title='bbox 2073 4640 2257 4697; x_wconf 73' lang='lat' dir='ltr'><strong>Roma:</strong></span> <span class='ocrx_word' id='word_1_617' title='bbox 2286 4642 2347 4696; x_wconf 86' lang='grc' dir='ltr'>Β.</span> 
     </span>
    </p>
   </div>
   <div class='ocr_carea' id='block_1_84' title="bbox 759 4709 2347 4787">
    <p class='ocr_par' dir='ltr' id='par_1_84' title="bbox 759 4709 2347 4787">
     <span class='ocr_line' id='line_1_84' title="bbox 759 4709 2347 4787; baseline -0.003 -16"><span class='ocrx_word' id='word_1_618' title='bbox 759 4716 1055 4787; x_wconf 81' lang='lat' dir='ltr'><strong>I’olycarpo</strong></span> <span class='ocrx_word' id='word_1_619' title='bbox 1086 4722 1427 4787; x_wconf 68' lang='lat' dir='ltr'><strong>occurreret,</strong></span> <span class='ocrx_word' id='word_1_620' title='bbox 1452 4711 1539 4787; x_wconf 84' lang='lat' dir='ltr'><strong>_ab</strong></span> <span class='ocrx_word' id='word_1_621' title='bbox 1563 4726 1628 4767; x_wconf 92' lang='lat' dir='ltr'><strong>eo</strong></span> <span class='ocrx_word' id='word_1_622' title='bbox 1655 4709 1873 4787; x_wconf 75' lang='lat' dir='ltr'><strong>petiisse</strong></span> <span class='ocrx_word' id='word_1_623' title='bbox 1895 4752 1928 4787; x_wconf 91' lang='lat'><strong>,_</strong></span> <span class='ocrx_word' id='word_1_624' title='bbox 1960 4726 2175 4787; x_wconf 85' lang='lat' dir='ltr'><strong>an_eum</strong></span> <span class='ocrx_word' id='word_1_625' title='bbox 2221 4728 2347 4787; x_wconf 79' lang='lat' dir='ltr'><strong>nos-</strong></span> 
     </span>
    </p>
   </div>
   <div class='ocr_carea' id='block_1_85' title="bbox 758 4780 2351 4855">
    <p class='ocr_par' dir='ltr' id='par_1_85' title="bbox 758 4780 2351 4855">
     <span class='ocr_line' id='line_1_85' title="bbox 758 4780 2351 4855; baseline -0.002 -14"><span class='ocrx_word' id='word_1_626' title='bbox 758 4780 877 4852; x_wconf 62' lang='lat' dir='ltr'><strong>set,</strong></span> <span class='ocrx_word' id='word_1_627' title='bbox 911 4780 1252 4855; x_wconf 71' lang='lat' dir='ltr'><strong>respondisse</strong></span> <span class='ocrx_word' id='word_1_628' title='bbox 1282 4784 1339 4838; x_wconf 79' lang='grc' dir='ltr'><strong>Β.</strong></span> <span class='ocrx_word' id='word_1_629' title='bbox 1372 4780 1723 4855; x_wconf 77' lang='lat' dir='ltr'><strong>Polycarptim</strong></span> <span class='ocrx_word' id='word_1_630' title='bbox 1746 4822 1760 4845; x_wconf 88' lang='lat'><strong>,</strong></span> <span class='ocrx_word' id='word_1_631' title='bbox 1792 4780 1928 4836; x_wconf 74' lang='lat' dir='ltr'><strong>Novi</strong></span> <span class='ocrx_word' id='word_1_632' title='bbox 1958 4782 2351 4853; x_wconf 83' lang='lat' dir='ltr'><strong>primogenitum</strong></span> 
     </span>
    </p>
   </div>
   <div class='ocr_carea' id='block_1_86' title="bbox 759 4857 1223 4915">
    <p class='ocr_par' dir='ltr' id='par_1_86' title="bbox 759 4857 1223 4915">
     <span class='ocr_line' id='line_1_86' title="bbox 759 4857 1223 4915; baseline -0.015 0"><span class='ocrx_word' id='word_1_633' title='bbox 759 4859 992 4915; x_wconf 75' lang='lat' dir='ltr'><strong>Saturne.</strong></span> <span class='ocrx_word' id='word_1_634' title='bbox 1029 4857 1103 4912; x_wconf 77' lang='lat' dir='ltr'><strong>Le</strong></span> <span class='ocrx_word' id='word_1_635' title='bbox 1131 4858 1223 4909; x_wconf 82' lang='lat' dir='ltr'><strong>I‘n.</strong></span> 
     </span>
    </p>
   </div>
   <div class='ocr_carea' id='block_1_87' title="bbox 834 4926 2351 5000">
    <p class='ocr_par' dir='ltr' id='par_1_87' title="bbox 834 4926 2351 5000">
     <span class='ocr_line' id='line_1_87' title="bbox 834 4926 2351 5000; baseline 0 -19"><span class='ocrx_word' id='word_1_636' title='bbox 834 4929 909 5000; x_wconf 72' lang='grc' dir='ltr'><strong>(ει)</strong></span> <span class='ocrx_word' id='word_1_637' title='bbox 966 4928 1199 4982; x_wconf 81' lang='lat' dir='ltr'><strong>Marcion</strong></span> <span class='ocrx_word' id='word_1_638' title='bbox 1225 4928 1448 4997; x_wconf 81' lang='lat' dir='ltr'><strong>episcopi</strong></span> <span class='ocrx_word' id='word_1_639' title='bbox 1492 4927 1631 4994; x_wconf 79' lang='lat' dir='ltr'><strong>filius</strong></span> <span class='ocrx_word' id='word_1_640' title='bbox 1674 4935 1877 5000; x_wconf 71' lang='lat' dir='ltr'><strong>promer</strong></span> <span class='ocrx_word' id='word_1_641' title='bbox 1905 4933 2135 5000; x_wconf 66' lang='lat' dir='ltr'><strong>stuprum</strong></span> <span class='ocrx_word' id='word_1_642' title='bbox 2179 4926 2351 4995; x_wconf 82' lang='lat' dir='ltr'><strong>cujus-</strong></span> 
     </span>
    </p>
   </div>
   <div class='ocr_carea' id='block_1_88' title="bbox 758 4997 2351 5070">
    <p class='ocr_par' dir='ltr' id='par_1_88' title="bbox 758 4997 2351 5070">
     <span class='ocr_line' id='line_1_88' title="bbox 758 4997 2351 5070; baseline -0.001 -15"><span class='ocrx_word' id='word_1_643' title='bbox 758 4997 1039 5070; x_wconf 27' lang='lat' dir='ltr'><strong>dam—uim.</strong></span> <span class='ocrx_word' id='word_1_644' title='bbox 1074 5000 1201 5055; x_wconf 73' lang='lat' dir='ltr'><strong>Ilaec</strong></span> <span class='ocrx_word' id='word_1_645' title='bbox 1238 5000 1400 5055; x_wconf 87' lang='lat' dir='ltr'><strong>etiam</strong></span> <span class='ocrx_word' id='word_1_646' title='bbox 1454 5006 1635 5055; x_wconf 88' lang='lat' dir='ltr'><strong>narrat</strong></span> <span class='ocrx_word' id='word_1_647' title='bbox 1680 4997 2024 5066; x_wconf 75' lang='lat' dir='ltr'><strong>Epiphanius.</strong></span> <span class='ocrx_word' id='word_1_648' title='bbox 2059 4998 2351 5065; x_wconf 80' lang='lat' dir='ltr'><strong>Septimius</strong></span> 
     </span>
    </p>
   </div>
   <div class='ocr_carea' id='block_1_89' title="bbox 762 5070 2350 5139">
    <p class='ocr_par' dir='ltr' id='par_1_89' title="bbox 762 5070 2350 5139">
     <span class='ocr_line' id='line_1_89' title="bbox 762 5070 2350 5139; baseline -0.002 -14"><span class='ocrx_word' id='word_1_649' title='bbox 762 5081 942 5126; x_wconf 90' lang='lat' dir='ltr'><strong>tamen</strong></span> <span class='ocrx_word' id='word_1_650' title='bbox 969 5073 1104 5126; x_wconf 89' lang='lat' dir='ltr'><strong>libro</strong></span> <span class='ocrx_word' id='word_1_651' title='bbox 1132 5071 1197 5124; x_wconf 88' lang='lat' dir='ltr'><strong>de</strong></span> <span class='ocrx_word' id='word_1_652' title='bbox 1227 5070 1532 5139; x_wconf 72' lang='lat' dir='ltr'><strong>Prwscript.</strong></span> <span class='ocrx_word' id='word_1_653' title='bbox 1568 5070 1939 5123; x_wconf 70' lang='lat' dir='ltr'><strong>hereticorum</strong></span> <span class='ocrx_word' id='word_1_654' title='bbox 1964 5108 1977 5131; x_wconf 97' lang='lat'><strong>,</strong></span> <span class='ocrx_word' id='word_1_655' title='bbox 2003 5077 2059 5122; x_wconf 92' lang='lat' dir='ltr'><strong>et</strong></span> <span class='ocrx_word' id='word_1_656' title='bbox 2089 5070 2236 5123; x_wconf 90' lang='lat' dir='ltr'><strong>Iihris</strong></span> <span class='ocrx_word' id='word_1_657' title='bbox 2256 5071 2350 5122; x_wconf 91' lang='lat' dir='ltr'><strong>ad-</strong></span> 
     </span>
    </p>
   </div>
   <div class='ocr_carea' id='block_1_90' title="bbox 757 5139 2345 5209">
    <p class='ocr_par' dir='ltr' id='par_1_90' title="bbox 757 5139 2345 5209">
     <span class='ocr_line' id='line_1_90' title="bbox 757 5139 2345 5209; baseline -0.001 -12"><span class='ocrx_word' id='word_1_658' title='bbox 757 5158 946 5197; x_wconf 81' lang='lat' dir='ltr'><strong>versus</strong></span> <span class='ocrx_word' id='word_1_659' title='bbox 975 5142 1146 5209; x_wconf 82' lang='lat' dir='ltr'><strong>ipsum</strong></span> <span class='ocrx_word' id='word_1_660' title='bbox 1171 5141 1495 5197; x_wconf 78' lang='lat' dir='ltr'><strong>Marcionem</strong></span> <span class='ocrx_word' id='word_1_661' title='bbox 1523 5184 1537 5208; x_wconf 97' lang='lat'><strong>,</strong></span> <span class='ocrx_word' id='word_1_662' title='bbox 1583 5139 1671 5194; x_wconf 89' lang='lat' dir='ltr'><strong>ubi</strong></span> <span class='ocrx_word' id='word_1_663' title='bbox 1724 5140 1793 5194; x_wconf 90' lang='lat' dir='ltr'><strong>de</strong></span> <span class='ocrx_word' id='word_1_664' title='bbox 1820 5140 1991 5208; x_wconf 82' lang='lat' dir='ltr'><strong>ejceto</strong></span> <span class='ocrx_word' id='word_1_665' title='bbox 2039 5139 2307 5195; x_wconf 84' lang='lat' dir='ltr'><strong>Mareioue</strong></span> <span class='ocrx_word' id='word_1_666' title='bbox 2331 5182 2345 5205; x_wconf 89' lang='lat'><strong>,</strong></span> 
     </span>
    </p>
   </div>
   <div class='ocr_carea' id='block_1_91' title="bbox 758 5212 2349 5283">
    <p class='ocr_par' dir='ltr' id='par_1_91' title="bbox 758 5212 2349 5283">
     <span class='ocr_line' id='line_1_91' title="bbox 758 5212 2349 5283; baseline -0.001 -16"><span class='ocrx_word' id='word_1_667' title='bbox 758 5228 821 5283; x_wconf 74' lang='lat' dir='ltr'><strong>ae</strong></span> <span class='ocrx_word' id='word_1_668' title='bbox 846 5214 913 5267; x_wconf 88' lang='lat' dir='ltr'><strong>de</strong></span> <span class='ocrx_word' id='word_1_669' title='bbox 941 5212 1057 5282; x_wconf 84' lang='lat' dir='ltr'><strong>ejus</strong></span> <span class='ocrx_word' id='word_1_670' title='bbox 1080 5212 1293 5283; x_wconf 81' lang='lat' dir='ltr'><strong>ﬂagitiis</strong></span> <span class='ocrx_word' id='word_1_671' title='bbox 1316 5214 1540 5281; x_wconf 82' lang='lat' dir='ltr'><strong>plurima</strong></span> <span class='ocrx_word' id='word_1_672' title='bbox 1569 5212 1785 5283; x_wconf 77' lang='lat' dir='ltr'><strong>disserit</strong></span> <span class='ocrx_word' id='word_1_673' title='bbox 1849 5221 2103 5283; x_wconf 78' lang='lat' dir='ltr'><strong>stuprata:</strong></span> <span class='ocrx_word' id='word_1_674' title='bbox 2130 5213 2349 5279; x_wconf 75' lang='lat' dir='ltr'><strong>virginis</strong></span> 
     </span>
    </p>
   </div>
   <div class='ocr_carea' id='block_1_92' title="bbox 757 5280 2345 5352">
    <p class='ocr_par' dir='ltr' id='par_1_92' title="bbox 757 5280 2345 5352">
     <span class='ocr_line' id='line_1_92' title="bbox 757 5280 2345 5352; baseline -0.001 -13"><span class='ocrx_word' id='word_1_675' title='bbox 757 5280 865 5339; x_wconf 81' lang='lat' dir='ltr'><strong>non</strong></span> <span class='ocrx_word' id='word_1_676' title='bbox 893 5280 1156 5342; x_wconf 74' lang='lat' dir='ltr'><strong>meminit.</strong></span> <span class='ocrx_word' id='word_1_677' title='bbox 1214 5280 1362 5337; x_wconf 87' lang='lat' dir='ltr'><strong>Unde</strong></span> <span class='ocrx_word' id='word_1_678' title='bbox 1393 5284 1598 5352; x_wconf 82' lang='lat' dir='ltr'><strong>Opinari</strong></span> <span class='ocrx_word' id='word_1_679' title='bbox 1654 5282 1807 5335; x_wconf 87' lang='lat' dir='ltr'><strong>liceat</strong></span> <span class='ocrx_word' id='word_1_680' title='bbox 1838 5322 1852 5345; x_wconf 92' lang='lat'><strong>,</strong></span> <span class='ocrx_word' id='word_1_681' title='bbox 1900 5280 2104 5352; x_wconf 82' lang='lat' dir='ltr'><strong>huncce</strong></span> <span class='ocrx_word' id='word_1_682' title='bbox 2131 5283 2345 5337; x_wconf 80' lang='lat' dir='ltr'><strong>Catale-</strong></span> 
     </span>
    </p>
   </div>
   <div class='ocr_carea' id='block_1_93' title="bbox 756 5351 2341 5425">
    <p class='ocr_par' dir='ltr' id='par_1_93' title="bbox 756 5351 2341 5425">
     <span class='ocr_line' id='line_1_93' title="bbox 756 5351 2341 5425; baseline -0.002 -16"><span class='ocrx_word' id='word_1_683' title='bbox 756 5369 881 5425; x_wconf 83' lang='lat' dir='ltr'><strong>gttm</strong></span> <span class='ocrx_word' id='word_1_684' title='bbox 913 5355 1287 5425; x_wconf 66' lang='lat' dir='ltr'><strong>hereticorum</strong></span> <span class='ocrx_word' id='word_1_685' title='bbox 1314 5370 1418 5408; x_wconf 91' lang='lat' dir='ltr'><strong>non</strong></span> <span class='ocrx_word' id='word_1_686' title='bbox 1434 5351 1565 5409; x_wconf 81' lang='lat' dir='ltr'><strong>esse</strong></span> <span class='ocrx_word' id='word_1_687' title='bbox 1606 5352 1943 5425; x_wconf 76' lang='lat' dir='ltr'><strong>Tertulliani.</strong></span> <span class='ocrx_word' id='word_1_688' title='bbox 1973 5351 2102 5406; x_wconf 82' lang='lat' dir='ltr'><strong>Nam</strong></span> <span class='ocrx_word' id='word_1_689' title='bbox 2150 5363 2204 5407; x_wconf 89' lang='lat' dir='ltr'><strong>et</strong></span> <span class='ocrx_word' id='word_1_690' title='bbox 2251 5354 2341 5408; x_wconf 73' lang='lat' dir='ltr'><strong>lib.</strong></span> 
     </span>
    </p>
   </div>
   <div class='ocr_carea' id='block_1_94' title="bbox 757 5423 2346 5495">
    <p class='ocr_par' dir='ltr' id='par_1_94' title="bbox 757 5423 2346 5495">
     <span class='ocr_line' id='line_1_94' title="bbox 757 5423 2346 5495; baseline -0.003 -13"><span class='ocrx_word' id='word_1_691' title='bbox 757 5423 826 5482; x_wconf 79' lang='lat' dir='ltr'><strong>de</strong></span> <span class='ocrx_word' id='word_1_692' title='bbox 858 5428 1162 5495; x_wconf 72' lang='lat' dir='ltr'><strong>l’raescript.</strong></span> <span class='ocrx_word' id='word_1_693' title='bbox 1191 5424 1588 5491; x_wconf 66' lang='lat' dir='ltr'><strong>haretieorum,</strong></span> <span class='ocrx_word' id='word_1_694' title='bbox 1612 5423 2031 5479; x_wconf 84' lang='lat' dir='ltr'><strong>Marciouenscnt</strong></span> <span class='ocrx_word' id='word_1_695' title='bbox 2064 5426 2346 5479; x_wconf 84' lang='lat' dir='ltr'><strong>continen-</strong></span> 
     </span>
    </p>
   </div>
   <div class='ocr_carea' id='block_1_95' title="bbox 758 5497 2352 5560">
    <p class='ocr_par' dir='ltr' id='par_1_95' title="bbox 758 5497 2352 5560">
     <span class='ocr_line' id='line_1_95' title="bbox 758 5497 2352 5560; baseline -0.004 -6"><span class='ocrx_word' id='word_1_696' title='bbox 758 5497 887 5554; x_wconf 87' lang='lat' dir='ltr'><strong>tiam</strong></span> <span class='ocrx_word' id='word_1_697' title='bbox 917 5497 1128 5560; x_wconf 79' lang='lat' dir='ltr'><strong>laudat,</strong></span> <span class='ocrx_word' id='word_1_698' title='bbox 1162 5508 1215 5551; x_wconf 90' lang='lat' dir='ltr'><strong>et</strong></span> <span class='ocrx_word' id='word_1_699' title='bbox 1241 5497 1562 5552; x_wconf 85' lang='lat' dir='ltr'><strong>Marcionem</strong></span> <span class='ocrx_word' id='word_1_700' title='bbox 1594 5505 1943 5550; x_wconf 85' lang='lat' dir='ltr'><strong>castratorem</strong></span> <span class='ocrx_word' id='word_1_701' title='bbox 1991 5497 2169 5549; x_wconf 82' lang='lat' dir='ltr'><strong>carnis</strong></span> <span class='ocrx_word' id='word_1_702' title='bbox 2216 5512 2352 5549; x_wconf 86' lang='lat' dir='ltr'><strong>nuu-</strong></span> 
     </span>
    </p>
   </div>
   <div class='ocr_carea' id='block_1_96' title="bbox 756 5561 2354 5638">
    <p class='ocr_par' dir='ltr' id='par_1_96' title="bbox 756 5561 2354 5638">
     <span class='ocr_line' id='line_1_96' title="bbox 756 5561 2354 5638; baseline -0.003 -13"><span class='ocrx_word' id='word_1_703' title='bbox 756 5578 917 5638; x_wconf 87' lang='lat' dir='ltr'><strong>cupat</strong></span> <span class='ocrx_word' id='word_1_704' title='bbox 947 5570 995 5622; x_wconf 90' lang='lat' dir='ltr'><strong>in</strong></span> <span class='ocrx_word' id='word_1_705' title='bbox 1032 5569 1290 5637; x_wconf 77' lang='lat' dir='ltr'><strong>principio</strong></span> <span class='ocrx_word' id='word_1_706' title='bbox 1320 5570 1571 5623; x_wconf 88' lang='lat' dir='ltr'><strong>lihrormn</strong></span> <span class='ocrx_word' id='word_1_707' title='bbox 1602 5561 1856 5624; x_wconf 82' lang='lat' dir='ltr'><strong>adversus</strong></span> <span class='ocrx_word' id='word_1_708' title='bbox 1886 5566 2081 5635; x_wconf 91' lang='lat' dir='ltr'><strong>ipsmn.</strong></span> <span class='ocrx_word' id='word_1_709' title='bbox 2119 5566 2354 5622; x_wconf 70' lang='lat' dir='ltr'><strong>Ircnmus</strong></span> 
     </span>
    </p>
   </div>
   <div class='ocr_carea' id='block_1_97' title="bbox 760 5638 2352 5711">
    <p class='ocr_par' dir='ltr' id='par_1_97' title="bbox 760 5638 2352 5711">
     <span class='ocr_line' id='line_1_97' title="bbox 760 5638 2352 5711; baseline 0 -18"><span class='ocrx_word' id='word_1_710' title='bbox 760 5656 976 5711; x_wconf 87' lang='lat' dir='ltr'><strong>quoque</strong></span> <span class='ocrx_word' id='word_1_711' title='bbox 1008 5650 1156 5694; x_wconf 86' lang='lat' dir='ltr'><strong>notat</strong></span> <span class='ocrx_word' id='word_1_712' title='bbox 1200 5640 1482 5694; x_wconf 83' lang='lat' dir='ltr'><strong>Marcionis</strong></span> <span class='ocrx_word' id='word_1_713' title='bbox 1512 5638 1803 5706; x_wconf 86' lang='lat' dir='ltr'><strong>discipulos</strong></span> <span class='ocrx_word' id='word_1_714' title='bbox 1832 5638 2223 5711; x_wconf 65' lang='lat' dir='ltr'><strong>continentium</strong></span> <span class='ocrx_word' id='word_1_715' title='bbox 2251 5656 2352 5693; x_wconf 87' lang='lat' dir='ltr'><strong>no-</strong></span> 
     </span>
    </p>
   </div>
   <div class='ocr_carea' id='block_1_98' title="bbox 756 5707 1979 5781">
    <p class='ocr_par' dir='ltr' id='par_1_98' title="bbox 756 5707 1979 5781">
     <span class='ocr_line' id='line_1_98' title="bbox 756 5707 1979 5781; baseline -0.006 -13"><span class='ocrx_word' id='word_1_716' title='bbox 756 5707 1193 5779; x_wconf 43' lang='lat' dir='ltr'><strong>men—usurpasse</strong></span> <span class='ocrx_word' id='word_1_717' title='bbox 1217 5753 1232 5778; x_wconf 88' lang='lat'><strong>,</strong></span> <span class='ocrx_word' id='word_1_718' title='bbox 1268 5711 1477 5781; x_wconf 85' lang='lat' dir='ltr'><strong>nuptias</strong></span> <span class='ocrx_word' id='word_1_719' title='bbox 1501 5711 1804 5781; x_wconf 72' lang='lat' dir='ltr'><strong>damnasse.</strong></span> <span class='ocrx_word' id='word_1_720' title='bbox 1859 5707 1979 5764; x_wconf 58' lang='lat' dir='ltr'><strong>RIG‘.</strong></span> 
     </span>
    </p>
   </div>
   <div class='ocr_carea' id='block_1_99' title="bbox 832 5779 2356 5855">
    <p class='ocr_par' dir='ltr' id='par_1_99' title="bbox 832 5779 2356 5855">
     <span class='ocr_line' id='line_1_99' title="bbox 832 5779 2356 5855; baseline -0.002 -17"><span class='ocrx_word' id='word_1_721' title='bbox 832 5782 913 5855; x_wconf 86' lang='lat' dir='ltr'><strong>(b)</strong></span> <span class='ocrx_word' id='word_1_722' title='bbox 945 5779 1429 5855; x_wconf 12' lang='lat' dir='ltr'><strong>Lucmtusiquidum,</strong></span> <span class='ocrx_word' id='word_1_723' title='bbox 1455 5792 1557 5855; x_wconf 75' lang='lat' dir='ltr'><strong>etc.</strong></span> <span class='ocrx_word' id='word_1_724' title='bbox 1592 5780 1686 5855; x_wconf 71' lang='lat' dir='ltr'><strong>Hic</strong></span> <span class='ocrx_word' id='word_1_725' title='bbox 1716 5779 1789 5855; x_wconf 76' lang='lat' dir='ltr'><strong>tle</strong></span> <span class='ocrx_word' id='word_1_726' title='bbox 1812 5794 1907 5834; x_wconf 89' lang='lat' dir='ltr'><strong>suo</strong></span> <span class='ocrx_word' id='word_1_727' title='bbox 1938 5781 2154 5836; x_wconf 85' lang='lat' dir='ltr'><strong>nomine</strong></span> <span class='ocrx_word' id='word_1_728' title='bbox 2181 5780 2356 5855; x_wconf 80' lang='lat' dir='ltr'><strong>Luca-</strong></span> 
     </span>
    </p>
   </div>
   <div class='ocr_carea' id='block_1_100' title="bbox 758 5852 2354 5916">
    <p class='ocr_par' dir='ltr' id='par_1_100' title="bbox 758 5852 2354 5916">
     <span class='ocr_line' id='line_1_100' title="bbox 758 5852 2354 5916; baseline -0.004 0"><span class='ocrx_word' id='word_1_729' title='bbox 758 5852 927 5916; x_wconf 51' lang='lat' dir='ltr'><strong>nis&#39;tas</strong></span> <span class='ocrx_word' id='word_1_730' title='bbox 957 5854 1157 5911; x_wconf 88' lang='lat' dir='ltr'><strong>habuit.</strong></span> <span class='ocrx_word' id='word_1_731' title='bbox 1187 5854 1279 5911; x_wconf 83' lang='lat' dir='ltr'><strong>Est</strong></span> <span class='ocrx_word' id='word_1_732' title='bbox 1301 5864 1477 5913; x_wconf 87' lang='lat' dir='ltr'><strong>autem</strong></span> <span class='ocrx_word' id='word_1_733' title='bbox 1508 5854 1642 5911; x_wconf 88' lang='lat' dir='ltr'><strong>alter</strong></span> <span class='ocrx_word' id='word_1_734' title='bbox 1662 5852 1929 5910; x_wconf 86' lang='lat' dir='ltr'><strong>Luciauus</strong></span> <span class='ocrx_word' id='word_1_735' title='bbox 1957 5855 2173 5911; x_wconf 88' lang='lat' dir='ltr'><strong>nomine</strong></span> <span class='ocrx_word' id='word_1_736' title='bbox 2214 5854 2354 5910; x_wconf 85' lang='lat' dir='ltr'><strong>Mar-</strong></span> 
     </span>
    </p>
   </div>
   <div class='ocr_carea' id='block_1_101' title="bbox 2460 4426 4089 4499">
    <p class='ocr_par' dir='ltr' id='par_1_101' title="bbox 2460 4426 4089 4499">
     <span class='ocr_line' id='line_1_101' title="bbox 2460 4426 4089 4499; baseline 0.004 -15"><span class='ocrx_word' id='word_1_737' title='bbox 2460 4429 2632 4485; x_wconf 91' lang='lat' dir='ltr'><strong>cionis</strong></span> <span class='ocrx_word' id='word_1_738' title='bbox 2662 4427 2956 4499; x_wconf 90' lang='lat' dir='ltr'><strong>discipulus</strong></span> <span class='ocrx_word' id='word_1_739' title='bbox 2976 4468 2990 4493; x_wconf 95' lang='lat'><strong>,</strong></span> <span class='ocrx_word' id='word_1_740' title='bbox 3022 4441 3050 4481; x_wconf 92' lang='lat' dir='ltr'><strong>a</strong></span> <span class='ocrx_word' id='word_1_741' title='bbox 3082 4443 3188 4499; x_wconf 92' lang='lat' dir='ltr'><strong>quo</strong></span> <span class='ocrx_word' id='word_1_742' title='bbox 3219 4427 3541 4485; x_wconf 76' lang='lat' dir='ltr'><strong>Lucianisue</strong></span> <span class='ocrx_word' id='word_1_743' title='bbox 3568 4426 3835 4488; x_wconf 68' lang='lat' dir='ltr'><strong>haeretici.</strong></span> <span class='ocrx_word' id='word_1_744' title='bbox 3866 4432 3955 4490; x_wconf 74' lang='lat' dir='ltr'><strong>Le</strong></span> <span class='ocrx_word' id='word_1_745' title='bbox 3994 4436 4089 4492; x_wconf 72' lang='lat' dir='ltr'><strong>Pa.</strong></span> 
     </span>
    </p>
   </div>
   <div class='ocr_carea' id='block_1_102' title="bbox 2531 4519 4091 4593">
    <p class='ocr_par' dir='ltr' id='par_1_102' title="bbox 2531 4519 4091 4593">
     <span class='ocr_line' id='line_1_102' title="bbox 2531 4519 4091 4593; baseline 0.004 -15"><span class='ocrx_word' id='word_1_746' title='bbox 2531 4523 2685 4579; x_wconf 68' lang='lat' dir='ltr'><strong>CAP.</strong></span> <span class='ocrx_word' id='word_1_747' title='bbox 2713 4521 2824 4577; x_wconf 86' lang='lat' dir='ltr'><strong>LII.</strong></span> <span class='ocrx_word' id='word_1_748' title='bbox 2847 4552 2917 4563; x_wconf 89' lang='lat'><strong>—</strong></span> <span class='ocrx_word' id='word_1_749' title='bbox 2944 4519 3025 4590; x_wconf 69' lang='grc' dir='ltr'><strong>(ρ)</strong></span> <span class='ocrx_word' id='word_1_750' title='bbox 3058 4522 3263 4575; x_wconf 73' lang='lat' dir='ltr'><strong>Accedit</strong></span> <span class='ocrx_word' id='word_1_751' title='bbox 3294 4521 3538 4578; x_wconf 78' lang='lat' dir='ltr'><strong>Tatimtus</strong></span> <span class='ocrx_word' id='word_1_752' title='bbox 3567 4524 3798 4593; x_wconf 79' lang='lat' dir='ltr'><strong>quidam.</strong></span> <span class='ocrx_word' id='word_1_753' title='bbox 3834 4526 3969 4581; x_wconf 81' lang='lat' dir='ltr'><strong>Fuit</strong></span> <span class='ocrx_word' id='word_1_754' title='bbox 4007 4532 4091 4586; x_wconf 90' lang='lat' dir='ltr'><strong>hic</strong></span> 
     </span>
    </p>
   </div>
   <div class='ocr_carea' id='block_1_103' title="bbox 2458 4593 4091 4676">
    <p class='ocr_par' dir='ltr' id='par_1_103' title="bbox 2458 4593 4091 4676">
     <span class='ocr_line' id='line_1_103' title="bbox 2458 4593 4091 4676; baseline 0.004 -26"><span class='ocrx_word' id='word_1_755' title='bbox 2458 4594 2925 4676; x_wconf 57' lang='lat' dir='ltr'><strong>Justiniinartyris</strong></span> <span class='ocrx_word' id='word_1_756' title='bbox 2942 4593 3256 4676; x_wconf 69' lang='lat' dir='ltr'><strong>discipulus,</strong></span> <span class='ocrx_word' id='word_1_757' title='bbox 3275 4610 3337 4649; x_wconf 89' lang='lat' dir='ltr'><strong>ac</strong></span> <span class='ocrx_word' id='word_1_758' title='bbox 3355 4596 3592 4675; x_wconf 84' lang='lat' dir='ltr'><strong>quandiu</strong></span> <span class='ocrx_word' id='word_1_759' title='bbox 3622 4598 3876 4676; x_wconf 77' lang='lat' dir='ltr'><strong>magister</strong></span> <span class='ocrx_word' id='word_1_760' title='bbox 3914 4601 4091 4668; x_wconf 85' lang='lat' dir='ltr'><strong>ipsius</strong></span> 
     </span>
    </p>
   </div>
   <div class='ocr_carea' id='block_1_104' title="bbox 2457 4666 4088 4737">
    <p class='ocr_par' dir='ltr' id='par_1_104' title="bbox 2457 4666 4088 4737">
     <span class='ocr_line' id='line_1_104' title="bbox 2457 4666 4088 4737; baseline 0.001 -17"><span class='ocrx_word' id='word_1_761' title='bbox 2457 4668 2609 4730; x_wconf 84' lang='lat' dir='ltr'><strong>vixit,</strong></span> <span class='ocrx_word' id='word_1_762' title='bbox 2641 4667 2706 4721; x_wconf 89' lang='lat' dir='ltr'><strong>de</strong></span> <span class='ocrx_word' id='word_1_763' title='bbox 2735 4666 2992 4737; x_wconf 89' lang='lat' dir='ltr'><strong>religione</strong></span> <span class='ocrx_word' id='word_1_764' title='bbox 3022 4680 3084 4718; x_wconf 93' lang='lat' dir='ltr'><strong>ac</strong></span> <span class='ocrx_word' id='word_1_765' title='bbox 3113 4666 3216 4719; x_wconf 88' lang='lat' dir='ltr'><strong>lide</strong></span> <span class='ocrx_word' id='word_1_766' title='bbox 3265 4668 3485 4737; x_wconf 14' lang='lat' dir='ltr'><strong>Optime,</strong></span> <span class='ocrx_word' id='word_1_767' title='bbox 3509 4666 3715 4722; x_wconf 89' lang='lat' dir='ltr'><strong>sentire</strong></span> <span class='ocrx_word' id='word_1_768' title='bbox 3761 4671 3913 4724; x_wconf 78' lang='lat' dir='ltr'><strong>visus</strong></span> <span class='ocrx_word' id='word_1_769' title='bbox 3940 4666 4088 4735; x_wconf 62' lang='lat' dir='ltr'><strong>est;</strong></span> 
     </span>
    </p>
   </div>
   <div class='ocr_carea' id='block_1_105' title="bbox 2378 4736 4091 4815">
    <p class='ocr_par' dir='ltr' id='par_1_105' title="bbox 2378 4736 4091 4815">
     <span class='ocr_line' id='line_1_105' title="bbox 2378 4736 4091 4815; baseline 0.002 -21"><span class='ocrx_word' id='word_1_770' title='bbox 2378 4741 2429 4801; x_wconf 83' lang='grc' dir='ltr'>υ</span> <span class='ocrx_word' id='word_1_771' title='bbox 2458 4738 2648 4794; x_wconf 89' lang='lat' dir='ltr'><strong>eodem</strong></span> <span class='ocrx_word' id='word_1_772' title='bbox 2677 4736 2853 4792; x_wconf 91' lang='lat' dir='ltr'><strong>autem</strong></span> <span class='ocrx_word' id='word_1_773' title='bbox 2887 4746 3099 4815; x_wconf 72' lang='lat' dir='ltr'><strong>mortuo</strong></span> <span class='ocrx_word' id='word_1_774' title='bbox 3118 4751 3348 4815; x_wconf 68' lang='lat' dir='ltr'><strong>2_aeonas</strong></span> <span class='ocrx_word' id='word_1_775' title='bbox 3372 4745 3427 4792; x_wconf 87' lang='lat' dir='ltr'><strong>et</strong></span> <span class='ocrx_word' id='word_1_776' title='bbox 3448 4736 3713 4793; x_wconf 82' lang='lat' dir='ltr'><strong>Valentini</strong></span> <span class='ocrx_word' id='word_1_777' title='bbox 3740 4739 3908 4810; x_wconf 88' lang='lat' dir='ltr'><strong>impia</strong></span> <span class='ocrx_word' id='word_1_778' title='bbox 3953 4744 4091 4815; x_wconf 76' lang='lat' dir='ltr'><strong>dog—</strong></span> 
     </span>
    </p>
   </div>
   <div class='ocr_carea' id='block_1_106' title="bbox 2458 4806 3214 4864">
    <p class='ocr_par' dir='ltr' id='par_1_106' title="bbox 2458 4806 3214 4864">
     <span class='ocr_line' id='line_1_106' title="bbox 2458 4806 3214 4864; baseline -0.003 0"><span class='ocrx_word' id='word_1_779' title='bbox 2458 4820 2599 4864; x_wconf 88' lang='lat' dir='ltr'><strong>tnata</strong></span> <span class='ocrx_word' id='word_1_780' title='bbox 2630 4821 2847 4864; x_wconf 90' lang='lat' dir='ltr'><strong>secutus</strong></span> <span class='ocrx_word' id='word_1_781' title='bbox 2874 4819 2976 4863; x_wconf 89' lang='lat' dir='ltr'><strong>est.</strong></span> <span class='ocrx_word' id='word_1_782' title='bbox 3012 4806 3085 4862; x_wconf 71' lang='grc' dir='ltr'><strong>[ιε</strong></span> <span class='ocrx_word' id='word_1_783' title='bbox 3117 4808 3214 4862; x_wconf 84' lang='lat' dir='ltr'><strong>l’tt.</strong></span> 
     </span>
    </p>
   </div>
   <div class='ocr_carea' id='block_1_107' title="bbox 2527 4898 4088 4985">
    <p class='ocr_par' dir='ltr' id='par_1_107' title="bbox 2527 4898 4088 4985">
     <span class='ocr_line' id='line_1_107' title="bbox 2527 4898 4088 4985; baseline 0.001 -30"><span class='ocrx_word' id='word_1_784' title='bbox 2527 4900 2605 4970; x_wconf 89' lang='lat' dir='ltr'><strong>(d)</strong></span> <span class='ocrx_word' id='word_1_785' title='bbox 2622 4901 2927 4985; x_wconf 19' lang='lat' dir='ltr'><strong>ASeeunduu}</strong></span> <span class='ocrx_word' id='word_1_786' title='bbox 2952 4898 3417 4985; x_wconf 53' lang='lat' dir='ltr'><strong>Phrygum-(iniec)</strong></span> <span class='ocrx_word' id='word_1_787' title='bbox 3430 4900 3693 4985; x_wconf 66' lang='lat' dir='ltr'><strong>vocabulo</strong></span> <span class='ocrx_word' id='word_1_788' title='bbox 3710 4902 4088 4985; x_wconf 55' lang='lat' dir='ltr'><strong>Cataphrvgg</strong></span> 
     </span>
    </p>
   </div>
   <div class='ocr_carea' id='block_1_108' title="bbox 2452 4971 4087 5052">
    <p class='ocr_par' dir='ltr' id='par_1_108' title="bbox 2452 4971 4087 5052">
     <span class='ocr_line' id='line_1_108' title="bbox 2452 4971 4087 5052; baseline 0.004 -25"><span class='ocrx_word' id='word_1_789' title='bbox 2452 4971 2703 5052; x_wconf 83' lang='lat' dir='ltr'><strong>dicuntur</strong></span> <span class='ocrx_word' id='word_1_790' title='bbox 2726 4972 2962 5027; x_wconf 68' lang='lat' dir='ltr'><strong>haeretici</strong></span> <span class='ocrx_word' id='word_1_791' title='bbox 2976 5014 2987 5032; x_wconf 92' lang='lat'><strong>,</strong></span> <span class='ocrx_word' id='word_1_792' title='bbox 3001 4973 3324 5052; x_wconf 62' lang='lat' dir='ltr'><strong>quoniamut</strong></span> <span class='ocrx_word' id='word_1_793' title='bbox 3340 4972 3570 5052; x_wconf 81' lang='lat' dir='ltr'><strong>Phrygia</strong></span> <span class='ocrx_word' id='word_1_794' title='bbox 3589 4971 3880 5052; x_wconf 80' lang='lat' dir='ltr'><strong>(inferiori,</strong></span> <span class='ocrx_word' id='word_1_795' title='bbox 3908 4971 4087 5037; x_wconf 66' lang='grc' dir='ltr'><strong>Ιοίἱιῖω</strong></span> 
     </span>
    </p>
   </div>
   <div class='ocr_carea' id='block_1_109' title="bbox 2454 5042 4084 5117">
    <p class='ocr_par' dir='ltr' id='par_1_109' title="bbox 2454 5042 4084 5117">
     <span class='ocr_line' id='line_1_109' title="bbox 2454 5042 4084 5117; baseline 0.002 -18"><span class='ocrx_word' id='word_1_796' title='bbox 2454 5046 2788 5117; x_wconf 67' lang='lat' dir='ltr'><strong>potissimum</strong></span> <span class='ocrx_word' id='word_1_797' title='bbox 2818 5042 3041 5117; x_wconf 73' lang='lat' dir='ltr'><strong>grassati</strong></span> <span class='ocrx_word' id='word_1_798' title='bbox 3071 5042 3397 5117; x_wconf 22' lang='lat' dir='ltr'><strong>Sunt._‘lllius</strong></span> <span class='ocrx_word' id='word_1_799' title='bbox 3429 5042 3700 5099; x_wconf 64' lang='lat' dir='ltr'><strong>haereseos</strong></span> <span class='ocrx_word' id='word_1_800' title='bbox 3722 5051 3991 5117; x_wconf 78' lang='lat' dir='ltr'><strong>auctores</strong></span> <span class='ocrx_word' id='word_1_801' title='bbox 4018 5066 4084 5107; x_wconf 86' lang='lat' dir='ltr'><strong>ex</strong></span> 
     </span>
    </p>
   </div>
   <div class='ocr_carea' id='block_1_110' title="bbox 2455 5114 4088 5189">
    <p class='ocr_par' dir='ltr' id='par_1_110' title="bbox 2455 5114 4088 5189">
     <span class='ocr_line' id='line_1_110' title="bbox 2455 5114 4088 5189; baseline -0.001 -16"><span class='ocrx_word' id='word_1_802' title='bbox 2455 5114 2517 5173; x_wconf 83' lang='lat' dir='ltr'><strong>ea</strong></span> <span class='ocrx_word' id='word_1_803' title='bbox 2543 5118 2749 5189; x_wconf 83' lang='lat' dir='ltr'><strong>inerunt</strong></span> <span class='ocrx_word' id='word_1_804' title='bbox 2780 5114 3330 5189; x_wconf 42' lang='lat' dir='ltr'><strong>provinciaLApelIes,</strong></span> <span class='ocrx_word' id='word_1_805' title='bbox 3350 5114 3728 5189; x_wconf 70' lang='lat' dir='ltr'><strong>Montanus,_et</strong></span> <span class='ocrx_word' id='word_1_806' title='bbox 3748 5116 3928 5189; x_wconf 86' lang='lat' dir='ltr'><strong>ipsius</strong></span> <span class='ocrx_word' id='word_1_807' title='bbox 3958 5137 4088 5189; x_wconf 85' lang='lat' dir='ltr'><strong>pro-</strong></span> 
     </span>
    </p>
   </div>
   <div class='ocr_carea' id='block_1_111' title="bbox 2454 5185 4089 5258">
    <p class='ocr_par' dir='ltr' id='par_1_111' title="bbox 2454 5185 4089 5258">
     <span class='ocr_line' id='line_1_111' title="bbox 2454 5185 4089 5258; baseline 0.005 -20"><span class='ocrx_word' id='word_1_808' title='bbox 2454 5188 2919 5258; x_wconf 73' lang='lat' dir='ltr'><strong>plietissal’risca,</strong></span> <span class='ocrx_word' id='word_1_809' title='bbox 2940 5201 3044 5258; x_wconf 79' lang='lat' dir='ltr'><strong>seu</strong></span> <span class='ocrx_word' id='word_1_810' title='bbox 3066 5186 3328 5258; x_wconf 77' lang='lat' dir='ltr'><strong>Priscilla,</strong></span> <span class='ocrx_word' id='word_1_811' title='bbox 3353 5194 3410 5258; x_wconf 83' lang='lat' dir='ltr'><strong>et</strong></span> <span class='ocrx_word' id='word_1_812' title='bbox 3431 5185 3741 5240; x_wconf 77' lang='lat' dir='ltr'><strong>Maximilla.</strong></span> <span class='ocrx_word' id='word_1_813' title='bbox 3762 5185 4089 5258; x_wconf 79' lang='lat' dir='ltr'><strong>Iinpcrante</strong></span> 
     </span>
    </p>
   </div>
   <div class='ocr_carea' id='block_1_112' title="bbox 2450 5256 3912 5326">
    <p class='ocr_par' dir='ltr' id='par_1_112' title="bbox 2450 5256 3912 5326">
     <span class='ocr_line' id='line_1_112' title="bbox 2450 5256 3912 5326; baseline -0.001 -11"><span class='ocrx_word' id='word_1_814' title='bbox 2450 5256 2769 5323; x_wconf 81' lang='lat' dir='ltr'><strong>Commodo,</strong></span> <span class='ocrx_word' id='word_1_815' title='bbox 2788 5268 2842 5311; x_wconf 92' lang='lat' dir='ltr'><strong>et</strong></span> <span class='ocrx_word' id='word_1_816' title='bbox 2868 5256 3118 5326; x_wconf 82' lang='lat' dir='ltr'><strong>pontiﬁce</strong></span> <span class='ocrx_word' id='word_1_817' title='bbox 3138 5256 3327 5311; x_wconf 84' lang='lat' dir='ltr'><strong>Sotere</strong></span> <span class='ocrx_word' id='word_1_818' title='bbox 3354 5256 3671 5312; x_wconf 82' lang='lat' dir='ltr'><strong>ﬂoruerunt.</strong></span> <span class='ocrx_word' id='word_1_819' title='bbox 3698 5258 3775 5312; x_wconf 75' lang='lat' dir='ltr'><strong>Ls</strong></span> <span class='ocrx_word' id='word_1_820' title='bbox 3799 5256 3912 5314; x_wconf 65' lang='lat' dir='ltr'><strong>Ps.</strong></span> 
     </span>
    </p>
   </div>
   <div class='ocr_carea' id='block_1_113' title="bbox 2522 5348 4087 5427">
    <p class='ocr_par' dir='ltr' id='par_1_113' title="bbox 2522 5348 4087 5427">
     <span class='ocr_line' id='line_1_113' title="bbox 2522 5348 4087 5427; baseline 0.003 -21"><span class='ocrx_word' id='word_1_821' title='bbox 2522 5351 2671 5427; x_wconf 64' lang='lat' dir='ltr'><strong>CAP.</strong></span> <span class='ocrx_word' id='word_1_822' title='bbox 2700 5349 3322 5427; x_wconf 37' lang='lat' dir='ltr'><strong>[:lll:—j(e)_dccedit_his</strong></span> <span class='ocrx_word' id='word_1_823' title='bbox 3344 5348 3959 5427; x_wconf 44' lang='lat' dir='ltr'><strong>Theodotuslhcereticus</strong></span> <span class='ocrx_word' id='word_1_824' title='bbox 3988 5358 4087 5427; x_wconf 76' lang='lat' dir='ltr'><strong>by-</strong></span> 
     </span>
    </p>
   </div>
   <div class='ocr_carea' id='block_1_114' title="bbox 2452 5421 4087 5497">
    <p class='ocr_par' dir='ltr' id='par_1_114' title="bbox 2452 5421 4087 5497">
     <span class='ocr_line' id='line_1_114' title="bbox 2452 5421 4087 5497; baseline 0.003 -22"><span class='ocrx_word' id='word_1_825' title='bbox 2452 5426 2670 5497; x_wconf 51' lang='lat' dir='ltr'><strong>zuntiuj.</strong></span> <span class='ocrx_word' id='word_1_826' title='bbox 2702 5421 2979 5497; x_wconf 82' lang='lat' dir='ltr'><strong>Coriarins</strong></span> <span class='ocrx_word' id='word_1_827' title='bbox 3002 5421 3090 5477; x_wconf 88' lang='lat' dir='ltr'><strong>hic</strong></span> <span class='ocrx_word' id='word_1_828' title='bbox 3114 5421 3211 5475; x_wconf 80' lang='lat' dir='ltr'><strong>fuit</strong></span> <span class='ocrx_word' id='word_1_829' title='bbox 3232 5422 3532 5497; x_wconf 64' lang='lat' dir='ltr'><strong>hyeautius.</strong></span> <span class='ocrx_word' id='word_1_830' title='bbox 3560 5421 3968 5497; x_wconf 48' lang='lat' dir='ltr'><strong>lliﬂ&#39;ertautgm</strong></span> <span class='ocrx_word' id='word_1_831' title='bbox 4016 5421 4087 5484; x_wconf 63' lang='lat' dir='ltr'><strong>ab</strong></span> 
     </span>
    </p>
   </div>
   <div class='ocr_carea' id='block_1_115' title="bbox 2459 5492 4085 5565">
    <p class='ocr_par' dir='ltr' id='par_1_115' title="bbox 2459 5492 4085 5565">
     <span class='ocr_line' id='line_1_115' title="bbox 2459 5492 4085 5565; baseline 0.002 -17"><span class='ocrx_word' id='word_1_832' title='bbox 2459 5496 2565 5548; x_wconf 90' lang='lat' dir='ltr'><strong>alio</strong></span> <span class='ocrx_word' id='word_1_833' title='bbox 2611 5493 2887 5547; x_wconf 86' lang='lat' dir='ltr'><strong>Theodoto</strong></span> <span class='ocrx_word' id='word_1_834' title='bbox 2916 5494 2984 5548; x_wconf 85' lang='lat' dir='ltr'><strong>de</strong></span> <span class='ocrx_word' id='word_1_835' title='bbox 3012 5510 3117 5563; x_wconf 87' lang='lat' dir='ltr'><strong>quo</strong></span> <span class='ocrx_word' id='word_1_836' title='bbox 3147 5492 3277 5547; x_wconf 73' lang='lat' dir='ltr'><strong>mox</strong></span> <span class='ocrx_word' id='word_1_837' title='bbox 3298 5494 3533 5565; x_wconf 77' lang='lat' dir='ltr'><strong>loquitur</strong></span> <span class='ocrx_word' id='word_1_838' title='bbox 3560 5492 3959 5561; x_wconf 72' lang='lat' dir='ltr'><strong>Tertulliatttis,</strong></span> <span class='ocrx_word' id='word_1_839' title='bbox 3992 5504 4085 5565; x_wconf 84' lang='lat' dir='ltr'><strong>qui</strong></span> 
     </span>
    </p>
   </div>
   <div class='ocr_carea' id='block_1_116' title="bbox 2461 5564 4084 5624">
    <p class='ocr_par' dir='ltr' id='par_1_116' title="bbox 2461 5564 4084 5624">
     <span class='ocr_line' id='line_1_116' title="bbox 2461 5564 4084 5624; baseline 0.002 -3"><span class='ocrx_word' id='word_1_840' title='bbox 2461 5565 3063 5622; x_wconf 79' lang='lat' dir='ltr'><strong>lllelchisedeciauorum</strong></span> <span class='ocrx_word' id='word_1_841' title='bbox 3110 5575 3296 5619; x_wconf 90' lang='lat' dir='ltr'><strong>auctor</strong></span> <span class='ocrx_word' id='word_1_842' title='bbox 3343 5565 3459 5619; x_wconf 83' lang='lat' dir='ltr'><strong>fuit.</strong></span> <span class='ocrx_word' id='word_1_843' title='bbox 3498 5564 3763 5621; x_wconf 89' lang='lat' dir='ltr'><strong>Dicebant</strong></span> <span class='ocrx_word' id='word_1_844' title='bbox 3792 5564 4084 5624; x_wconf 22' lang='lat' dir='ltr'><strong>autern’hi</strong></span> 
     </span>
    </p>
   </div>
   <div class='ocr_carea' id='block_1_117' title="bbox 2462 5634 4085 5705">
    <p class='ocr_par' dir='ltr' id='par_1_117' title="bbox 2462 5634 4085 5705">
     <span class='ocr_line' id='line_1_117' title="bbox 2462 5634 4085 5705; baseline 0.002 -14"><span class='ocrx_word' id='word_1_845' title='bbox 2462 5636 2695 5692; x_wconf 65' lang='lat' dir='ltr'><strong>heretici</strong></span> <span class='ocrx_word' id='word_1_846' title='bbox 2715 5636 2983 5691; x_wconf 86' lang='lat' dir='ltr'><strong>Christum</strong></span> <span class='ocrx_word' id='word_1_847' title='bbox 3004 5638 3118 5704; x_wconf 86' lang='lat' dir='ltr'><strong>ipso</strong></span> <span class='ocrx_word' id='word_1_848' title='bbox 3135 5634 3522 5691; x_wconf 87' lang='lat' dir='ltr'><strong>Melchisedech</strong></span> <span class='ocrx_word' id='word_1_849' title='bbox 3543 5636 3850 5691; x_wconf 81' lang='lat' dir='ltr'><strong>inferiorem</strong></span> <span class='ocrx_word' id='word_1_850' title='bbox 3874 5638 4085 5705; x_wconf 77' lang='lat' dir='ltr'><strong>fuisse,</strong></span> 
     </span>
    </p>
   </div>
   <div class='ocr_carea' id='block_1_118' title="bbox 2460 5707 4085 5777">
    <p class='ocr_par' dir='ltr' id='par_1_118' title="bbox 2460 5707 4085 5777">
     <span class='ocr_line' id='line_1_118' title="bbox 2460 5707 4085 5777; baseline 0.002 -15"><span class='ocrx_word' id='word_1_851' title='bbox 2460 5710 2708 5777; x_wconf 84' lang='lat' dir='ltr'><strong>quoniam</strong></span> <span class='ocrx_word' id='word_1_852' title='bbox 2724 5707 3111 5763; x_wconf 78' lang='lat' dir='ltr'><strong>Melchisedech</strong></span> <span class='ocrx_word' id='word_1_853' title='bbox 3124 5708 3240 5762; x_wconf 88' lang='lat' dir='ltr'><strong>sine</strong></span> <span class='ocrx_word' id='word_1_854' title='bbox 3256 5717 3403 5776; x_wconf 87' lang='lat' dir='ltr'><strong>patre</strong></span> <span class='ocrx_word' id='word_1_855' title='bbox 3415 5718 3467 5763; x_wconf 92' lang='lat' dir='ltr'><strong>et</strong></span> <span class='ocrx_word' id='word_1_856' title='bbox 3481 5719 3649 5762; x_wconf 89' lang='lat' dir='ltr'><strong>matre</strong></span> <span class='ocrx_word' id='word_1_857' title='bbox 3667 5708 3832 5765; x_wconf 79' lang='lat' dir='ltr'><strong>fuisse</strong></span> <span class='ocrx_word' id='word_1_858' title='bbox 3845 5708 3879 5762; x_wconf 92' lang='lat' dir='ltr'><strong>d</strong></span> <span class='ocrx_word' id='word_1_859' title='bbox 3892 5712 3965 5765; x_wconf 89' lang='lat' dir='ltr'><strong>ici</strong></span> <span class='ocrx_word' id='word_1_860' title='bbox 3978 5722 4085 5772; x_wconf 87' lang='lat' dir='ltr'><strong>tur,</strong></span> 
     </span>
    </p>
   </div>
   <div class='ocr_carea' id='block_1_119' title="bbox 2460 5778 4087 5851">
    <p class='ocr_par' dir='ltr' id='par_1_119' title="bbox 2460 5778 4087 5851">
     <span class='ocr_line' id='line_1_119' title="bbox 2460 5778 4087 5851; baseline 0.004 -17"><span class='ocrx_word' id='word_1_861' title='bbox 2460 5780 2733 5834; x_wconf 83' lang='lat' dir='ltr'><strong>Christum</strong></span> <span class='ocrx_word' id='word_1_862' title='bbox 2767 5794 2895 5851; x_wconf 77' lang='lat' dir='ltr'><strong>vero</strong></span> <span class='ocrx_word' id='word_1_863' title='bbox 2944 5788 3169 5834; x_wconf 90' lang='lat' dir='ltr'><strong>matrem</strong></span> <span class='ocrx_word' id='word_1_864' title='bbox 3219 5778 3471 5851; x_wconf 86' lang='lat' dir='ltr'><strong>habuisse</strong></span> <span class='ocrx_word' id='word_1_865' title='bbox 3500 5780 3841 5851; x_wconf 59' lang='lat' dir='ltr'><strong>evangelium</strong></span> <span class='ocrx_word' id='word_1_866' title='bbox 3871 5796 4087 5841; x_wconf 80' lang='lat' dir='ltr'><strong>omnes</strong></span> 
     </span>
    </p>
   </div>
   <div class='ocr_carea' id='block_1_120' title="bbox 2462 5850 4010 5924">
    <p class='ocr_par' dir='ltr' id='par_1_120' title="bbox 2462 5850 4010 5924">
     <span class='ocr_line' id='line_1_120' title="bbox 2462 5850 4010 5924; baseline 0.001 -15"><span class='ocrx_word' id='word_1_867' title='bbox 2462 5861 2513 5909; x_wconf 89' lang='lat' dir='ltr'><strong>et</strong></span> <span class='ocrx_word' id='word_1_868' title='bbox 2545 5852 2789 5908; x_wconf 84' lang='lat' dir='ltr'><strong>universa</strong></span> <span class='ocrx_word' id='word_1_869' title='bbox 2816 5850 3088 5924; x_wconf 70' lang='lat' dir='ltr'><strong>Scriptura</strong></span> <span class='ocrx_word' id='word_1_870' title='bbox 3129 5865 3191 5907; x_wconf 85' lang='lat' dir='ltr'><strong>ac</strong></span> <span class='ocrx_word' id='word_1_871' title='bbox 3231 5850 3444 5906; x_wconf 87' lang='lat' dir='ltr'><strong>traditio</strong></span> <span class='ocrx_word' id='word_1_872' title='bbox 3470 5860 3751 5907; x_wconf 78' lang='lat' dir='ltr'><strong>testantur.</strong></span> <span class='ocrx_word' id='word_1_873' title='bbox 3784 5851 3863 5907; x_wconf 78' lang='lat' dir='ltr'><strong>Le</strong></span> <span class='ocrx_word' id='word_1_874' title='bbox 3894 5852 4010 5911; x_wconf 77' lang='lat' dir='ltr'><strong>Pa.</strong></span> 
     </span>
    </p>
   </div>
  </div>
