4242 6492
169 374 239 428 75
1464 373 1661 430 LIBER
1701 373 1790 429 DE
1827 372 2101 430 CORONA
3410 377 3478 434 74

169 505 328 555 quam
363 487 758 544 Melchisedech
782 529 796 552 ,
829 501 892 541 eo
921 487 1060 557 quod
1092 487 1292 542 dictum
1326 489 1393 542 sit
1418 489 1483 544 dc
1517 490 1726 544 (lliristo
1754 509 1765 544 :
1799 496 1846 553 Α
1875 490 2025 557 cujus
2057 502 2230 557 neque
2277 487 2482 542 initium
2509 528 2521 552 ,
2564 503 2736 559 neque
2768 488 2888 542 ﬁnis
2933 487 3356 558 comprehensus
3408 490 3479 543 sit

173 581 247 634 Tn
267 599 319 635 es
345 582 646 635 sacerdosin
674 592 915 634 wlernmn
939 581 1212 634 secundum
1247 581 1472 634 ordinem
1501 581 1769 634 Malchisc-
1876 592 1968 634 aut
2016 579 2396 650 comprehcntli
2442 579 2628 648 possit.
2671 579 2777 635 Sed
2809 591 2926 650 post
2957 579 3053 634 hos
3100 594 3290 634 omnes
3317 581 3477 635 etiam
3566 587 3577 597 '

168 675 294 726 tlech
328 672 445 744 (I’s.
479 672 616 737 CIX;
645 672 720 736 4).
751 672 881 725 Nam
908 673 1052 725 illttm
1079 672 1466 727 Melchisedech
1492 673 1774 748 praecipue
1881 673 2113 728 l’raxeas
2138 674 2350 744 quidam
2386 673 2634 726 Ineresim
2688 673 3001 736 introduxit,
3051 688 3207 744 quam
3240 672 3474 728 Victori-

170 766 360 832 gratia:
389 766 662 820 caelestem
686 779 806 819 esse
828 765 1080 817 virtutem
1103 782 1114 816 :
1137 778 1201 815 eo
1231 765 1368 832 quod
1394 777 1429 816 ει
1451 765 1515 829 ,al
1532 764 1776 818 Christus
1883 783 1982 822 nus
2026 769 2378 822 corroborarc
2409 767 2638 822 curavit.
2668 767 2763 821 llic
2794 767 2957 821 Deum
2989 767 3200 822 I‘atrem
3231 767 3477 838 oninipov

169 872 268 924 pro
315 857 656 919 hominibus,
686 855 1002 924 deprecator
1028 866 1080 909 et
1107 855 1367 909 advocato
1430 858 1662 924 ipsorum
1695 856 1776 909 ῆι·
1883 868 2082 913 tentem
2109 859 2292 914 Jcsuni
2321 860 2597 913 Christum
2643 873 2762 912 esse
2789 858 2951 922 dicit;
2981 848 3121 912 hunc
3161 857 3475 914 cruciﬁxum

165 959 308 1004 ctus.
329 948 718 1004 Melchisedech
749 948 922 1002 facere
949 963 1042 1016 pro
1064 947 1370 1002 coelestibus
1393 949 1592 1016 angelis
1618 959 1778 1016 atque
1884 967 2206 1021 pussumque
2226 953 2501 1006 eunteudit
2528 961 2579 1006 et
2609 960 2875 1005 mortuum
2900 969 2912 1004 ε
2939 959 3199 1020 praetcrea
3239 951 3475 1020 scipsum

165 1040 471 1104 virtutibus,
508 1057 628 1094 nam
671 1055 790 1094 esse
829 1040 973 1094 illum
1005 1055 1167 1108 usque
1191 1038 1328 1093 adeo
1349 1037 1561 1092 Christo
1584 1038 1772 1092 melio-
1879 1043 1978 1098 sibi
2007 1043 2195 1099 sedere
2225 1043 2289 1095 ad
2320 1043 2592 1098 dexterum
2621 1058 2772 1097 suam
2797 1084 2812 1107 ,
2847 1057 2966 1097 eum
2996 1040 3268 1112 prophana
3307 1053 3358 1098 et
3403 1056 3478 1096 sa-

163 1153 278 1190 rem
305 1179 318 1204 ,
370 1147 423 1191 ut
453 1148 640 1207 aputor
669 1139 736 1190 sit
764 1178 776 1199 ,
828 1147 1033 1190 ametur
1082 1140 1182 1198 sit,
1218 1133 1627 1205 ageueulogetus
1667 1133 1768 1198 sit,
1879 1137 2070 1206 crilega
2106 1137 2405 1192 temeritate
2432 1137 2680 1207 proponit
2733 1136 2832 1210 (a).

1553 1247 2116 1306 COMMENTARIUS.

237 1365 315 1436 (π)
346 1365 475 1419 Cum
512 1366 560 1417 in
594 1363 812 1430 hujusce
842 1365 1087 1436 editionis
1111 1364 1336 1418 decursu
1369 1363 1552 1415 lirmus
1594 1371 1765 1436 ratus-
1871 1377 1936 1416 eo
1966 1364 2064 1417 loci
2116 1363 2362 1418 uiiiittcre
2421 1362 2980 1436 periculoduximus.
3021 1363 3096 1419 De
3149 1362 3306 1436 hujus
3337 1365 3476 1434 frag-

161 1453 267 1507 quc
295 1434 448 1490 nobis
487 1440 554 1488 sit
605 1439 812 1489 animus
839 1479 850 1498 ,
897 1435 1186 1507 {tegmenta
1240 1442 1501 1502 quotquot
1548 1444 1600 1485 et
1650 1434 1763 1486 uhi-
1872 1436 2032 1507 menti
2064 1436 2378 1507 auctoritate
2405 1434 2715 1489 consulendi
2745 1446 2867 1507 sunt
2902 1435 3206 1507 Tillemorrt,
3255 1434 3306 1490 iu
3341 1439 3479 1490 notis

161 1505 396 1574 cumque
425 1518 630 1561 exstant
659 1549 672 1568 ,
703 1505 995 1560 dummodo
1022 1523 1142 1558 veru
1174 1507 1448 1557 vi-tustntis
1477 1515 1598 1556 nuta
1624 1519 1764 1557 cmu-
1869 1506 1933 1558 ad
1961 1505 2276 1559 Tertulliun.
2301 1506 2366 1558 ad
2397 1507 2620 1568 calcem,
2655 1514 2694 1558 t.
2727 1505 2812 1566 IlI,
2847 1521 2900 1574 p.
2927 1506 3054 1568 659,
3087 1509 3267 1571 aperis
3311 1507 3483 1560 notis-

161 1582 490 1633 tnendcntur
517 1621 529 1635 .
558 1581 606 1630 in
636 1579 804 1632 lucem
836 1595 900 1628 ue
930 1585 1146 1639 pereant
1174 1619 1185 1634 ,
1217 1591 1432 1629 servare
1464 1575 1764 1642 iterumque
1869 1577 1988 1629 simi
2017 1576 2322 1644 (Miiiiioires
2353 1592 2484 1642 pour
2505 1577 2718 1629 servirh
2751 1577 3006 1629 l‘ltistoire
3021 1575 3474 1646 ecclésiastiquc);

161 1650 422 1716 colligere
446 1691 458 1709 ,
493 1649 604 1704 haec
635 1651 788 1714 igilttt'
821 1648 1005 1701 ultima
1039 1648 1153 1700 lihri
1178 1646 1648 1711 Praescriptiumnu
1677 1662 1757 1716 cui
1870 1646 1927 1699 I’.
1963 1647 2347 1709 Touruemiue,
2382 1649 2430 1699 in
2462 1645 3166 1715 liphetnerid.Trivultiun.,
3194 1663 3282 1702 an.
3318 1647 3479 1714 I705,

159 1715 313 1788 pila,
360 1736 452 1774 seu
512 1720 883 1773 haereticorum
951 1721 1247 1783 cataloguiu
1282 1760 1295 1781 ,
1346 1716 1596 1786 quidquid
1664 1715 1761 1788 viri
1863 1718 2001 1786 jub.,
2035 1733 2180 1788 aug.,
2219 1734 2266 1786 p.
2301 1719 2428 1773 5H.
2461 1718 2589 1773 Eoo.

161 1787 363 1847 Summi
387 1792 778 1860 elari~siiuique
798 1791 864 1844 de
888 1789 1003 1858 ejus
1043 1794 1266 1857 αὺθρντίᾳ
1286 1803 1442 1842 secus
1471 1787 1763 1849 si-useriut,

1115 2025 1570 2034 ____.___—

1119 2127 1750 2242 SERIES
1823 2128 2498 2239 PRIMA.

521 2368 1404 2588 LIBRI
1578 2361 2196 2588 POL

1578 2361 3212 2626 ΡΟΙΑΕΜΙΟΙ9

811 2753 956 2823 ΑΒ
1016 2753 1530 2825 AUCTOBE
1577 2751 2314 2826 MONTANISTA
2371 2749 2822 2826 SCRIPTI.

1801 2975 2146 2988 ἡ

1689 2958 1784 3000 οο

405 3191 512 3251 DE
543 3188 864 3255 CORONA
912 3187 1239 3248 MILITIS.
2127 3184 2541 3248 ADVERSUS
2584 3187 3261 3252 VALENTINIANOS.

405 3314 511 3373 DE
557 3312 772 3373 FUGA
817 3311 893 3371 IN
938 3308 1558 3371 PERSECU'I‘IONE.
2116 3305 2531 3371 ADVERSUS
2571 3309 2921 3374 JUDIEOS.

406 3432 821 3493 ADVERSUS
856 3431 1298 3492 GNOSTICOS
1333 3429 1794 3492 SCORPIACE.
2121 3427 2229 3488 DE
2270 3431 2554 3491 ANIMA.

409 3554 822 3617 ADVERSUS
867 3553 1288 3614 PRAXEAM.
2121 3546 2226 3606 DE
2270 3547 2535 3610 CARNE
2572 3550 2914 3616 CHRISTI.

413 3676 828 3739 ADVERSUS
872 3673 1464 3736 HERMOGENEM.
2121 3668 2226 3730 DE
2273 3669 2932 3738 RESURRECTIONE
2975 3675 3285 3740 CARNIS.

404 3800 822 3862 ADVERSUS
864 3798 1378 3870 MARCIONEM,
1412 3797 1522 3858 lib.
1555 3799 1872 3877 quinque.

645 4119 1010 4208 QUINTI
1069 4117 1568 4190 SEPTIMII
1617 4119 2220 4195 FLORENTIS
2271 4123 3018 4200 TERTULLIANI

1176 4334 1450 4476 DE
1517 4331 2230 4483 CORON
2255 4336 2540 4478 Al“.

1529 4622 1782 4636 —-—

1788 4612 1893 4655 00

139 4743 552 4797 Ακαυκεκτωι.
583 4767 656 4778 -
686 4736 828 4791 Inter
847 4752 931 4791 eos
956 4752 1081 4806 quos
1101 4737 1153 4788 in
1174 4727 1520 4790 Montanisrno
1536 4734 1759 4788 exarauit
1790 4735 1836 4793 B
1935 4749 2177 4787 coronam
2215 4740 2429 4804 gestare,
2484 4746 2594 4785 esse
2637 4740 2990 4785 ornamentum
3033 4747 3129 4787 sua
3175 4745 3359 4791 natura
3385 4755 3478 4795 nec

216 4832 575 4887 Tertullianus
620 4830 795 4891 libros,
839 4829 1064 4898 primum
1114 4829 1282 4881 locum
1325 4827 1512 4881 obtinet
1552 4825 1676 4879 liber
1702 4825 1765 4878 de
1943 4828 2149 4890 bonunt,
2179 4842 2268 4879 nec
2313 4825 2525 4889 malum,
2550 4823 2687 4876 solus
2730 4823 3098 4892 Tertullianus,
3149 4843 3242 4896 pro
3294 4845 3476 4898 aspero

208 4922 426 4980 Corona
445 4963 460 4987 ,
503 4938 640 4974 anno
685 4920 871 4974 Christi
901 4917 1014 4974 CCI
1049 4919 1216 4973 editus
1237 4961 1249 4981 ,
1298 4917 1761 4988 quemadmodum,
1941 4934 2034 4970 suo
2061 4918 2284 4985 ingenio,
2313 4916 2440 4970 libro
2471 4915 2534 4969 de
2577 4913 2778 4969 Corona
2804 4916 2994 4986 scripto
3038 4917 3215 4972 militis
3243 4935 3476 4977 caussam

211 5015 521 5085 perdoctum
571 5022 769 5065 secutus
814 5009 1139 5064 Noesseltum
1166 5051 1178 5072 ,
1219 5009 1272 5062 in
1337 5025 1428 5062 sua
1480 5004 1764 5077 procemiali
1945 5008 2318 5079 propugnauit;
2369 5007 2651 5074 acriterque
2698 5017 2924 5076 pastores
2951 5007 3005 5060 in
3053 5024 3180 5076 pace
3207 5011 3393 5079 leones,
3424 5015 3477 5069 in

210 5105 580 5159 dissertatione
613 5102 832 5173 anper
862 5103 1140 5156 luculenter
1183 5102 1560 5156 demonstravit.
1598 5096 1762 5152 Occa-
1946 5101 2123 5168 ιιι-αξιὶο
2145 5117 2316 5154 cerros
2347 5101 2640 5164 insectatus,
2667 5099 2787 5166 quia
2802 5099 2876 5152 sic
2904 5103 3142 5156 coronari
3170 5103 3478 5162 idololatria:

206 5199 417 5252 sionem
441 5195 693 5249 scribendi
721 5196 872 5264 hujus
922 5204 1162 5248 tractatus
1197 5194 1392 5248 auctori
1419 5191 1632 5262 prwbuit
1670 5191 1764 5243 mi-
1943 5196 2145 5261 signum
2173 5205 2323 5260 esset,
2353 5190 2776 5263 interrogantibus
2816 5207 3038 5262 quonam
3064 5195 3332 5264 scriptura:
3364 5199 3476 5255 loco

205 5290 320 5344 litis
341 5289 538 5359 factum
558 5291 694 5357 infra
714 5289 764 5339 in
780 5288 990 5341 exordio
1015 5288 1268 5356 eleganter
1292 5293 1607 5342 enarratum.
1626 5281 1764 5352 quod
1947 5285 2072 5337 tales
2101 5300 2314 5338 coronas
2353 5293 2552 5354 gestare
2581 5281 2950 5352 prohiberetur,
2993 5288 3065 5338 ait
3115 5286 3340 5356 suﬂicere
3372 5301 3478 5345 tra-

203 5399 331 5436 cum
376 5380 771 5435 Christianorum
798 5379 1030 5432 nonnulli
1060 5378 1502 5448 reprehenderent,
1519 5375 1765 5443 militique
1947 5377 2207 5432 ditionem.
2236 5377 2302 5431 In
2329 5379 2422 5431 hoc
2448 5379 2613 5448 itaque
2640 5378 2768 5432 libro
2790 5378 3112 5433 traditionem
3135 5391 3183 5434 et
3204 5395 3478 5440 consuetu-

202 5474 506 5529 Ecclesiam
541 5473 694 5544 longa
737 5489 860 5540 pace
906 5473 1152 5540 {ruentem
1182 5483 1364 5525 temere
1402 5470 1624 5539 periculo
1670 5484 1762 5521 σπι
1947 5468 2115 5521 dinem
2144 5486 2243 5523 non
2275 5471 2592 5525 mediocriter
2637 5469 2854 5534 extollit,
2911 5472 3156 5541 pluraque
3185 5474 3378 5544 prolert
3412 5479 3476 5533 da

203 5565 509 5636 ponendam
546 5567 949 5637 imprOperarenl
969 5607 982 5634 ,
1014 5565 1078 5619 de
1103 5575 1283 5618 caetero
1318 5572 1593 5617 asserentes
1634 5563 1764 5615 hanc
1947 5563 2260 5616 ca'remoniis
2291 5563 2524 5633 exempla
2554 5571 2731 5616 natatu
2770 5562 2945 5634 digna,
2971 5579 3086 5633 qua:
3110 5581 3172 5618 ex
3199 5569 3473 5626 traditione

1509 5674 2075 5731 COMMENTARIUS.

203 5800 290 5872 (b)
344 5795 426 5852 De
471 5812 676 5850 corona.
710 5796 799 5852 Sic
844 5797 1148 5852 inscribitur
1203 5795 1288 5850 hic
1323 5794 1456 5848 liber
1501 5790 1554 5846 iu
1608 5791 1728 5846 cod.
1843 5790 2136 5860 Agohardi,
2172 5805 2276 5846 non
2309 5799 2364 5846 ut
2391 5791 2566 5863 vulgo,
2592 5791 2666 5847 De
2689 5808 2877 5847 rorona
2925 5792 3116 5847 militis.
3145 5792 3212 5848 Et
3239 5805 3475 5856 veterem

441 5891 879 5954 Turonum
927 5891 1003 5951 II.
2844 5884 3112 5964 (Trois.)
