4242 6492
766 322 834 384 71
2199 329 2665 390 τεητυιιιλαι
3979 344 4028 397 ἠ

768 444 1064 517 discipulus
1094 446 1259 517 ipsius
1302 445 1526 503 emersit
1553 443 1629 517 (α)
1659 444 1893 502 Marcion
1922 444 2137 517 quidam
2188 448 2359 502 nomi-
2390 450 2440 508 Λ
2504 453 2629 503 κατὰ
2648 446 2909 513 Proetum,
2930 448 3000 501 ad
3015 449 3291 503 secundum
3309 448 3610 507 ﬂaminem
3628 496 3641 513 .
3668 453 4000 511 Montanum.

769 550 876 602 ne,
932 538 1177 608 ponticus
1226 554 1446 609 genere,
1480 539 1716 610 episcopi
1772 538 1948 604 titius,
1993 547 2210 607 propter
2249 549 2364 592 stn-

770 645 923 701 prunt
946 631 1223 700 cujusdam
1254 632 1473 701 virginis
1498 631 1567 685 ab
1596 630 1849 686 Ecclesia:
1880 630 2365 685 connnuuicatione

769 722 1032 793 ahjectus.
1052 722 1148 778 Hic
1168 738 1231 778 ex
1250 722 1529 778 occasione
1547 738 1650 794 qua
1666 722 1868 777 dictum
1891 721 1977 785 sit,
1998 721 2184 775 Omnis
2206 720 2366 775 arbor

768 814 907 871 bona
935 817 1105 871 bonos
1134 814 1334 871 fructus
1356 814 1514 882 facit,
1539 814 1675 868 mala
1702 825 1878 869 autem
1912 813 2081 868 malos
2099 855 2112 878 ,
2137 813 2363 869 hmresin

768 906 1029 965 Cerdouis
1054 900 1354 979 approbare
1383 918 1605 963 conatus
1628 919 1709 962 ρει
1734 949 1748 973 ,
1794 905 1981 962 eadem
2005 905 2184 961 dicere
2208 948 2221 971 ,
2246 922 2365 977 qua:

767 1000 860 1057 ille
883 1002 1127 1074 superior
1154 1002 1434 1057 Ita-reticus
1463 1011 1587 1056 ante
1617 1000 1843 1056 dixerat.
1874 999 2058 1054 Exlitit
2080 1008 2199 1069 post
2223 998 2366 1053 hunc

772 1094 849 1168 (ὁ)
882 1097 1125 1153 Lucanus
1152 1097 1367 1167 quidatn
1398 1097 1611 1151 nomine
1636 1138 1650 1162 ,
1698 1096 1983 1151 Marcionis
2009 1105 2239 1151 sectator
2285 1106 2365 1148 at-

764 1206 870 1261 que
896 1191 1187 1262 discipulus
1215 1210 1225 1245 :
1262 1203 1313 1245 et
1346 1192 1429 1245 hic
1456 1206 1548 1261 per
1575 1190 1762 1246 eadem
1789 1190 1992 1245 vadens
2021 1191 2363 1257 blasphemia:

766 1300 965 1356 genera
992 1327 1005 1347 .
1035 1286 1221 1341 eadem
1249 1286 1404 1341 docet
1444 1302 1564 1356 qua:
1618 1285 1852 1340 Marcion
1900 1294 1955 1339 et
2003 1285 2210 1339 Cerdon
2263 1285 2361 1339 do-

764 1385 1005 1431 cuerant.
1064 1376 1190 1433 Post
1234 1378 1332 1430 hos
1380 1377 1724 1448 subsequitur
1776 1376 2026 1446 Apelles,
2070 1377 2364 1446 discipulus

766 1465 1055 1523 Marcionis
1079 1510 1094 1536 ,
1128 1468 1217 1539 qtti
1250 1479 1595 1539 posteaquam
1654 1470 1705 1523 in
1736 1484 1951 1525 carnem
1982 1484 2131 1522 suam
2187 1470 2365 1538 lapsus

762 1568 845 1613 est
866 1600 880 1625 ,
912 1575 941 1613 a
974 1560 1240 1615 Marcione
1269 1572 1578 1630 segregatus
1609 1571 1709 1614 est.
1760 1560 1853 1614 llic
1883 1559 2169 1615 introducit
2200 1577 2364 1615 umtnt

769 1652 935 1708 Deum
966 1651 1190 1705 inﬁnitis
1218 1650 1586 1719 superioribus
1630 1652 1887 1721 partilms.
1935 1652 2083 1723 Hunc
2131 1664 2364 1722 petesta-

766 1752 849 1799 tes
875 1745 1108 1809 multas,
1136 1743 1465 1813 angelosque
1511 1740 1743 1799 fecisse:
1795 1754 2072 1814 propterea
2104 1755 2157 1798 et
2202 1745 2361 1798 aliam

2544 541 2639 595 llis
2667 543 2933 597 haereticis
2953 543 3201 599 omnibus
3225 542 3300 615 (ε)
3326 546 3533 600 accedit
3564 547 3824 605 Tatianus
3855 552 4028 619 quidam

2470 634 2607 691 alter
2648 635 2953 691 hxreticus.
2989 636 3085 691 llic
3115 636 3306 691 Justmi
3341 640 3593 708 martyris
3618 641 3907 711 discipulus
3934 644 4029 703 iuit,

2472 736 2591 796 post
2622 727 2764 782 hunc
2791 728 3002 782 diversa
3030 731 3232 784 sentire
3278 730 3459 799 cmpit.
3498 730 3665 785 Totus
3696 734 3843 786 enim
3879 747 4030 786 secuit.

2470 818 2595 873 dum
2635 819 2977 875 Valentinum
3008 822 3178 890 sapit,
3235 822 3496 891 adjicicns
3538 824 3698 887 illud,
3759 825 3921 882 Adam
3964 843 4033 880 nec

2470 911 2698 965 salutem
2748 912 3007 982 consequi
3054 928 3238 982 pOsse:
3289 915 3438 983 quasi
3483 930 3624 979 non,
3658 919 3702 968 si
3757 918 3889 969 rami
3935 919 4035 970 salii

2471 1001 2630 1065 ﬁant.
2682 1013 2736 1058 et
2767 1004 3094 1060 radixrsalva
3124 1005 3213 1059 sit.
3246 1005 3607 1060 Αερυεδειίιιιι
3653 1006 3743 1063 alii
3804 1008 4035 1069 haeretici,

2471 1096 2559 1165 qui
2588 1097 2837 1151 dicuntur
2867 1096 2947 1167 (d)
3001 1096 3292 1151 secundum
3326 1096 3593 1167 Phrygas;
3624 1098 3717 1152 sed
3748 1098 3933 1152 horum
3959 1116 4037 1153 non

2476 1202 2580 1241 una
2612 1188 2855 1241 doctrina
2902 1200 3005 1242 est.
3040 1188 3175 1244 Sunt
3225 1190 3367 1243 enim
3415 1190 3502 1259 qtti
3546 1196 3669 1246 κατὰ.
3716 1190 3952 1244 Proclunt
3983 1192 4041 1244 di-

2469 1288 2682 1343 cuntur,
2713 1291 2837 1333 sunt
2863 1281 2952 1348 qtti
2983 1280 3278 1335 secundum
3298 1279 3612 1335 xEschitietn
3640 1286 4039 1351 pronuntiantur.

2470 1369 2533 1423 lli
2590 1371 2790 1425 habent
2839 1372 2998 1426 aliam
3049 1388 3389 1426 couununem
3440 1372 3871 1443 blasphemiam,
3914 1378 4042 1429 aliam

2471 1462 2853 1533 blasphemiam
2888 1481 2991 1519 non
3032 1480 3401 1531 Cottnnuncm,
3428 1465 3523 1521 sed
3549 1470 3877 1537 peculiarem
3902 1485 4043 1523 suam:

2470 1566 2524 1610 et
2549 1573 2887 1613 Communem
2911 1560 3124 1629 quidem
3149 1561 3313 1623 illatn,
3338 1577 3439 1629 qua
3471 1563 3521 1615 in
3556 1563 3832 1630 Apostolis
3864 1564 4045 1632 quidem

2470 1650 2649 1705 dicant
2693 1653 2949 1722 Spiritum
2992 1652 3244 1709 Sanetnm
3310 1654 3509 1719 fuisse,
3576 1656 3913 1711 Paraclctutn
3964 1676 4048 1713 non

2473 1744 2673 1799 fuisse:
2707 1756 2761 1799 ct
2807 1762 2909 1815 qua
2940 1746 3122 1800 dicant
3152 1746 3488 1801 Paraclctutn
3535 1748 3684 1817 plura
3737 1749 3791 1803 in
3826 1750 4050 1804 Montano

764 1835 1017 1891 virtutem
1047 1852 1205 1907 quam
1236 1836 1359 1891 dicit
1382 1878 1399 1905 ,
1424 1834 1711 1892 Dominum
1743 1836 1870 1891 dicit
1918 1876 1932 1901 ,
1976 1837 2067 1891 sed
2117 1838 2361 1907 angelum
2400 1860 2446 1919 Β
2474 1836 2676 1893 dixisse
2698 1878 2713 1902 ,
2764 1854 2925 1907 quam
2957 1838 3227 1892 Christum
3278 1839 3331 1893 itt
3365 1840 3710 1910 lirangelium
3746 1845 4051 1912 protulisse,

763 1930 934 2001 ponit.
963 1929 1075 1986 lloc
1096 1930 1391 1985 vultvideri
1416 1930 1671 1984 mundum
1694 1931 1989 1985 iusxitutum
2016 1930 2080 1985 ad
2108 1931 2363 1985 imitatio-

764 2038 889 2078 nem
918 2023 1099 2077 nntndi
1128 2023 1424 2093 superioris
1447 2063 1461 2086 ,
1497 2023 1581 2078 cui
1615 2022 1815 2077 mundo
1842 2024 2221 2091 pertniscuissc
2254 2039 2368 2095 pa:-

762 2113 1087 2178 nitentiam;
1133 2114 1256 2184 quia
1314 2129 1419 2167 non
1467 2112 1615 2167 illutn
1667 2123 1771 2167 tant
1824 2115 2059 2184 perfecte
2114 2114 2363 2182 iecisset,

761 2223 921 2277 quam
954 2207 1043 2262 ille
1072 2208 1317 2277 superior
1358 2206 1589 2261 mundus
1616 2208 1890 2261 institutus
1923 2208 2133 2262 fuisset.
2164 2206 2363 2275 Legem

761 2310 816 2357 et
835 2301 1126 2372 prephetas
1144 2300 1409 2371 repudiat.
1432 2298 1706 2355 Christum
1730 2316 1904 2371 neque
1922 2302 1972 2355 in
1992 2300 2364 2371 phantasmate

762 2394 893 2451 dicit
925 2394 1113 2459 fuisse,
1144 2396 1283 2450 sicut
1310 2393 1568 2455 Marcion.
1622 2409 1796 2463 neque
1839 2397 1889 2447 in
1919 2394 2213 2450 substantia
2248 2395 2363 2450 veri

765 2488 1030 2556 corporis,
1063 2498 1119 2542 ttt
1143 2487 1488 2557 Erangclium
1520 2487 1677 2541 docet
1704 2504 1716 2551 ;
1750 2486 1843 2542 sed
1868 2504 1933 2540 eo
1961 2488 2156 2557 quode
2198 2503 2361 2559 supe-

760 2580 991 2636 rioribus
1012 2580 1252 2650 partibus
1274 2580 1648 2644 descenderet,
1674 2579 1788 2649 ipso
1809 2578 2073 2635 descensu
2094 2579 2358 2635 sideream

758 2674 861 2731 sibi
888 2689 1104 2730 carnem
1134 2686 1187 2729 et
1213 2690 1407 2728 aeream
1431 2674 1809 2729 contexuisse:
1855 2674 1995 2729 hunc
2025 2675 2077 2729 in
2127 2691 2362 2732 resurre-

759 2768 939 2824 ctione
958 2769 1178 2837 singulis
1198 2766 1498 2837 quibusque
1520 2766 1802 2823 elementis
1822 2808 1837 2832 ,
1864 2782 1985 2837 qua:
2014 2767 2065 2822 itt
2095 2767 2359 2824 descensu

757 2873 861 2915 suo
909 2868 1153 2913 mutuata
1208 2858 1451 2921 inissent,
1486 2858 1537 2912 iu
1583 2873 1808 2913 ascensu
1842 2859 2177 2927 reddidisse,
2202 2871 2255 2916 ct
2280 2862 2359 2917 sic

757 2953 1017 3025 dispersis
1060 2953 1363 3024 quibusque
1392 2952 1634 3021 corporis
1685 2953 1769 3008 sui
1812 2952 2089 3024 partibus,
2138 2952 2189 3007 in
2218 2955 2359 3011 caelo

756 3046 1005 3117 spiritum
1053 3055 1259 3101 tantum
1290 3045 1607 3101 reddidisse.
1641 3042 1737 3100 llic
1775 3045 1959 3101 carnis
1999 3047 2357 3101 resurrectio-

756 3151 881 3193 nem
905 3146 1092 3207 negat;
1135 3137 1252 3191 solo
1280 3134 1526 3190 utitnret
1567 3135 1860 3204 Apostolo,
1892 3134 1987 3190 sed
2034 3135 2352 3202 Marcionis,

2475 1944 2573 1984 nec
2611 1940 2815 1985 tantum
2843 1932 3017 2002 plura,
3052 1932 3143 1987 sed
3173 1934 3334 1987 etiam
3366 1934 3586 1989 meliora
3620 1945 3785 2005 atque
3818 1937 4025 2007 majora.

3077 2067 3308 2125 CAPUT
3339 2068 3468 2125 Llll.

2472 2177 2702 2253 Denique
2766 2180 3025 2249 Blastum,
3060 2181 3379 2236 Theodotum
3424 2194 3707 2259 utrumque,
3756 2185 3989 2244 Praua:
4023 2201 4058 2243 et

3106 2274 3437 2330 Victorinum.

2537 2430 2805 2487 Privatam
2855 2441 3031 2487 antem
3084 2431 3467 2503 blasphemiam
3518 2434 3590 2488 illi
3640 2436 3729 2505 qni
3780 2445 3910 2492 sunt
3953 2442 4061 2491 κατὰ

2467 2523 2777 2581 Αἰδςιιὶηεῐη
2799 2568 2812 2591 ,
2858 2526 2995 2580 hanc
3027 2524 3263 2589 habent,
3294 2542 3396 2596 qtta
3422 2524 3681 2596 adjiciunt
3726 2530 3892 2582 etiam
3945 2530 4059 2591 hoc,

2466 2628 2523 2672 ttt
2550 2619 2728 2674 dicant
2754 2618 3025 2674 Christum
3055 2620 3227 2689 ipsum
3255 2633 3377 2673 esse
3395 2618 3586 2675 Filium
3618 2632 3671 2675 et
3706 2621 3945 2675 Patrem.
3981 2624 4063 2677 Est

2464 2721 2720 2780 pra-terea
2766 2710 2849 2765 his
2877 2710 3128 2765 omnilms
3176 2711 3337 2766 etiam
3393 2710 3602 2766 Blastus
3650 2713 4062 2784 accedens,qui

2466 2801 2691 2856 latenter
2737 2801 3062 2871 jndaismum
3095 2802 3207 2855 vult
3258 2803 3622 2858 introducere.
3675 2805 3887 2861 Pascha
3921 2810 4056 2859 enim

2462 2892 2591 2948 dicit
2620 2908 2727 2948 non
2786 2893 2942 2948 aliter
2995 2893 3408 2948 custodiendum
3437 2910 3592 2961 esse,
3641 2896 3741 2952 nisi
3772 2897 4065 2953 secundum

2462 2987 2630 3058 legem
2656 2987 2841 3059 Moysi,
2878 2986 3014 3042 XIV.
3046 2989 3272 3042 mensis.
3299 2988 3430 3056 Quis
3472 2999 3650 3043 autent
3685 2991 3914 3058 nesciat,
3944 3008 4067 3063 quo-

2461 3080 2603 3134 niam
2626 3079 2937 3149 evaogelica
2970 3080 3138 3149 gratia
3162 3090 3453 3134 evacuatur
3477 3122 3491 3145 ,
3525 3083 3568 3135 si
3601 3080 3666 3134 ad
3700 3081 3873 3151 legem
3917 3084 4067 3137 Chri-

2460 3181 2599 3225 stum
2641 3172 2885 3242 rediget‘t
2921 3172 2995 3243 (e)
3040 3173 3260 3227 Accedit
3304 3174 3384 3228 his
3426 3174 3735 3230 Theodotus
3785 3178 4069 3233 haereticus

757 3226 927 3337 19??!
1307 3225 1895 3337 θιηξῆιέτυηξβφξίξτξιξπξ
2101 3228 2351 3337 circa
2384 3254 2428 3315 c
2464 3265 2740 3335 manus
2772 3280 2787 3319 ε
2817 3265 2907 3334 qui
3325 3264 3520 3321 ςιιτίειε
3552 3283 3647 3337 ιντο
3678 3270 3898 3324 nomine
3928 3287 4069 3326 εοημ

757 3320 934 3377 Habet
962 3330 1223 3390 praeterea
1257 3319 1489 3389 privatas
1510 3360 1527 3387 ,
1558 3317 1655 3373 sed
1680 3318 2139 3374 extraordinarius
2171 3321 2353 3376 lectio-

757 3427 857 3469 nes
883 3427 1009 3467 suas
1028 3454 1043 3479 ,
1082 3427 1215 3481 quas
1243 3411 1477 3483 appellat
1509 3411 1857 3479 phaneroseis
1887 3410 2229 3467 Pbitumenes
2258 3429 2355 3469 cu-

752 3505 964 3577 jusdam
997 3506 1217 3576 puellae,
1265 3520 1423 3576 quam
1464 3506 1616 3576 quasi
1662 3504 2056 3575 prophetissam
2088 3507 2349 3575 sequitur.

756 3597 930 3654 llabet
960 3608 1217 3668 praeterea
1246 3611 1375 3651 suos
1403 3597 1568 3651 libros
1589 3637 1607 3665 ,
1634 3613 1771 3667 quos
1810 3596 2355 3669 inscripsitSyIIOgis-

753 3706 1003 3763 morum,
1038 3692 1089 3745 itt
1130 3690 1324 3761 quibus
1372 3689 1601 3760 probare
1626 3691 1771 3755 vult,
1804 3688 1944 3759 quod
1992 3692 2171 3745 omnia
2204 3707 2353 3762 qna:-

752 3801 983 3857 cumque
1034 3784 1246 3857 Moyses
1275 3783 1343 3841 de
1394 3784 1503 3840 Deo
1546 3783 1857 3855 scripserit,
1891 3798 2016 3839 vera
2062 3799 2169 3841 non
2200 3786 2340 3852 sint,

754 3878 849 3936 sed
882 3877 1011 3935 falsa
1041 3879 1170 3935 sint.

1391 4005 1617 4070 CAPUT
1647 4007 1754 4065 Lll.

754 4171 1027 4229 Tatianum
1044 4168 1184 4238 inde,
1202 4178 1247 4225 et
1264 4183 1350 4224 eos
1374 4166 1461 4240 qui
1479 4167 1757 4223 uerendum
1778 4163 2015 4239 Phrygas
2038 4169 2354 4240 dicebantur,

2460 3358 2761 3429 prehensus
2810 3358 3059 3428 negavit,
3116 3359 3166 3414 in
3219 3357 3489 3414 Christum
3537 3361 3920 3432 blasphemare.
3970 3382 4068 3418 non

2458 3450 2677 3505 destitit.
2706 3450 3011 3505 Doctrinam
3038 3450 3180 3506 enim
3209 3451 3522 3519 introduxit,
3552 3470 3661 3525 qua
3675 3454 3958 3511 Christum
3986 3458 4073 3511 Ito-

2459 3543 2657 3598 ntinetn
2687 3543 3055 3597 tantummodo
3074 3542 3309 3609 diceret,
3334 3544 3503 3603 Deum
3534 3556 3710 3600 autem
3735 3547 3882 3602 illum
3909 3565 4071 3620 nega-

2459 3646 2575 3699 ret;
2609 3651 2674 3691 ex
2699 3635 2899 3706 Spiritu
2938 3634 3152 3706 quidem
3177 3634 3375 3690 Sancto
3403 3646 3583 3693 natum
3610 3654 3676 3693 ex
3712 3640 3948 3710 virgine,
3980 3643 4069 3696 sed

2465 3728 2733 3784 hominem
2775 3728 3112 3795 solitariunt,
3162 3738 3322 3799 atque
3362 3730 3601 3796 nudum,
3634 3732 3781 3790 nulla
3805 3733 3912 3788 alia
3962 3751 4072 3806 pra:

2463 3820 2697 3889 creteris,
2728 3820 2829 3876 nisi
2859 3822 2972 3877 sola
2991 3821 3209 3891 iustitiae
3230 3823 3564 3879 auctoritate.
3594 3825 3743 3879 Alter
3764 3836 3885 3895 post
3929 3829 4075 3885 hunc

2467 3914 2779 3969 Theodotus
2809 3912 3093 3968 barreticus
3123 3914 3337 3983 erupit,
3391 3915 3480 3984 qui
3512 3923 3565 3969 et
3610 3915 3723 3984 ipse
3770 3917 4074 3975 introduxit

2462 4006 2685 4061 alteram
2712 4013 2946 4068 sectam,
2976 4012 3029 4059 et
3050 4004 3221 4073 ipsum
3242 4003 3512 4059 hominem
3537 4004 3806 4061 Christum
3834 4017 4077 4065 tanturn-

2465 4096 2627 4151 modo
2655 4095 2781 4150 dicit
2810 4111 2873 4149 ex
2904 4094 3105 4165 Spiritu
3149 4095 3370 4162 Sancto,
3414 4112 3479 4151 ex
3512 4098 3715 4168 virgine
3736 4098 3907 4155 Maria
3936 4117 4073 4157 con.

2464 4199 2677 4260 ceptum
2720 4188 2917 4259 pariter
2939 4196 2991 4243 et
3026 4195 3245 4253 natum;
3280 4187 3376 4246 sed
3419 4188 3563 4244 hunc
3605 4188 3917 4247 inferiorem
3951 4210 4079 4252 esse

2178 4304 2759 4362 COMMENTARIUS.

750 4414 893 4458 mam
914 4400 1082 4471 petiit,
1099 4398 1186 4455 ubi
1207 4396 1600 4471 ab‘apostolicis
1614 4397 1741 4471 viris
1759 4395 1872 4471 pari
1893 4396 2099 4471 ratione
2120 4396 2343 4466 ejectus.

751 4475 881 4540 Qua
911 4466 1033 4529 cum
1079 4466 1526 4524 animadverteret
1550 4510 1564 4532 ,
1612 4469 1663 4523 in
1703 4466 1965 4540 Ccrdonis
1990 4468 2341 4524 deliramenta

747 4539 931 4615 jurare
970 4544 1169 4612 cmpit,
1198 4554 1249 4596 ct
1277 4543 1417 4596 illius
1434 4541 1767 4615 -intposturas
1807 4539 2099 4615 amplecti;
2130 4540 2205 4595 De
2254 4557 2347 4615 e9-

750 4609 875 4672 detn
929 4609 1103 4670 ferunt
1130 4654 1145 4679 ,
1192 4629 1338 4677 cum,
1368 4611 1467 4666 sub
1515 4609 1741 4666 Aniceto
1774 4609 2025 4678 pontiﬁce
2066 4610 2249 4667 Roma:
2280 4612 2339 4667 Β.

752 4687 1048 4758 Polycarpo
1079 4693 1418 4758 occurreret,
1444 4682 1531 4758 ab
1555 4697 1621 4738 eo
1648 4680 1865 4758 petiisse
1888 4722 1921 4758 ,_
1953 4697 2168 4758 an_emn
2214 4699 2339 4758 nos-

751 4751 871 4823 set',
904 4751 1245 4826 respondisse
1275 4756 1331 4810 Β.
1363 4751 1715 4827 Polycarptim
1738 4794 1753 4817 ,
1785 4751 1921 4807 Novi
1951 4752 2344 4824 primogenitum

752 4830 985 4886 Satanw.
1022 4828 1097 4883 LE
1124 4829 1215 4881 l‘n.

827 4901 903 4971 (ει)
959 4899 1191 4971 Marcion
1218 4899 1439 4968 episcopi
1484 4898 1623 4965 ﬁlius
1667 4906 1870 4971 propter
1898 4904 2128 4971 stuprum
2172 4898 2343 4971 cujus-

750 4968 1033 5042 dnnt'vi’rg.
1068 4970 1194 5042 llaec
1225 4971 1391 5042 etiam
1446 4977 1628 5042 narrat
1673 4968 2017 5037 Epiphanius.
2052 4970 2343 5042 Septimius

755 5052 935 5097 tamen
963 5041 1098 5097 libro
1126 5041 1191 5095 de
1221 5041 1524 5109 Prmscript.
1560 5041 1932 5095 hereticorum
1957 5080 1970 5103 ,
1996 5048 2052 5094 et
2082 5041 2229 5094 libris
2249 5041 2343 5093 ad-

750 5130 940 5169 versus
968 5114 1139 5181 ipsum
1165 5112 1487 5167 Marcionem
1515 5154 1529 5179 ,
1576 5111 1664 5165 ubi
1718 5112 1785 5165 de
1814 5112 1983 5180 ejecto
2032 5111 2300 5167 Marciuue
2323 5154 2337 5176 ,

750 5200 815 5256 ap
839 5186 907 5240 dc
935 5185 1051 5255 ejus
1074 5184 1286 5256 ﬂagitiis
1309 5184 1533 5256 plurima
1562 5182 1778 5256 disserit
1842 5192 2095 5256 stuprata:
2123 5184 2342 5256 virginis

750 5251 858 5313 non
886 5251 1166 5315 meminit;
1208 5251 1355 5309 Unde
1386 5255 1592 5323 Opinari
1647 5253 1800 5306 liceat
1830 5293 1845 5316 ,
1893 5251 2097 5323 huncce
2124 5254 2338 5308 Catale-

749 5342 875 5397 gunt
908 5328 1280 5397 hereticortnn
1308 5322 1558 5380 noncsse
1600 5323 1935 5397 Iertulliani.
1964 5322 2095 5377 Nam
2142 5334 2197 5397 et
2244 5325 2334 5379 lib.

750 5394 819 5455 de
852 5399 1155 5465 Praescript.
1184 5396 1582 5461 hereticorum,
1606 5394 2023 5449 Marcionensem
2057 5396 2338 5450 continen-

752 5469 879 5525 tiam
910 5469 1121 5531 landat,
1155 5478 1207 5522 et
1236 5468 1555 5522 lllarcioucm
1588 5475 1936 5531 castratoretn
1983 5467 2162 5520 carnis
2209 5484 2345 5521 nuu-

749 5550 910 5609 cupat
940 5541 988 5593 in
1025 5539 1283 5608 principio
1313 5540 1564 5592 librorum
1594 5530 1849 5609 adversus
1879 5535 2074 5605 ipsum.
2112 5537 2347 5593 lrcnants

754 5608 969 5682 quoque
1001 5620 1149 5664 notat
1193 5609 1475 5682 lMarcionis
1506 5608 1797 5682 discipulos
1826 5609 2216 5682 continentium
2244 5627 2345 5664 no-

750 5677 1186 5750 litctfusurpassc
1210 5723 1225 5747 ,
1260 5680 1471 5749 nuptias
1495 5680 1797 5750 damnasse.
1854 5677 1974 5734 RIG.

826 5752 907 5825 (1))
938 5748 1423 5825 Litsanust/uidit»:,
1449 5761 1550 5825 etc.
1586 5748 1681 5825 Hic
1710 5748 1783 5825 (lc
1806 5764 1901 5804 suo
1933 5752 2147 5806 nomine
2176 5751 2349 5825 Luca-

751 5821 921 5885 nisias
950 5824 1150 5881 habuit.
1180 5824 1273 5881 Est
1294 5834 1471 5883 autem
1502 5824 1636 5882 alter
1656 5821 1923 5880 Lucianus
1951 5825 2167 5881 nomine
2207 5824 2346 5881 Mar-

2452 4400 2624 4455 cionis
2653 4398 2982 4469 discipulus,
3014 4411 3042 4451 a
3075 4413 3181 4469 quo
3212 4397 3533 4455 Lucianistze
3560 4397 3826 4458 haeretici.
3859 4402 3939 4459 Ls:
3976 4405 4075 4461 Pa.

2523 4494 2677 4551 CAP.
2705 4492 2816 4548 Lll.
2839 4523 2909 4533 —
2936 4490 3017 4561 (ο)
3050 4492 3255 4545 Accedit
3286 4492 3531 4548 Tatianus
3559 4495 3789 4563 quidam.
3826 4496 3951 4551 Fuit
3990 4502 4080 4557 hic

2450 4564 3247 4646 Justinitnartyrisdiscipulus,
3268 4580 3329 4619 ac
3347 4566 3584 4645 quandiu
3614 4568 3869 4646 magister
3901 4571 4080 4638 ipsius

2450 4640 2601 4701 vixit,
2632 4639 2698 4692 de
2728 4636 2984 4707 religione
3014 4650 3076 4689 ac
3106 4636 3208 4689 lide
3257 4638 3461 4704 Optime
3502 4636 3707 4692 sentire
3753 4641 3899 4694 visus
3924 4636 4075 4706 Vest;

2370 4712 2421 4771 1)
2450 4710 2640 4765 eodem
2670 4717 2846 4763 autem
2879 4718 3091 4785 mortuo
3111 4721 3340 4785 1agonas
3364 4715 3419 4763 ct
3440 4707 3704 4763 Valentini
3731 4709 3895 4780 impia
3936 4714 4079 4785 dog-

2450 4791 2590 4835 mata
2622 4792 2839 4835 secutus
2866 4789 2968 4833 est.
3004 4778 3077 4832 Lt;
3110 4779 3205 4832 l’n.

2518 4872 2597 4941 (d)
2627 4872 2919 4946 Secundum
2946 4868 3409 4946 Phrygum-Unico
3422 4870 3683 4946 vocabulo
3702 4872 4076 4946 catapltryge

2444 4942 2695 5022 dicuntur
2718 4942 3316 5022 haeretici.quoniatn_i_t_t_
3332 4943 3561 5022 Phrygia
3581 4941 3871 5022 (inferiori,
3894 4941 4076 5013 ΙέἱΙὶΙ.)

2447 5017 2780 5087 potissimum
2810 5013 3033 5087 grassati
3063 5013 3389 5087 sunt._qlllius
3421 5013 3692 5069 Ita-reseas
3713 5021 3969 5087 uictores
3998 5036 4072 5076 ex

2447 5084 2508 5145 ea
2535 5088 2741 5143 luerunt
2772 5084 3323 5159 provinciaLApelles,
3342 5084 3719 5159 Montattus,_ct
3740 5086 3909 5159 ipsius
3936 5105 4074 5159 pru-

2446 5159 2912 5230 pltetissal’risca,
2933 5172 3037 5230 seu
3059 5156 3320 5230 Priscilla,
3345 5164 3401 5230 et
3423 5155 3733 5230 Maximilla.
3755 5155 4077 5229 ltnperante

2443 5226 2761 5295 Commodo,
2781 5238 2835 5283 ct
2860 5227 3110 5297 pontiﬁce
3130 5227 3319 5281 Sotere
3346 5226 3663 5282 ﬂoruerunt.
3690 5228 3767 5283 Ls
3791 5226 3895 5284 Pii.

2514 5322 2663 5377 CAP.
2693 5320 2978 5397 cut—7(a)
2996 5319 3207 5397 Accedit
3224 5320 3315 5397 _his
3336 5319 3937 5397 TheodotusLhwreticus
3965 5326 4075 5397 by-

2445 5396 2663 5467 zontiu_s.
2694 5392 2972 5467 Coriarins
2996 5392 3082 5448 hic
3106 5391 3203 5446 fuit.
3224 5392 3523 5467 Ityzatttitts.
3552 5393 3945 5467 l_)_ill'ertantem
3992 5391 4076 5454 ᾗ),

2452 5467 2557 5519 alio
2604 5464 2879 5519 Theodoto
2908 5464 2976 5519 de
3005 5480 3109 5534 quo
3140 5463 3269 5519 mox
3290 5464 3525 5535 loquitur
3551 5463 3936 5530 'l‘ertullianus,
3968 5473 4071 5534 qui

2454 5537 3055 5593 Melchisedeciauornm
3103 5546 3289 5589 auctor
3336 5536 3451 5590 fuit.
3491 5535 3754 5591 Dicebant
3782 5548 3967 5591 autem
4011 5544 4072 5594 hi

2454 5608 2688 5663 haeretici
2708 5607 2975 5661 Christum
2996 5609 3111 5675 ipso
3128 5606 3513 5662 Melchisedech
3535 5607 3839 5662 inferiorem
3862 5608 4071 5677 fuisse,

2454 5681 2700 5747 quoniam
2717 5678 3103 5733 Melchisedech
3117 5679 3233 5733 sine
3250 5688 3395 5747 patre
3407 5689 3459 5733 et
3474 5689 3641 5733 matre
3660 5679 3821 5736 fuisse
3834 5678 4071 5744 dicitur.

2453 5751 2727 5804 Christum
2760 5764 2887 5821 vero
2936 5760 3162 5805 matrem
3212 5749 3463 5804 habuisse
3492 5752 3831 5821 evangelism
3859 5765 4074 5810 omnes

2454 5832 2505 5880 ct
2538 5822 2783 5878 universa
2809 5820 3080 5894 Scriptura
3121 5836 3183 5879 ac
3225 5822 3436 5877 traditio
3463 5820 3745 5878 testantur.
3776 5821 3853 5877 Ls
3877 5821 3981 5879 Pn.
