4242 6492
179 344 257 400 7'5
1482 345 1680 402 LIBER
1720 345 1809 402 DE
1846 344 2121 403 CORONA
3427 350 3495 408 74

181 476 349 527 quam
380 458 776 517 Melchisedech
800 501 815 526 ,
846 474 911 515 eo
940 460 1079 531 quod
1110 459 1312 515 dictum
1345 461 1413 515 sit
1436 460 1502 516 tle
1535 461 1745 516 Christo
1772 480 1784 515 :
1817 468 1866 525 Α
1894 462 2045 530 cujus
2075 475 2248 531 neque
2295 459 2500 516 initium
2527 500 2540 526 ,
2582 475 2755 532 neque
2787 460 2908 515 linis
2953 459 3374 531 comprehensus
3426 463 3497 517 sit

185 552 340 607 Tues
363 554 597 607 sacerdos
614 554 664 607 in
691 564 934 607 (t’lt’l’nttm
956 554 1231 608 secundum
1266 554 1491 607 ordinem
1519 552 1788 607 Mclchisc-
1895 563 1988 607 aut
2034 552 2415 623 comprehendi
2460 552 2647 622 possit.
2689 552 2796 609 Sed
2828 563 2947 623 post
2976 552 3073 608 hos
3119 566 3309 608 omnes
3336 554 3495 609 etiam
3584 560 3596 571 ‘

180 644 315 698 tlech
348 643 463 716 (Ps.
497 643 635 709 CIX;
663 644 739 715 ι).
770 644 900 698 Nam
926 646 1071 698 illum
1096 644 1484 699 Melchisedech
1510 646 1793 721 praecipue
1898 646 2132 701 Praxeas
2157 646 2369 716 quidam
2404 645 2653 700 literesim
2706 646 3021 709 introduxit,
3071 660 3227 716 quam
3260 644 3493 702 Victori-

184 737 379 805 gratire
408 737 681 793 cmlestem
705 751 825 792 esse
846 737 1098 791 virtutem
1121 754 1133 789 :
1155 749 1219 788 eo
1249 736 1387 805 quod
1412 748 1449 789 a
1469 737 1535 802 ,at
1551 735 1795 791 Christus
1902 755 2002 794 nus
2045 741 2397 795 corroborare
2427 740 2657 795 curavit.
2686 739 2783 794 llic
2812 740 2977 794 Deum
3008 738 3220 795 l‘atrem
3250 740 3495 811 omnipo-

183 842 289 897 pro
336 829 675 891 hominibus,
704 828 1020 898 deprecator
1045 838 1099 882 et
1125 828 1386 882 adt'oeatu
1448 829 1681 897 ipsorum
1712 828 1795 882 l‘a-
1902 840 2101 886 tentem
2127 831 2312 886 Jesum
2339 832 2617 885 Christum
2661 846 2781 886 esse
2807 830 2971 895 dicit;
3000 820 3141 885 hunc
3181 830 3494 886 cruciﬁxum

180 930 328 976 ctus.
348 920 738 977 Melchisedech
767 920 940 975 facere
966 936 1060 990 pro
1082 920 1389 975 caelestibus
1410 921 1610 989 angelis
1636 931 1797 990 atque
1902 938 2225 993 passutnque
2245 924 2521 979 contendit
2547 933 2599 978 et
2626 932 2894 978 mortuum
2919 941 2931 977 :
2959 932 3219 993 praeterea
3258 922 3494 993 seipsum

181 1012 491 1076 virtutibus,
527 1028 648 1066 naut
690 1027 809 1067 esse
847 1011 992 1067 illum
1022 1028 1187 1081 usque
1209 1010 1347 1066 adeo
1367 1009 1580 1065 Christo
1602 1011 1791 1065 melio-
1898 1015 1997 1070 sihi
2025 1015 2214 1071 sedere
2243 1015 2308 1068 ad
2339 1015 2611 1071 dexterum
2639 1030 2791 1070 suam
2816 1056 2831 1080 ,
2865 1029 2986 1070 cum
3014 1012 3288 1085 prophana
3326 1024 3378 1070 et
3422 1028 3497 1070 sa-

179 1123 299 1162 rem
324 1150 339 1177 ,
389 1118 443 1163 ut
472 1119 659 1179 aputor
688 1110 794 1172 sit,
846 1119 1051 1163 ametur
1100 1111 1200 1173 sit,
1235 1106 1645 1178 agenealogetus
1684 1106 1786 1171 sit,
1897 1109 2089 1179 crilegn
2124 1110 2425 1165 temeritate
2450 1109 2699 1181 proponit
2751 1108 2851 1183 (a).

1569 1218 2135 1281 COMMENTARIUS.

257 1338 336 1410 (τι)
364 1337 495 1410 Cum
531 1338 580 1390 in
613 1335 832 1402 hujusce
861 1337 1106 1410 editionis
1128 1336 1354 1390 decursu
1387 1335 1570 1389 lirmus
1612 1344 1783 1410 ratus-
1889 1350 1955 1390 eo
1983 1337 2083 1391 loci
2135 1336 2382 1410 utnitlcre
2439 1336 2678 1410 periculo
2701 1335 3018 1410 duximus.
3040 1336 3115 1393 De
3168 1335 3326 1410 hujus
3356 1337 3496 1407 frag-

177 1406 288 1480 que
314 1406 468 1462 nobis
508 1411 575 1462 sit
623 1411 832 1480 animus
858 1451 870 1470 ,
916 1406 1205 1480 {t'egntentn
1258 1415 1519 1474 quotquot
1565 1417 1619 1459 et
1667 1407 1782 1459 ubi-
1889 1410 2051 1480 menti
2083 1409 2398 1480 auctoritate
2424 1407 2733 1462 consulendi
2763 1419 2887 1480 sunt
2920 1406 3249 1480 'l‘illemout,‘
3273 1407 3326 1463 in
3359 1406 3498 1463 uotis

178 1477 417 1547 (Sinuque
444 1490 650 1534 exstant
677 1520 691 1541 ,
721 1477 1013 1533 dummodo
1040 1494 1161 1531 veru
1192 1480 1616 1549 Vetustutisnuta
1642 1492 1783 1531 com-
1887 1479 1952 1533 ad
1980 1479 2296 1533 Tertullian.
2320 1479 2384 1531 nd
2416 1479 2638 1542 calcem,
2672 1487 2713 1532 t.
2745 1478 2831 1542 Ill,
2865 1494 2918 1549 p.
2946 1479 3073 1542 659.
3106 1483 3286 1549 operis
3330 1480 3502 1549 notis-

179 1554 548 1636 mendenturl,
577 1553 626 1603 in
653 1550 823 1631 lucem
854 1567 929 1636 ult!-
948 1558 1169 1636 peresnt
1192 1563 1451 1636 .“servnre
1481 1547 1783 1629 iterumque
1886 1548 2342 1636 (Mémoires
2370 1547 3025 1636 poni-servit-itlIhi'stoire
3039 1548 3493 1636 ecclesiastiqltsl;

179 1622 443 1689 colligere
465 1662 479 1681 ,
512 1622 623 1676 hac
654 1622 807 1687 igitur
840 1620 1023 1673 ultima
1056 1620 1171 1672 lihri
1197 1618 1666 1689 Prcscriptionum
1694 1634 1772 1671 c.i-
1887 1619 1945 1673 Ρ.
1981 1620 2366 1683 Tom-nemine,
2400 1622 2449 1672 iu
2479 1620 3184 1689 liphetnerid.Trivullimn,
3212 1636 3301 1676 an.
3336 1618 3498 1688 I705,

178 1694 291 1761 pila
319 1732 333 1754 ,
378 1707 471 1746 seu
530 1692 902 1745 haereticorum
944 1692 1266 1762 catalogqu
1300 1731 1314 1755 ,
1363 1688 1615 1759 quidquid
1680 1688 1779 1762 yiri
1881 1690 2019 1760 jnh.,
2053 1706 2199 1762 nug.,
2237 1706 2285 1760 p.
2320 1691 2447 1746 5H.
2479 1691 2608 1745 lino.
3171 1688 3175 1689 ί
3384 1712 3389 1718 ν

179 1759 383 1819 Summi
406 1764 797 1832 clarissimique
816 1763 884 1817 de
906 1760 1021 1830 ejus
1061 1765 1285 1830 εὗθοντίᾳ
1304 1775 1460 1815 secus
1489 1759 1782 1822 senserint,

62 1946 3626 1994 ;—————=

2733 1990 3087 1997 ._—___._-
3122 1990 3233 1994 τ---
3258 1986 3625 1993 ___—__.

1137 2098 1769 2215 sumus
1840 2070 2517 2213 PRIMA.

536 2339 1424 2561 LIBRI
1595 2334 3231 2600 POLEMICI,

829 2726 975 2796 AB
1033 2726 1549 2798 AUCTORE
1595 2723 2332 2799 MONTANISTA
2389 2722 2839 2800 SCRIPTI.

1819 2946 2165 2960 —

1708 2929 1803 2973 οο

424 3163 531 3224 DE
562 3160 883 3228 CORONA
930 3159 1257 3222 MILITIS.
2145 3155 2559 3220 ADVERSUS
2600 3158 3280 3226 VALENTINIANOS.

424 3286 531 3347 DE
574 3285 791 3347 FUGA
834 3284 913 3344 IN
956 3280 1575 3344 PERSECUTIONE.
2134 3277 2549 3343 ADVERSUS
2588 3281 2939 3347 JUDEOS.

426 3404 840 3467 ADVERSUS
874 3403 1315 3465 GNOSTICOS
1350 3401 1811 3465 SCORPIACE.
2140 3399 2248 3461 DE
2287 3402 2572 3464 ANIMA.

428 3527 841 3591 ADVERSUS
885 3525 1305 3588 PRAXEAM.
2138 3518 2244 3579 DE
2287 3519 2553 3583 CARNE
2589 3522 2932 3590 CHRISTI.

432 3649 847 3712 ADVERSUS
890 3645 1483 3709 HERMOGENEM.
2138 3641 2245 3703 DE
2288 3642 2950 3711 RESURRECTIONE
2992 3648 3305 3714 CARNIS.

422 3772 841 3835 ADVERSUS
882 3770 1397 3844 MARCIONEM,
1429 3770 1540 3832 lib.
1572 3772 1890 3851 quinque.

662 4091 1028 4181 QUINTI
1086 4089 1585 4164 SEPTIMII
1634 4091 2239 4169 FLORENTIS
2288 4096 3036 4173 TERTULLIANI

1193 4306 1467 4448 DE
1534 4304 2249 4456 CORON
2271 4309 2558 4452 ΑΨ).

1546 4594 1801 4609 _

1915 4593 2158 4608 _—

1805 4584 1911 4628 00

163 4713 571 4767 Aaouuzn'wu.
601 4739 673 4749 —
703 4707 847 4763 Inter
865 4723 949 4763 eos
973 4723 1099 4778 quos
1118 4708 1171 4761 in
1191 4698 1537 4763 Montanismo
1552 4705 1777 4760 exaravit
1808 4706 1854 4766 Β
1952 4720 2195 4759 coronam
2232 4713 2448 4777 gestare,
2502 4718 2613 4758 esse
2655 4714 3008 4759 ornamentum
3050 4720 3146 4761 sua
3192 4717 3378 4765 natura
3402 4728 3496 4770 nec

242 4801 593 4857 Tertullianus
637 4800 813 4864 libros,
856 4800 1082 4870 primum
1130 4800 1300 4854 locum
1342 4799 1529 4853 obtinet
1568 4798 1693 4852 liber
1718 4797 1783 4851 de
1960 4799 2166 4863 bonum,
2197 4814 2287 4852 nec
2330 4797 2544 4862 malum,
2568 4795 2706 4850 solus
2748 4795 3115 4866 Tertullianus,
3166 4816 3260 4870 pro
3311 4818 3494 4873 aspero

237 4891 445 4949 Corona
464 4933 479 4958 ,
521 4908 658 4945 anno
703 4890 890 4946 Christi
919 4888 1031 4946 CCI
1066 4890 1233 4945 editus
1253 4931 1266 4953 ,
1315 4889 1778 4960 quemadmodum,
1959 4906 2052 4943 suo
2078 4890 2302 4958 ingenio,
2330 4888 2458 4943 libro
2488 4888 2553 4942 de
2595 4885 2796 4942 Corona
2821 4888 3012 4959 scripto
3054 4890 3233 4945 militis
3260 4908 3494 4951 caussam

241 4984 539 5055 perdoctam
588 4992 787 5037 secutus
832 4979 1157 5035 Noesseltum
1182 5022 1196 5044 ,
1236 4980 1289 5034 in
1354 4997 1446 5035 sua
1496 4977 1781 5050 proccmiali
1962 4980 2337 5052 propugnaoit;
2386 4979 2670 5048 acriterque
2716 4988 2942 5049 pastores
2968 4980 3023 5034 in
3070 4996 3197 5051 pace
3224 4984 3411 5053 leones,
3441 4989 3494 5043 in

240 5075 599 5130 dissertatione
630 5073 850 5145 anper
879 5073 1158 5128 luculenter
1200 5074 1579 5128 demonstravit.
1614 5068 1779 5125 Occa-
1962 5073 2141 5142 prtelio
2163 5089 2335 5127 cervos
2364 5073 2659 5139 insectatus,
2686 5071 2805 5139 quia
2819 5072 2893 5125 sic
2921 5076 3160 5129 coronari
3187 5076 3495 5136 idololatria:

238 5169 436 5221 sionem
460 5166 712 5221 scribendi
738 5167 890 5236 hujus
938 5174 1180 5221 tractatus
1214 5166 1411 5220 auctori
1436 5163 1650 5235 prwbuit
1687 5163 1782 5217 mi-
1960 5169 2163 5235 signum
2191 5177 2342 5232 esset,
2370 5163 2793 5237 interrogantibus
2834 5180 3057 5235 quonam
3080 5168 3351 5237 scriptum
3381 5171 3493 5229 loco

236 5261 344 5315 litis
364 5260 556 5331 factum
575 5262 713 5329 infra
731 5259 1008 5313 inexordio
1032 5259 1286 5329 eleganter
1309 5266 1625 5315 enarratum,
1643 5254 1781 5325 quod
1963 5257 2089 5310 tales
2117 5272 2333 5311 coronas
2371 5265 2571 5327 gestare
2599 5254 2967 5326 prohiberetur,
3010 5260 3083 5311 ait
3132 5259 3358 5329 sufﬁcere
3390 5272 3495 5318 tru-

236 5370 354 5407 cum
396 5351 789 5407 christianorunt
815 5350 1049 5405 nonnulli
1078 5347 1783 5422 reprehenderent,militique
1963 5350 2225 5405 ditionem.
2253 5349 2321 5404 In
2346 5351 2441 5404 hoc
2466 5352 2632 5420 itaque
2657 5350 2786 5405 libro
2808 5351 3130 5405 traditionem
3153 5363 3201 5406 et
3221 5366 3495 5413 consuetu-

233 5444 524 5499 Ecclesiant
559 5444 713 5517 longa
754 5461 878 5513 pace
923 5446 1170 5514 [ruentem
1199 5456 1381 5499 temere
1419 5442 1642 5513 periculo
1686 5456 1780 5494 αι
1963 5440 2132 5494 dinem
2160 5458 2261 5496 non
2292 5442 2611 5498 mediocriter
2655 5442 2871 5507 extollit,
2928 5444 3174 5514 pluraque
3202 5446 3395 5516 proLert
3429 5451 3493 5505 de

235 5537 528 5607 ponendam
564 5539 967 5610 intprOperarent
986 5581 1000 5608 ,
1031 5538 1095 5593 de
1120 5548 1301 5593 cwtero
1335 5546 1611 5591 asserentes
1650 5534 1781 5589 hanc
1963 5536 2278 5590 cwremoniis
2307 5534 2543 5606 exempla
2572 5543 2749 5590 natatu
2787 5534 2963 5607 digna,
2988 5550 3103 5606 qua:
3127 5553 3189 5591 ea:
3216 5540 3490 5598 traditione

1526 5647 2092 5706 COMMENTARIUS.

234 5770 317 5843 (b)
368 5766 446 5823 De
489 5784 695 5824 corona.
728 5768 818 5825 Sic
862 5770 1166 5825 inscribitur
1220 5768 1306 5824 hic
1340 5767 1473 5823 liber
1516 5764 1570 5820 iu
1624 5764 1745 5820 cod.
1859 5762 2153 5834 Agohardi;
2188 5778 2293 5819 non
2325 5772 2381 5821 ut
2408 5764 2585 5837 vulgo,
2609 5764 2684 5821 De
2706 5780 2894 5820 corona
2942 5764 3134 5819 militis.
3161 5763 3229 5821 Et
3256 5777 3493 5829 veterem

458 5862 897 5926 Tsnruuum
942 5863 1021 5923 ll.
2861 5856 3129 5937 (Trois.)
