4242 6492
189 392 262 449 77
1471 391 1674 452 LlBER
1710 391 1804 452 DE
1844 393 2138 454 CORONA.
3405 398 3474 457 78

191 511 400 567 corruit
432 511 534 582 (Ι).
567 510 636 566 Et
677 525 817 567 nunc
843 508 923 584 (ιι)
959 518 1200 566 russatus
1241 509 1517 581 sanguinis
1542 511 1624 565 stti
1662 525 1777 580 spe.
1806 511 1859 572 Λ
1887 513 2005 576 nio;
2036 512 2211 583 plane,
2244 519 2300 566 ut
2330 512 2463 568 ratio
2489 509 2774 583 qumrenda
2797 511 2896 580 sit;
2927 511 3021 568 sed
3050 512 3192 568 salva
3221 514 3474 570 OUSCI‘Va-

189 607 467 660 ealecatus
504 603 578 673 (ιι)
609 603 674 660 de
703 604 974 674 Evangelii
1012 611 1279 674 paratura,
1319 603 1622 659 succinctus
1650 618 1780 658 acu-

192 698 331 751 tiorc
363 699 527 752 verbo
568 698 682 763 Dei,
726 708 867 753 totus
893 698 962 753 de
999 698 1260 768 Apostolo
1324 707 1562 754 armatus
1601 698 1619 768 (
1641 697 1776 768 Eph.

186 790 283 854 Vl,
317 786 420 862 il)
451 791 600 847 etde
657 791 895 863 martyrii
932 791 1156 846 candida
1193 791 1386 847 melius
1414 791 1774 860 coronandus,

185 883 496 938 donativum
533 883 732 939 Christi
763 884 817 937 in
846 897 1060 938 carcere
1086 891 1381 951 exspectat.
1409 880 1616 937 Exinde
1648 897 1776 937 sen-

188 976 374 1030 tentia:
399 990 561 1044 super
593 974 704 1040 illo,
729 975 911 1029 nescio
932 990 999 1028 an
1020 973 1468 1040 Christianorum,
1497 989 1603 1027 non
1633 971 1777 1028 enim

187 1067 309 1121 alia:
340 1068 696 1134 ethnicorum,
723 1075 780 1121 ut
803 1066 869 1122 dc
895 1065 1142 1136 abrupto,
1167 1074 1220 1121 et
1247 1066 1522 1137 praecipiti,
1556 1075 1608 1120 et
1641 1065 1779 1121 mori

188 1159 407 1229 cupido,
440 1159 526 1229 qtti
558 1159 624 1213 de
652 1159 833 1213 habitu
863 1159 1222 1229 interrogatus
1263 1160 1461 1213 nomini
1503 1160 1774 1230 negotium

185 1251 414 1306 fecerit:
443 1253 590 1307 solus
632 1251 835 1306 scilicet
865 1250 1038 1318 fortis,
1065 1253 1202 1306 inter
1229 1261 1304 1307 tot
1334 1251 1526 1307 fratres
1549 1254 1774 1308 commi-

180 1341 381 1400 litones
418 1344 565 1400 solus
603 1344 959 1400 Christianus.
1012 1345 1176 1400 Planc
1221 1356 1467 1416 superest
1513 1355 1570 1400 ut
1610 1349 1770 1402 etiam

180 1439 437 1508 martyria
454 1425 704 1493 recusare
722 1439 1064 1503 meditantur,
1088 1441 1175 1510 qui
1202 1443 1511 1510 propltetias
1530 1441 1772 1512 ejusdem

178 1524 411 1594 Spiritus
432 1527 599 1578 sancti
622 1536 959 1595 respuerant.
984 1525 1263 1580 Mussitant
1284 1527 1518 1598 denique
1540 1528 1638 1601 (c).
1664 1541 1771 1584 tam

175 1619 374 1673 bonam
424 1627 478 1673 et
505 1617 714 1688 longam
741 1620 840 1673 sibi
870 1633 1051 1688 paceni
1108 1621 1418 1689 perit-litari.
1457 1620 1566 1676 Nec
1589 1622 1775 1678 dubito

174 1709 441 1781 quosdam
467 1709 772 1780 Scripturas
791 1709 1074 1780 emigrare,
1091 1711 1327 1767 sarcinas
1348 1713 1619 1782 expedire,
1635 1714 1773 1783 fuga:

1883 605 2046 669 tione,
2073 621 2172 661 nec
2193 605 2242 660 in
2265 604 2682 661 destructionem
2703 605 2838 677 ejus,
2869 607 2962 661 sed
2987 608 3036 661 iit
3057 608 3468 664 aedificationem

1883 694 1978 769 (ll
2013 697 2155 764 Con,
2188 697 2328 765 Xlll,
2362 697 2460 768 10)
2493 699 2690 768 potius,
2721 715 2826 769 quo
2856 702 3024 770 magis
3045 701 3315 768 observes,
3349 718 3470 757 cum

1882 789 2045 846 fueris
2072 792 2230 845 etiam
2258 792 2325 847 de
2355 795 2558 846 ratione
2585 807 2826 848 securus.
2868 792 3036 860 Quale
3065 803 3148 849 est
3177 804 3376 860 autem,
3410 804 3466 849 ut

1881 889 2009 936 tunc
2047 882 2167 952 quis
2210 882 2260 936 in
2306 882 2657 952 quaestionem
2703 894 2958 953 provocet
3009 885 3462 949 observationem,

1881 987 2003 1028 cum
2047 973 2115 1029 ab
2153 989 2214 1029 ea
2258 963 2488 1030 excidit?
2517 985 2570 1029 et
2597 983 2725 1031 tunc
2752 977 2988 1046 requirat
3034 977 3172 1031 unde
3222 976 3468 1032 habuerit

1881 1068 2330 1135 observationem,
2368 1084 2489 1124 cum
2537 1070 2604 1125 ab
2631 1086 2692 1125 ea
2724 1070 2918 1125 desiit?
2947 1070 3160 1141 quando
3189 1080 3242 1125 et
3269 1071 3310 1123 si
3345 1071 3466 1125 ideo

1880 1159 2011 1214 velit
2034 1159 2199 1214 videri
2237 1160 2304 1216 ad
2326 1160 2676 1231 quazstionem
2705 1176 2915 1225 vocare,
2948 1173 3004 1216 ut
3023 1162 3343 1217 ostendatse
3363 1178 3466 1215 non

1879 1250 2167 1322 deliquisse
2197 1253 2248 1306 in
2284 1253 2671 1308 observationis
2716 1252 3084 1316 destitutione,
3127 1252 3469 1306 nihilominus

1879 1342 2167 1414 deliquisse
2184 1344 2234 1398 in
2253 1345 2644 1399 observationis
2667 1345 3101 1414 prmsumptionc.
3125 1344 3179 1399 Si
3197 1345 3336 1398 enim
3362 1359 3466 1397 non

1878 1435 2100 1508 deliquit
2125 1436 2283 1493 hodie
2307 1445 2553 1508 suscepta
2577 1452 2796 1502 corona,
2820 1436 3357 1507 deliquit-aliquando
3386 1451 3466 1490 re-

1879 1537 2082 1583 cusata.
2104 1528 2172 1583 Et
2201 1528 2323 1584 ideo
2352 1545 2457 1584 non
2487 1528 2554 1584 ad
2583 1544 2678 1585 eos
2706 1531 2810 1584 erit
2841 1530 2940 1584 iste
2973 1537 3248 1589 tractatus.
3277 1529 3468 1598 quibus

1878 1635 1982 1675 nou
2003 1623 2262 1690 competit
2281 1624 2526 1692 quaestio,
2551 1622 2642 1678 sed
2664 1622 2732 1677 ad
2758 1623 2876 1676 illos
2897 1623 2984 1692 qui
3008 1621 3184 1676 studio
3206 1621 3468 1683 discendi.

1877 1729 1980 1770 non
2010 1716 2361 1786 quatstionem
2391 1715 2660 1782 deferunt,
2700 1715 2794 1770 sed
2822 1715 3290 1770 consultationem.
3335 1713 3466 1767 Nam

173 1805 382 1875 accingi
429 1803 497 1859 de
523 1804 737 1859 civitate
769 1805 819 1858 in
865 1806 1172 1871 civitatem;
1205 1807 1403 1861 nullam
1440 1808 1583 1862 enim
1614 1806 1771 1861 aliam
1800 1828 1849 1889 Β
1876 1815 1930 1861 et
1958 1822 2171 1876 semper
2196 1809 2452 1877 quaeritur
2479 1807 2548 1862 de
2578 1808 2702 1871 isto,
2738 1815 2792 1860 et
2817 1805 2976 1860 laudo
3003 1806 3160 1860 fidem
3201 1821 3320 1874 qua:
3348 1814 3471 1858 ante

175 1897 453 1967 Evangelii
485 1898 796 1953 memeriam
827 1907 1035 1953 curant.
1063 1898 1194 1952 Novi
1220 1909 1274 1952 et
1303 1910 1541 1966 pastores
1571 1899 1650 1970 (ά)
1680 1914 1772 1955 co-

171 2006 318 2053 rum,
353 1991 405 2044 in
437 2006 563 2061 pace
591 1991 793 2058 leones,
843 1992 894 2045 in
923 1991 1106 2061 praalio
1132 2005 1342 2046 cervos.
1375 1990 1479 2046 Sed
1507 1991 1573 2047 de
1598 2007 1774 2063 quaes-

171 2083 410 2138 tionibus
440 2083 837 2140 confessionum
864 2085 990 2138 alibi
1013 2084 1345 2140 docebimus.
1372 2087 1440 2140 At
1460 2102 1601 2142 nunc
1625 2103 1762 2158 qua-

169 2187 327 2232 tenus
344 2188 398 2231 et
420 2177 546 2232 illttd
573 2191 882 2248 opponunt:
907 2177 1008 2234 Ubi
1035 2187 1211 2234 autem
1241 2179 1587 2248 prohibemur
1606 2196 1765 2236 coro-

167 2272 324 2326 nari?
342 2271 489 2325 Hanc
513 2272 679 2342 magis
697 2270 916 2326 localcm
935 2270 1286 2326 substantiam
1301 2287 1506 2328 caussa:
1529 2288 1766 2343 praesen-

170 2365 240 2419 tis
284 2364 588 2434 aggrediar,
632 2373 688 2418 nt
717 2373 770 2418 et
799 2363 888 2433 qui
932 2378 1000 2418 ex
1042 2362 1404 2418 sollicitudine
1453 2364 1764 2432 ignorantia:

165 2466 420 2526 qumrunt
440 2499 454 2520 ,
485 2457 851 2521 instruantur;
882 2465 936 2511 et
960 2457 1048 2526 qui
1080 2456 1130 2510 in
1159 2455 1529 2513 defensionem
1558 2457 1639 2528 (2)
1669 2459 1766 2513 dc-

166 2550 279 2604 licti
309 2549 658 2614 contendunt,
687 2549 1057 2611 revincuntur;
1091 2547 1190 2619 ipsi
1218 2550 1299 2603 vel
1328 2550 1559 2606 maxime
1583 2549 1769 2606 Chris-

166 2642 299 2694 tiani
325 2641 570 2701 laureati,
599 2641 792 2711 quibus
821 2639 872 2695 id
899 2638 1074 2695 solum
1105 2641 1329 2709 quaestio
1351 2649 1464 2706 est;
1495 2643 1648 2712 quasi
1675 2652 1770 2698 aut

167 2732 381 2787 nullum
413 2741 506 2786 aut
532 2731 794 2786 incertum
847 2731 1038 2785 saltem
1078 2729 1260 2785 haberi
1314 2733 1484 2803 possit
1513 2732 1768 2789 delictum

166 2825 314 2894 quod
365 2825 595 2894 patiatur
637 2823 1010 2893 quzcstionem.
1059 2821 1170 2878 Nec
1215 2824 1416 2878 nullum
1459 2834 1638 2881 autem
1670 2840 1771 2882 nec

170 2921 461 2981 incertum,
487 2915 610 2969 hinc
637 2915 854 2970 interim
886 2913 1190 2969 ostendam.

805 3005 1032 3063 CAPUT
1072 3005 1138 3061 ll.

238 3104 523 3160 Neminem
566 3102 686 3158 dico
717 3101 953 3158 ﬁdelium
999 3115 1252 3157 coronam
1297 3103 1472 3174 capite
1495 3104 1576 3174 (5)
1604 3117 1766 3160 nosse

167 3198 304 3253 alias
331 3205 484 3253 extra
518 3205 726 3266 tempus
769 3194 1079 3249 tcutationis
1119 3193 1405 3264 ejusmodi.
1452 3194 1652 3252 Omnes
1694 3196 1762 3250 ita

168 3292 483 3355 observant,
529 3306 556 3344 a
586 3287 988 3344 catechumenis
1029 3303 1198 3359 usque
1241 3288 1307 3342 ad
1345 3289 1684 3345 confessores
1716 3297 1770 3346 et

167 3394 458 3454 martyras,
492 3382 574 3436 vel
604 3392 905 3451 negatores.
943 3379 1152 3434 Videris
1178 3379 1317 3434 unde
1342 3383 1634 3435 auctoritas
1657 3397 1769 3435 πηο-

171 3476 267 3535 ris,
297 3473 367 3526 de
397 3487 498 3540 qua
525 3487 666 3526 nunc
698 3471 927 3524 maxime
959 3469 1235 3538 quaeritur.
1279 3470 1444 3525 Porro
1470 3486 1590 3524 cum
1621 3487 1770 3542 qum-

169 3566 308 3619 ritur
335 3580 432 3619 cur
458 3563 584 3636 quid
623 3561 956 3627 observetur,
985 3562 1259 3618 observari
1290 3561 1501 3617 interim
1533 3571 1766 3618 constat.

169 3659 318 3730 Ergo
342 3673 441 3712 nec
463 3657 663 3711 nullum
687 3671 784 3710 nec
808 3656 1069 3710 incertum
1097 3655 1265 3710 videri
1292 3664 1467 3725 potest
1489 3655 1767 3724 delictum,

169 3750 317 3823 quod
346 3749 696 3804 committitur
718 3748 770 3802 in
793 3748 1219 3804 observationem
1247 3763 1345 3804 suo
1363 3749 1472 3820 jam
1497 3749 1772 3806 vindican-

169 3845 300 3900 dam
332 3843 571 3908 nomine,
600 3847 656 3895 et
687 3840 818 3894 satis
850 3847 1178 3897 auctoratam
1216 3855 1516 3900 consensus
1539 3843 1772 3914 patroci-

1875 1898 2102 1953 credidit
2131 1897 2208 1970 (4)
2253 1898 2647 1954 observandum
2689 1912 2812 1954 esse
2855 1913 3016 1968 quam
3064 1897 3251 1951 didicit
3319 1895 3466 1966 (Isa.

1876 1990 1990 2059 Vll,
2019 1992 2096 2062 9).
2130 1991 2197 2046 Et
2220 1993 2372 2047 facile
2402 2002 2484 2047 est
2509 1992 2686 2046 statim
2716 1991 2950 2060 exigere,
2976 1991 3066 2044 tibi
3092 1992 3348 2060 scriptum
3379 1991 3466 2055 sit,

1875 2099 1943 2139 ne
1970 2099 2314 2140 coronemur.
2341 2087 2411 2139 At
2436 2085 2577 2139 enim
2603 2084 2689 2138 ubi
2715 2085 2970 2152 scriptum
2996 2093 3077 2138 est
3105 2082 3204 2152 (ε),
3233 2090 3288 2136 ut
3315 2097 3469 2136 coro-

1874 2175 2098 2230 nemur?
2124 2175 2534 2246 Expostulantes
2555 2175 2696 2229 enim
2718 2175 3007 2243 Scriptura:
3031 2173 3381 2243 patrocinium
3418 2174 3470 2227 in

1873 2277 2022 2337 parte
2043 2268 2276 2332 diversa,
2297 2267 2646 2338 prmjudicant
2667 2283 2777 2322 sua?
2798 2282 3011 2337 quoque
3034 2267 3164 2335 parti
3189 2265 3268 2335 (ὅ)
3289 2265 3470 2333 Scrip—

1872 2368 2005 2413 tura:
2035 2359 2388 2428 patrocinium
2416 2358 2606 2413 adesse
2633 2357 2851 2413 debere.
2879 2356 3008 2410 Nam
3037 2357 3078 2409 si
3113 2355 3233 2411 ideo
3259 2357 3467 2410 dicetur

1871 2451 2118 2505 coronari
2154 2447 2338 2514 licere,
2366 2450 2486 2519 quia
2527 2464 2630 2502 non
2665 2449 2948 2518 prohibeat
2985 2446 3280 2516 Scriptura,
3313 2463 3466 2516 atque

1873 2541 2266 2612 retorquebitur
2287 2541 2408 2596 ideo
2432 2539 2680 2616 coronari
2713 2554 2815 2594 non
2838 2540 3020 2603 licere,
3041 2539 3162 2608 quia
3189 2538 3463 2608 Scriptura

1877 2634 2201 2703 nonjubeat.
2225 2631 2361 2701 Quid
2385 2631 2542 2687 faciet
2564 2630 2881 2701 disciplina?
2905 2640 3188 2699 utrumque
3215 2630 3467 2699 recipiet,

1877 2725 2029 2794 quasi
2060 2735 2307 2778 neutrum
2334 2721 2659 2795 prohibitum
2690 2721 2792 2776 sit?
2820 2737 2887 2775 an
2933 2729 3214 2789 utrumque
3242 2719 3468 2790 rejiciet,

1878 2814 2029 2884 quasi
2061 2824 2309 2890 neutrum
2343 2822 2667 2883 praeceptum
2694 2813 2796 2868 sit?
2835 2810 2940 2867 Sed
2967 2810 3106 2882 quod
3149 2829 3252 2866 non
3287 2812 3466 2881 prohi-

1879 2907 2054 2972 betur,
2096 2907 2235 2961 ultro
2292 2905 2612 2976 permissum
2661 2913 2762 2960 est.
2806 2903 2919 2960 luto
2974 2903 3287 2975 prohibetur
3328 2904 3472 2975 quod

1881 3016 1985 3058 non
2012 3000 2153 3057 ultro
2179 3009 2263 3056 est
2290 2998 2630 3071 permissum.

2484 3108 2712 3166 CAPUT
2751 3107 2838 3164 lll.

1945 3203 2010 3259 Et
2025 3202 2276 3275 quamdiu
2296 3217 2390 3273 per
2411 3201 2548 3258 hanc
2569 3202 2764 3258 lineam
2785 3214 2989 3256 serram
3014 3200 3466 3271 reciprocahitnus

1877 3296 2133 3353 habentes
2176 3295 2608 3352 observationem
2657 3295 3026 3359 inveteratam,
3074 3311 3193 3364 qua:
3257 3309 3464 3365 preve-

1875 3389 2071 3444 nieudo
2099 3398 2294 3442 statum
2313 3387 2467 3442 fecit?
2497 3386 2645 3442 lianc
2665 3387 2707 3440 si
2736 3389 2878 3441 nulla
2907 3387 3182 3457 Scriptura
3209 3387 3466 3443 determi-

1878 3481 2046 3546 navit,
2074 3489 2223 3534 certe
2251 3479 2584 3534 consuetudo
2606 3481 2992 3543 corroboravit,
3018 3495 3138 3548 quae
3162 3481 3277 3534 sine
3303 3481 3467 3535 dubio

1877 3570 1944 3626 de
1980 3569 2264 3625 traditione
2291 3570 2540 3624 manavit.
2586 3569 2868 3638 Quomodo
2894 3570 3037 3623 enim
3070 3571 3310 3639 usurpari
3343 3572 3469 3642 quid

1878 3672 2070 3735 potest.
2103 3664 2146 3717 si
2189 3661 2437 3718 traditum
2468 3663 2611 3732 prius
2639 3679 2743 3718 non
2774 3664 2891 3717 est?
2937 3662 3108 3716 Etiam
3132 3663 3182 3716 in
3217 3665 3461 3718 traditio-

1877 3754 1961 3810 nis
1992 3755 2212 3809 obtentu
2248 3754 2506 3825 exigenda
2542 3764 2644 3820 est,
2678 3753 2874 3823 inquis,
2914 3757 3204 3809 auctoritas
3244 3757 3466 3824 scripta.

1876 3847 2015 3918 Ergo
2054 3860 2357 3916 quaeramus
2405 3861 2472 3901 an
2513 3853 2568 3902 et
2606 3846 2841 3913 traditio,
2873 3846 2974 3902 nisi
3008 3845 3086 3918 (6)
3127 3848 3470 3919 scripta,nou

1396 3977 1690 4038 LECTION
1696 3980 1779 4040 ES
1817 3979 2228 4040 VABIANTES.

239 4095 315 4159 (t)
349 4096 549 4149 Corruit
573 4104 754 4146 tr'ouw.
779 4092 952 4159 claruit
973 4093 1095 4145 Jun.

236 4157 312 4217 (2)
341 4160 644 4209 Defensione
665 4157 813 4209 Seml.

245 4221 315 4286 (3)
338 4220 514 4285 Capiti,
535 4222 646 4272 MS.
681 4221 868 4271 Wouw.

1963 4153 2015 4205 5i
2036 4155 2194 4205 Partis
2214 4153 2364 4204 Semt.

1972 4091 2021 4144 ι)
2041 4091 2212 4144 Credit
2235 4099 2386 4142 Fran.
2411 4090 2575 4144 Paris.

1972 4093 2000 4143 ι
2041 4091 2212 4144 Credit
2235 4099 2386 4142 Fran.
2411 4099 2495 4144 Pal

2036 4155 2194 4205 Partis
2214 4153 2364 4204 Semt.
2443 4216 2454 4226 υ

1960 4225 1992 4269 b
2037 4217 2144 4270 Non
2166 4217 2317 4268 Fran.
2336 4225 2495 4269 Pam.

1533 4325 2092 4387 COMMENTARIUS.

249 4445 330 4514 (a)
365 4443 616 4498 Russatus
661 4443 924 4514 sanguinis
964 4441 1044 4497 sui
1081 4457 1190 4514 spe.
1222 4440 1349 4498 Haec
1383 4442 1645 4514 scriptura
1687 4452 1769 4498 est

1873 4444 2049 4498 dubito
2097 4441 2342 4510 quosdam
2399 4440 2550 4514 etiam
2617 4442 2888 4497 mussitare
2947 4443 3246 4514 Scripturas
3300 4465 3473 4505 sacras

180 4517 676 4586 antiquissimorum
693 4513 1330 4589 exeinplarium._:l‘ttn_ic:n
1346 4513 1773 4589 militareserant
1794 4523 1848 4589 ι)
1865 4517 1981 4589 jam
2029 4515 2297 4589 emigrare.
2332 4513 2560 4589 sarcinas
2615 4514 2874 4589 eapedire,
2901 4517 3036 4589 [uate
3071 4513 3268 4586 accingi
3296 4522 3358 4573 de
3391 4523 3469 4574 ci-

182 4585 430 4652 rris-satae,
456 4592 658 4656 φαινυιοὶ
680 4603 889 4654 χιτῶν’ς.
922 4585 1017 4640 llic
1041 4585 1193 4640 miles
1223 4586 1389 4640 factus
1419 4585 1770 4652 Christianus,

185 4677 282 4728 pro
313 4655 493 4712 tunica
517 4668 747 4720 russata,
776 4657 1051 4728 sanguinis
1078 4656 1158 4710 sui
1185 4670 1300 4728 spe,
1330 4655 1430 4711 hoc
1455 4666 1537 4711 est
1564 4668 1772 4728 sperata

183 4725 431 4800 inartyrii
461 4742 713 4797 purpura,
744 4725 982 4800 mssa-tus
1006 4727 1219 4800 dicitur.
1254 4725 1489 4782 Russatts
1513 4725 1774 4800 militares,

183 4797 594 4871 apud'Trebell.
623 4808 678 4854 et
704 4798 841 4870 apud
881 4798 1214 4864 Juvenalem,
1256 4807 1515 4854 rimatus:
1540 4797 1776 4923 (animo.

1602 4885 1616 4923 ι
1656 4907 1670 4922 .

1602 4883 1670 4924 IG.

263 4944 346 5013 (h)
379 4941 459 4995 De
485 4941 748 5012 Evangelii
775 4951 1040 5013 paratum.
1074 4939 1273 5013 Natura
1304 4939 1651 5013 substantive,
1683 4954 1782 5013 ceu

187 5010 353 5086 supra
383 5013 560 5086 multis
591 5010 646 5066 iri
671 5013 833 5067 iocis:
869 5012 970 5066 hoc
998 5020 1098 5076 est,
1130 5010 1366 5086 gladium
1396 5012 1606 5086 qualem
1636 5011 1774 5068 solet

189 5078 544 5153 Evangeliutn
575 5098 850 5152 apparare,
877 5099 1068 5149 nempe
1093 5078 1609 5149 sﬁritalcmfﬂuea.

245 5156 322 5225 (c)
333 5152 381 5206 ll
392 5154 603 5207 ussitant
617 5154 843 5225 denique.
857 5192 870 5206 .
881 5194 892 5206 .
911 5171 1000 5208 nec
1012 5153 1185 5206 dubito
1197 5152 1442 5225 quosdam
1457 5153 1771 5225 scripturas.

193 5223 497 5280 Fortissimi
540 5224 756 5290 hujusce
783 5225 965 5279 militis
1002 5224 1205 5277 facinus
1233 5224 1302 5277 ab
1329 5223 1777 5280 commilitonibus

192 5297 359 5351 etiam
377 5293 712 5360 Christianis,
735 5304 1005 5364 tamquam
1031 5294 1380 5362 imprudentis
1404 5309 1464 5350 ac
1492 5294 1778 5364 praecipitis

193 5377 252 5422 ct
293 5365 679 5433 intempestivae
725 5363 1049 5419 fortitudinis
1086 5366 1410 5435 exemplum.
1443 5363 1779 5435 vituperaba-

197 5450 304 5501 tnr,
339 5437 513 5504 tleque
551 5449 618 5489 eo
645 5449 921 5489 sermones
949 5435 1272 5498 ferebantur,
1308 5447 1362 5488 ut
1391 5437 1453 5489 de
1487 5435 1702 5504 abrupto
1733 5445 1780 5490 et

196 5508 473 5579 praecipiti,
511 5516 557 5579 et
596 5507 742 5579 mori
776 5506 1099 5579 cupido,_qui
1137 5507 1198 5560 de
1227 5505 1398 5559 habitu
1422 5507 1758 5579 interrogatus

197 5576 394 5632 nomini
422 5578 715 5630 christiano
732 5577 981 5630 invidiam
998 5576 1284 5632 fecissetac
1302 5577 1594 5646 periculum
1608 5593 1787 5632 creas-

197 5661 302 5715 set,
351 5663 640 5719 pacemque
688 5658 792 5702 tam
829 5648 1022 5702 bonam
1042 5659 1096 5702 ct
1117 5649 1326 5718 longam
1348 5664 1447 5716 qua
1473 5657 1582 5703 tttttt
1607 5649 1790 5703 Chris-

200 5721 333 5774 tiani
361 5722 693 5781 fruebantur,
719 5719 1020 5774 temeritate
1041 5735 1136 5774 sua
1160 5735 1324 5789 prope
1348 5720 1650 5774 evertisset.
1683 5719 1791 5774 llas

201 5806 364 5847 voces
389 5792 624 5861 graviter
655 5789 892 5859 increpat
925 5789 1232 5859 Septimius.
1265 5789 1536 5844 Mnssitant
1556 5835 1568 5853 ,
1603 5791 1792 5859 inquit,

202 5875 310 5920 tam
371 5863 555 5917 bonam
620 5869 664 5915 et
720 5861 925 5932 iungant
974 5861 1067 5916 sibi
1116 5878 1288 5937 pacem
1338 5863 1657 5932 periclitari;
1710 5879 1797 5918 nec

1877 4588 2029 4660 tritate
2063 4583 2424 4660 irt’civitatem.
2453 4583 2621 4660 Vulgo
2652 4586 2873 4660 legitur:
2899 4583 3008 4640 Nec
3029 4589 3199 4644 dubito
3218 4583 3469 4660 quasdam

1881 4657 2180 4726 Scripturus
2190 4655 2462 4728 eritigrare,
2483 4656 2710 4710 sarcinas
2727 4657 2981 4728 colligere.
2999 4662 3065 4713 At
3087 4660 3138 4714 iu
3154 4655 3269 4715 eod.
3295 4675 3471 4717 vetus-

1883 4724 2289 4800 tissitttoszec
2333 4726 2508 4800 dubito
2549 4729 2794 4800 quosdam
2848 4724 3154 4795 'Scriptttras
3196 4736 3461 4800 emigrare,

1882 4815 2018 4852 sarc.
2043 4798 2241 4867 collig.,
2265 4796 2405 4850 unde
2423 4793 2602 4866 procul
2628 4798 2790 4852 dubio
2809 4793 3121 4867 legenduim
3147 4802 3251 4857 Nec
3281 4793 3458 4859 dubito

1921 4869 2130 4924 uosdam
2156 4855 2454 4940 Scriptura}
2482 4870 2747 4939 emigrare,
2793 4855 3017 4924 sarcinas
3043 4855 3296 4940 colligere.

1926 4956 2014 4996 um
2056 4939 2123 4993 de
2171 4939 2960 5008 przecedentibusrepetendum
2989 4955 3102 4996 est:
3138 4939 3250 4997 Nec
3292 4946 3465 5001 dubito

1874 5010 2120 5081 quosdam
2151 5009 2446 5080 Scriptnras
2472 5008 2758 5081 mussitare.
2795 5011 2912 5065 th.

1950 5079 2193 5155 (dirNovi
2221 5079 2275 5155 et
2292 5089 2538 5155 pastores,
2563 5090 2667 5135 etc.
2696 5079 2854 5155 N_otat
2878 5083 3158 5155 episcopos
3184 5087 3469 5143 orthodoxi

1877 5151 2078 5223 populi,
2104 5153 2192 5220 qtti
2219 5152 2541 5207 damnationi
2581 5151 3312 5222 pseudoproplreue—Montanii
3340 5161 3470 5212 sub-

1879 5222 2226 5292 acripserant,
2256 5237 2352 5278 cctt
2374 5222 2699 5289 molliculus,
2725 5232 2778 5277 ct
2803 5227 2892 5290 qui
2918 5229 3299 5292 persecutionis
3332 5239 3470 5282 tent-

1881 5310 2010 5369 pore
2035 5295 2185 5362 primi
2207 5294 2430 5369 fugiant,
2452 5307 2570 5369 eum
2586 5293 2793 5369 plebem
2811 5294 2876 5349 ad
2895 5302 3209 5369 martyrium
3233 5301 3472 5355 animare

1880 5365 2162 5421 deberent.
2206 5364 2690 5440 Psettdoprophetia
2720 5365 2967 5440 Montani
3010 5364 3218 5423 videtur
3263 5387 3468 5440 prame-

1883 5440 2024 5508 pisse
2053 5447 2211 5508 atque
2240 5437 2481 5508 exegisse
2512 5438 2848 5508 martyrium.
2881 5439 3053 5493 lines.

1959 5507 2118 5563 CAP.
2147 5505 2189 5562 ll
2244 5535 2313 5578 έ-
2339 5507 2417 5578 (ei)
2443 5506 2505 5558 At
2545 5505 2677 5578 enim
2709 5508 2792 5560 ubi
2837 5512 3081 5578 scriptum
3111 5522 3202 5565 est.
3234 5512 3338 5565 Pro
3367 5521 3476 5565 tra-

1888 5578 2177 5633 ditionihus
2213 5577 2299 5631 hic
2337 5573 2468 5632 inire
2486 5577 2849 5633 facitTertull.
2882 5573 3400 5638 cotitraCalvinistas
3427 5591 3482 5638 et

1894 5649 2392 5720 ltlagdeburgenses,
2419 5652 2507 5718 qui
2537 5648 2789 5720 audacter
2819 5654 2974 5706 nimis
3005 5665 3348 5708 asset-uerunt
3377 5655 3480 5708 hoc

1895 5718 2127 5776 Montani
2160 5721 2350 5789 dogma
2377 5734 2516 5782 esse,
2544 5718 2687 5791 quod
2717 5722 2907 5776 falsum
2933 5731 2986 5777 et
3016 5740 3163 5779 mera
3185 5725 3474 5778 calumnia.

1898 5791 2028 5845 Nam
2042 5791 2339 5853 Montanus,
2356 5800 2569 5846 auctore
2596 5791 2849 5855 Eusebio,
2871 5792 3008 5848 lib.V
3045 5796 3487 5850 llist..contraria

1900 5865 2142 5938 qtnedatn
2173 5861 2440 5917 traditioni
2473 5864 2672 5934 primus
2699 5868 3040 5939 proposuisse
3073 5869 3254 5928 fertur.
3288 5866 3364 5922 LE
3388 5866 3484 5922 Ρη.
