  <div class='ocr_page' id='page_1' title='image "/cluster/home/n/w/nwhite01/storage/ocr_20150623/2/hvd.32044015466741/051.png"; bbox 0 0 4242 6492; ppageno 0'>
   <div class='ocr_carea' id='block_1_1' title="bbox 748 384 4047 460">
    <p class='ocr_par' dir='ltr' id='par_1_1' title="bbox 748 384 4047 460">
     <span class='ocr_line' id='line_1_1' title="bbox 748 384 4047 460; baseline 0.007 -22"><span class='ocrx_word' id='word_1_1' title='bbox 748 384 816 439; x_wconf 80' lang='lat'><strong>79</strong></span> <span class='ocrx_word' id='word_1_2' title='bbox 2146 387 2602 448; x_wconf 63' lang='lat' dir='ltr'><strong>TEIKTULLIANI</strong></span> <span class='ocrx_word' id='word_1_3' title='bbox 3982 402 4047 460; x_wconf 80' lang='lat'><strong>80</strong></span> 
     </span>
    </p>
   </div>
   <div class='ocr_carea' id='block_1_2' title="bbox 752 498 4047 587">
    <p class='ocr_par' dir='ltr' id='par_1_2' title="bbox 752 498 4047 587">
     <span class='ocr_line' id='line_1_2' title="bbox 752 498 4047 587; baseline 0.004 -32"><span class='ocrx_word' id='word_1_4' title='bbox 752 500 945 555; x_wconf 81' lang='lat' dir='ltr'><strong>debeat</strong></span> <span class='ocrx_word' id='word_1_5' title='bbox 967 498 1164 571; x_wconf 90' lang='lat' dir='ltr'><strong>recipi?</strong></span> <span class='ocrx_word' id='word_1_6' title='bbox 1188 498 1352 554; x_wconf 81' lang='lat' dir='ltr'><strong>Plane</strong></span> <span class='ocrx_word' id='word_1_7' title='bbox 1381 498 1695 571; x_wconf 79' lang='lat' dir='ltr'><strong>negahnnus</strong></span> <span class='ocrx_word' id='word_1_8' title='bbox 1717 501 2098 572; x_wconf 77' lang='lat' dir='ltr'><strong>recipiendam,</strong></span> <span class='ocrx_word' id='word_1_9' title='bbox 2124 503 2167 556; x_wconf 87' lang='lat' dir='ltr'><strong>si</strong></span> <span class='ocrx_word' id='word_1_10' title='bbox 2196 504 2338 558; x_wconf 84' lang='lat' dir='ltr'><strong>nulla</strong></span> <span class='ocrx_word' id='word_1_11' title='bbox 2372 508 2414 567; x_wconf 76' lang='grc' dir='ltr'>Α</span> <span class='ocrx_word' id='word_1_12' title='bbox 2448 511 2705 561; x_wconf 76' lang='lat' dir='ltr'><strong>inanitate</strong></span> <span class='ocrx_word' id='word_1_13' title='bbox 2730 521 2759 561; x_wconf 89' lang='lat' dir='ltr'><strong>a</strong></span> <span class='ocrx_word' id='word_1_14' title='bbox 2790 507 2874 563; x_wconf 87' lang='lat' dir='ltr'><strong>die</strong></span> <span class='ocrx_word' id='word_1_15' title='bbox 2918 507 3137 563; x_wconf 77' lang='lat' dir='ltr'><strong>Pascha:</strong></span> <span class='ocrx_word' id='word_1_16' title='bbox 3168 508 3220 564; x_wconf 92' lang='lat' dir='ltr'><strong>in</strong></span> <span class='ocrx_word' id='word_1_17' title='bbox 3252 510 3600 567; x_wconf 84' lang='lat' dir='ltr'><strong>Pentecosten</strong></span> <span class='ocrx_word' id='word_1_18' title='bbox 3649 528 3818 583; x_wconf 84' lang='lat' dir='ltr'><strong>usque</strong></span> <span class='ocrx_word' id='word_1_19' title='bbox 3849 517 4047 587; x_wconf 79' lang='lat' dir='ltr'><strong>gaude-</strong></span> 
     </span>
    </p>
   </div>
   <div class='ocr_carea' id='block_1_3' title="bbox 749 591 2341 667">
    <p class='ocr_par' dir='ltr' id='par_1_3' title="bbox 749 591 2341 667">
     <span class='ocr_line' id='line_1_3' title="bbox 749 591 2341 667; baseline 0.002 -20"><span class='ocrx_word' id='word_1_20' title='bbox 749 592 993 661; x_wconf 79' lang='lat' dir='ltr'><strong>exempla</strong></span> <span class='ocrx_word' id='word_1_21' title='bbox 1015 591 1362 663; x_wconf 68' lang='lat' dir='ltr'><strong>prtejudiceut</strong></span> <span class='ocrx_word' id='word_1_22' title='bbox 1381 592 1605 649; x_wconf 75' lang='lat' dir='ltr'><strong>aliarum</strong></span> <span class='ocrx_word' id='word_1_23' title='bbox 1626 593 2089 661; x_wconf 75' lang='lat' dir='ltr'><strong>Observationum,</strong></span> <span class='ocrx_word' id='word_1_24' title='bbox 2113 612 2245 667; x_wconf 79' lang='lat' dir='ltr'><strong>quas</strong></span> <span class='ocrx_word' id='word_1_25' title='bbox 2264 598 2341 650; x_wconf 81' lang='lat' dir='ltr'><strong>si-</strong></span> 
     </span>
    </p>
   </div>
   <div class='ocr_carea' id='block_1_4' title="bbox 751 683 2341 757">
    <p class='ocr_par' dir='ltr' id='par_1_4' title="bbox 751 683 2341 757">
     <span class='ocr_line' id='line_1_4' title="bbox 751 683 2341 757; baseline 0.002 -18"><span class='ocrx_word' id='word_1_26' title='bbox 751 700 821 739; x_wconf 88' lang='lat' dir='ltr'><strong>nc</strong></span> <span class='ocrx_word' id='word_1_27' title='bbox 849 683 1008 738; x_wconf 85' lang='lat' dir='ltr'><strong>ullius</strong></span> <span class='ocrx_word' id='word_1_28' title='bbox 1024 683 1301 754; x_wconf 66' lang='lat' dir='ltr'><strong>scripturae</strong></span> <span class='ocrx_word' id='word_1_29' title='bbox 1333 685 1689 741; x_wconf 83' lang='lat' dir='ltr'><strong>instrumento</strong></span> <span class='ocrx_word' id='word_1_30' title='bbox 1725 684 1823 757; x_wconf 80' lang='lat' dir='ltr'><strong>(a),</strong></span> <span class='ocrx_word' id='word_1_31' title='bbox 1844 686 2010 741; x_wconf 87' lang='lat' dir='ltr'><strong>solius</strong></span> <span class='ocrx_word' id='word_1_32' title='bbox 2043 687 2341 742; x_wconf 84' lang='lat' dir='ltr'><strong>traditionis</strong></span> 
     </span>
    </p>
   </div>
   <div class='ocr_carea' id='block_1_5' title="bbox 751 776 2339 848">
    <p class='ocr_par' dir='ltr' id='par_1_5' title="bbox 751 776 2339 848">
     <span class='ocr_line' id='line_1_5' title="bbox 751 776 2339 848; baseline 0.001 -17"><span class='ocrx_word' id='word_1_33' title='bbox 751 777 929 843; x_wconf 90' lang='lat' dir='ltr'><strong>titulo,</strong></span> <span class='ocrx_word' id='word_1_34' title='bbox 968 788 1023 831; x_wconf 90' lang='lat' dir='ltr'><strong>et</strong></span> <span class='ocrx_word' id='word_1_35' title='bbox 1070 776 1268 831; x_wconf 72' lang='lat' dir='ltr'><strong>exinde</strong></span> <span class='ocrx_word' id='word_1_36' title='bbox 1322 776 1727 832; x_wconf 91' lang='lat' dir='ltr'><strong>consuetudinis</strong></span> <span class='ocrx_word' id='word_1_37' title='bbox 1764 778 2061 848; x_wconf 88' lang='lat' dir='ltr'><strong>patrocittio</strong></span> <span class='ocrx_word' id='word_1_38' title='bbox 2101 778 2339 833; x_wconf 77' lang='lat' dir='ltr'><strong>vindica-</strong></span> 
     </span>
    </p>
   </div>
   <div class='ocr_carea' id='block_1_6' title="bbox 749 867 2340 940">
    <p class='ocr_par' dir='ltr' id='par_1_6' title="bbox 749 867 2340 940">
     <span class='ocr_line' id='line_1_6' title="bbox 749 867 2340 940; baseline 0 -17"><span class='ocrx_word' id='word_1_39' title='bbox 749 884 889 923; x_wconf 86' lang='lat' dir='ltr'><strong>mus.</strong></span> <span class='ocrx_word' id='word_1_40' title='bbox 925 867 1194 935; x_wconf 85' lang='lat' dir='ltr'><strong>Denique,</strong></span> <span class='ocrx_word' id='word_1_41' title='bbox 1226 879 1279 922; x_wconf 94' lang='lat' dir='ltr'><strong>ut</strong></span> <span class='ocrx_word' id='word_1_42' title='bbox 1316 884 1345 921; x_wconf 92' lang='lat' dir='ltr'><strong>a</strong></span> <span class='ocrx_word' id='word_1_43' title='bbox 1376 868 1692 937; x_wconf 82' lang='lat' dir='ltr'><strong>baptismate</strong></span> <span class='ocrx_word' id='word_1_44' title='bbox 1726 869 1991 939; x_wconf 77' lang='lat' dir='ltr'><strong>ingrediar</strong></span> <span class='ocrx_word' id='word_1_45' title='bbox 2013 871 2117 940; x_wconf 77' lang='grc' dir='ltr'><strong>(ὁ),</strong></span> <span class='ocrx_word' id='word_1_46' title='bbox 2146 884 2340 940; x_wconf 89' lang='lat' dir='ltr'><strong>aquam</strong></span> 
     </span>
    </p>
   </div>
   <div class='ocr_carea' id='block_1_7' title="bbox 751 958 2345 1030">
    <p class='ocr_par' dir='ltr' id='par_1_7' title="bbox 751 958 2345 1030">
     <span class='ocr_line' id='line_1_7' title="bbox 751 958 2345 1030; baseline 0.001 -16"><span class='ocrx_word' id='word_1_47' title='bbox 751 960 971 1023; x_wconf 85' lang='lat' dir='ltr'><strong>adituri,</strong></span> <span class='ocrx_word' id='word_1_48' title='bbox 998 958 1213 1023; x_wconf 85' lang='lat' dir='ltr'><strong>ibidem,</strong></span> <span class='ocrx_word' id='word_1_49' title='bbox 1244 960 1339 1015; x_wconf 87' lang='lat' dir='ltr'><strong>sed</strong></span> <span class='ocrx_word' id='word_1_50' title='bbox 1368 970 1424 1014; x_wconf 93' lang='lat' dir='ltr'><strong>et</strong></span> <span class='ocrx_word' id='word_1_51' title='bbox 1448 960 1722 1029; x_wconf 83' lang='lat' dir='ltr'><strong>aliquanto</strong></span> <span class='ocrx_word' id='word_1_52' title='bbox 1744 961 1891 1030; x_wconf 89' lang='lat' dir='ltr'><strong>prius</strong></span> <span class='ocrx_word' id='word_1_53' title='bbox 1912 961 1963 1015; x_wconf 94' lang='lat' dir='ltr'><strong>in</strong></span> <span class='ocrx_word' id='word_1_54' title='bbox 1982 959 2218 1015; x_wconf 84' lang='lat' dir='ltr'><strong>Ecclesia</strong></span> <span class='ocrx_word' id='word_1_55' title='bbox 2242 960 2345 1015; x_wconf 89' lang='lat' dir='ltr'><strong>sub</strong></span> 
     </span>
    </p>
   </div>
   <div class='ocr_carea' id='block_1_8' title="bbox 749 1052 2341 1123">
    <p class='ocr_par' dir='ltr' id='par_1_8' title="bbox 749 1052 2341 1123">
     <span class='ocr_line' id='line_1_8' title="bbox 749 1052 2341 1123; baseline 0.001 -16"><span class='ocrx_word' id='word_1_56' title='bbox 749 1052 1002 1107; x_wconf 81' lang='lat' dir='ltr'><strong>antistitis</strong></span> <span class='ocrx_word' id='word_1_57' title='bbox 1032 1068 1193 1106; x_wconf 89' lang='lat' dir='ltr'><strong>mattu</strong></span> <span class='ocrx_word' id='word_1_58' title='bbox 1230 1061 1600 1108; x_wconf 87' lang='lat' dir='ltr'><strong>contestamur</strong></span> <span class='ocrx_word' id='word_1_59' title='bbox 1632 1052 1705 1123; x_wconf 80' lang='grc' dir='ltr'><strong>(ο)</strong></span> <span class='ocrx_word' id='word_1_60' title='bbox 1738 1070 1836 1108; x_wconf 91' lang='lat' dir='ltr'><strong>nos</strong></span> <span class='ocrx_word' id='word_1_61' title='bbox 1886 1055 2194 1108; x_wconf 88' lang='lat' dir='ltr'><strong>renuntiare</strong></span> <span class='ocrx_word' id='word_1_62' title='bbox 2224 1053 2341 1108; x_wconf 79' lang='lat' dir='ltr'><strong>dia-</strong></span> 
     </span>
    </p>
   </div>
   <div class='ocr_carea' id='block_1_9' title="bbox 746 1143 2344 1215">
    <p class='ocr_par' dir='ltr' id='par_1_9' title="bbox 746 1143 2344 1215">
     <span class='ocr_line' id='line_1_9' title="bbox 746 1143 2344 1215; baseline -0.002 -14"><span class='ocrx_word' id='word_1_63' title='bbox 746 1146 893 1210; x_wconf 86' lang='lat' dir='ltr'><strong>bolo,</strong></span> <span class='ocrx_word' id='word_1_64' title='bbox 916 1152 971 1199; x_wconf 84' lang='lat' dir='ltr'><strong>et</strong></span> <span class='ocrx_word' id='word_1_65' title='bbox 1000 1159 1229 1214; x_wconf 74' lang='lat' dir='ltr'><strong>pompre,</strong></span> <span class='ocrx_word' id='word_1_66' title='bbox 1261 1153 1316 1199; x_wconf 90' lang='lat' dir='ltr'><strong>et</strong></span> <span class='ocrx_word' id='word_1_67' title='bbox 1343 1145 1545 1215; x_wconf 79' lang='lat' dir='ltr'><strong>angelis</strong></span> <span class='ocrx_word' id='word_1_68' title='bbox 1576 1145 1692 1213; x_wconf 87' lang='lat' dir='ltr'><strong>ejus</strong></span> <span class='ocrx_word' id='word_1_69' title='bbox 1722 1163 1735 1197; x_wconf 87' lang='lat'><strong>:</strong></span> <span class='ocrx_word' id='word_1_70' title='bbox 1768 1143 1965 1200; x_wconf 88' lang='lat' dir='ltr'><strong>dehinc</strong></span> <span class='ocrx_word' id='word_1_71' title='bbox 1987 1155 2069 1200; x_wconf 81' lang='lat' dir='ltr'><strong>ter</strong></span> <span class='ocrx_word' id='word_1_72' title='bbox 2094 1146 2344 1215; x_wconf 80' lang='lat' dir='ltr'><strong>mergita-</strong></span> 
     </span>
    </p>
   </div>
   <div class='ocr_carea' id='block_1_10' title="bbox 754 1237 2343 1309">
    <p class='ocr_par' dir='ltr' id='par_1_10' title="bbox 754 1237 2343 1309">
     <span class='ocr_line' id='line_1_10' title="bbox 754 1237 2343 1309; baseline 0 -16"><span class='ocrx_word' id='word_1_73' title='bbox 754 1254 877 1293; x_wconf 91' lang='lat' dir='ltr'><strong>mur</strong></span> <span class='ocrx_word' id='word_1_74' title='bbox 900 1237 1003 1307; x_wconf 80' lang='grc' dir='ltr'><strong>(ά),</strong></span> <span class='ocrx_word' id='word_1_75' title='bbox 1023 1238 1251 1307; x_wconf 81' lang='lat' dir='ltr'><strong>amplius</strong></span> <span class='ocrx_word' id='word_1_76' title='bbox 1267 1238 1465 1308; x_wconf 90' lang='lat' dir='ltr'><strong>aliquid</strong></span> <span class='ocrx_word' id='word_1_77' title='bbox 1483 1239 1889 1309; x_wconf 88' lang='lat' dir='ltr'><strong>respondentes,</strong></span> <span class='ocrx_word' id='word_1_78' title='bbox 1910 1256 2068 1306; x_wconf 75' lang='lat' dir='ltr'><strong>quam</strong></span> <span class='ocrx_word' id='word_1_79' title='bbox 2088 1240 2343 1294; x_wconf 86' lang='lat' dir='ltr'><strong>Dominus</strong></span> 
     </span>
    </p>
   </div>
   <div class='ocr_carea' id='block_1_11' title="bbox 750 1332 2342 1408">
    <p class='ocr_par' dir='ltr' id='par_1_11' title="bbox 750 1332 2342 1408">
     <span class='ocr_line' id='line_1_11' title="bbox 750 1332 2342 1408; baseline 0.004 -21"><span class='ocrx_word' id='word_1_80' title='bbox 750 1332 804 1389; x_wconf 89' lang='lat' dir='ltr'><strong>in</strong></span> <span class='ocrx_word' id='word_1_81' title='bbox 846 1335 1137 1407; x_wconf 79' lang='lat' dir='ltr'><strong>Evangelio</strong></span> <span class='ocrx_word' id='word_1_82' title='bbox 1178 1338 1572 1393; x_wconf 81' lang='lat' dir='ltr'><strong>determinavit.</strong></span> <span class='ocrx_word' id='word_1_83' title='bbox 1621 1336 1745 1393; x_wconf 89' lang='lat' dir='ltr'><strong>Inde</strong></span> <span class='ocrx_word' id='word_1_84' title='bbox 1792 1339 2044 1408; x_wconf 84' lang='lat' dir='ltr'><strong>suscepti,</strong></span> <span class='ocrx_word' id='word_1_85' title='bbox 2094 1338 2248 1392; x_wconf 72' lang='lat' dir='ltr'><strong>luetis</strong></span> <span class='ocrx_word' id='word_1_86' title='bbox 2287 1346 2342 1393; x_wconf 89' lang='lat' dir='ltr'><strong>et</strong></span> 
     </span>
    </p>
   </div>
   <div class='ocr_carea' id='block_1_12' title="bbox 751 1427 2343 1501">
    <p class='ocr_par' dir='ltr' id='par_1_12' title="bbox 751 1427 2343 1501">
     <span class='ocr_line' id='line_1_12' title="bbox 751 1427 2343 1501; baseline 0.001 -20"><span class='ocrx_word' id='word_1_87' title='bbox 751 1427 927 1482; x_wconf 90' lang='lat' dir='ltr'><strong>mellis</strong></span> <span class='ocrx_word' id='word_1_88' title='bbox 960 1428 1301 1486; x_wconf 79' lang='lat' dir='ltr'><strong>concordiam</strong></span> <span class='ocrx_word' id='word_1_89' title='bbox 1336 1440 1719 1501; x_wconf 70' lang='lat' dir='ltr'><strong>pnngustzttttus</strong></span> <span class='ocrx_word' id='word_1_90' title='bbox 1739 1447 1753 1486; x_wconf 87' lang='lat'><strong>:</strong></span> <span class='ocrx_word' id='word_1_91' title='bbox 1776 1446 1948 1500; x_wconf 74' lang='lat' dir='ltr'><strong>exque</strong></span> <span class='ocrx_word' id='word_1_92' title='bbox 1980 1445 2040 1484; x_wconf 87' lang='lat' dir='ltr'><strong>ea</strong></span> <span class='ocrx_word' id='word_1_93' title='bbox 2069 1429 2175 1493; x_wconf 92' lang='lat' dir='ltr'><strong>die,</strong></span> <span class='ocrx_word' id='word_1_94' title='bbox 2198 1429 2343 1483; x_wconf 78' lang='lat' dir='ltr'><strong>lava-</strong></span> 
     </span>
    </p>
   </div>
   <div class='ocr_carea' id='block_1_13' title="bbox 748 1522 2337 1593">
    <p class='ocr_par' dir='ltr' id='par_1_13' title="bbox 748 1522 2337 1593">
     <span class='ocr_line' id='line_1_13' title="bbox 748 1522 2337 1593; baseline 0.004 -20"><span class='ocrx_word' id='word_1_95' title='bbox 748 1535 845 1574; x_wconf 88' lang='lat' dir='ltr'><strong>cro</strong></span> <span class='ocrx_word' id='word_1_96' title='bbox 890 1522 1201 1590; x_wconf 88' lang='lat' dir='ltr'><strong>quotidiano</strong></span> <span class='ocrx_word' id='word_1_97' title='bbox 1246 1539 1340 1593; x_wconf 88' lang='lat' dir='ltr'><strong>per</strong></span> <span class='ocrx_word' id='word_1_98' title='bbox 1377 1532 1539 1579; x_wconf 91' lang='lat' dir='ltr'><strong>totam</strong></span> <span class='ocrx_word' id='word_1_99' title='bbox 1571 1523 1960 1579; x_wconf 87' lang='lat' dir='ltr'><strong>hebdomadem</strong></span> <span class='ocrx_word' id='word_1_100' title='bbox 1986 1524 2337 1579; x_wconf 86' lang='lat' dir='ltr'><strong>abstinemus.</strong></span> 
     </span>
    </p>
   </div>
   <div class='ocr_carea' id='block_1_14' title="bbox 750 1612 2335 1688">
    <p class='ocr_par' dir='ltr' id='par_1_14' title="bbox 750 1612 2335 1688">
     <span class='ocr_line' id='line_1_14' title="bbox 750 1612 2335 1688; baseline 0.003 -21"><span class='ocrx_word' id='word_1_101' title='bbox 750 1612 1104 1670; x_wconf 69' lang='lat' dir='ltr'><strong>Euchariston</strong></span> <span class='ocrx_word' id='word_1_102' title='bbox 1142 1627 1534 1672; x_wconf 79' lang='lat' dir='ltr'><strong>sacramentum</strong></span> <span class='ocrx_word' id='word_1_103' title='bbox 1564 1617 1658 1688; x_wconf 90' lang='lat' dir='ltr'><strong>(e),</strong></span> <span class='ocrx_word' id='word_1_104' title='bbox 1687 1627 1739 1671; x_wconf 93' lang='lat' dir='ltr'><strong>ct</strong></span> <span class='ocrx_word' id='word_1_105' title='bbox 1767 1618 1819 1671; x_wconf 93' lang='lat' dir='ltr'><strong>in</strong></span> <span class='ocrx_word' id='word_1_106' title='bbox 1858 1626 2100 1687; x_wconf 90' lang='lat' dir='ltr'><strong>tempore</strong></span> <span class='ocrx_word' id='word_1_107' title='bbox 2142 1618 2335 1684; x_wconf 84' lang='lat' dir='ltr'><strong>vietus,</strong></span> 
     </span>
    </p>
   </div>
   <div class='ocr_carea' id='block_1_15' title="bbox 748 1707 2343 1781">
    <p class='ocr_par' dir='ltr' id='par_1_15' title="bbox 748 1707 2343 1781">
     <span class='ocr_line' id='line_1_15' title="bbox 748 1707 2343 1781; baseline 0.003 -22"><span class='ocrx_word' id='word_1_108' title='bbox 748 1716 803 1759; x_wconf 89' lang='lat' dir='ltr'><strong>et</strong></span> <span class='ocrx_word' id='word_1_109' title='bbox 832 1707 1081 1761; x_wconf 86' lang='lat' dir='ltr'><strong>omnibus</strong></span> <span class='ocrx_word' id='word_1_110' title='bbox 1119 1709 1428 1764; x_wconf 90' lang='lat' dir='ltr'><strong>mandatum</strong></span> <span class='ocrx_word' id='word_1_111' title='bbox 1483 1710 1553 1781; x_wconf 66' lang='grc' dir='ltr'><strong>(ί)</strong></span> <span class='ocrx_word' id='word_1_112' title='bbox 1580 1727 1610 1765; x_wconf 89' lang='lat' dir='ltr'><strong>a</strong></span> <span class='ocrx_word' id='word_1_113' title='bbox 1646 1711 1890 1776; x_wconf 90' lang='lat' dir='ltr'><strong>Domino,</strong></span> <span class='ocrx_word' id='word_1_114' title='bbox 1933 1712 2093 1765; x_wconf 89' lang='lat' dir='ltr'><strong>etiam</strong></span> <span class='ocrx_word' id='word_1_115' title='bbox 2140 1711 2343 1765; x_wconf 81' lang='lat' dir='ltr'><strong>antelu-</strong></span> 
     </span>
    </p>
   </div>
   <div class='ocr_carea' id='block_1_16' title="bbox 750 1798 2344 1872">
    <p class='ocr_par' dir='ltr' id='par_1_16' title="bbox 750 1798 2344 1872">
     <span class='ocr_line' id='line_1_16' title="bbox 750 1798 2344 1872; baseline 0.005 -23"><span class='ocrx_word' id='word_1_116' title='bbox 750 1798 901 1851; x_wconf 91' lang='lat' dir='ltr'><strong>canis</strong></span> <span class='ocrx_word' id='word_1_117' title='bbox 922 1799 1172 1867; x_wconf 72' lang='lat' dir='ltr'><strong>canibus,</strong></span> <span class='ocrx_word' id='word_1_118' title='bbox 1198 1816 1296 1855; x_wconf 86' lang='lat' dir='ltr'><strong>nec</strong></span> <span class='ocrx_word' id='word_1_119' title='bbox 1321 1801 1389 1856; x_wconf 91' lang='lat' dir='ltr'><strong>de</strong></span> <span class='ocrx_word' id='word_1_120' title='bbox 1418 1802 1641 1856; x_wconf 92' lang='lat' dir='ltr'><strong>aliorum</strong></span> <span class='ocrx_word' id='word_1_121' title='bbox 1674 1818 1832 1857; x_wconf 90' lang='lat' dir='ltr'><strong>manu</strong></span> <span class='ocrx_word' id='word_1_122' title='bbox 1860 1820 2019 1872; x_wconf 87' lang='lat' dir='ltr'><strong>quam</strong></span> <span class='ocrx_word' id='word_1_123' title='bbox 2052 1804 2344 1864; x_wconf 70' lang='lat' dir='ltr'><strong>praesiden-</strong></span> 
     </span>
    </p>
   </div>
   <div class='ocr_carea' id='block_1_17' title="bbox 2448 602 4049 677">
    <p class='ocr_par' dir='ltr' id='par_1_17' title="bbox 2448 602 4049 677">
     <span class='ocr_line' id='line_1_17' title="bbox 2448 602 4049 677; baseline 0.006 -23"><span class='ocrx_word' id='word_1_124' title='bbox 2448 616 2583 654; x_wconf 77' lang='lat' dir='ltr'><strong>nttts.</strong></span> <span class='ocrx_word' id='word_1_125' title='bbox 2613 602 2805 656; x_wconf 73' lang='lat' dir='ltr'><strong>Calicis</strong></span> <span class='ocrx_word' id='word_1_126' title='bbox 2831 611 2924 657; x_wconf 78' lang='lat' dir='ltr'><strong>aut</strong></span> <span class='ocrx_word' id='word_1_127' title='bbox 2952 603 3102 672; x_wconf 87' lang='lat' dir='ltr'><strong>panis</strong></span> <span class='ocrx_word' id='word_1_128' title='bbox 3128 604 3287 659; x_wconf 77' lang='lat' dir='ltr'><strong>etiam</strong></span> <span class='ocrx_word' id='word_1_129' title='bbox 3333 608 3502 660; x_wconf 83' lang='lat' dir='ltr'><strong>nostri</strong></span> <span class='ocrx_word' id='word_1_130' title='bbox 3528 606 3593 677; x_wconf 87' lang='lat' dir='ltr'><strong>(i)</strong></span> <span class='ocrx_word' id='word_1_131' title='bbox 3615 606 3814 677; x_wconf 86' lang='lat' dir='ltr'><strong>aliquid</strong></span> <span class='ocrx_word' id='word_1_132' title='bbox 3870 609 4049 665; x_wconf 80' lang='lat' dir='ltr'><strong>decuti</strong></span> 
     </span>
    </p>
   </div>
   <div class='ocr_carea' id='block_1_18' title="bbox 2450 692 4047 770">
    <p class='ocr_par' dir='ltr' id='par_1_18' title="bbox 2450 692 4047 770">
     <span class='ocr_line' id='line_1_18' title="bbox 2450 692 4047 770; baseline 0.006 -25"><span class='ocrx_word' id='word_1_133' title='bbox 2450 692 2500 745; x_wconf 89' lang='lat' dir='ltr'><strong>in</strong></span> <span class='ocrx_word' id='word_1_134' title='bbox 2536 701 2730 747; x_wconf 87' lang='lat' dir='ltr'><strong>terram</strong></span> <span class='ocrx_word' id='word_1_135' title='bbox 2771 694 2929 748; x_wconf 76' lang='lat' dir='ltr'><strong>anxie</strong></span> <span class='ocrx_word' id='word_1_136' title='bbox 2977 696 3210 763; x_wconf 76' lang='lat' dir='ltr'><strong>patimur</strong></span> <span class='ocrx_word' id='word_1_137' title='bbox 3239 696 3327 765; x_wconf 73' lang='grc' dir='ltr'><strong>υ).</strong></span> <span class='ocrx_word' id='word_1_138' title='bbox 3359 697 3437 750; x_wconf 76' lang='lat' dir='ltr'><strong>Ad</strong></span> <span class='ocrx_word' id='word_1_139' title='bbox 3467 711 3680 753; x_wconf 87' lang='lat' dir='ltr'><strong>omnem</strong></span> <span class='ocrx_word' id='word_1_140' title='bbox 3706 714 4047 770; x_wconf 71' lang='lat' dir='ltr'><strong>progressum</strong></span> 
     </span>
    </p>
   </div>
   <div class='ocr_carea' id='block_1_19' title="bbox 2446 788 4049 855">
    <p class='ocr_par' dir='ltr' id='par_1_19' title="bbox 2446 788 4049 855">
     <span class='ocr_line' id='line_1_19' title="bbox 2446 788 4049 855; baseline 0.006 -19"><span class='ocrx_word' id='word_1_141' title='bbox 2446 795 2607 854; x_wconf 89' lang='lat' dir='ltr'><strong>atque</strong></span> <span class='ocrx_word' id='word_1_142' title='bbox 2644 796 2966 855; x_wconf 89' lang='lat' dir='ltr'><strong>promotum,</strong></span> <span class='ocrx_word' id='word_1_143' title='bbox 3014 789 3077 839; x_wconf 86' lang='lat' dir='ltr'><strong>ad</strong></span> <span class='ocrx_word' id='word_1_144' title='bbox 3120 803 3333 842; x_wconf 88' lang='lat' dir='ltr'><strong>omnem</strong></span> <span class='ocrx_word' id='word_1_145' title='bbox 3376 788 3581 844; x_wconf 83' lang='lat' dir='ltr'><strong>aditum</strong></span> <span class='ocrx_word' id='word_1_146' title='bbox 3628 801 3683 845; x_wconf 91' lang='lat' dir='ltr'><strong>et</strong></span> <span class='ocrx_word' id='word_1_147' title='bbox 3725 792 3955 855; x_wconf 75' lang='lat' dir='ltr'><strong>exitum,</strong></span> <span class='ocrx_word' id='word_1_148' title='bbox 3984 791 4049 845; x_wconf 87' lang='lat' dir='ltr'><strong>ad</strong></span> 
     </span>
    </p>
   </div>
   <div class='ocr_carea' id='block_1_20' title="bbox 2447 880 4052 951">
    <p class='ocr_par' dir='ltr' id='par_1_20' title="bbox 2447 880 4052 951">
     <span class='ocr_line' id='line_1_20' title="bbox 2447 880 4052 951; baseline 0.003 -18"><span class='ocrx_word' id='word_1_149' title='bbox 2447 880 2755 944; x_wconf 89' lang='lat' dir='ltr'><strong>caleiatum,</strong></span> <span class='ocrx_word' id='word_1_150' title='bbox 2788 880 2854 933; x_wconf 89' lang='lat' dir='ltr'><strong>ad</strong></span> <span class='ocrx_word' id='word_1_151' title='bbox 2886 880 3114 945; x_wconf 85' lang='lat' dir='ltr'><strong>lavacra,</strong></span> <span class='ocrx_word' id='word_1_152' title='bbox 3152 880 3215 935; x_wconf 89' lang='lat' dir='ltr'><strong>ad</strong></span> <span class='ocrx_word' id='word_1_153' title='bbox 3246 895 3485 948; x_wconf 82' lang='lat' dir='ltr'><strong>mensas,</strong></span> <span class='ocrx_word' id='word_1_154' title='bbox 3508 886 3575 937; x_wconf 89' lang='lat' dir='ltr'><strong>ad</strong></span> <span class='ocrx_word' id='word_1_155' title='bbox 3606 883 3832 951; x_wconf 89' lang='lat' dir='ltr'><strong>lumina,</strong></span> <span class='ocrx_word' id='word_1_156' title='bbox 3865 884 3931 938; x_wconf 90' lang='lat' dir='ltr'><strong>ad</strong></span> <span class='ocrx_word' id='word_1_157' title='bbox 3961 900 4052 938; x_wconf 57' lang='lat' dir='ltr'><strong>cu.</strong></span> 
     </span>
    </p>
   </div>
   <div class='ocr_carea' id='block_1_21' title="bbox 2452 971 4048 1045">
    <p class='ocr_par' dir='ltr' id='par_1_21' title="bbox 2452 971 4048 1045">
     <span class='ocr_line' id='line_1_21' title="bbox 2452 971 4048 1045; baseline 0.004 -22"><span class='ocrx_word' id='word_1_158' title='bbox 2452 971 2597 1036; x_wconf 81' lang='lat' dir='ltr'><strong>bilia,</strong></span> <span class='ocrx_word' id='word_1_159' title='bbox 2620 972 2684 1024; x_wconf 92' lang='lat' dir='ltr'><strong>ad</strong></span> <span class='ocrx_word' id='word_1_160' title='bbox 2713 971 2918 1035; x_wconf 88' lang='lat' dir='ltr'><strong>sedilia,</strong></span> <span class='ocrx_word' id='word_1_161' title='bbox 2944 987 3294 1042; x_wconf 80' lang='lat' dir='ltr'><strong>quzceumque</strong></span> <span class='ocrx_word' id='word_1_162' title='bbox 3321 988 3418 1027; x_wconf 91' lang='lat' dir='ltr'><strong>nos</strong></span> <span class='ocrx_word' id='word_1_163' title='bbox 3444 976 3782 1031; x_wconf 71' lang='lat' dir='ltr'><strong>conversatio</strong></span> <span class='ocrx_word' id='word_1_164' title='bbox 3803 986 4048 1045; x_wconf 79' lang='lat' dir='ltr'><strong>exercet,</strong></span> 
     </span>
    </p>
   </div>
   <div class='ocr_carea' id='block_1_22' title="bbox 2451 1063 3551 1135">
    <p class='ocr_par' dir='ltr' id='par_1_22' title="bbox 2451 1063 3551 1135">
     <span class='ocr_line' id='line_1_22' title="bbox 2451 1063 3551 1135; baseline 0.004 -20"><span class='ocrx_word' id='word_1_165' title='bbox 2451 1065 2675 1118; x_wconf 80' lang='lat' dir='ltr'><strong>frontem</strong></span> <span class='ocrx_word' id='word_1_166' title='bbox 2706 1063 2880 1118; x_wconf 84' lang='lat' dir='ltr'><strong>crucis</strong></span> <span class='ocrx_word' id='word_1_167' title='bbox 2906 1064 2983 1135; x_wconf 68' lang='lat'><strong>(‘2)</strong></span> <span class='ocrx_word' id='word_1_168' title='bbox 3010 1065 3281 1133; x_wconf 80' lang='lat' dir='ltr'><strong>signaculo</strong></span> <span class='ocrx_word' id='word_1_169' title='bbox 3309 1066 3551 1123; x_wconf 89' lang='lat' dir='ltr'><strong>terintus.</strong></span> 
     </span>
    </p>
   </div>
   <div class='ocr_carea' id='block_1_23' title="bbox 3069 1155 3443 1214">
    <p class='ocr_par' dir='ltr' id='par_1_23' title="bbox 3069 1155 3443 1214">
     <span class='ocr_line' id='line_1_23' title="bbox 3069 1155 3443 1214; baseline 0.005 -4"><span class='ocrx_word' id='word_1_170' title='bbox 3069 1155 3297 1213; x_wconf 79' lang='lat' dir='ltr'><strong>CAPUT</strong></span> <span class='ocrx_word' id='word_1_171' title='bbox 3344 1157 3443 1214; x_wconf 82' lang='lat' dir='ltr'><strong>IV.</strong></span> 
     </span>
    </p>
   </div>
   <div class='ocr_carea' id='block_1_24' title="bbox 2526 1247 4049 1324">
    <p class='ocr_par' dir='ltr' id='par_1_24' title="bbox 2526 1247 4049 1324">
     <span class='ocr_line' id='line_1_24' title="bbox 2526 1247 4049 1324; baseline 0.005 -23"><span class='ocrx_word' id='word_1_172' title='bbox 2526 1247 2724 1302; x_wconf 82' lang='lat' dir='ltr'><strong>Harant</strong></span> <span class='ocrx_word' id='word_1_173' title='bbox 2752 1257 2807 1302; x_wconf 92' lang='lat' dir='ltr'><strong>et</strong></span> <span class='ocrx_word' id='word_1_174' title='bbox 2834 1248 3057 1302; x_wconf 88' lang='lat' dir='ltr'><strong>aliarum</strong></span> <span class='ocrx_word' id='word_1_175' title='bbox 3088 1248 3349 1317; x_wconf 84' lang='lat' dir='ltr'><strong>ejusmodi</strong></span> <span class='ocrx_word' id='word_1_176' title='bbox 3379 1249 3777 1321; x_wconf 86' lang='lat' dir='ltr'><strong>disciplinarum</strong></span> <span class='ocrx_word' id='word_1_177' title='bbox 3809 1253 3854 1307; x_wconf 88' lang='lat' dir='ltr'><strong>si</strong></span> <span class='ocrx_word' id='word_1_178' title='bbox 3881 1254 4049 1324; x_wconf 75' lang='lat' dir='ltr'><strong>legem</strong></span> 
     </span>
    </p>
   </div>
   <div class='ocr_carea' id='block_1_25' title="bbox 2450 1340 4057 1410">
    <p class='ocr_par' dir='ltr' id='par_1_25' title="bbox 2450 1340 4057 1410">
     <span class='ocr_line' id='line_1_25' title="bbox 2450 1340 4057 1410; baseline 0.005 -17"><span class='ocrx_word' id='word_1_179' title='bbox 2450 1341 2760 1409; x_wconf 79' lang='lat' dir='ltr'><strong>expostules</strong></span> <span class='ocrx_word' id='word_1_180' title='bbox 2775 1340 3193 1410; x_wconf 85' lang='lat' dir='ltr'><strong>Scripturarum,</strong></span> <span class='ocrx_word' id='word_1_181' title='bbox 3217 1342 3416 1397; x_wconf 88' lang='lat' dir='ltr'><strong>nullam</strong></span> <span class='ocrx_word' id='word_1_182' title='bbox 3442 1343 3707 1398; x_wconf 82' lang='lat' dir='ltr'><strong>invenies:</strong></span> <span class='ocrx_word' id='word_1_183' title='bbox 3730 1346 3947 1401; x_wconf 90' lang='lat' dir='ltr'><strong>traditio</strong></span> <span class='ocrx_word' id='word_1_184' title='bbox 3967 1346 4057 1401; x_wconf 88' lang='lat' dir='ltr'><strong>tibi</strong></span> 
     </span>
    </p>
   </div>
   <div class='ocr_carea' id='block_1_26' title="bbox 2452 1433 4058 1505">
    <p class='ocr_par' dir='ltr' id='par_1_26' title="bbox 2452 1433 4058 1505">
     <span class='ocr_line' id='line_1_26' title="bbox 2452 1433 4058 1505; baseline 0.004 -18"><span class='ocrx_word' id='word_1_185' title='bbox 2452 1433 2813 1501; x_wconf 68' lang='lat' dir='ltr'><strong>prmtendetur</strong></span> <span class='ocrx_word' id='word_1_186' title='bbox 2829 1433 3406 1498; x_wconf 74' lang='lat' dir='ltr'><strong>auctrix,consuctutlo</strong></span> <span class='ocrx_word' id='word_1_187' title='bbox 3434 1436 3822 1505; x_wconf 77' lang='lat' dir='ltr'><strong>conlirmatris,</strong></span> <span class='ocrx_word' id='word_1_188' title='bbox 3841 1447 3898 1493; x_wconf 87' lang='lat' dir='ltr'><strong>et</strong></span> <span class='ocrx_word' id='word_1_189' title='bbox 3929 1438 4058 1493; x_wconf 83' lang='lat' dir='ltr'><strong>lides</strong></span> 
     </span>
    </p>
   </div>
   <div class='ocr_carea' id='block_1_27' title="bbox 2452 1525 4057 1600">
    <p class='ocr_par' dir='ltr' id='par_1_27' title="bbox 2452 1525 4057 1600">
     <span class='ocr_line' id='line_1_27' title="bbox 2452 1525 4057 1600; baseline -0.001 -17"><span class='ocrx_word' id='word_1_190' title='bbox 2452 1529 2529 1600; x_wconf 80' lang='lat'><strong>(3)</strong></span> <span class='ocrx_word' id='word_1_191' title='bbox 2560 1526 2917 1581; x_wconf 73' lang='lat' dir='ltr'><strong>observatrix.</strong></span> <span class='ocrx_word' id='word_1_192' title='bbox 2946 1525 3226 1581; x_wconf 77' lang='lat' dir='ltr'><strong>Rationem</strong></span> <span class='ocrx_word' id='word_1_193' title='bbox 3260 1526 3531 1582; x_wconf 88' lang='lat' dir='ltr'><strong>traditioni</strong></span> <span class='ocrx_word' id='word_1_194' title='bbox 3562 1526 3660 1599; x_wconf 81' lang='lat' dir='ltr'><strong>(lt),</strong></span> <span class='ocrx_word' id='word_1_195' title='bbox 3684 1539 3739 1583; x_wconf 92' lang='lat' dir='ltr'><strong>et</strong></span> <span class='ocrx_word' id='word_1_196' title='bbox 3768 1539 4057 1584; x_wconf 83' lang='lat' dir='ltr'><strong>consuetu-</strong></span> 
     </span>
    </p>
   </div>
   <div class='ocr_carea' id='block_1_28' title="bbox 2448 1619 4054 1693">
    <p class='ocr_par' dir='ltr' id='par_1_28' title="bbox 2448 1619 4054 1693">
     <span class='ocr_line' id='line_1_28' title="bbox 2448 1619 4054 1693; baseline 0.001 -18"><span class='ocrx_word' id='word_1_197' title='bbox 2448 1619 2557 1675; x_wconf 87' lang='lat' dir='ltr'><strong>dini</strong></span> <span class='ocrx_word' id='word_1_198' title='bbox 2587 1621 2765 1691; x_wconf 68' lang='lat' dir='ltr'><strong>(4),et</strong></span> <span class='ocrx_word' id='word_1_199' title='bbox 2795 1620 2916 1675; x_wconf 85' lang='lat' dir='ltr'><strong>tidei</strong></span> <span class='ocrx_word' id='word_1_200' title='bbox 2968 1622 3418 1691; x_wconf 88' lang='lat' dir='ltr'><strong>patrocinaturam</strong></span> <span class='ocrx_word' id='word_1_201' title='bbox 3459 1632 3551 1677; x_wconf 88' lang='lat' dir='ltr'><strong>aut</strong></span> <span class='ocrx_word' id='word_1_202' title='bbox 3592 1623 3705 1693; x_wconf 85' lang='lat' dir='ltr'><strong>ipsc</strong></span> <span class='ocrx_word' id='word_1_203' title='bbox 3737 1624 4054 1693; x_wconf 86' lang='lat' dir='ltr'><strong>perspicies,</strong></span> 
     </span>
    </p>
   </div>
   <div class='ocr_carea' id='block_1_29' title="bbox 2448 1712 4057 1783">
    <p class='ocr_par' dir='ltr' id='par_1_29' title="bbox 2448 1712 4057 1783">
     <span class='ocr_line' id='line_1_29' title="bbox 2448 1712 4057 1783; baseline 0.001 -18"><span class='ocrx_word' id='word_1_204' title='bbox 2448 1722 2538 1767; x_wconf 92' lang='lat' dir='ltr'><strong>aut</strong></span> <span class='ocrx_word' id='word_1_205' title='bbox 2557 1712 2625 1767; x_wconf 76' lang='lat' dir='ltr'><strong>ab</strong></span> <span class='ocrx_word' id='word_1_206' title='bbox 2639 1713 2820 1783; x_wconf 85' lang='lat' dir='ltr'><strong>aliquo</strong></span> <span class='ocrx_word' id='word_1_207' title='bbox 2834 1712 2923 1782; x_wconf 88' lang='lat' dir='ltr'><strong>qui</strong></span> <span class='ocrx_word' id='word_1_208' title='bbox 2946 1712 3275 1781; x_wconf 73' lang='lat' dir='ltr'><strong>perspexerit</strong></span> <span class='ocrx_word' id='word_1_209' title='bbox 3293 1712 3490 1777; x_wconf 81' lang='lat' dir='ltr'><strong>disces;</strong></span> <span class='ocrx_word' id='word_1_210' title='bbox 3512 1712 3721 1766; x_wconf 89' lang='lat' dir='ltr'><strong>interim</strong></span> <span class='ocrx_word' id='word_1_211' title='bbox 3743 1712 4057 1767; x_wconf 86' lang='lat' dir='ltr'><strong>nonnullam</strong></span> 
     </span>
    </p>
   </div>
   <div class='ocr_carea' id='block_1_30' title="bbox 2451 1803 4059 1874">
    <p class='ocr_par' dir='ltr' id='par_1_30' title="bbox 2451 1803 4059 1874">
     <span class='ocr_line' id='line_1_30' title="bbox 2451 1803 4059 1874; baseline 0.001 -14"><span class='ocrx_word' id='word_1_212' title='bbox 2451 1819 2571 1860; x_wconf 73' lang='lat' dir='ltr'><strong>esse</strong></span> <span class='ocrx_word' id='word_1_213' title='bbox 2586 1803 2799 1871; x_wconf 85' lang='lat' dir='ltr'><strong>credes,</strong></span> <span class='ocrx_word' id='word_1_214' title='bbox 2819 1804 2902 1858; x_wconf 90' lang='lat' dir='ltr'><strong>cui</strong></span> <span class='ocrx_word' id='word_1_215' title='bbox 2921 1803 3180 1858; x_wconf 82' lang='lat' dir='ltr'><strong>debeatur</strong></span> <span class='ocrx_word' id='word_1_216' title='bbox 3198 1804 3276 1873; x_wconf 86' lang='lat'><strong>(5)</strong></span> <span class='ocrx_word' id='word_1_217' title='bbox 3304 1804 3638 1873; x_wconf 81' lang='lat' dir='ltr'><strong>obsequium.</strong></span> <span class='ocrx_word' id='word_1_218' title='bbox 3663 1804 3877 1874; x_wconf 81' lang='lat' dir='ltr'><strong>Adjicio</strong></span> <span class='ocrx_word' id='word_1_219' title='bbox 3893 1819 4059 1861; x_wconf 82' lang='lat' dir='ltr'><strong>unum</strong></span> 
     </span>
    </p>
   </div>
   <div class='ocr_carea' id='block_1_31' title="bbox 748 1871 4060 1966">
    <p class='ocr_par' dir='ltr' id='par_1_31' title="bbox 748 1871 4060 1966">
     <span class='ocr_line' id='line_1_31' title="bbox 748 1871 4060 1966; baseline 0.004 -26"><span class='ocrx_word' id='word_1_220' title='bbox 748 1888 1181 1944; x_wconf 89' lang='lat' dir='ltr'><strong>tinmsnmimus:</strong></span> <span class='ocrx_word' id='word_1_221' title='bbox 1203 1892 1500 1948; x_wconf 86' lang='lat' dir='ltr'><strong>oblationes</strong></span> <span class='ocrx_word' id='word_1_222' title='bbox 1524 1909 1618 1964; x_wconf 92' lang='lat' dir='ltr'><strong>pro</strong></span> <span class='ocrx_word' id='word_1_223' title='bbox 1638 1871 2007 1966; x_wconf 76' lang='lat' dir='ltr'><strong>defunctis(g).</strong></span> <span class='ocrx_word' id='word_1_224' title='bbox 2037 1910 2132 1965; x_wconf 91' lang='lat' dir='ltr'><strong>pro</strong></span> <span class='ocrx_word' id='word_1_225' title='bbox 2152 1895 2344 1950; x_wconf 81' lang='lat' dir='ltr'><strong>natali-</strong></span> <span class='ocrx_word' id='word_1_226' title='bbox 2376 1871 2425 1930; x_wconf 79' lang='grc' dir='ltr'><strong>Β</strong></span> <span class='ocrx_word' id='word_1_227' title='bbox 2455 1896 2632 1951; x_wconf 89' lang='lat' dir='ltr'><strong>adhuc</strong></span> <span class='ocrx_word' id='word_1_228' title='bbox 2680 1896 3009 1965; x_wconf 76' lang='lat' dir='ltr'><strong>exemplum,</strong></span> <span class='ocrx_word' id='word_1_229' title='bbox 3041 1871 3305 1965; x_wconf 89' lang='lat' dir='ltr'><strong>quatenus</strong></span> <span class='ocrx_word' id='word_1_230' title='bbox 3334 1906 3389 1951; x_wconf 92' lang='lat' dir='ltr'><strong>et</strong></span> <span class='ocrx_word' id='word_1_231' title='bbox 3423 1871 3490 1951; x_wconf 84' lang='lat' dir='ltr'><strong>de</strong></span> <span class='ocrx_word' id='word_1_232' title='bbox 3540 1871 3813 1952; x_wconf 78' lang='lat' dir='ltr'><strong>veteribus</strong></span> <span class='ocrx_word' id='word_1_233' title='bbox 3861 1896 4060 1955; x_wconf 85' lang='lat' dir='ltr'><strong>docete</strong></span> 
     </span>
    </p>
   </div>
   <div class='ocr_carea' id='block_1_32' title="bbox 748 1980 2347 2056">
    <p class='ocr_par' dir='ltr' id='par_1_32' title="bbox 748 1980 2347 2056">
     <span class='ocr_line' id='line_1_32' title="bbox 748 1980 2347 2056; baseline 0.004 -21"><span class='ocrx_word' id='word_1_234' title='bbox 748 1980 835 2036; x_wconf 90' lang='lat' dir='ltr'><strong>tiis</strong></span> <span class='ocrx_word' id='word_1_235' title='bbox 864 1998 1039 2038; x_wconf 92' lang='lat' dir='ltr'><strong>annua</strong></span> <span class='ocrx_word' id='word_1_236' title='bbox 1077 1982 1165 2039; x_wconf 90' lang='lat' dir='ltr'><strong>die</strong></span> <span class='ocrx_word' id='word_1_237' title='bbox 1186 1983 1263 2055; x_wconf 78' lang='lat' dir='ltr'><strong>(It)</strong></span> <span class='ocrx_word' id='word_1_238' title='bbox 1286 1983 1509 2040; x_wconf 81' lang='lat' dir='ltr'><strong>iacimus</strong></span> <span class='ocrx_word' id='word_1_239' title='bbox 1534 1986 1648 2041; x_wconf 88' lang='lat' dir='ltr'><strong>:die</strong></span> <span class='ocrx_word' id='word_1_240' title='bbox 1677 1987 1952 2041; x_wconf 90' lang='lat' dir='ltr'><strong>Dominieo</strong></span> <span class='ocrx_word' id='word_1_241' title='bbox 1970 1986 2231 2056; x_wconf 88' lang='lat' dir='ltr'><strong>jejunium</strong></span> <span class='ocrx_word' id='word_1_242' title='bbox 2254 2001 2347 2042; x_wconf 92' lang='lat' dir='ltr'><strong>ne-</strong></span> 
     </span>
    </p>
   </div>
   <div class='ocr_carea' id='block_1_33' title="bbox 740 2074 2344 2149">
    <p class='ocr_par' dir='ltr' id='par_1_33' title="bbox 740 2074 2344 2149">
     <span class='ocr_line' id='line_1_33' title="bbox 740 2074 2344 2149; baseline 0.001 -19"><span class='ocrx_word' id='word_1_243' title='bbox 740 2074 767 2129; x_wconf 84' lang='lat' dir='ltr'><strong>l’</strong></span> <span class='ocrx_word' id='word_1_244' title='bbox 772 2091 832 2131; x_wconf 90' lang='lat' dir='ltr'><strong>as</strong></span> <span class='ocrx_word' id='word_1_245' title='bbox 856 2076 1122 2143; x_wconf 87' lang='lat' dir='ltr'><strong>ducimus,</strong></span> <span class='ocrx_word' id='word_1_246' title='bbox 1156 2077 1237 2134; x_wconf 85' lang='lat' dir='ltr'><strong>vel</strong></span> <span class='ocrx_word' id='word_1_247' title='bbox 1260 2077 1328 2133; x_wconf 93' lang='lat' dir='ltr'><strong>dc</strong></span> <span class='ocrx_word' id='word_1_248' title='bbox 1354 2077 1611 2149; x_wconf 78' lang='lat' dir='ltr'><strong>geniculis</strong></span> <span class='ocrx_word' id='word_1_249' title='bbox 1638 2078 1864 2135; x_wconf 88' lang='lat' dir='ltr'><strong>adorare</strong></span> <span class='ocrx_word' id='word_1_250' title='bbox 1886 2079 1987 2149; x_wconf 91' lang='lat' dir='ltr'><strong>(l).</strong></span> <span class='ocrx_word' id='word_1_251' title='bbox 2010 2077 2209 2133; x_wconf 83' lang='lat' dir='ltr'><strong>Eadem</strong></span> <span class='ocrx_word' id='word_1_252' title='bbox 2241 2079 2344 2132; x_wconf 83' lang='lat' dir='ltr'><strong>iiii-</strong></span> 
     </span>
    </p>
   </div>
   <div class='ocr_carea' id='block_1_34' title="bbox 2453 1988 4059 2063">
    <p class='ocr_par' dir='ltr' id='par_1_34' title="bbox 2453 1988 4059 2063">
     <span class='ocr_line' id='line_1_34' title="bbox 2453 1988 4059 2063; baseline -0.001 -16"><span class='ocrx_word' id='word_1_253' title='bbox 2453 1992 2751 2047; x_wconf 89' lang='lat' dir='ltr'><strong>conveniet.</strong></span> <span class='ocrx_word' id='word_1_254' title='bbox 2785 1990 2849 2063; x_wconf 89' lang='lat' dir='ltr'><strong>(t)</strong></span> <span class='ocrx_word' id='word_1_255' title='bbox 2880 1989 3031 2060; x_wconf 81' lang='lat' dir='ltr'><strong>Apud</strong></span> <span class='ocrx_word' id='word_1_256' title='bbox 3059 1988 3274 2044; x_wconf 69' lang='lat' dir='ltr'><strong>Judacos</strong></span> <span class='ocrx_word' id='word_1_257' title='bbox 3312 1999 3420 2044; x_wconf 84' lang='lat' dir='ltr'><strong>tant</strong></span> <span class='ocrx_word' id='word_1_258' title='bbox 3448 1990 3691 2045; x_wconf 86' lang='lat' dir='ltr'><strong>solemne</strong></span> <span class='ocrx_word' id='word_1_259' title='bbox 3713 1998 3797 2046; x_wconf 89' lang='lat' dir='ltr'><strong>est</strong></span> <span class='ocrx_word' id='word_1_260' title='bbox 3825 1990 4059 2046; x_wconf 66' lang='lat' dir='ltr'><strong>heminis</strong></span> 
     </span>
    </p>
   </div>
   <div class='ocr_carea' id='block_1_35' title="bbox 2460 2082 4058 2155">
    <p class='ocr_par' dir='ltr' id='par_1_35' title="bbox 2460 2082 4058 2155">
     <span class='ocr_line' id='line_1_35' title="bbox 2460 2082 4058 2155; baseline -0.001 -15"><span class='ocrx_word' id='word_1_261' title='bbox 2460 2100 2647 2141; x_wconf 90' lang='lat' dir='ltr'><strong>eorum</strong></span> <span class='ocrx_word' id='word_1_262' title='bbox 2697 2085 2942 2141; x_wconf 91' lang='lat' dir='ltr'><strong>velamen</strong></span> <span class='ocrx_word' id='word_1_263' title='bbox 2983 2083 3195 2155; x_wconf 90' lang='lat' dir='ltr'><strong>capitis,</strong></span> <span class='ocrx_word' id='word_1_264' title='bbox 3239 2092 3297 2138; x_wconf 92' lang='lat' dir='ltr'><strong>ut</strong></span> <span class='ocrx_word' id='word_1_265' title='bbox 3337 2082 3461 2139; x_wconf 89' lang='lat' dir='ltr'><strong>inde</strong></span> <span class='ocrx_word' id='word_1_266' title='bbox 3501 2094 3811 2140; x_wconf 85' lang='lat' dir='ltr'><strong>noscantur.</strong></span> <span class='ocrx_word' id='word_1_267' title='bbox 3862 2083 4058 2151; x_wconf 72' lang='lat' dir='ltr'><strong>Quaero</strong></span> 
     </span>
    </p>
   </div>
   <div class='ocr_carea' id='block_1_36' title="bbox 1984 2191 2818 2257">
    <p class='ocr_par' dir='ltr' id='par_1_36' title="bbox 1984 2191 2818 2257">
     <span class='ocr_line' id='line_1_36' title="bbox 1984 2191 2818 2257; baseline 0.005 -9"><span class='ocrx_word' id='word_1_268' title='bbox 1984 2191 2367 2251; x_wconf 81' lang='lat' dir='ltr'><strong>LECTIONES</strong></span> <span class='ocrx_word' id='word_1_269' title='bbox 2411 2196 2573 2255; x_wconf 78' lang='lat' dir='ltr'><strong>VARI</strong></span> <span class='ocrx_word' id='word_1_270' title='bbox 2581 2200 2818 2257; x_wconf 73' lang='lat' dir='ltr'><strong>ANTES.</strong></span> 
     </span>
    </p>
   </div>
   <div class='ocr_carea' id='block_1_37' title="bbox 810 2278 1307 2343">
    <p class='ocr_par' dir='ltr' id='par_1_37' title="bbox 810 2278 1307 2343">
     <span class='ocr_line' id='line_1_37' title="bbox 810 2278 1307 2343; baseline 0.002 -12"><span class='ocrx_word' id='word_1_271' title='bbox 810 2279 883 2343; x_wconf 82' lang='lat' dir='ltr'><strong>(l)</strong></span> <span class='ocrx_word' id='word_1_272' title='bbox 909 2280 987 2332; x_wconf 83' lang='lat' dir='ltr'><strong>De</strong></span> <span class='ocrx_word' id='word_1_273' title='bbox 1011 2278 1131 2333; x_wconf 84' lang='lat' dir='ltr'><strong>tollit</strong></span> <span class='ocrx_word' id='word_1_274' title='bbox 1156 2283 1307 2334; x_wconf 89' lang='lat' dir='ltr'><strong>Seml.</strong></span> 
     </span>
    </p>
   </div>
   <div class='ocr_carea' id='block_1_38' title="bbox 814 2343 1443 2408">
    <p class='ocr_par' dir='ltr' id='par_1_38' title="bbox 814 2343 1443 2408">
     <span class='ocr_line' id='line_1_38' title="bbox 814 2343 1443 2408; baseline -0.005 -10"><span class='ocrx_word' id='word_1_275' title='bbox 814 2346 889 2408; x_wconf 66' lang='grc'><strong>(2)</strong></span> <span class='ocrx_word' id='word_1_276' title='bbox 912 2344 1080 2408; x_wconf 68' lang='lat' dir='ltr'><strong>Crucis</strong></span> <span class='ocrx_word' id='word_1_277' title='bbox 1102 2343 1267 2408; x_wconf 81' lang='lat' dir='ltr'><strong>abiicit</strong></span> <span class='ocrx_word' id='word_1_278' title='bbox 1293 2345 1443 2398; x_wconf 84' lang='lat' dir='ltr'><strong>Seml.</strong></span> 
     </span>
    </p>
   </div>
   <div class='ocr_carea' id='block_1_39' title="bbox 810 2406 1232 2469">
    <p class='ocr_par' dir='ltr' id='par_1_39' title="bbox 810 2406 1232 2469">
     <span class='ocr_line' id='line_1_39' title="bbox 810 2406 1232 2469; baseline 0.002 -13"><span class='ocrx_word' id='word_1_279' title='bbox 810 2407 885 2469; x_wconf 76' lang='grc'><strong>(5)</strong></span> <span class='ocrx_word' id='word_1_280' title='bbox 910 2406 1051 2457; x_wconf 84' lang='lat' dir='ltr'><strong>Fidei</strong></span> <span class='ocrx_word' id='word_1_281' title='bbox 1078 2406 1232 2459; x_wconf 74' lang='lat' dir='ltr'><strong>Rite&quot;.</strong></span> 
     </span>
    </p>
   </div>
   <div class='ocr_carea' id='block_1_40' title="bbox 2543 2290 3563 2344">
    <p class='ocr_par' dir='ltr' id='par_1_40' title="bbox 2543 2290 3563 2344">
     <span class='ocr_line' id='line_1_40' title="bbox 2543 2290 3563 2344; baseline -0.004 0"><span class='ocrx_word' id='word_1_282' title='bbox 2543 2294 2593 2344; x_wconf 79' lang='grc'><strong>11</strong></span> <span class='ocrx_word' id='word_1_283' title='bbox 2618 2294 2837 2344; x_wconf 79' lang='lat' dir='ltr'><strong>Traditio</strong></span> <span class='ocrx_word' id='word_1_284' title='bbox 2856 2290 3195 2343; x_wconf 80' lang='lat' dir='ltr'><strong>consuetudini</strong></span> <span class='ocrx_word' id='word_1_285' title='bbox 3220 2290 3372 2341; x_wconf 79' lang='lat' dir='ltr'><strong>Fran.</strong></span> <span class='ocrx_word' id='word_1_286' title='bbox 3397 2291 3563 2343; x_wconf 88' lang='lat' dir='ltr'><strong>Paris.</strong></span> 
     </span>
    </p>
   </div>
   <div class='ocr_carea' id='block_1_41' title="bbox 2514 2294 3046 2421">
    <p class='ocr_par' dir='ltr' id='par_1_41' title="bbox 2514 2294 3046 2421">
     <span class='ocr_line' id='line_1_41' title="bbox 2543 2294 3046 2344; baseline -0.004 -1"><span class='ocrx_word' id='word_1_287' title='bbox 2543 2295 2570 2343; x_wconf 83' lang='grc'><strong>1</strong></span> <span class='ocrx_word' id='word_1_288' title='bbox 2618 2294 2837 2344; x_wconf 80' lang='lat' dir='ltr'><strong>Traditio</strong></span> <span class='ocrx_word' id='word_1_289' title='bbox 2856 2302 3046 2343; x_wconf 87' lang='lat' dir='ltr'><strong>consuel</strong></span> 
     </span>
     <span class='ocr_line' id='line_1_42' title="bbox 2514 2294 3046 2421; baseline -0.006 -15"><span class='ocrx_word' id='word_1_290' title='bbox 2514 2294 2593 2421; x_wconf 49' lang='lat' dir='ltr'><strong>is}</strong></span> <span class='ocrx_word' id='word_1_291' title='bbox 2614 2357 2905 2407; x_wconf 84' lang='lat' dir='ltr'><strong>Pra-beatur</strong></span> <span class='ocrx_word' id='word_1_292' title='bbox 2922 2355 3046 2404; x_wconf 81' lang='lat' dir='ltr'><strong>Jun.</strong></span> 
     </span>
    </p>
   </div>
   <div class='ocr_carea' id='block_1_42' title="bbox 2092 2488 2659 2551">
    <p class='ocr_par' dir='ltr' id='par_1_42' title="bbox 2092 2488 2659 2551">
     <span class='ocr_line' id='line_1_43' title="bbox 2092 2488 2659 2551; baseline -0.012 -2"><span class='ocrx_word' id='word_1_293' title='bbox 2092 2488 2659 2551; x_wconf 73' lang='lat' dir='ltr'><strong>COMMENTARIUS.</strong></span> 
     </span>
    </p>
   </div>
   <div class='ocr_carea' id='block_1_43' title="bbox 819 2606 2340 2676">
    <p class='ocr_par' dir='ltr' id='par_1_43' title="bbox 819 2606 2340 2676">
     <span class='ocr_line' id='line_1_44' title="bbox 819 2606 2340 2676; baseline -0.001 -14"><span class='ocrx_word' id='word_1_294' title='bbox 819 2606 975 2663; x_wconf 80' lang='lat' dir='ltr'><strong>CAP.</strong></span> <span class='ocrx_word' id='word_1_295' title='bbox 1002 2606 1091 2660; x_wconf 93' lang='grc'><strong>111.</strong></span> <span class='ocrx_word' id='word_1_296' title='bbox 1120 2637 1193 2647; x_wconf 91' lang='grc'><strong><em>-</em></strong></span> <span class='ocrx_word' id='word_1_297' title='bbox 1216 2607 1293 2674; x_wconf 90' lang='lat' dir='ltr'><strong>(a)</strong></span> <span class='ocrx_word' id='word_1_298' title='bbox 1333 2606 1458 2662; x_wconf 89' lang='lat' dir='ltr'><strong>Sine</strong></span> <span class='ocrx_word' id='word_1_299' title='bbox 1485 2608 1645 2661; x_wconf 89' lang='lat' dir='ltr'><strong>ullius</strong></span> <span class='ocrx_word' id='word_1_300' title='bbox 1668 2606 1954 2676; x_wconf 78' lang='lat' dir='ltr'><strong>Scriptura:</strong></span> <span class='ocrx_word' id='word_1_301' title='bbox 1984 2608 2340 2670; x_wconf 87' lang='lat' dir='ltr'><strong>instrumento,</strong></span> 
     </span>
    </p>
   </div>
   <div class='ocr_carea' id='block_1_44' title="bbox 751 2677 2343 2735">
    <p class='ocr_par' dir='ltr' id='par_1_44' title="bbox 751 2677 2343 2735">
     <span class='ocr_line' id='line_1_45' title="bbox 751 2677 2343 2735; baseline -0.001 -2"><span class='ocrx_word' id='word_1_302' title='bbox 751 2678 912 2733; x_wconf 84' lang='lat' dir='ltr'><strong>solius</strong></span> <span class='ocrx_word' id='word_1_303' title='bbox 946 2678 1236 2731; x_wconf 78' lang='lat' dir='ltr'><strong>traditionis</strong></span> <span class='ocrx_word' id='word_1_304' title='bbox 1261 2677 1424 2730; x_wconf 94' lang='lat' dir='ltr'><strong>titulo.</strong></span> <span class='ocrx_word' id='word_1_305' title='bbox 1453 2679 1640 2732; x_wconf 71' lang='lat' dir='ltr'><strong>&#39;l&#39;otum</strong></span> <span class='ocrx_word' id='word_1_306' title='bbox 1666 2678 1807 2734; x_wconf 94' lang='lat' dir='ltr'><strong>hunc</strong></span> <span class='ocrx_word' id='word_1_307' title='bbox 1827 2693 2131 2735; x_wconf 89' lang='lat' dir='ltr'><strong>sermonem</strong></span> <span class='ocrx_word' id='word_1_308' title='bbox 2158 2678 2343 2733; x_wconf 76' lang='lat' dir='ltr'><strong>essuxi</strong></span> 
     </span>
    </p>
   </div>
   <div class='ocr_carea' id='block_1_45' title="bbox 756 2747 2348 2820">
    <p class='ocr_par' dir='ltr' id='par_1_45' title="bbox 756 2747 2348 2820">
     <span class='ocr_line' id='line_1_46' title="bbox 756 2747 2348 2820; baseline -0.001 -17"><span class='ocrx_word' id='word_1_309' title='bbox 756 2749 1115 2819; x_wconf 86' lang='lat' dir='ltr'><strong>Hieronymus</strong></span> <span class='ocrx_word' id='word_1_310' title='bbox 1134 2747 1393 2820; x_wconf 71' lang='lat' dir='ltr'><strong>adversus</strong></span> <span class='ocrx_word' id='word_1_311' title='bbox 1422 2748 1786 2803; x_wconf 81' lang='lat' dir='ltr'><strong>Luciferianos</strong></span> <span class='ocrx_word' id='word_1_312' title='bbox 1809 2765 1819 2800; x_wconf 95' lang='lat'>:</span> <span class='ocrx_word' id='word_1_313' title='bbox 1843 2748 2348 2820; x_wconf 69' lang='lat' dir='ltr'><strong>EtiamsiScriptura:</strong></span> 
     </span>
    </p>
   </div>
   <div class='ocr_carea' id='block_1_46' title="bbox 750 2818 2350 2890">
    <p class='ocr_par' dir='ltr' id='par_1_46' title="bbox 750 2818 2350 2890">
     <span class='ocr_line' id='line_1_47' title="bbox 750 2818 2350 2890; baseline 0 -18"><span class='ocrx_word' id='word_1_314' title='bbox 750 2818 1029 2872; x_wconf 70' lang='lat' dir='ltr'><strong>auctoritas</strong></span> <span class='ocrx_word' id='word_1_315' title='bbox 1042 2836 1139 2872; x_wconf 90' lang='lat' dir='ltr'><strong>non</strong></span> <span class='ocrx_word' id='word_1_316' title='bbox 1157 2818 1396 2883; x_wconf 86' lang='lat' dir='ltr'><strong>subesset,</strong></span> <span class='ocrx_word' id='word_1_317' title='bbox 1415 2820 1601 2888; x_wconf 89' lang='lat' dir='ltr'><strong>inqttit,</strong></span> <span class='ocrx_word' id='word_1_318' title='bbox 1621 2822 1769 2873; x_wconf 89' lang='lat' dir='ltr'><strong>totius</strong></span> <span class='ocrx_word' id='word_1_319' title='bbox 1783 2819 1916 2890; x_wconf 87' lang='lat' dir='ltr'><strong>orbis</strong></span> <span class='ocrx_word' id='word_1_320' title='bbox 1936 2820 1987 2873; x_wconf 89' lang='lat' dir='ltr'><strong>in</strong></span> <span class='ocrx_word' id='word_1_321' title='bbox 2003 2821 2130 2873; x_wconf 80' lang='lat' dir='ltr'><strong>lianc</strong></span> <span class='ocrx_word' id='word_1_322' title='bbox 2152 2818 2350 2890; x_wconf 81' lang='lat' dir='ltr'><strong>partem</strong></span> 
     </span>
    </p>
   </div>
   <div class='ocr_carea' id='block_1_47' title="bbox 752 2889 2347 2960">
    <p class='ocr_par' dir='ltr' id='par_1_47' title="bbox 752 2889 2347 2960">
     <span class='ocr_line' id='line_1_48' title="bbox 752 2889 2347 2960; baseline 0 -17"><span class='ocrx_word' id='word_1_323' title='bbox 752 2904 1027 2943; x_wconf 81' lang='lat' dir='ltr'><strong>consensus</strong></span> <span class='ocrx_word' id='word_1_324' title='bbox 1069 2893 1228 2943; x_wconf 85' lang='lat' dir='ltr'><strong>instar</strong></span> <span class='ocrx_word' id='word_1_325' title='bbox 1252 2897 1491 2960; x_wconf 79' lang='lat' dir='ltr'><strong>prwceptt’</strong></span> <span class='ocrx_word' id='word_1_326' title='bbox 1510 2890 1770 2945; x_wconf 80' lang='lat' dir='ltr'><strong>obtineret.</strong></span> <span class='ocrx_word' id='word_1_327' title='bbox 1812 2889 1949 2944; x_wconf 85' lang='lat' dir='ltr'><strong>Nam</strong></span> <span class='ocrx_word' id='word_1_328' title='bbox 1980 2901 2025 2944; x_wconf 89' lang='lat' dir='ltr'><strong>et</strong></span> <span class='ocrx_word' id='word_1_329' title='bbox 2043 2889 2200 2945; x_wconf 89' lang='lat' dir='ltr'><strong>multa</strong></span> <span class='ocrx_word' id='word_1_330' title='bbox 2221 2891 2347 2953; x_wconf 86' lang='lat' dir='ltr'><strong>alia,</strong></span> 
     </span>
    </p>
   </div>
   <div class='ocr_carea' id='block_1_48' title="bbox 752 2960 2351 3030">
    <p class='ocr_par' dir='ltr' id='par_1_48' title="bbox 752 2960 2351 3030">
     <span class='ocr_line' id='line_1_49' title="bbox 752 2960 2351 3030; baseline 0 -18"><span class='ocrx_word' id='word_1_331' title='bbox 752 2977 865 3030; x_wconf 77' lang='lat' dir='ltr'><strong>qua:</strong></span> <span class='ocrx_word' id='word_1_332' title='bbox 878 2977 967 3028; x_wconf 87' lang='lat' dir='ltr'><strong>per</strong></span> <span class='ocrx_word' id='word_1_333' title='bbox 982 2960 1297 3013; x_wconf 81' lang='lat' dir='ltr'><strong>traditionem</strong></span> <span class='ocrx_word' id='word_1_334' title='bbox 1312 2963 1365 3013; x_wconf 86' lang='lat' dir='ltr'><strong>in</strong></span> <span class='ocrx_word' id='word_1_335' title='bbox 1383 2960 1620 3014; x_wconf 74' lang='lat' dir='ltr'><strong>L&#39;cclesiis</strong></span> <span class='ocrx_word' id='word_1_336' title='bbox 1636 2963 1982 3025; x_wconf 84' lang='lat' dir='ltr'><strong>observantur,</strong></span> <span class='ocrx_word' id='word_1_337' title='bbox 1998 2962 2351 3015; x_wconf 78' lang='lat' dir='ltr'><strong>auctoritatem</strong></span> 
     </span>
    </p>
   </div>
   <div class='ocr_carea' id='block_1_49' title="bbox 754 3030 2353 3101">
    <p class='ocr_par' dir='ltr' id='par_1_49' title="bbox 754 3030 2353 3101">
     <span class='ocr_line' id='line_1_50' title="bbox 754 3030 2353 3101; baseline 0 -17"><span class='ocrx_word' id='word_1_338' title='bbox 754 3030 850 3084; x_wconf 84' lang='lat' dir='ltr'><strong>sibi</strong></span> <span class='ocrx_word' id='word_1_339' title='bbox 876 3031 1145 3098; x_wconf 81' lang='lat' dir='ltr'><strong>scriptura:</strong></span> <span class='ocrx_word' id='word_1_340' title='bbox 1174 3041 1217 3083; x_wconf 87' lang='lat' dir='ltr'><strong>et</strong></span> <span class='ocrx_word' id='word_1_341' title='bbox 1252 3031 1374 3101; x_wconf 79' lang='lat' dir='ltr'><strong>legis</strong></span> <span class='ocrx_word' id='word_1_342' title='bbox 1402 3041 1791 3100; x_wconf 80' lang='lat' dir='ltr'><strong>usurparerunt,</strong></span> <span class='ocrx_word' id='word_1_343' title='bbox 1822 3034 1957 3086; x_wconf 78' lang='lat' dir='ltr'><strong>velut</strong></span> <span class='ocrx_word' id='word_1_344' title='bbox 1983 3034 2035 3085; x_wconf 88' lang='lat' dir='ltr'><strong>in</strong></span> <span class='ocrx_word' id='word_1_345' title='bbox 2056 3034 2256 3085; x_wconf 79' lang='lat' dir='ltr'><strong>lavacro</strong></span> <span class='ocrx_word' id='word_1_346' title='bbox 2278 3042 2353 3084; x_wconf 90' lang='lat' dir='ltr'><strong>ter</strong></span> 
     </span>
    </p>
   </div>
   <div class='ocr_carea' id='block_1_50' title="bbox 752 3101 2347 3173">
    <p class='ocr_par' dir='ltr' id='par_1_50' title="bbox 752 3101 2347 3173">
     <span class='ocr_line' id='line_1_51' title="bbox 752 3101 2347 3173; baseline 0.001 -18"><span class='ocrx_word' id='word_1_347' title='bbox 752 3111 904 3170; x_wconf 85' lang='lat' dir='ltr'><strong>caput</strong></span> <span class='ocrx_word' id='word_1_348' title='bbox 927 3102 1215 3173; x_wconf 84' lang='lat' dir='ltr'><strong>mergitare,</strong></span> <span class='ocrx_word' id='word_1_349' title='bbox 1244 3101 1428 3173; x_wconf 65' lang='lat' dir='ltr'><strong>deinde</strong></span> <span class='ocrx_word' id='word_1_350' title='bbox 1451 3119 1677 3171; x_wconf 84' lang='lat' dir='ltr'><strong>egressos</strong></span> <span class='ocrx_word' id='word_1_351' title='bbox 1700 3104 1845 3159; x_wconf 89' lang='lat' dir='ltr'><strong>lactis</strong></span> <span class='ocrx_word' id='word_1_352' title='bbox 1867 3114 1913 3157; x_wconf 87' lang='lat' dir='ltr'><strong>et</strong></span> <span class='ocrx_word' id='word_1_353' title='bbox 1938 3103 2101 3157; x_wconf 72' lang='lat' dir='ltr'><strong>mellis</strong></span> <span class='ocrx_word' id='word_1_354' title='bbox 2122 3118 2347 3173; x_wconf 77' lang='lat' dir='ltr'><strong>prwgus-</strong></span> 
     </span>
    </p>
   </div>
   <div class='ocr_carea' id='block_1_51' title="bbox 754 3171 1521 3235">
    <p class='ocr_par' dir='ltr' id='par_1_51' title="bbox 754 3171 1521 3235">
     <span class='ocr_line' id='line_1_52' title="bbox 754 3171 1521 3235; baseline 0 -10"><span class='ocrx_word' id='word_1_355' title='bbox 754 3181 862 3225; x_wconf 84' lang='lat' dir='ltr'><strong>tare</strong></span> <span class='ocrx_word' id='word_1_356' title='bbox 886 3172 1229 3235; x_wconf 85' lang='lat' dir='ltr'><strong>concordiam,</strong></span> <span class='ocrx_word' id='word_1_357' title='bbox 1260 3184 1366 3227; x_wconf 87' lang='lat' dir='ltr'><strong>etc.</strong></span> <span class='ocrx_word' id='word_1_358' title='bbox 1400 3171 1521 3225; x_wconf 82' lang='lat' dir='ltr'><strong>Rm.</strong></span> 
     </span>
    </p>
   </div>
   <div class='ocr_carea' id='block_1_52' title="bbox 830 3240 2353 3314">
    <p class='ocr_par' dir='ltr' id='par_1_52' title="bbox 830 3240 2353 3314">
     <span class='ocr_line' id='line_1_53' title="bbox 830 3240 2353 3314; baseline 0.001 -20"><span class='ocrx_word' id='word_1_359' title='bbox 830 3241 909 3313; x_wconf 87' lang='grc' dir='ltr'><strong>(Ιι)</strong></span> <span class='ocrx_word' id='word_1_360' title='bbox 943 3240 1166 3314; x_wconf 79' lang='lat' dir='ltr'><strong>Denique</strong></span> <span class='ocrx_word' id='word_1_361' title='bbox 1210 3251 1265 3293; x_wconf 88' lang='lat' dir='ltr'><strong>ut</strong></span> <span class='ocrx_word' id='word_1_362' title='bbox 1299 3259 1336 3314; x_wconf 13' lang='lat' dir='ltr'><strong>Va</strong></span> <span class='ocrx_word' id='word_1_363' title='bbox 1377 3242 1679 3314; x_wconf 81' lang='lat' dir='ltr'><strong>baptismate</strong></span> <span class='ocrx_word' id='word_1_364' title='bbox 1733 3245 2011 3314; x_wconf 85' lang='lat' dir='ltr'><strong>ingrediar.</strong></span> <span class='ocrx_word' id='word_1_365' title='bbox 2063 3244 2119 3297; x_wconf 89' lang='grc'><strong>111</strong></span> <span class='ocrx_word' id='word_1_366' title='bbox 2168 3242 2353 3314; x_wconf 82' lang='lat' dir='ltr'><strong>codice</strong></span> 
     </span>
    </p>
   </div>
   <div class='ocr_carea' id='block_1_53' title="bbox 2450 2602 4056 2671">
    <p class='ocr_par' dir='ltr' id='par_1_53' title="bbox 2450 2602 4056 2671">
     <span class='ocr_line' id='line_1_54' title="bbox 2450 2602 4056 2671; baseline 0 -10"><span class='ocrx_word' id='word_1_367' title='bbox 2450 2603 2655 2661; x_wconf 88' lang='lat' dir='ltr'><strong>mentio</strong></span> <span class='ocrx_word' id='word_1_368' title='bbox 2682 2618 2849 2659; x_wconf 67' lang='lat' dir='ltr'><strong>cinna!</strong></span> <span class='ocrx_word' id='word_1_369' title='bbox 2875 2602 3163 2658; x_wconf 67' lang='lat' dir='ltr'><strong>Dominica:</strong></span> <span class='ocrx_word' id='word_1_370' title='bbox 3182 2605 3318 2658; x_wconf 88' lang='lat' dir='ltr'><strong>inter</strong></span> <span class='ocrx_word' id='word_1_371' title='bbox 3340 2602 3623 2671; x_wconf 79' lang='lat' dir='ltr'><strong>Apostolos</strong></span> <span class='ocrx_word' id='word_1_372' title='bbox 3643 2602 3953 2671; x_wconf 63' lang='lat' dir='ltr'><strong>celebrate,</strong></span> <span class='ocrx_word' id='word_1_373' title='bbox 3977 2616 4056 2662; x_wconf 86' lang='lat' dir='ltr'><strong>et-</strong></span> 
     </span>
    </p>
   </div>
   <div class='ocr_carea' id='block_1_54' title="bbox 2451 2671 4053 2743">
    <p class='ocr_par' dir='ltr' id='par_1_54' title="bbox 2451 2671 4053 2743">
     <span class='ocr_line' id='line_1_55' title="bbox 2451 2671 4053 2743; baseline -0.001 -13"><span class='ocrx_word' id='word_1_374' title='bbox 2451 2677 2494 2730; x_wconf 91' lang='lat' dir='ltr'><strong>si</strong></span> <span class='ocrx_word' id='word_1_375' title='bbox 2535 2675 2857 2730; x_wconf 78' lang='lat' dir='ltr'><strong>celebratam</strong></span> <span class='ocrx_word' id='word_1_376' title='bbox 2898 2673 3112 2743; x_wconf 84' lang='lat' dir='ltr'><strong>quidem</strong></span> <span class='ocrx_word' id='word_1_377' title='bbox 3141 2682 3196 2725; x_wconf 86' lang='lat' dir='ltr'><strong>et</strong></span> <span class='ocrx_word' id='word_1_378' title='bbox 3226 2674 3524 2737; x_wconf 74' lang='lat' dir='ltr'><strong>stepissime</strong></span> <span class='ocrx_word' id='word_1_379' title='bbox 3568 2671 3733 2729; x_wconf 81' lang='lat' dir='ltr'><strong>fuisse</strong></span> <span class='ocrx_word' id='word_1_380' title='bbox 3770 2691 3935 2731; x_wconf 80' lang='lat' dir='ltr'><strong>nemo</strong></span> <span class='ocrx_word' id='word_1_381' title='bbox 3961 2691 4053 2732; x_wconf 90' lang='lat' dir='ltr'><strong>so-</strong></span> 
     </span>
    </p>
   </div>
   <div class='ocr_carea' id='block_1_55' title="bbox 2453 2743 4057 2816">
    <p class='ocr_par' dir='ltr' id='par_1_55' title="bbox 2453 2743 4057 2816">
     <span class='ocr_line' id='line_1_56' title="bbox 2453 2743 4057 2816; baseline 0.001 -15"><span class='ocrx_word' id='word_1_382' title='bbox 2453 2747 2600 2801; x_wconf 88' lang='lat' dir='ltr'><strong>britts</strong></span> <span class='ocrx_word' id='word_1_383' title='bbox 2644 2744 3151 2816; x_wconf 4' lang='lat' dir='ltr'><strong>ncgaverittsedpnt</strong></span> <span class='ocrx_word' id='word_1_384' title='bbox 3186 2743 3669 2816; x_wconf 15' lang='lat' dir='ltr'><strong>aiti&#39;l‘ertullianns,</strong></span> <span class='ocrx_word' id='word_1_385' title='bbox 3715 2746 3765 2799; x_wconf 93' lang='lat' dir='ltr'><strong>in</strong></span> <span class='ocrx_word' id='word_1_386' title='bbox 3809 2758 4057 2816; x_wconf 86' lang='lat' dir='ltr'><strong>tempore</strong></span> 
     </span>
    </p>
   </div>
   <div class='ocr_carea' id='block_1_56' title="bbox 2455 2814 4057 2885">
    <p class='ocr_par' dir='ltr' id='par_1_56' title="bbox 2455 2814 4057 2885">
     <span class='ocr_line' id='line_1_57' title="bbox 2455 2814 4057 2885; baseline 0.003 -16"><span class='ocrx_word' id='word_1_387' title='bbox 2455 2818 2648 2870; x_wconf 84' lang='lat' dir='ltr'><strong>victus.</strong></span> <span class='ocrx_word' id='word_1_388' title='bbox 2680 2818 2919 2885; x_wconf 86' lang='lat' dir='ltr'><strong>adeoque</strong></span> <span class='ocrx_word' id='word_1_389' title='bbox 2942 2814 3199 2885; x_wconf 78' lang='lat' dir='ltr'><strong>fractione</strong></span> <span class='ocrx_word' id='word_1_390' title='bbox 3230 2814 3315 2869; x_wconf 82' lang='lat' dir='ltr'><strong>illa</strong></span> <span class='ocrx_word' id='word_1_391' title='bbox 3343 2814 3511 2881; x_wconf 87' lang='lat' dir='ltr'><strong>panis,</strong></span> <span class='ocrx_word' id='word_1_392' title='bbox 3538 2829 3657 2884; x_wconf 74' lang='lat' dir='ltr'><strong>quae.</strong></span> <span class='ocrx_word' id='word_1_393' title='bbox 3677 2814 4057 2885; x_wconf 70' lang='lat' dir='ltr'><strong>strpenumero</strong></span> 
     </span>
    </p>
   </div>
   <div class='ocr_carea' id='block_1_57' title="bbox 2457 2884 4058 2956">
    <p class='ocr_par' dir='ltr' id='par_1_57' title="bbox 2457 2884 4058 2956">
     <span class='ocr_line' id='line_1_58' title="bbox 2457 2884 4058 2956; baseline 0.002 -16"><span class='ocrx_word' id='word_1_394' title='bbox 2457 2887 2709 2948; x_wconf 88' lang='lat' dir='ltr'><strong>occurrit,</strong></span> <span class='ocrx_word' id='word_1_395' title='bbox 2743 2884 2958 2938; x_wconf 80' lang='lat' dir='ltr'><strong>includi.</strong></span> <span class='ocrx_word' id='word_1_396' title='bbox 2986 2884 3134 2937; x_wconf 84' lang='lat' dir='ltr'><strong>Hanc</strong></span> <span class='ocrx_word' id='word_1_397' title='bbox 3162 2884 3547 2956; x_wconf 78' lang='lat' dir='ltr'><strong>insententiam</strong></span> <span class='ocrx_word' id='word_1_398' title='bbox 3577 2884 3825 2956; x_wconf 82' lang='lat' dir='ltr'><strong>ducimur</strong></span> <span class='ocrx_word' id='word_1_399' title='bbox 3851 2894 4058 2956; x_wconf 75' lang='lat' dir='ltr'><strong>gravis-</strong></span> 
     </span>
    </p>
   </div>
   <div class='ocr_carea' id='block_1_58' title="bbox 2456 2955 4001 3022">
    <p class='ocr_par' dir='ltr' id='par_1_58' title="bbox 2456 2955 4001 3022">
     <span class='ocr_line' id='line_1_59' title="bbox 2456 2955 4001 3022; baseline 0.001 -10"><span class='ocrx_word' id='word_1_400' title='bbox 2456 2959 2588 3013; x_wconf 90' lang='lat' dir='ltr'><strong>sima</strong></span> <span class='ocrx_word' id='word_1_401' title='bbox 2633 2957 2716 3010; x_wconf 90' lang='lat' dir='ltr'><strong>illa</strong></span> <span class='ocrx_word' id='word_1_402' title='bbox 2760 2956 2909 3010; x_wconf 86' lang='lat' dir='ltr'><strong>Pauli</strong></span> <span class='ocrx_word' id='word_1_403' title='bbox 2947 2956 3309 3017; x_wconf 81' lang='lat' dir='ltr'><strong>increpatione</strong></span> <span class='ocrx_word' id='word_1_404' title='bbox 3334 2955 3398 3008; x_wconf 89' lang='lat' dir='ltr'><strong>ad</strong></span> <span class='ocrx_word' id='word_1_405' title='bbox 3431 2955 3672 3011; x_wconf 92' lang='lat' dir='ltr'><strong>Corinth.</strong></span> <span class='ocrx_word' id='word_1_406' title='bbox 3705 2955 3747 3022; x_wconf 87' lang='grc'><strong>1,</strong></span> <span class='ocrx_word' id='word_1_407' title='bbox 3781 2955 4001 3016; x_wconf 39' lang='grc'><strong>11.“1111;.</strong></span> 
     </span>
    </p>
   </div>
   <div class='ocr_carea' id='block_1_59' title="bbox 2530 3024 4055 3097">
    <p class='ocr_par' dir='ltr' id='par_1_59' title="bbox 2530 3024 4055 3097">
     <span class='ocr_line' id='line_1_60' title="bbox 2530 3024 4055 3097; baseline 0.001 -15"><span class='ocrx_word' id='word_1_408' title='bbox 2530 3030 2597 3097; x_wconf 81' lang='grc'><strong>(1)</strong></span> <span class='ocrx_word' id='word_1_409' title='bbox 2630 3027 2875 3081; x_wconf 86' lang='lat' dir='ltr'><strong>Omnibus</strong></span> <span class='ocrx_word' id='word_1_410' title='bbox 2905 3026 3201 3079; x_wconf 86' lang='lat' dir='ltr'><strong>mandatum</strong></span> <span class='ocrx_word' id='word_1_411' title='bbox 3232 3043 3264 3077; x_wconf 90' lang='lat' dir='ltr'><strong>a</strong></span> <span class='ocrx_word' id='word_1_412' title='bbox 3299 3024 3539 3092; x_wconf 84' lang='lat' dir='ltr'><strong>Domino,</strong></span> <span class='ocrx_word' id='word_1_413' title='bbox 3566 3037 3669 3097; x_wconf 71' lang='lat' dir='ltr'><strong>etc.</strong></span> <span class='ocrx_word' id='word_1_414' title='bbox 3704 3044 3797 3081; x_wconf 83' lang='lat' dir='ltr'><strong>nec</strong></span> <span class='ocrx_word' id='word_1_415' title='bbox 3822 3029 3887 3083; x_wconf 84' lang='lat' dir='ltr'><strong>de</strong></span> <span class='ocrx_word' id='word_1_416' title='bbox 3913 3035 4055 3086; x_wconf 78' lang='lat' dir='ltr'><strong>alto-</strong></span> 
     </span>
    </p>
   </div>
   <div class='ocr_carea' id='block_1_60' title="bbox 2458 3096 4058 3161">
    <p class='ocr_par' dir='ltr' id='par_1_60' title="bbox 2458 3096 4058 3161">
     <span class='ocr_line' id='line_1_61' title="bbox 2458 3096 4058 3161; baseline 0.004 -9"><span class='ocrx_word' id='word_1_417' title='bbox 2458 3096 2569 3152; x_wconf 86' lang='lat' dir='ltr'><strong>runt</strong></span> <span class='ocrx_word' id='word_1_418' title='bbox 2593 3114 2747 3152; x_wconf 88' lang='lat' dir='ltr'><strong>manu</strong></span> <span class='ocrx_word' id='word_1_419' title='bbox 2768 3112 2917 3161; x_wconf 81' lang='lat' dir='ltr'><strong>quam</strong></span> <span class='ocrx_word' id='word_1_420' title='bbox 2944 3096 3332 3150; x_wconf 70' lang='lat' dir='ltr'><strong>I’razsitleutiunt</strong></span> <span class='ocrx_word' id='word_1_421' title='bbox 3356 3098 3620 3151; x_wconf 85' lang='lat' dir='ltr'><strong>sumimus.</strong></span> <span class='ocrx_word' id='word_1_422' title='bbox 3643 3096 3952 3155; x_wconf 86' lang='lat' dir='ltr'><strong>Consitnilis</strong></span> <span class='ocrx_word' id='word_1_423' title='bbox 3973 3113 4058 3158; x_wconf 82' lang='lat' dir='ltr'><strong>est</strong></span> 
     </span>
    </p>
   </div>
   <div class='ocr_carea' id='block_1_61' title="bbox 2461 3167 4053 3239">
    <p class='ocr_par' dir='ltr' id='par_1_61' title="bbox 2461 3167 4053 3239">
     <span class='ocr_line' id='line_1_62' title="bbox 2461 3167 4053 3239; baseline 0.002 -17"><span class='ocrx_word' id='word_1_424' title='bbox 2461 3170 2610 3223; x_wconf 85' lang='lat' dir='ltr'><strong>locus</strong></span> <span class='ocrx_word' id='word_1_425' title='bbox 2640 3169 2705 3222; x_wconf 91' lang='lat' dir='ltr'><strong>de</strong></span> <span class='ocrx_word' id='word_1_426' title='bbox 2738 3168 3144 3239; x_wconf 64' lang='lat' dir='ltr'><strong>Prtesidcntium</strong></span> <span class='ocrx_word' id='word_1_427' title='bbox 3175 3167 3525 3239; x_wconf 30' lang='lat' dir='ltr'><strong>honoreLIib.</strong></span> <span class='ocrx_word' id='word_1_428' title='bbox 3554 3168 3621 3221; x_wconf 90' lang='lat' dir='ltr'><strong>de</strong></span> <span class='ocrx_word' id='word_1_429' title='bbox 3652 3168 3803 3237; x_wconf 84' lang='lat' dir='ltr'><strong>Bapt.</strong></span> <span class='ocrx_word' id='word_1_430' title='bbox 3837 3186 3890 3239; x_wconf 88' lang='lat' dir='ltr'><strong>p.</strong></span> <span class='ocrx_word' id='word_1_431' title='bbox 3920 3171 4053 3228; x_wconf 72' lang='lat'><strong>265.</strong></span> 
     </span>
    </p>
   </div>
   <div class='ocr_carea' id='block_1_62' title="bbox 2462 3236 4055 3305">
    <p class='ocr_par' dir='ltr' id='par_1_62' title="bbox 2462 3236 4055 3305">
     <span class='ocr_line' id='line_1_63' title="bbox 2462 3236 4055 3305; baseline 0.003 -12"><span class='ocrx_word' id='word_1_432' title='bbox 2462 3239 2693 3293; x_wconf 88' lang='lat' dir='ltr'><strong>Proimlc</strong></span> <span class='ocrx_word' id='word_1_433' title='bbox 2745 3248 2798 3291; x_wconf 92' lang='lat' dir='ltr'><strong>et</strong></span> <span class='ocrx_word' id='word_1_434' title='bbox 2829 3238 3127 3305; x_wconf 84' lang='lat' dir='ltr'><strong>haptismus</strong></span> <span class='ocrx_word' id='word_1_435' title='bbox 3157 3253 3308 3305; x_wconf 71' lang='lat' dir='ltr'><strong>a&#39;quc</strong></span> <span class='ocrx_word' id='word_1_436' title='bbox 3337 3236 3426 3290; x_wconf 85' lang='lat' dir='ltr'><strong>Dei</strong></span> <span class='ocrx_word' id='word_1_437' title='bbox 3459 3252 3674 3301; x_wconf 77' lang='lat' dir='ltr'><strong>tensus,</strong></span> <span class='ocrx_word' id='word_1_438' title='bbox 3703 3236 3773 3293; x_wconf 80' lang='lat' dir='ltr'><strong>ab</strong></span> <span class='ocrx_word' id='word_1_439' title='bbox 3799 3236 4055 3299; x_wconf 77' lang='lat' dir='ltr'><strong>omnibus</strong></span> 
     </span>
    </p>
   </div>
   <div class='ocr_carea' id='block_1_63' title="bbox 757 3307 4051 3385">
    <p class='ocr_par' dir='ltr' id='par_1_63' title="bbox 757 3307 4051 3385">
     <span class='ocr_line' id='line_1_64' title="bbox 757 3307 4051 3385; baseline -0 -18"><span class='ocrx_word' id='word_1_440' title='bbox 757 3307 1027 3385; x_wconf 78' lang='lat' dir='ltr'><strong>Agohardi</strong></span> <span class='ocrx_word' id='word_1_441' title='bbox 1059 3307 1262 3366; x_wconf 80' lang='lat' dir='ltr'><strong>tantum</strong></span> <span class='ocrx_word' id='word_1_442' title='bbox 1282 3307 1522 3385; x_wconf 73' lang='lat' dir='ltr'><strong>legitur;</strong></span> <span class='ocrx_word' id='word_1_443' title='bbox 1558 3307 1863 3385; x_wconf 51' lang='lat' dir='ltr'><strong>Denique&#39;ttt</strong></span> <span class='ocrx_word' id='word_1_444' title='bbox 1888 3316 2137 3385; x_wconf 85' lang='lat' dir='ltr'><strong>baptisma</strong></span> <span class='ocrx_word' id='word_1_445' title='bbox 2166 3324 2240 3367; x_wconf 87' lang='lat' dir='ltr'><strong>ter</strong></span> <span class='ocrx_word' id='word_1_446' title='bbox 2270 3313 2350 3365; x_wconf 88' lang='lat' dir='ltr'><strong>in-</strong></span> <span class='ocrx_word' id='word_1_447' title='bbox 2377 3322 2422 3383; x_wconf 62' lang='grc' dir='ltr'><strong>(ς</strong></span> <span class='ocrx_word' id='word_1_448' title='bbox 2460 3310 2712 3385; x_wconf 73' lang='lat' dir='ltr'><strong>exerceri</strong></span> <span class='ocrx_word' id='word_1_449' title='bbox 2743 3317 3073 3385; x_wconf 79' lang='lat' dir='ltr'><strong>potest,__c_tc.</strong></span> <span class='ocrx_word' id='word_1_450' title='bbox 3108 3307 3297 3377; x_wconf 70' lang='lat' dir='ltr'><strong>Operm</strong></span> <span class='ocrx_word' id='word_1_451' title='bbox 3321 3308 3551 3385; x_wconf 74' lang='lat' dir='ltr'><strong>pretium</strong></span> <span class='ocrx_word' id='word_1_452' title='bbox 3596 3309 3704 3385; x_wconf 70' lang='lat' dir='ltr'><strong>erit</strong></span> <span class='ocrx_word' id='word_1_453' title='bbox 3732 3312 4051 3385; x_wconf 66' lang='lat' dir='ltr'><strong>contulisse,</strong></span> 
     </span>
    </p>
   </div>
   <div class='ocr_carea' id='block_1_64' title="bbox 760 3382 1770 3452">
    <p class='ocr_par' dir='ltr' id='par_1_64' title="bbox 760 3382 1770 3452">
     <span class='ocr_line' id='line_1_65' title="bbox 760 3382 1770 3452; baseline 0.003 -17"><span class='ocrx_word' id='word_1_454' title='bbox 760 3382 964 3452; x_wconf 83' lang='lat' dir='ltr'><strong>grediar</strong></span> <span class='ocrx_word' id='word_1_455' title='bbox 988 3398 1191 3451; x_wconf 83' lang='lat' dir='ltr'><strong>aquam,</strong></span> <span class='ocrx_word' id='word_1_456' title='bbox 1223 3382 1393 3435; x_wconf 85' lang='lat' dir='ltr'><strong>aditur</strong></span> <span class='ocrx_word' id='word_1_457' title='bbox 1419 3384 1621 3437; x_wconf 80' lang='lat' dir='ltr'><strong>ibidem.</strong></span> <span class='ocrx_word' id='word_1_458' title='bbox 1654 3384 1770 3438; x_wconf 71' lang='grc'><strong>1116.</strong></span> 
     </span>
    </p>
   </div>
   <div class='ocr_carea' id='block_1_65' title="bbox 828 3452 2350 3523">
    <p class='ocr_par' dir='ltr' id='par_1_65' title="bbox 828 3452 2350 3523">
     <span class='ocr_line' id='line_1_66' title="bbox 828 3452 2350 3523; baseline 0 -17"><span class='ocrx_word' id='word_1_459' title='bbox 828 3452 901 3522; x_wconf 83' lang='lat' dir='ltr'><strong>(e)</strong></span> <span class='ocrx_word' id='word_1_460' title='bbox 949 3452 1223 3521; x_wconf 81' lang='lat' dir='ltr'><strong>Aliquanto</strong></span> <span class='ocrx_word' id='word_1_461' title='bbox 1266 3454 1407 3523; x_wconf 78' lang='lat' dir='ltr'><strong>prius</strong></span> <span class='ocrx_word' id='word_1_462' title='bbox 1445 3454 1496 3507; x_wconf 91' lang='lat' dir='ltr'><strong>in</strong></span> <span class='ocrx_word' id='word_1_463' title='bbox 1528 3452 1758 3507; x_wconf 81' lang='lat' dir='ltr'><strong>Ecclesia</strong></span> <span class='ocrx_word' id='word_1_464' title='bbox 1788 3454 1880 3509; x_wconf 88' lang='lat' dir='ltr'><strong>sub</strong></span> <span class='ocrx_word' id='word_1_465' title='bbox 1907 3456 2147 3509; x_wconf 83' lang='lat' dir='ltr'><strong>antistitis</strong></span> <span class='ocrx_word' id='word_1_466' title='bbox 2194 3469 2350 3507; x_wconf 88' lang='lat' dir='ltr'><strong>manu</strong></span> 
     </span>
    </p>
   </div>
   <div class='ocr_carea' id='block_1_66' title="bbox 756 3524 2349 3591">
    <p class='ocr_par' dir='ltr' id='par_1_66' title="bbox 756 3524 2349 3591">
     <span class='ocr_line' id='line_1_67' title="bbox 756 3524 2349 3591; baseline -0.001 -13"><span class='ocrx_word' id='word_1_467' title='bbox 756 3532 1116 3578; x_wconf 84' lang='lat' dir='ltr'><strong>contestamur.</strong></span> <span class='ocrx_word' id='word_1_468' title='bbox 1166 3528 1365 3579; x_wconf 79' lang='lat' dir='ltr'><strong>Auctor</strong></span> <span class='ocrx_word' id='word_1_469' title='bbox 1405 3525 1607 3591; x_wconf 80' lang='lat' dir='ltr'><strong>Quaest.</strong></span> <span class='ocrx_word' id='word_1_470' title='bbox 1662 3524 1866 3581; x_wconf 74' lang='lat' dir='ltr'><strong>Veteris</strong></span> <span class='ocrx_word' id='word_1_471' title='bbox 1894 3536 1946 3579; x_wconf 89' lang='lat' dir='ltr'><strong>et</strong></span> <span class='ocrx_word' id='word_1_472' title='bbox 1975 3525 2105 3580; x_wconf 83' lang='lat' dir='ltr'><strong>Novi</strong></span> <span class='ocrx_word' id='word_1_473' title='bbox 2154 3525 2349 3580; x_wconf 82' lang='lat' dir='ltr'><strong>Testa-</strong></span> 
     </span>
    </p>
   </div>
   <div class='ocr_carea' id='block_1_67' title="bbox 758 3594 2348 3663">
    <p class='ocr_par' dir='ltr' id='par_1_67' title="bbox 758 3594 2348 3663">
     <span class='ocr_line' id='line_1_68' title="bbox 758 3594 2348 3663; baseline -0.001 -14"><span class='ocrx_word' id='word_1_474' title='bbox 758 3594 946 3654; x_wconf 86' lang='lat' dir='ltr'><strong>nienti.</strong></span> <span class='ocrx_word' id='word_1_475' title='bbox 993 3602 1181 3661; x_wconf 72' lang='lat' dir='ltr'><strong>quaest.</strong></span> <span class='ocrx_word' id='word_1_476' title='bbox 1214 3594 1318 3649; x_wconf 72' lang='grc'><strong>102</strong></span> <span class='ocrx_word' id='word_1_477' title='bbox 1353 3611 1366 3647; x_wconf 88' lang='lat'><strong>:</strong></span> <span class='ocrx_word' id='word_1_478' title='bbox 1404 3596 1503 3660; x_wconf 76' lang='lat' dir='ltr'><strong>Qui</strong></span> <span class='ocrx_word' id='word_1_479' title='bbox 1529 3597 1700 3650; x_wconf 80' lang='lat' dir='ltr'><strong>rolunt</strong></span> <span class='ocrx_word' id='word_1_480' title='bbox 1728 3596 2005 3651; x_wconf 82' lang='lat' dir='ltr'><strong>Christiani</strong></span> <span class='ocrx_word' id='word_1_481' title='bbox 2036 3598 2166 3663; x_wconf 80' lang='lat' dir='ltr'><strong>ﬁeri,</strong></span> <span class='ocrx_word' id='word_1_482' title='bbox 2199 3611 2348 3647; x_wconf 86' lang='lat' dir='ltr'><strong>acce-</strong></span> 
     </span>
    </p>
   </div>
   <div class='ocr_carea' id='block_1_68' title="bbox 758 3664 2351 3736">
    <p class='ocr_par' dir='ltr' id='par_1_68' title="bbox 758 3664 2351 3736">
     <span class='ocr_line' id='line_1_69' title="bbox 758 3664 2351 3736; baseline -0.001 -19"><span class='ocrx_word' id='word_1_483' title='bbox 758 3665 887 3717; x_wconf 88' lang='lat' dir='ltr'><strong>dunt</strong></span> <span class='ocrx_word' id='word_1_484' title='bbox 911 3664 1221 3736; x_wconf 76' lang='lat' dir='ltr'><strong>antistitem,</strong></span> <span class='ocrx_word' id='word_1_485' title='bbox 1250 3666 1421 3736; x_wconf 74' lang='lat' dir='ltr'><strong>dicunt</strong></span> <span class='ocrx_word' id='word_1_486' title='bbox 1450 3666 1493 3719; x_wconf 88' lang='lat' dir='ltr'><strong>ei</strong></span> <span class='ocrx_word' id='word_1_487' title='bbox 1533 3678 1647 3719; x_wconf 76' lang='lat' dir='ltr'><strong>eota</strong></span> <span class='ocrx_word' id='word_1_488' title='bbox 1676 3684 1789 3720; x_wconf 91' lang='lat' dir='ltr'><strong>sua.</strong></span> <span class='ocrx_word' id='word_1_489' title='bbox 1821 3666 1922 3719; x_wconf 88' lang='lat' dir='ltr'><strong>Ille</strong></span> <span class='ocrx_word' id='word_1_490' title='bbox 1950 3668 2070 3736; x_wconf 75' lang='lat' dir='ltr'><strong>facit</strong></span> <span class='ocrx_word' id='word_1_491' title='bbox 2100 3665 2244 3719; x_wconf 73' lang='lat' dir='ltr'><strong>verba</strong></span> <span class='ocrx_word' id='word_1_492' title='bbox 2266 3666 2351 3733; x_wconf 85' lang='lat' dir='ltr'><strong>jn-</strong></span> 
     </span>
    </p>
   </div>
   <div class='ocr_carea' id='block_1_69' title="bbox 759 3731 2351 3858">
    <p class='ocr_par' dir='ltr' id='par_1_69' title="bbox 759 3731 2351 3858">
     <span class='ocr_line' id='line_1_70' title="bbox 759 3731 2351 3858; baseline -0.001 -71"><span class='ocrx_word' id='word_1_493' title='bbox 759 3736 832 3858; x_wconf 54' lang='grc' dir='ltr'><strong>ἓὶρ</strong></span> <span class='ocrx_word' id='word_1_494' title='bbox 872 3734 1217 3857; x_wconf 56' lang='lat' dir='ltr'><strong>cegesiaslici.</strong></span> <span class='ocrx_word' id='word_1_495' title='bbox 1248 3731 1308 3788; x_wconf 86' lang='lat' dir='ltr'><strong>Si</strong></span> <span class='ocrx_word' id='word_1_496' title='bbox 1359 3751 1475 3788; x_wconf 86' lang='lat' dir='ltr'><strong>vera</strong></span> <span class='ocrx_word' id='word_1_497' title='bbox 1503 3746 1620 3789; x_wconf 83' lang='lat' dir='ltr'><strong>vota</strong></span> <span class='ocrx_word' id='word_1_498' title='bbox 1647 3747 1784 3802; x_wconf 91' lang='lat' dir='ltr'><strong>sunt,</strong></span> <span class='ocrx_word' id='word_1_499' title='bbox 1812 3731 2159 3806; x_wconf 68' lang='lat' dir='ltr'><strong>suscipiuntur</strong></span> <span class='ocrx_word' id='word_1_500' title='bbox 2192 3751 2223 3788; x_wconf 92' lang='lat' dir='ltr'><strong>a</strong></span> <span class='ocrx_word' id='word_1_501' title='bbox 2257 3731 2351 3805; x_wconf 80' lang='lat' dir='ltr'><strong>ja-</strong></span> 
     </span>
     <span class='ocr_line' id='line_1_71' title="bbox 799 3818 1045 3858; baseline 0.004 -1"><span class='ocrx_word' id='word_1_502' title='bbox 799 3821 891 3857; x_wconf 83' lang='lat' dir='ltr'><strong>tce.</strong></span> <span class='ocrx_word' id='word_1_503' title='bbox 976 3818 1045 3858; x_wconf 86' lang='lat' dir='ltr'><strong>IG.</strong></span> 
     </span>
    </p>
   </div>
   <div class='ocr_carea' id='block_1_70' title="bbox 799 3818 1045 3858">
    <p class='ocr_par' dir='ltr' id='par_1_70' title="bbox 799 3818 1045 3858">
     <span class='ocr_line' id='line_1_72' title="bbox 799 3818 1045 3858; baseline 0.004 -1"><span class='ocrx_word' id='word_1_504' title='bbox 799 3821 891 3857; x_wconf 84' lang='lat' dir='ltr'><strong>tce.</strong></span> <span class='ocrx_word' id='word_1_505' title='bbox 925 3818 1045 3858; x_wconf 73' lang='grc'><strong>1116.</strong></span> 
     </span>
    </p>
   </div>
   <div class='ocr_carea' id='block_1_71' title="bbox 833 3872 2345 4001">
    <p class='ocr_par' dir='ltr' id='par_1_71' title="bbox 833 3872 2345 4001">
     <span class='ocr_line' id='line_1_73' title="bbox 833 3872 2345 4001; baseline 0 -72"><span class='ocrx_word' id='word_1_506' title='bbox 833 3874 912 4001; x_wconf 58' lang='lat' dir='ltr'><strong>gi)</strong></span> <span class='ocrx_word' id='word_1_507' title='bbox 944 3872 1045 3927; x_wconf 87' lang='lat' dir='ltr'><strong>Ter</strong></span> <span class='ocrx_word' id='word_1_508' title='bbox 1072 3883 1417 3945; x_wconf 79' lang='lat' dir='ltr'><strong>mcrgttamur.</strong></span> <span class='ocrx_word' id='word_1_509' title='bbox 1459 3874 1577 3945; x_wconf 84' lang='lat' dir='ltr'><strong>Ipse</strong></span> <span class='ocrx_word' id='word_1_510' title='bbox 1604 3876 1861 3933; x_wconf 78' lang='lat' dir='ltr'><strong>adversus</strong></span> <span class='ocrx_word' id='word_1_511' title='bbox 1901 3876 2178 3938; x_wconf 83' lang='lat' dir='ltr'><strong>Praxeam,</strong></span> <span class='ocrx_word' id='word_1_512' title='bbox 2224 3891 2345 3946; x_wconf 77' lang='lat' dir='ltr'><strong>pag.</strong></span> 
     </span>
     <span class='ocr_line' id='line_1_74' title="bbox 894 3944 2345 4001; baseline 0.001 -4"><span class='ocrx_word' id='word_1_513' title='bbox 894 3962 905 3996; x_wconf 92' lang='lat'>:</span> <span class='ocrx_word' id='word_1_514' title='bbox 940 3944 1078 3998; x_wconf 82' lang='lat' dir='ltr'><strong>Nam</strong></span> <span class='ocrx_word' id='word_1_515' title='bbox 1105 3962 1192 3998; x_wconf 80' lang='lat' dir='ltr'><strong>nec</strong></span> <span class='ocrx_word' id='word_1_516' title='bbox 1237 3948 1409 4001; x_wconf 84' lang='lat' dir='ltr'><strong>semel.</strong></span> <span class='ocrx_word' id='word_1_517' title='bbox 1458 3948 1546 4001; x_wconf 90' lang='lat' dir='ltr'><strong>sed</strong></span> <span class='ocrx_word' id='word_1_518' title='bbox 1576 3957 1673 4001; x_wconf 90' lang='lat' dir='ltr'><strong>ter.</strong></span> <span class='ocrx_word' id='word_1_519' title='bbox 1713 3948 1779 4001; x_wconf 90' lang='lat' dir='ltr'><strong>ad</strong></span> <span class='ocrx_word' id='word_1_520' title='bbox 1821 3947 2023 4001; x_wconf 89' lang='lat' dir='ltr'><strong>sinaula</strong></span> <span class='ocrx_word' id='word_1_521' title='bbox 2050 3950 2254 4001; x_wconf 90' lang='lat' dir='ltr'><strong>nomina</strong></span> <span class='ocrx_word' id='word_1_522' title='bbox 2294 3952 2345 3999; x_wconf 86' lang='lat' dir='ltr'><strong>in</strong></span> 
     </span>
    </p>
   </div>
   <div class='ocr_carea' id='block_1_72' title="bbox 763 3944 2347 4016">
    <p class='ocr_par' dir='ltr' id='par_1_72' title="bbox 763 3944 2347 4016">
     <span class='ocr_line' id='line_1_75' title="bbox 763 3944 2347 4016; baseline -0.001 -15"><span class='ocrx_word' id='word_1_523' title='bbox 763 3944 905 4003; x_wconf 67' lang='lat'><strong>659:</strong></span> <span class='ocrx_word' id='word_1_524' title='bbox 940 3944 1078 3998; x_wconf 82' lang='lat' dir='ltr'><strong>Nam</strong></span> <span class='ocrx_word' id='word_1_525' title='bbox 1105 3944 1193 3998; x_wconf 79' lang='lat' dir='ltr'><strong>nec</strong></span> <span class='ocrx_word' id='word_1_526' title='bbox 1237 3948 1409 4004; x_wconf 84' lang='lat' dir='ltr'><strong>semel.</strong></span> <span class='ocrx_word' id='word_1_527' title='bbox 1458 3944 1546 4001; x_wconf 83' lang='lat' dir='ltr'><strong>sed</strong></span> <span class='ocrx_word' id='word_1_528' title='bbox 1576 3957 1673 4013; x_wconf 91' lang='lat' dir='ltr'><strong>ter,</strong></span> <span class='ocrx_word' id='word_1_529' title='bbox 1713 3948 1779 4001; x_wconf 90' lang='lat' dir='ltr'><strong>ad</strong></span> <span class='ocrx_word' id='word_1_530' title='bbox 1821 3947 2023 4016; x_wconf 85' lang='lat' dir='ltr'><strong>singula</strong></span> <span class='ocrx_word' id='word_1_531' title='bbox 2050 3944 2254 4001; x_wconf 85' lang='lat' dir='ltr'><strong>nomina</strong></span> <span class='ocrx_word' id='word_1_532' title='bbox 2294 3944 2347 3999; x_wconf 83' lang='lat' dir='ltr'><strong>in</strong></span> 
     </span>
    </p>
   </div>
   <div class='ocr_carea' id='block_1_73' title="bbox 760 4016 2349 4087">
    <p class='ocr_par' dir='ltr' id='par_1_73' title="bbox 760 4016 2349 4087">
     <span class='ocr_line' id='line_1_76' title="bbox 760 4016 2349 4087; baseline 0.003 -21"><span class='ocrx_word' id='word_1_533' title='bbox 760 4031 1003 4081; x_wconf 76' lang='lat' dir='ltr'><strong>personas</strong></span> <span class='ocrx_word' id='word_1_534' title='bbox 1028 4016 1257 4087; x_wconf 84' lang='lat' dir='ltr'><strong>singulas</strong></span> <span class='ocrx_word' id='word_1_535' title='bbox 1282 4017 1548 4087; x_wconf 75' lang='lat' dir='ltr'><strong>tingimur.</strong></span> <span class='ocrx_word' id='word_1_536' title='bbox 1578 4018 1745 4082; x_wconf 84' lang='lat' dir='ltr'><strong>Quem</strong></span> <span class='ocrx_word' id='word_1_537' title='bbox 1777 4018 1935 4071; x_wconf 91' lang='lat' dir='ltr'><strong>ritum</strong></span> <span class='ocrx_word' id='word_1_538' title='bbox 1960 4020 2010 4072; x_wconf 91' lang='lat' dir='ltr'><strong>in</strong></span> <span class='ocrx_word' id='word_1_539' title='bbox 2058 4033 2155 4072; x_wconf 87' lang='lat' dir='ltr'><strong>usu</strong></span> <span class='ocrx_word' id='word_1_540' title='bbox 2184 4018 2349 4072; x_wconf 79' lang='lat' dir='ltr'><strong>fuisse</strong></span> 
     </span>
    </p>
   </div>
   <div class='ocr_carea' id='block_1_74' title="bbox 761 4085 2348 4153">
    <p class='ocr_par' dir='ltr' id='par_1_74' title="bbox 761 4085 2348 4153">
     <span class='ocr_line' id='line_1_77' title="bbox 761 4085 2348 4153; baseline -0.001 -11"><span class='ocrx_word' id='word_1_541' title='bbox 761 4088 924 4142; x_wconf 91' lang='lat' dir='ltr'><strong>etiam</strong></span> <span class='ocrx_word' id='word_1_542' title='bbox 951 4085 1224 4141; x_wconf 27' lang='lat' dir='ltr'><strong>tetate‘sua</strong></span> <span class='ocrx_word' id='word_1_543' title='bbox 1268 4085 1683 4153; x_wconf 83' lang='lat' dir='ltr'><strong>Chrysostomus</strong></span> <span class='ocrx_word' id='word_1_544' title='bbox 1724 4087 1940 4153; x_wconf 88' lang='lat' dir='ltr'><strong>indicat,</strong></span> <span class='ocrx_word' id='word_1_545' title='bbox 1986 4089 2051 4142; x_wconf 89' lang='lat' dir='ltr'><strong>ad</strong></span> <span class='ocrx_word' id='word_1_546' title='bbox 2092 4105 2153 4143; x_wconf 91' lang='lat' dir='ltr'><strong>ea</strong></span> <span class='ocrx_word' id='word_1_547' title='bbox 2186 4088 2348 4143; x_wconf 81' lang='lat' dir='ltr'><strong>verba</strong></span> 
     </span>
    </p>
   </div>
   <div class='ocr_carea' id='block_1_75' title="bbox 760 4157 2349 4224">
    <p class='ocr_par' dir='ltr' id='par_1_75' title="bbox 760 4157 2349 4224">
     <span class='ocr_line' id='line_1_78' title="bbox 760 4157 2349 4224; baseline 0.001 -12"><span class='ocrx_word' id='word_1_548' title='bbox 760 4157 939 4219; x_wconf 73' lang='lat' dir='ltr'><strong>Luem,</strong></span> <span class='ocrx_word' id='word_1_549' title='bbox 970 4159 1091 4211; x_wconf 82' lang='lat' dir='ltr'><strong>Act.</strong></span> <span class='ocrx_word' id='word_1_550' title='bbox 1140 4160 1324 4224; x_wconf 83' lang='lat' dir='ltr'><strong>Apost.</strong></span> <span class='ocrx_word' id='word_1_551' title='bbox 1355 4157 1423 4220; x_wconf 84' lang='grc' dir='ltr'><strong>Χ.</strong></span> <span class='ocrx_word' id='word_1_552' title='bbox 1474 4158 1562 4220; x_wconf 71' lang='lat'><strong>16,</strong></span> <span class='ocrx_word' id='word_1_553' title='bbox 1607 4159 1692 4213; x_wconf 88' lang='lat' dir='ltr'><strong>ubi</strong></span> <span class='ocrx_word' id='word_1_554' title='bbox 1726 4159 1855 4212; x_wconf 85' lang='lat' dir='ltr'><strong>visio</strong></span> <span class='ocrx_word' id='word_1_555' title='bbox 1884 4170 2130 4213; x_wconf 88' lang='lat' dir='ltr'><strong>narratur</strong></span> <span class='ocrx_word' id='word_1_556' title='bbox 2172 4159 2349 4214; x_wconf 83' lang='lat' dir='ltr'><strong>oblata</strong></span> 
     </span>
    </p>
   </div>
   <div class='ocr_carea' id='block_1_76' title="bbox 758 4228 2343 4300">
    <p class='ocr_par' dir='ltr' id='par_1_76' title="bbox 758 4228 2343 4300">
     <span class='ocr_line' id='line_1_79' title="bbox 758 4228 2343 4300; baseline -0.001 -17"><span class='ocrx_word' id='word_1_557' title='bbox 758 4228 940 4292; x_wconf 90' lang='lat' dir='ltr'><strong>Petro,</strong></span> <span class='ocrx_word' id='word_1_558' title='bbox 970 4234 1111 4283; x_wconf 74' lang='grc' dir='ltr'>τοῦτο</span> <span class='ocrx_word' id='word_1_559' title='bbox 1140 4231 1191 4281; x_wconf 73' lang='grc' dir='ltr'><strong>δὲ</strong></span> <span class='ocrx_word' id='word_1_560' title='bbox 1216 4235 1388 4292; x_wconf 71' lang='grc' dir='ltr'><strong>ἰγξνετο</strong></span> <span class='ocrx_word' id='word_1_561' title='bbox 1410 4228 1836 4299; x_wconf 70' lang='grc' dir='ltr'><strong>τρρ·ς.(;Ιιι·γεοδῑ.;</strong></span> <span class='ocrx_word' id='word_1_562' title='bbox 1869 4238 1919 4285; x_wconf 82' lang='grc' dir='ltr'><strong>τὸ</strong></span> <span class='ocrx_word' id='word_1_563' title='bbox 1949 4234 1997 4285; x_wconf 72' lang='grc' dir='ltr'><strong>δὶ</strong></span> <span class='ocrx_word' id='word_1_564' title='bbox 2020 4242 2181 4300; x_wconf 70' lang='grc' dir='ltr'><strong>τρίτων</strong></span> <span class='ocrx_word' id='word_1_565' title='bbox 2208 4241 2343 4285; x_wconf 65' lang='grc' dir='ltr'><strong>ταῦτα</strong></span> 
     </span>
    </p>
   </div>
   <div class='ocr_carea' id='block_1_77' title="bbox 758 4299 2341 4371">
    <p class='ocr_par' dir='ltr' id='par_1_77' title="bbox 758 4299 2341 4371">
     <span class='ocr_line' id='line_1_80' title="bbox 758 4299 2341 4371; baseline 0.003 -20"><span class='ocrx_word' id='word_1_566' title='bbox 758 4306 990 4371; x_wconf 59' lang='grc' dir='ltr'><strong>’ίτιοὲσοᾳμ</strong></span> <span class='ocrx_word' id='word_1_567' title='bbox 1019 4308 1073 4353; x_wconf 74' lang='grc' dir='ltr'><strong>τὸ</strong></span> <span class='ocrx_word' id='word_1_568' title='bbox 1108 4301 1557 4371; x_wconf 46' lang='lat' dir='ltr'><strong>sext-iamest“.</strong></span> <span class='ocrx_word' id='word_1_569' title='bbox 1589 4299 1904 4354; x_wconf 81' lang='lat' dir='ltr'><strong>Ammonius</strong></span> <span class='ocrx_word' id='word_1_570' title='bbox 1940 4301 2004 4354; x_wconf 88' lang='lat' dir='ltr'><strong>ad</strong></span> <span class='ocrx_word' id='word_1_571' title='bbox 2035 4299 2191 4354; x_wconf 82' lang='lat' dir='ltr'><strong>Joan.</strong></span> <span class='ocrx_word' id='word_1_572' title='bbox 2221 4316 2341 4371; x_wconf 77' lang='lat' dir='ltr'><strong>cap.</strong></span> 
     </span>
    </p>
   </div>
   <div class='ocr_carea' id='block_1_78' title="bbox 760 4366 2340 4435">
    <p class='ocr_par' dir='ltr' id='par_1_78' title="bbox 760 4366 2340 4435">
     <span class='ocr_line' id='line_1_81' title="bbox 760 4366 2340 4435; baseline 0.001 -12"><span class='ocrx_word' id='word_1_573' title='bbox 760 4369 853 4429; x_wconf 72' lang='lat' dir='ltr'><strong>2t.</strong></span> <span class='ocrx_word' id='word_1_574' title='bbox 885 4366 973 4422; x_wconf 89' lang='lat' dir='ltr'><strong>ubi</strong></span> <span class='ocrx_word' id='word_1_575' title='bbox 1004 4378 1083 4420; x_wconf 91' lang='lat' dir='ltr'><strong>ter</strong></span> <span class='ocrx_word' id='word_1_576' title='bbox 1110 4366 1353 4421; x_wconf 71' lang='lat' dir='ltr'><strong>Christus</strong></span> <span class='ocrx_word' id='word_1_577' title='bbox 1384 4368 1675 4435; x_wconf 69' lang='lat' dir='ltr'><strong>interrogat</strong></span> <span class='ocrx_word' id='word_1_578' title='bbox 1699 4371 1946 4425; x_wconf 87' lang='lat' dir='ltr'><strong>Petrum:</strong></span> <span class='ocrx_word' id='word_1_579' title='bbox 1978 4372 2161 4425; x_wconf 86' lang='lat' dir='ltr'><strong>Simon</strong></span> <span class='ocrx_word' id='word_1_580' title='bbox 2187 4366 2340 4432; x_wconf 71' lang='lat' dir='ltr'><strong>lonia,</strong></span> 
     </span>
    </p>
   </div>
   <div class='ocr_carea' id='block_1_79' title="bbox 760 4438 2347 4512">
    <p class='ocr_par' dir='ltr' id='par_1_79' title="bbox 760 4438 2347 4512">
     <span class='ocr_line' id='line_1_82' title="bbox 760 4438 2347 4512; baseline 0 -20"><span class='ocrx_word' id='word_1_581' title='bbox 760 4454 909 4493; x_wconf 88' lang='lat' dir='ltr'><strong>amas</strong></span> <span class='ocrx_word' id='word_1_582' title='bbox 935 4438 1060 4492; x_wconf 82' lang='lat' dir='ltr'><strong>me?</strong></span> <span class='ocrx_word' id='word_1_583' title='bbox 1084 4445 1180 4499; x_wconf 66' lang='grc' dir='ltr'><strong>ἔοις</strong></span> <span class='ocrx_word' id='word_1_584' title='bbox 1203 4441 1250 4489; x_wconf 71' lang='grc' dir='ltr'><strong>δὲ</strong></span> <span class='ocrx_word' id='word_1_585' title='bbox 1267 4446 1445 4509; x_wconf 47' lang='grc' dir='ltr'><strong>γένυν-ν</strong></span> <span class='ocrx_word' id='word_1_586' title='bbox 1465 4445 1511 4492; x_wconf 67' lang='grc' dir='ltr'>ει</span> <span class='ocrx_word' id='word_1_587' title='bbox 1532 4446 1715 4501; x_wconf 63' lang='grc' dir='ltr'><strong>τθὺτου,</strong></span> <span class='ocrx_word' id='word_1_588' title='bbox 1747 4442 1935 4512; x_wconf 76' lang='lat' dir='ltr'><strong>iltqtlll,</strong></span> <span class='ocrx_word' id='word_1_589' title='bbox 1959 4447 2081 4512; x_wconf 76' lang='grc' dir='ltr'><strong>τρεῖς</strong></span> <span class='ocrx_word' id='word_1_590' title='bbox 2100 4447 2347 4509; x_wconf 62' lang='lat' dir='ltr'><strong>apuloqu</strong></span> 
     </span>
    </p>
   </div>
   <div class='ocr_carea' id='block_1_80' title="bbox 762 4511 2341 4580">
    <p class='ocr_par' dir='ltr' id='par_1_80' title="bbox 762 4511 2341 4580">
     <span class='ocr_line' id='line_1_83' title="bbox 762 4511 2341 4580; baseline 0 -17"><span class='ocrx_word' id='word_1_591' title='bbox 762 4514 1077 4564; x_wconf 70' lang='grc' dir='ltr'><strong>ἀταιτιῖσθιι</strong></span> <span class='ocrx_word' id='word_1_592' title='bbox 1089 4518 1471 4580; x_wconf 19' lang='grc' dir='ltr'><strong>ντοῦςμίξξιντας</strong></span> <span class='ocrx_word' id='word_1_593' title='bbox 1487 4519 1832 4580; x_wconf 54' lang='lat' dir='ltr'><strong>ﬁam-rebitur.</strong></span> <span class='ocrx_word' id='word_1_594' title='bbox 1849 4511 1974 4565; x_wconf 89' lang='lat' dir='ltr'><strong>Inde</strong></span> <span class='ocrx_word' id='word_1_595' title='bbox 1988 4511 2076 4566; x_wconf 88' lang='lat' dir='ltr'><strong>illa</strong></span> <span class='ocrx_word' id='word_1_596' title='bbox 2098 4513 2341 4569; x_wconf 91' lang='lat' dir='ltr'><strong>lormula.</strong></span> 
     </span>
    </p>
   </div>
   <div class='ocr_carea' id='block_1_81' title="bbox 760 4579 2342 4705">
    <p class='ocr_par' dir='ltr' id='par_1_81' title="bbox 760 4579 2342 4705">
     <span class='ocr_line' id='line_1_84' title="bbox 803 4579 2342 4651; baseline 0.001 -18"><span class='ocrx_word' id='word_1_597' title='bbox 803 4596 922 4634; x_wconf 88' lang='lat' dir='ltr'><strong>nam</strong></span> <span class='ocrx_word' id='word_1_598' title='bbox 951 4579 1254 4649; x_wconf 78' lang='lat' dir='ltr'><strong>Stephanus</strong></span> <span class='ocrx_word' id='word_1_599' title='bbox 1283 4579 1344 4633; x_wconf 91' lang='lat' dir='ltr'><strong>ll.</strong></span> <span class='ocrx_word' id='word_1_600' title='bbox 1381 4580 1482 4634; x_wconf 81' lang='lat' dir='ltr'><strong>PP.</strong></span> <span class='ocrx_word' id='word_1_601' title='bbox 1535 4583 1784 4634; x_wconf 83' lang='lat' dir='ltr'><strong>ruSIicain</strong></span> <span class='ocrx_word' id='word_1_602' title='bbox 1827 4591 2002 4649; x_wconf 82' lang='lat' dir='ltr'><strong>vocat,</strong></span> <span class='ocrx_word' id='word_1_603' title='bbox 2062 4598 2205 4651; x_wconf 89' lang='lat' dir='ltr'><strong>resp.</strong></span> <span class='ocrx_word' id='word_1_604' title='bbox 2244 4582 2342 4636; x_wconf 60' lang='lat' dir='ltr'><strong>li:</strong></span> 
     </span>
     <span class='ocr_line' id='line_1_85' title="bbox 760 4597 2342 4705; baseline 0.001 -1"><span class='ocrx_word' id='word_1_605' title='bbox 760 4597 831 4705; x_wconf 57' lang='lat' dir='ltr'><strong>9n</strong></span> <span class='ocrx_word' id='word_1_606' title='bbox 876 4651 1077 4703; x_wconf 83' lang='lat' dir='ltr'><strong>nomine</strong></span> <span class='ocrx_word' id='word_1_607' title='bbox 1114 4648 1285 4704; x_wconf 79' lang='lat' dir='ltr'><strong>Patris</strong></span> <span class='ocrx_word' id='word_1_608' title='bbox 1324 4666 1514 4705; x_wconf 79' lang='lat' dir='ltr'><strong>ntcrao.</strong></span> <span class='ocrx_word' id='word_1_609' title='bbox 1559 4661 1604 4703; x_wconf 87' lang='lat' dir='ltr'><strong>ct</strong></span> <span class='ocrx_word' id='word_1_610' title='bbox 1647 4650 1771 4704; x_wconf 79' lang='lat' dir='ltr'><strong>Filii</strong></span> <span class='ocrx_word' id='word_1_611' title='bbox 1807 4670 2001 4705; x_wconf 85' lang='lat' dir='ltr'><strong>merae.</strong></span> <span class='ocrx_word' id='word_1_612' title='bbox 2035 4664 2081 4705; x_wconf 87' lang='lat' dir='ltr'><strong>et</strong></span> <span class='ocrx_word' id='word_1_613' title='bbox 2122 4654 2342 4705; x_wconf 74' lang='lat' dir='ltr'><strong>Spiritus</strong></span> 
     </span>
    </p>
   </div>
   <div class='ocr_carea' id='block_1_82' title="bbox 2456 3379 4047 3443">
    <p class='ocr_par' dir='ltr' id='par_1_82' title="bbox 2456 3379 4047 3443">
     <span class='ocr_line' id='line_1_86' title="bbox 2456 3379 4047 3443; baseline 0.002 -9"><span class='ocrx_word' id='word_1_614' title='bbox 2456 3396 2577 3435; x_wconf 82' lang='lat' dir='ltr'><strong>nam</strong></span> <span class='ocrx_word' id='word_1_615' title='bbox 2618 3388 2670 3433; x_wconf 88' lang='lat' dir='ltr'><strong>et</strong></span> <span class='ocrx_word' id='word_1_616' title='bbox 2700 3380 2871 3433; x_wconf 91' lang='lat' dir='ltr'><strong>lucem</strong></span> <span class='ocrx_word' id='word_1_617' title='bbox 2909 3379 3008 3432; x_wconf 88' lang='lat' dir='ltr'><strong>sibi</strong></span> <span class='ocrx_word' id='word_1_618' title='bbox 3050 3388 3233 3435; x_wconf 88' lang='lat' dir='ltr'><strong>mutuo</strong></span> <span class='ocrx_word' id='word_1_619' title='bbox 3282 3379 3512 3432; x_wconf 78' lang='lat' dir='ltr'><strong>allerunt</strong></span> <span class='ocrx_word' id='word_1_620' title='bbox 3551 3381 3881 3443; x_wconf 69' lang='lat' dir='ltr'><strong>praeclaram.</strong></span> <span class='ocrx_word' id='word_1_621' title='bbox 3923 3379 4047 3439; x_wconf 80' lang='lat' dir='ltr'><strong>Rto.</strong></span> 
     </span>
    </p>
   </div>
   <div class='ocr_carea' id='block_1_83' title="bbox 2526 3448 4055 3523">
    <p class='ocr_par' dir='ltr' id='par_1_83' title="bbox 2526 3448 4055 3523">
     <span class='ocr_line' id='line_1_87' title="bbox 2526 3448 4055 3523; baseline 0.003 -19"><span class='ocrx_word' id='word_1_622' title='bbox 2526 3450 2606 3520; x_wconf 68' lang='grc' dir='ltr'><strong>(ε)</strong></span> <span class='ocrx_word' id='word_1_623' title='bbox 2633 3450 2925 3504; x_wconf 81' lang='lat' dir='ltr'><strong>Oblationes</strong></span> <span class='ocrx_word' id='word_1_624' title='bbox 2949 3466 3041 3523; x_wconf 82' lang='lat' dir='ltr'><strong>pro</strong></span> <span class='ocrx_word' id='word_1_625' title='bbox 3065 3449 3335 3523; x_wconf 77' lang='lat' dir='ltr'><strong>defunctis.</strong></span> <span class='ocrx_word' id='word_1_626' title='bbox 3356 3448 3889 3523; x_wconf 61' lang='lat' dir='ltr'><strong>Magdeburgensium</strong></span> <span class='ocrx_word' id='word_1_627' title='bbox 3917 3471 4055 3523; x_wconf 49' lang='lat' dir='ltr'><strong>quo.</strong></span> 
     </span>
    </p>
   </div>
   <div class='ocr_carea' id='block_1_84' title="bbox 2456 3520 4055 3595">
    <p class='ocr_par' dir='ltr' id='par_1_84' title="bbox 2456 3520 4055 3595">
     <span class='ocr_line' id='line_1_88' title="bbox 2456 3520 4055 3595; baseline 0.003 -20"><span class='ocrx_word' id='word_1_628' title='bbox 2456 3538 2559 3592; x_wconf 88' lang='lat' dir='ltr'><strong>que</strong></span> <span class='ocrx_word' id='word_1_629' title='bbox 2586 3532 2947 3595; x_wconf 76' lang='lat' dir='ltr'><strong>commentum</strong></span> <span class='ocrx_word' id='word_1_630' title='bbox 2978 3520 3273 3595; x_wconf 67' lang='lat' dir='ltr'><strong>doetrinam</strong></span> <span class='ocrx_word' id='word_1_631' title='bbox 3304 3521 3438 3573; x_wconf 83' lang='lat' dir='ltr'><strong>hane</strong></span> <span class='ocrx_word' id='word_1_632' title='bbox 3462 3520 3773 3595; x_wconf 76' lang='lat' dir='ltr'><strong>Tertulliani</strong></span> <span class='ocrx_word' id='word_1_633' title='bbox 3795 3520 4055 3595; x_wconf 82' lang='lat' dir='ltr'><strong>desump-</strong></span> 
     </span>
    </p>
   </div>
   <div class='ocr_carea' id='block_1_85' title="bbox 2457 3590 4054 3657">
    <p class='ocr_par' dir='ltr' id='par_1_85' title="bbox 2457 3590 4054 3657">
     <span class='ocr_line' id='line_1_89' title="bbox 2457 3590 4054 3657; baseline 0.003 -12"><span class='ocrx_word' id='word_1_634' title='bbox 2457 3590 2560 3646; x_wconf 81' lang='lat' dir='ltr'><strong>tam</strong></span> <span class='ocrx_word' id='word_1_635' title='bbox 2592 3609 2656 3646; x_wconf 80' lang='lat' dir='ltr'><strong>ex</strong></span> <span class='ocrx_word' id='word_1_636' title='bbox 2696 3592 2964 3646; x_wconf 78' lang='lat' dir='ltr'><strong>Montano.</strong></span> <span class='ocrx_word' id='word_1_637' title='bbox 3000 3593 3102 3645; x_wconf 87' lang='lat' dir='ltr'><strong>Pro</strong></span> <span class='ocrx_word' id='word_1_638' title='bbox 3134 3590 3291 3657; x_wconf 85' lang='lat' dir='ltr'><strong>hujus</strong></span> <span class='ocrx_word' id='word_1_639' title='bbox 3327 3600 3505 3643; x_wconf 89' lang='lat' dir='ltr'><strong>autem</strong></span> <span class='ocrx_word' id='word_1_640' title='bbox 3534 3592 3667 3646; x_wconf 90' lang='lat' dir='ltr'><strong>ritus</strong></span> <span class='ocrx_word' id='word_1_641' title='bbox 3698 3590 4054 3650; x_wconf 77' lang='lat' dir='ltr'><strong>ftitttlatttenio</strong></span> 
     </span>
    </p>
   </div>
   <div class='ocr_carea' id='block_1_86' title="bbox 2454 3660 4050 3733">
    <p class='ocr_par' dir='ltr' id='par_1_86' title="bbox 2454 3660 4050 3733">
     <span class='ocr_line' id='line_1_90' title="bbox 2454 3660 4050 3733; baseline 0.004 -17"><span class='ocrx_word' id='word_1_642' title='bbox 2454 3664 2647 3717; x_wconf 81' lang='lat' dir='ltr'><strong>all&#39;errc</strong></span> <span class='ocrx_word' id='word_1_643' title='bbox 2671 3677 2879 3731; x_wconf 88' lang='lat' dir='ltr'><strong>possem</strong></span> <span class='ocrx_word' id='word_1_644' title='bbox 2902 3672 3085 3716; x_wconf 86' lang='lat' dir='ltr'><strong>contra</strong></span> <span class='ocrx_word' id='word_1_645' title='bbox 3112 3660 3393 3733; x_wconf 60' lang='lat' dir='ltr'><strong>hagretieos</strong></span> <span class='ocrx_word' id='word_1_646' title='bbox 3409 3676 3528 3730; x_wconf 79' lang='lat' dir='ltr'><strong>qua:</strong></span> <span class='ocrx_word' id='word_1_647' title='bbox 3551 3661 3707 3733; x_wconf 69' lang='lat' dir='ltr'><strong>vulgo</strong></span> <span class='ocrx_word' id='word_1_648' title='bbox 3727 3663 4050 3733; x_wconf 84' lang='lat' dir='ltr'><strong>all&#39;eruntur,</strong></span> 
     </span>
    </p>
   </div>
   <div class='ocr_carea' id='block_1_87' title="bbox 2457 3728 4050 3792">
    <p class='ocr_par' dir='ltr' id='par_1_87' title="bbox 2457 3728 4050 3792">
     <span class='ocr_line' id='line_1_91' title="bbox 2457 3728 4050 3792; baseline 0.004 -6"><span class='ocrx_word' id='word_1_649' title='bbox 2457 3742 2533 3786; x_wconf 91' lang='lat' dir='ltr'><strong>tot</strong></span> <span class='ocrx_word' id='word_1_650' title='bbox 2575 3728 2825 3788; x_wconf 83' lang='lat' dir='ltr'><strong>nimirum</strong></span> <span class='ocrx_word' id='word_1_651' title='bbox 2868 3734 3139 3786; x_wconf 73' lang='lat' dir='ltr'><strong>orationes</strong></span> <span class='ocrx_word' id='word_1_652' title='bbox 3308 3728 3521 3785; x_wconf 85' lang='lat' dir='ltr'><strong>Patrum</strong></span> <span class='ocrx_word' id='word_1_653' title='bbox 3560 3731 3614 3785; x_wconf 89' lang='lat' dir='ltr'><strong>itt</strong></span> <span class='ocrx_word' id='word_1_654' title='bbox 3644 3728 3887 3789; x_wconf 39' lang='lat' dir='ltr'><strong>&#39;funerib.</strong></span> <span class='ocrx_word' id='word_1_655' title='bbox 3934 3728 4050 3792; x_wconf 81' lang='lat' dir='ltr'><strong>turn</strong></span> 
     </span>
    </p>
   </div>
   <div class='ocr_carea' id='block_1_88' title="bbox 2453 3802 4049 3872">
    <p class='ocr_par' dir='ltr' id='par_1_88' title="bbox 2453 3802 4049 3872">
     <span class='ocr_line' id='line_1_92' title="bbox 2453 3802 4049 3872; baseline 0.002 -16"><span class='ocrx_word' id='word_1_656' title='bbox 2453 3805 2768 3867; x_wconf 88' lang='lat' dir='ltr'><strong>amicorum,</strong></span> <span class='ocrx_word' id='word_1_657' title='bbox 2801 3818 2921 3856; x_wconf 92' lang='lat' dir='ltr'><strong>cum</strong></span> <span class='ocrx_word' id='word_1_658' title='bbox 2966 3802 3508 3872; x_wconf 76' lang='lat' dir='ltr'><strong>eonsmguincorum,</strong></span> <span class='ocrx_word' id='word_1_659' title='bbox 3538 3811 3648 3856; x_wconf 91' lang='lat' dir='ltr'><strong>tum</strong></span> <span class='ocrx_word' id='word_1_660' title='bbox 3674 3805 3837 3858; x_wconf 79' lang='lat' dir='ltr'><strong>etiam</strong></span> <span class='ocrx_word' id='word_1_661' title='bbox 3891 3820 4049 3861; x_wconf 84' lang='lat' dir='ltr'><strong>sum-</strong></span> 
     </span>
    </p>
   </div>
   <div class='ocr_carea' id='block_1_89' title="bbox 2452 3871 4050 3933">
    <p class='ocr_par' dir='ltr' id='par_1_89' title="bbox 2452 3871 4050 3933">
     <span class='ocr_line' id='line_1_93' title="bbox 2452 3871 4050 3933; baseline 0.003 -6"><span class='ocrx_word' id='word_1_662' title='bbox 2452 3890 2661 3930; x_wconf 91' lang='lat' dir='ltr'><strong>morum</strong></span> <span class='ocrx_word' id='word_1_663' title='bbox 2696 3875 2744 3928; x_wconf 91' lang='lat' dir='ltr'><strong>in</strong></span> <span class='ocrx_word' id='word_1_664' title='bbox 2788 3874 3020 3929; x_wconf 78' lang='lat' dir='ltr'><strong>Ecclesia</strong></span> <span class='ocrx_word' id='word_1_665' title='bbox 3057 3874 3145 3928; x_wconf 90' lang='lat' dir='ltr'><strong>Dei</strong></span> <span class='ocrx_word' id='word_1_666' title='bbox 3183 3871 3458 3926; x_wconf 82' lang='lat' dir='ltr'><strong>virorum:</strong></span> <span class='ocrx_word' id='word_1_667' title='bbox 3498 3871 3613 3927; x_wconf 86' lang='lat' dir='ltr'><strong>Non</strong></span> <span class='ocrx_word' id='word_1_668' title='bbox 3646 3886 3823 3930; x_wconf 87' lang='lat' dir='ltr'><strong>tamen</strong></span> <span class='ocrx_word' id='word_1_669' title='bbox 3871 3877 4050 3933; x_wconf 87' lang='lat' dir='ltr'><strong>locum</strong></span> 
     </span>
    </p>
   </div>
   <div class='ocr_carea' id='block_1_90' title="bbox 2454 3940 4050 4014">
    <p class='ocr_par' dir='ltr' id='par_1_90' title="bbox 2454 3940 4050 4014">
     <span class='ocr_line' id='line_1_94' title="bbox 2454 3940 4050 4014; baseline 0.004 -18"><span class='ocrx_word' id='word_1_670' title='bbox 2454 3945 2855 4013; x_wconf 71' lang='lat' dir='ltr'><strong>praetermittam</strong></span> <span class='ocrx_word' id='word_1_671' title='bbox 2881 3961 2944 3999; x_wconf 81' lang='lat' dir='ltr'><strong>ex</strong></span> <span class='ocrx_word' id='word_1_672' title='bbox 2975 3945 3133 4013; x_wconf 83' lang='lat' dir='ltr'><strong>epist.</strong></span> <span class='ocrx_word' id='word_1_673' title='bbox 3162 3943 3253 4014; x_wconf 13' lang='lat'><strong>676.</strong></span> <span class='ocrx_word' id='word_1_674' title='bbox 3281 3940 3554 4014; x_wconf 85' lang='lat' dir='ltr'><strong>Cypriani,</strong></span> <span class='ocrx_word' id='word_1_675' title='bbox 3582 3947 3670 4014; x_wconf 92' lang='lat' dir='ltr'><strong>qui</strong></span> <span class='ocrx_word' id='word_1_676' title='bbox 3700 3960 3799 4000; x_wconf 88' lang='lat' dir='ltr'><strong>suo</strong></span> <span class='ocrx_word' id='word_1_677' title='bbox 3824 3956 3881 4001; x_wconf 87' lang='lat' dir='ltr'><strong>et</strong></span> <span class='ocrx_word' id='word_1_678' title='bbox 3909 3946 4050 4003; x_wconf 82' lang='lat' dir='ltr'><strong>Car-</strong></span> 
     </span>
    </p>
   </div>
   <div class='ocr_carea' id='block_1_91' title="bbox 2455 4013 4053 4086">
    <p class='ocr_par' dir='ltr' id='par_1_91' title="bbox 2455 4013 4053 4086">
     <span class='ocr_line' id='line_1_95' title="bbox 2455 4013 4053 4086; baseline 0.001 -17"><span class='ocrx_word' id='word_1_679' title='bbox 2455 4014 2781 4086; x_wconf 74' lang='lat' dir='ltr'><strong>thaginensis</strong></span> <span class='ocrx_word' id='word_1_680' title='bbox 2810 4015 3020 4070; x_wconf 89' lang='lat' dir='ltr'><strong>concilii</strong></span> <span class='ocrx_word' id='word_1_681' title='bbox 3062 4013 3299 4074; x_wconf 88' lang='lat' dir='ltr'><strong>nomine,</strong></span> <span class='ocrx_word' id='word_1_682' title='bbox 3342 4017 3391 4086; x_wconf 90' lang='lat' dir='ltr'><strong>in</strong></span> <span class='ocrx_word' id='word_1_683' title='bbox 3426 4013 3805 4086; x_wconf 78' lang='lat' dir='ltr'><strong>Episcopornm</strong></span> <span class='ocrx_word' id='word_1_684' title='bbox 3839 4032 4053 4073; x_wconf 81' lang='lat' dir='ltr'><strong>ntemn-</strong></span> 
     </span>
    </p>
   </div>
   <div class='ocr_carea' id='block_1_92' title="bbox 2452 4085 4047 4155">
    <p class='ocr_par' dir='ltr' id='par_1_92' title="bbox 2452 4085 4047 4155">
     <span class='ocr_line' id='line_1_96' title="bbox 2452 4085 4047 4155; baseline 0.002 -14"><span class='ocrx_word' id='word_1_685' title='bbox 2452 4087 2585 4141; x_wconf 80' lang='lat' dir='ltr'><strong>riam</strong></span> <span class='ocrx_word' id='word_1_686' title='bbox 2616 4096 2851 4151; x_wconf 86' lang='lat' dir='ltr'><strong>revocat,</strong></span> <span class='ocrx_word' id='word_1_687' title='bbox 2888 4086 3162 4140; x_wconf 90' lang='lat' dir='ltr'><strong>decretum</strong></span> <span class='ocrx_word' id='word_1_688' title='bbox 3193 4101 3322 4155; x_wconf 87' lang='lat' dir='ltr'><strong>quo,</strong></span> <span class='ocrx_word' id='word_1_689' title='bbox 3351 4085 3393 4138; x_wconf 90' lang='lat' dir='ltr'><strong>si</strong></span> <span class='ocrx_word' id='word_1_690' title='bbox 3433 4085 3553 4155; x_wconf 88' lang='lat' dir='ltr'><strong>quis</strong></span> <span class='ocrx_word' id='word_1_691' title='bbox 3585 4085 3749 4140; x_wconf 73' lang='lat' dir='ltr'><strong>frater</strong></span> <span class='ocrx_word' id='word_1_692' title='bbox 3778 4088 4047 4144; x_wconf 85' lang='lat' dir='ltr'><strong>clericum</strong></span> 
     </span>
    </p>
   </div>
   <div class='ocr_carea' id='block_1_93' title="bbox 2456 4154 4048 4224">
    <p class='ocr_par' dir='ltr' id='par_1_93' title="bbox 2456 4154 4048 4224">
     <span class='ocr_line' id='line_1_97' title="bbox 2456 4154 4048 4224; baseline 0.003 -12"><span class='ocrx_word' id='word_1_693' title='bbox 2456 4167 2681 4213; x_wconf 90' lang='lat' dir='ltr'><strong>tutorem</strong></span> <span class='ocrx_word' id='word_1_694' title='bbox 2713 4158 3061 4220; x_wconf 77' lang='lat' dir='ltr'><strong>nominasset,</strong></span> <span class='ocrx_word' id='word_1_695' title='bbox 3092 4170 3195 4210; x_wconf 92' lang='lat' dir='ltr'><strong>non</strong></span> <span class='ocrx_word' id='word_1_696' title='bbox 3216 4154 3499 4209; x_wconf 78' lang='lat' dir='ltr'><strong>otl&#39;erretur</strong></span> <span class='ocrx_word' id='word_1_697' title='bbox 3520 4171 3617 4224; x_wconf 92' lang='lat' dir='ltr'><strong>pro</strong></span> <span class='ocrx_word' id='word_1_698' title='bbox 3637 4172 3723 4221; x_wconf 89' lang='lat' dir='ltr'><strong>eo,</strong></span> <span class='ocrx_word' id='word_1_699' title='bbox 3748 4172 3849 4212; x_wconf 91' lang='lat' dir='ltr'><strong>nec</strong></span> <span class='ocrx_word' id='word_1_700' title='bbox 3874 4162 4048 4216; x_wconf 79' lang='lat' dir='ltr'><strong>sacri-</strong></span> 
     </span>
    </p>
   </div>
   <div class='ocr_carea' id='block_1_94' title="bbox 2448 4226 4052 4298">
    <p class='ocr_par' dir='ltr' id='par_1_94' title="bbox 2448 4226 4052 4298">
     <span class='ocr_line' id='line_1_98' title="bbox 2448 4226 4052 4298; baseline 0.001 -16"><span class='ocrx_word' id='word_1_701' title='bbox 2448 4230 2622 4283; x_wconf 85' lang='lat' dir='ltr'><strong>licium</strong></span> <span class='ocrx_word' id='word_1_702' title='bbox 2663 4246 2757 4298; x_wconf 92' lang='lat' dir='ltr'><strong>pro</strong></span> <span class='ocrx_word' id='word_1_703' title='bbox 2783 4228 3107 4282; x_wconf 86' lang='lat' dir='ltr'><strong>dormitione</strong></span> <span class='ocrx_word' id='word_1_704' title='bbox 3143 4227 3258 4298; x_wconf 86' lang='lat' dir='ltr'><strong>ejus</strong></span> <span class='ocrx_word' id='word_1_705' title='bbox 3289 4226 3673 4298; x_wconf 76' lang='lat' dir='ltr'><strong>celebraretur.</strong></span> <span class='ocrx_word' id='word_1_706' title='bbox 3703 4227 3917 4284; x_wconf 83' lang='lat' dir='ltr'><strong>Novum</strong></span> <span class='ocrx_word' id='word_1_707' title='bbox 3951 4232 4052 4284; x_wconf 84' lang='lat' dir='ltr'><strong>ita-</strong></span> 
     </span>
    </p>
   </div>
   <div class='ocr_carea' id='block_1_95' title="bbox 2447 4296 4051 4369">
    <p class='ocr_par' dir='ltr' id='par_1_95' title="bbox 2447 4296 4051 4369">
     <span class='ocr_line' id='line_1_99' title="bbox 2447 4296 4051 4369; baseline 0.004 -18"><span class='ocrx_word' id='word_1_708' title='bbox 2447 4314 2551 4369; x_wconf 90' lang='lat' dir='ltr'><strong>que</strong></span> <span class='ocrx_word' id='word_1_709' title='bbox 2577 4296 2682 4351; x_wconf 83' lang='lat' dir='ltr'><strong>non</strong></span> <span class='ocrx_word' id='word_1_710' title='bbox 2710 4310 2789 4351; x_wconf 79' lang='lat' dir='ltr'><strong>est</strong></span> <span class='ocrx_word' id='word_1_711' title='bbox 2820 4298 3119 4369; x_wconf 69' lang='lat' dir='ltr'><strong>oblationes</strong></span> <span class='ocrx_word' id='word_1_712' title='bbox 3146 4296 3286 4363; x_wconf 80' lang='lat' dir='ltr'><strong>ﬁeri,</strong></span> <span class='ocrx_word' id='word_1_713' title='bbox 3317 4307 3371 4351; x_wconf 89' lang='lat' dir='ltr'><strong>et</strong></span> <span class='ocrx_word' id='word_1_714' title='bbox 3396 4296 3656 4352; x_wconf 83' lang='lat' dir='ltr'><strong>sacriﬁcia</strong></span> <span class='ocrx_word' id='word_1_715' title='bbox 3690 4314 3787 4369; x_wconf 89' lang='lat' dir='ltr'><strong>pro</strong></span> <span class='ocrx_word' id='word_1_716' title='bbox 3818 4306 4051 4358; x_wconf 88' lang='lat' dir='ltr'><strong>mortuis</strong></span> 
     </span>
    </p>
   </div>
   <div class='ocr_carea' id='block_1_96' title="bbox 2448 4367 3146 4423">
    <p class='ocr_par' dir='ltr' id='par_1_96' title="bbox 2448 4367 3146 4423">
     <span class='ocr_line' id='line_1_100' title="bbox 2448 4367 3146 4423; baseline 0 0"><span class='ocrx_word' id='word_1_717' title='bbox 2448 4369 2499 4423; x_wconf 91' lang='lat' dir='ltr'><strong>in</strong></span> <span class='ocrx_word' id='word_1_718' title='bbox 2533 4368 2765 4423; x_wconf 85' lang='lat' dir='ltr'><strong>Ecclesia</strong></span> <span class='ocrx_word' id='word_1_719' title='bbox 2801 4370 2910 4422; x_wconf 91' lang='lat' dir='ltr'><strong>Dei.</strong></span> <span class='ocrx_word' id='word_1_720' title='bbox 2942 4367 3021 4423; x_wconf 76' lang='lat' dir='ltr'><strong>Ls</strong></span> <span class='ocrx_word' id='word_1_721' title='bbox 3052 4369 3146 4423; x_wconf 85' lang='lat' dir='ltr'><strong>Pa.</strong></span> 
     </span>
    </p>
   </div>
   <div class='ocr_carea' id='block_1_97' title="bbox 2520 4438 4053 4513">
    <p class='ocr_par' dir='ltr' id='par_1_97' title="bbox 2520 4438 4053 4513">
     <span class='ocr_line' id='line_1_101' title="bbox 2520 4438 4053 4513; baseline 0.005 -22"><span class='ocrx_word' id='word_1_722' title='bbox 2520 4440 2599 4513; x_wconf 80' lang='grc' dir='ltr'><strong>(Ιι)</strong></span> <span class='ocrx_word' id='word_1_723' title='bbox 2639 4438 2743 4513; x_wconf 83' lang='lat' dir='ltr'><strong>Pro</strong></span> <span class='ocrx_word' id='word_1_724' title='bbox 2770 4440 3014 4513; x_wconf 87' lang='lat' dir='ltr'><strong>natalitiis</strong></span> <span class='ocrx_word' id='word_1_725' title='bbox 3052 4454 3224 4513; x_wconf 78' lang='lat' dir='ltr'><strong>annua</strong></span> <span class='ocrx_word' id='word_1_726' title='bbox 3251 4447 3356 4513; x_wconf 83' lang='lat' dir='ltr'><strong>etc.</strong></span> <span class='ocrx_word' id='word_1_727' title='bbox 3393 4438 3495 4493; x_wconf 84' lang='lat' dir='ltr'><strong>I‘er</strong></span> <span class='ocrx_word' id='word_1_728' title='bbox 3525 4439 3759 4493; x_wconf 87' lang='lat' dir='ltr'><strong>uatalitia</strong></span> <span class='ocrx_word' id='word_1_729' title='bbox 3795 4439 4053 4513; x_wconf 77' lang='lat' dir='ltr'><strong>intelligit</strong></span> 
     </span>
    </p>
   </div>
   <div class='ocr_carea' id='block_1_98' title="bbox 2451 4510 4051 4583">
    <p class='ocr_par' dir='ltr' id='par_1_98' title="bbox 2451 4510 4051 4583">
     <span class='ocr_line' id='line_1_102' title="bbox 2451 4510 4051 4583; baseline 0.003 -20"><span class='ocrx_word' id='word_1_730' title='bbox 2451 4511 2813 4583; x_wconf 79' lang='lat' dir='ltr'><strong>solemnitates</strong></span> <span class='ocrx_word' id='word_1_731' title='bbox 2848 4512 2961 4583; x_wconf 80' lang='lat' dir='ltr'><strong>lieri</strong></span> <span class='ocrx_word' id='word_1_732' title='bbox 2992 4510 3180 4583; x_wconf 86' lang='lat' dir='ltr'><strong>solitas</strong></span> <span class='ocrx_word' id='word_1_733' title='bbox 3207 4512 3257 4562; x_wconf 87' lang='lat' dir='ltr'><strong>in</strong></span> <span class='ocrx_word' id='word_1_734' title='bbox 3294 4510 3552 4583; x_wconf 77' lang='lat' dir='ltr'><strong>honorem</strong></span> <span class='ocrx_word' id='word_1_735' title='bbox 3575 4522 3895 4583; x_wconf 67' lang='lat' dir='ltr'><strong>martyrum,</strong></span> <span class='ocrx_word' id='word_1_736' title='bbox 3938 4510 4051 4583; x_wconf 74' lang='lat' dir='ltr'><strong>quo</strong></span> 
     </span>
    </p>
   </div>
   <div class='ocr_carea' id='block_1_99' title="bbox 2451 4579 4050 4645">
    <p class='ocr_par' dir='ltr' id='par_1_99' title="bbox 2451 4579 4050 4645">
     <span class='ocr_line' id='line_1_103' title="bbox 2451 4579 4050 4645; baseline 0.003 -11"><span class='ocrx_word' id='word_1_737' title='bbox 2451 4581 2650 4635; x_wconf 89' lang='lat' dir='ltr'><strong>scilicet</strong></span> <span class='ocrx_word' id='word_1_738' title='bbox 2670 4582 2755 4636; x_wconf 89' lang='lat' dir='ltr'><strong>die</strong></span> <span class='ocrx_word' id='word_1_739' title='bbox 2773 4581 2971 4635; x_wconf 92' lang='lat' dir='ltr'><strong>tnundo</strong></span> <span class='ocrx_word' id='word_1_740' title='bbox 2994 4582 3207 4645; x_wconf 90' lang='lat' dir='ltr'><strong>mortui,</strong></span> <span class='ocrx_word' id='word_1_741' title='bbox 3230 4579 3369 4633; x_wconf 72' lang='lat' dir='ltr'><strong>cmlo</strong></span> <span class='ocrx_word' id='word_1_742' title='bbox 3391 4580 3497 4633; x_wconf 91' lang='lat' dir='ltr'><strong>nati</strong></span> <span class='ocrx_word' id='word_1_743' title='bbox 3524 4590 3667 4635; x_wconf 91' lang='lat' dir='ltr'><strong>sunt.</strong></span> <span class='ocrx_word' id='word_1_744' title='bbox 3690 4579 3848 4637; x_wconf 87' lang='lat' dir='ltr'><strong>Unde</strong></span> <span class='ocrx_word' id='word_1_745' title='bbox 3872 4579 4050 4639; x_wconf 80' lang='lat' dir='ltr'><strong>annua</strong></span> 
     </span>
    </p>
   </div>
   <div class='ocr_carea' id='block_1_100' title="bbox 799 4628 3538 4724">
    <p class='ocr_par' dir='ltr' id='par_1_100' title="bbox 799 4628 3538 4724">
     <span class='ocr_line' id='line_1_104' title="bbox 799 4628 3538 4724; baseline 0.001 -21"><span class='ocrx_word' id='word_1_746' title='bbox 876 4628 1077 4724; x_wconf 55' lang='lat' dir='ltr'><strong>nomine</strong></span> <span class='ocrx_word' id='word_1_747' title='bbox 1114 4648 1285 4724; x_wconf 71' lang='lat' dir='ltr'><strong>Patris</strong></span> <span class='ocrx_word' id='word_1_748' title='bbox 1313 4666 1514 4724; x_wconf 60' lang='grc' dir='ltr'><strong>Διιιιηιῃο,</strong></span> <span class='ocrx_word' id='word_1_749' title='bbox 1559 4661 1608 4724; x_wconf 75' lang='lat' dir='ltr'><strong>et</strong></span> <span class='ocrx_word' id='word_1_750' title='bbox 1647 4650 1776 4724; x_wconf 74' lang='lat' dir='ltr'><strong>Filii</strong></span> <span class='ocrx_word' id='word_1_751' title='bbox 1807 4628 2002 4724; x_wconf 44' lang='lat' dir='ltr'><strong>morbo:</strong></span> <span class='ocrx_word' id='word_1_752' title='bbox 2035 4628 2347 4723; x_wconf 42' lang='lat' dir='ltr'><strong>eivSrpiritits</strong></span> <span class='ocrx_word' id='word_1_753' title='bbox 2372 4628 2426 4688; x_wconf 84' lang='grc' dir='ltr'><strong>Ῑ)</strong></span> <span class='ocrx_word' id='word_1_754' title='bbox 2453 4651 2535 4705; x_wconf 89' lang='lat' dir='ltr'><strong>die</strong></span> <span class='ocrx_word' id='word_1_755' title='bbox 2563 4651 2613 4705; x_wconf 88' lang='lat' dir='ltr'><strong>id</strong></span> <span class='ocrx_word' id='word_1_756' title='bbox 2642 4628 3034 4720; x_wconf 40' lang='lat' dir='ltr'><strong>est‘quotannis</strong></span> <span class='ocrx_word' id='word_1_757' title='bbox 3058 4628 3301 4724; x_wconf 72' lang='lat' dir='ltr'><strong>lacinias.</strong></span> <span class='ocrx_word' id='word_1_758' title='bbox 3317 4649 3411 4724; x_wconf 42' lang='lat' dir='ltr'><strong>Iit-2</strong></span> <span class='ocrx_word' id='word_1_759' title='bbox 3442 4651 3538 4705; x_wconf 77' lang='lat' dir='ltr'><strong>Pa.</strong></span> 
     </span>
    </p>
   </div>
   <div class='ocr_carea' id='block_1_101' title="bbox 763 4718 2349 4794">
    <p class='ocr_par' dir='ltr' id='par_1_101' title="bbox 763 4718 2349 4794">
     <span class='ocr_line' id='line_1_105' title="bbox 763 4718 2349 4794; baseline 0.003 -20"><span class='ocrx_word' id='word_1_760' title='bbox 763 4722 927 4794; x_wconf 78' lang='lat' dir='ltr'><strong>sancti</strong></span> <span class='ocrx_word' id='word_1_761' title='bbox 952 4736 1143 4794; x_wconf 77' lang='lat' dir='ltr'><strong>mergo.</strong></span> <span class='ocrx_word' id='word_1_762' title='bbox 1178 4720 1274 4794; x_wconf 65' lang='lat' dir='ltr'><strong>&#39;l‘o.</strong></span> <span class='ocrx_word' id='word_1_763' title='bbox 1311 4720 1351 4794; x_wconf 88' lang='lat' dir='ltr'><strong>ll</strong></span> <span class='ocrx_word' id='word_1_764' title='bbox 1411 4718 1698 4794; x_wconf 81' lang='lat' dir='ltr'><strong>Concilior.</strong></span> <span class='ocrx_word' id='word_1_765' title='bbox 1740 4722 1879 4778; x_wconf 86' lang='lat' dir='ltr'><strong>Call.</strong></span> <span class='ocrx_word' id='word_1_766' title='bbox 1909 4718 1995 4779; x_wconf 73' lang='lat' dir='ltr'><strong>sic</strong></span> <span class='ocrx_word' id='word_1_767' title='bbox 2024 4718 2183 4779; x_wconf 84' lang='lat' dir='ltr'><strong>unius</strong></span> <span class='ocrx_word' id='word_1_768' title='bbox 2209 4726 2349 4794; x_wconf 87' lang='lat' dir='ltr'><strong>ejus-</strong></span> 
     </span>
    </p>
   </div>
   <div class='ocr_carea' id='block_1_102' title="bbox 766 4791 2348 4862">
    <p class='ocr_par' dir='ltr' id='par_1_102' title="bbox 766 4791 2348 4862">
     <span class='ocr_line' id='line_1_106' title="bbox 766 4791 2348 4862; baseline 0.004 -17"><span class='ocrx_word' id='word_1_769' title='bbox 766 4791 1008 4862; x_wconf 78' lang='lat' dir='ltr'><strong>demque</strong></span> <span class='ocrx_word' id='word_1_770' title='bbox 1035 4791 1180 4862; x_wconf 75' lang='lat' dir='ltr'><strong>ritus</strong></span> <span class='ocrx_word' id='word_1_771' title='bbox 1195 4791 1452 4862; x_wconf 76' lang='lat' dir='ltr'><strong>originem</strong></span> <span class='ocrx_word' id='word_1_772' title='bbox 1491 4792 1577 4846; x_wconf 90' lang='lat' dir='ltr'><strong>alii</strong></span> <span class='ocrx_word' id='word_1_773' title='bbox 1607 4793 1672 4847; x_wconf 91' lang='lat' dir='ltr'><strong>ad</strong></span> <span class='ocrx_word' id='word_1_774' title='bbox 1706 4808 1961 4862; x_wconf 89' lang='lat' dir='ltr'><strong>personas</strong></span> <span class='ocrx_word' id='word_1_775' title='bbox 1998 4791 2348 4851; x_wconf 78' lang='lat' dir='ltr'><strong>sanctissima:</strong></span> 
     </span>
    </p>
   </div>
   <div class='ocr_carea' id='block_1_103' title="bbox 765 4860 2350 4930">
    <p class='ocr_par' dir='ltr' id='par_1_103' title="bbox 765 4860 2350 4930">
     <span class='ocr_line' id='line_1_107' title="bbox 765 4860 2350 4930; baseline 0.001 -13"><span class='ocrx_word' id='word_1_776' title='bbox 765 4860 1063 4921; x_wconf 81' lang='lat' dir='ltr'><strong>Trinitatis,</strong></span> <span class='ocrx_word' id='word_1_777' title='bbox 1096 4860 1185 4914; x_wconf 87' lang='lat' dir='ltr'><strong>alii</strong></span> <span class='ocrx_word' id='word_1_778' title='bbox 1211 4860 1293 4914; x_wconf 87' lang='lat' dir='ltr'><strong>ad</strong></span> <span class='ocrx_word' id='word_1_779' title='bbox 1313 4863 1502 4916; x_wconf 86' lang='lat' dir='ltr'><strong>trinam</strong></span> <span class='ocrx_word' id='word_1_780' title='bbox 1531 4860 1808 4930; x_wconf 77' lang='lat' dir='ltr'><strong>visionem,</strong></span> <span class='ocrx_word' id='word_1_781' title='bbox 1835 4865 1924 4919; x_wconf 88' lang='lat' dir='ltr'><strong>alii</strong></span> <span class='ocrx_word' id='word_1_782' title='bbox 1952 4866 2016 4918; x_wconf 90' lang='lat' dir='ltr'><strong>ad</strong></span> <span class='ocrx_word' id='word_1_783' title='bbox 2050 4868 2239 4921; x_wconf 87' lang='lat' dir='ltr'><strong>trinam</strong></span> <span class='ocrx_word' id='word_1_784' title='bbox 2272 4869 2350 4920; x_wconf 86' lang='lat' dir='ltr'><strong>in-</strong></span> 
     </span>
    </p>
   </div>
   <div class='ocr_carea' id='block_1_104' title="bbox 768 4932 2347 5002">
    <p class='ocr_par' dir='ltr' id='par_1_104' title="bbox 768 4932 2347 5002">
     <span class='ocr_line' id='line_1_108' title="bbox 768 4932 2347 5002; baseline 0.003 -15"><span class='ocrx_word' id='word_1_785' title='bbox 768 4932 1182 5002; x_wconf 80' lang='lat' dir='ltr'><strong>terrogationem</strong></span> <span class='ocrx_word' id='word_1_786' title='bbox 1222 4932 1480 4986; x_wconf 80' lang='lat' dir='ltr'><strong>referunt.</strong></span> <span class='ocrx_word' id='word_1_787' title='bbox 1530 4935 1617 4989; x_wconf 90' lang='lat' dir='ltr'><strong>Sic</strong></span> <span class='ocrx_word' id='word_1_788' title='bbox 1659 4935 1873 4991; x_wconf 77' lang='lat' dir='ltr'><strong>incertte</strong></span> <span class='ocrx_word' id='word_1_789' title='bbox 1910 4946 2033 4990; x_wconf 90' lang='lat' dir='ltr'><strong>sunt</strong></span> <span class='ocrx_word' id='word_1_790' title='bbox 2076 4937 2347 4992; x_wconf 89' lang='lat' dir='ltr'><strong>hominum</strong></span> 
     </span>
    </p>
   </div>
   <div class='ocr_carea' id='block_1_105' title="bbox 768 5004 2344 5077">
    <p class='ocr_par' dir='ltr' id='par_1_105' title="bbox 768 5004 2344 5077">
     <span class='ocr_line' id='line_1_109' title="bbox 768 5004 2344 5077; baseline 0.002 -19"><span class='ocrx_word' id='word_1_791' title='bbox 768 5012 999 5067; x_wconf 86' lang='lat' dir='ltr'><strong>mentes,</strong></span> <span class='ocrx_word' id='word_1_792' title='bbox 1044 5010 1321 5075; x_wconf 86' lang='lat' dir='ltr'><strong>postquam</strong></span> <span class='ocrx_word' id='word_1_793' title='bbox 1350 5020 1376 5056; x_wconf 92' lang='lat' dir='ltr'><strong>a</strong></span> <span class='ocrx_word' id='word_1_794' title='bbox 1406 5004 1647 5075; x_wconf 89' lang='lat' dir='ltr'><strong>principii</strong></span> <span class='ocrx_word' id='word_1_795' title='bbox 1688 5007 2029 5077; x_wconf 81' lang='lat' dir='ltr'><strong>sitnplicitate</strong></span> <span class='ocrx_word' id='word_1_796' title='bbox 2058 5008 2344 5062; x_wconf 81' lang='lat' dir='ltr'><strong>deﬂexere.</strong></span> 
     </span>
    </p>
   </div>
   <div class='ocr_carea' id='block_1_106' title="bbox 2123 5079 2239 5131">
    <p class='ocr_par' dir='ltr' id='par_1_106' title="bbox 2123 5079 2239 5131">
     <span class='ocr_line' id='line_1_110' title="bbox 2123 5079 2239 5131; baseline -0.009 0"><span class='ocrx_word' id='word_1_797' title='bbox 2123 5079 2239 5131; x_wconf 75' lang='lat' dir='ltr'><strong>lita.</strong></span> 
     </span>
    </p>
   </div>
   <div class='ocr_carea' id='block_1_107' title="bbox 840 5142 2351 5214">
    <p class='ocr_par' dir='ltr' id='par_1_107' title="bbox 840 5142 2351 5214">
     <span class='ocr_line' id='line_1_111' title="bbox 840 5142 2351 5214; baseline 0.003 -16"><span class='ocrx_word' id='word_1_798' title='bbox 840 5142 915 5214; x_wconf 89' lang='lat' dir='ltr'><strong>(e)</strong></span> <span class='ocrx_word' id='word_1_799' title='bbox 946 5142 1278 5197; x_wconf 79' lang='lat' dir='ltr'><strong>Eucltaristite</strong></span> <span class='ocrx_word' id='word_1_800' title='bbox 1296 5156 1686 5212; x_wconf 86' lang='lat' dir='ltr'><strong>sacramentum,</strong></span> <span class='ocrx_word' id='word_1_801' title='bbox 1718 5158 1819 5203; x_wconf 85' lang='lat' dir='ltr'><strong>etc.</strong></span> <span class='ocrx_word' id='word_1_802' title='bbox 1847 5148 1971 5203; x_wconf 48' lang='lat' dir='ltr'><strong>lla’c</strong></span> <span class='ocrx_word' id='word_1_803' title='bbox 1994 5150 2217 5207; x_wconf 90' lang='lat' dir='ltr'><strong>innuunt</strong></span> <span class='ocrx_word' id='word_1_804' title='bbox 2248 5150 2351 5203; x_wconf 61' lang='lat' dir='ltr'><strong>liu-</strong></span> 
     </span>
    </p>
   </div>
   <div class='ocr_carea' id='block_1_108' title="bbox 766 5214 2348 5285">
    <p class='ocr_par' dir='ltr' id='par_1_108' title="bbox 766 5214 2348 5285">
     <span class='ocr_line' id='line_1_112' title="bbox 766 5214 2348 5285; baseline 0.002 -14"><span class='ocrx_word' id='word_1_805' title='bbox 766 5215 1033 5285; x_wconf 70' lang='lat' dir='ltr'><strong>cliaristize</strong></span> <span class='ocrx_word' id='word_1_806' title='bbox 1062 5214 1334 5268; x_wconf 79' lang='lat' dir='ltr'><strong>sumenda:</strong></span> <span class='ocrx_word' id='word_1_807' title='bbox 1376 5225 1581 5285; x_wconf 88' lang='lat' dir='ltr'><strong>tempus</strong></span> <span class='ocrx_word' id='word_1_808' title='bbox 1614 5233 1729 5272; x_wconf 61' lang='lat' dir='ltr'><strong>arvo</strong></span> <span class='ocrx_word' id='word_1_809' title='bbox 1767 5220 2097 5281; x_wconf 83' lang='lat' dir='ltr'><strong>Tertulliani,</strong></span> <span class='ocrx_word' id='word_1_810' title='bbox 2148 5232 2348 5274; x_wconf 89' lang='lat' dir='ltr'><strong>tantttnt</strong></span> 
     </span>
    </p>
   </div>
   <div class='ocr_carea' id='block_1_109' title="bbox 765 5284 2353 5355">
    <p class='ocr_par' dir='ltr' id='par_1_109' title="bbox 765 5284 2353 5355">
     <span class='ocr_line' id='line_1_113' title="bbox 765 5284 2353 5355; baseline 0.004 -16"><span class='ocrx_word' id='word_1_811' title='bbox 765 5284 1001 5340; x_wconf 80' lang='lat' dir='ltr'><strong>abfuisse</strong></span> <span class='ocrx_word' id='word_1_812' title='bbox 1024 5300 1054 5338; x_wconf 90' lang='lat' dir='ltr'><strong>a</strong></span> <span class='ocrx_word' id='word_1_813' title='bbox 1077 5294 1316 5353; x_wconf 83' lang='lat' dir='ltr'><strong>tempore</strong></span> <span class='ocrx_word' id='word_1_814' title='bbox 1342 5284 1529 5351; x_wconf 83' lang='lat' dir='ltr'><strong>victus,</strong></span> <span class='ocrx_word' id='word_1_815' title='bbox 1554 5303 1658 5355; x_wconf 87' lang='lat' dir='ltr'><strong>quo</strong></span> <span class='ocrx_word' id='word_1_816' title='bbox 1682 5299 1916 5355; x_wconf 91' lang='lat' dir='ltr'><strong>tempore</strong></span> <span class='ocrx_word' id='word_1_817' title='bbox 1938 5308 1963 5345; x_wconf 86' lang='lat' dir='ltr'><strong>a</strong></span> <span class='ocrx_word' id='word_1_818' title='bbox 1993 5291 2215 5345; x_wconf 81' lang='lat' dir='ltr'><strong>Domino</strong></span> <span class='ocrx_word' id='word_1_819' title='bbox 2242 5292 2353 5345; x_wconf 84' lang='lat' dir='ltr'><strong>lue-</strong></span> 
     </span>
    </p>
   </div>
   <div class='ocr_carea' id='block_1_110' title="bbox 764 5356 2343 5417">
    <p class='ocr_par' dir='ltr' id='par_1_110' title="bbox 764 5356 2343 5417">
     <span class='ocr_line' id='line_1_114' title="bbox 764 5356 2343 5417; baseline 0.004 -7"><span class='ocrx_word' id='word_1_820' title='bbox 764 5365 850 5410; x_wconf 81' lang='lat' dir='ltr'><strong>rat</strong></span> <span class='ocrx_word' id='word_1_821' title='bbox 883 5356 1142 5417; x_wconf 78' lang='lat' dir='ltr'><strong>ittStitutu,</strong></span> <span class='ocrx_word' id='word_1_822' title='bbox 1189 5365 1245 5409; x_wconf 86' lang='grc' dir='ltr'><strong>ιιι</strong></span> <span class='ocrx_word' id='word_1_823' title='bbox 1277 5356 1433 5410; x_wconf 89' lang='lat' dir='ltr'><strong>etiam</strong></span> <span class='ocrx_word' id='word_1_824' title='bbox 1477 5361 1806 5413; x_wconf 87' lang='lat' dir='ltr'><strong>antelucanis</strong></span> <span class='ocrx_word' id='word_1_825' title='bbox 1837 5360 1981 5415; x_wconf 91' lang='lat' dir='ltr'><strong>horis</strong></span> <span class='ocrx_word' id='word_1_826' title='bbox 2024 5374 2343 5417; x_wconf 88' lang='lat' dir='ltr'><strong>sumeretur.</strong></span> 
     </span>
    </p>
   </div>
   <div class='ocr_carea' id='block_1_111' title="bbox 766 5425 2349 5499">
    <p class='ocr_par' dir='ltr' id='par_1_111' title="bbox 766 5425 2349 5499">
     <span class='ocr_line' id='line_1_115' title="bbox 766 5425 2349 5499; baseline 0.006 -20"><span class='ocrx_word' id='word_1_827' title='bbox 766 5426 882 5499; x_wconf 80' lang='lat' dir='ltr'><strong>Non</strong></span> <span class='ocrx_word' id='word_1_828' title='bbox 914 5425 1157 5499; x_wconf 69' lang='lat' dir='ltr'><strong>pugnabo</strong></span> <span class='ocrx_word' id='word_1_829' title='bbox 1185 5435 1360 5499; x_wconf 89' lang='lat' dir='ltr'><strong>tamen</strong></span> <span class='ocrx_word' id='word_1_830' title='bbox 1388 5427 1642 5483; x_wconf 83' lang='lat' dir='ltr'><strong>adversus</strong></span> <span class='ocrx_word' id='word_1_831' title='bbox 1667 5444 1759 5483; x_wconf 88' lang='lat' dir='ltr'><strong>eos</strong></span> <span class='ocrx_word' id='word_1_832' title='bbox 1781 5432 1869 5499; x_wconf 89' lang='lat' dir='ltr'><strong>qui</strong></span> <span class='ocrx_word' id='word_1_833' title='bbox 1892 5444 2157 5499; x_wconf 90' lang='lat' dir='ltr'><strong>sumptum</strong></span> <span class='ocrx_word' id='word_1_834' title='bbox 2186 5434 2349 5488; x_wconf 81' lang='lat' dir='ltr'><strong>fuisse</strong></span> 
     </span>
    </p>
   </div>
   <div class='ocr_carea' id='block_1_112' title="bbox 766 5496 2345 5564">
    <p class='ocr_par' dir='ltr' id='par_1_112' title="bbox 766 5496 2345 5564">
     <span class='ocr_line' id='line_1_116' title="bbox 766 5496 2345 5564; baseline 0.003 -12"><span class='ocrx_word' id='word_1_835' title='bbox 766 5498 946 5552; x_wconf 89' lang='lat' dir='ltr'><strong>dicent</strong></span> <span class='ocrx_word' id='word_1_836' title='bbox 972 5496 1119 5550; x_wconf 88' lang='lat' dir='ltr'><strong>horis</strong></span> <span class='ocrx_word' id='word_1_837' title='bbox 1142 5498 1300 5551; x_wconf 91' lang='lat' dir='ltr'><strong>etiam</strong></span> <span class='ocrx_word' id='word_1_838' title='bbox 1323 5506 1469 5552; x_wconf 73' lang='lat' dir='ltr'><strong>extra</strong></span> <span class='ocrx_word' id='word_1_839' title='bbox 1498 5496 1860 5564; x_wconf 75' lang='lat' dir='ltr'><strong>antelucanas,</strong></span> <span class='ocrx_word' id='word_1_840' title='bbox 1893 5496 2050 5559; x_wconf 83' lang='lat' dir='ltr'><strong>modo</strong></span> <span class='ocrx_word' id='word_1_841' title='bbox 2075 5515 2197 5558; x_wconf 89' lang='lat' dir='ltr'><strong>ante</strong></span> <span class='ocrx_word' id='word_1_842' title='bbox 2225 5521 2345 5557; x_wconf 85' lang='lat' dir='ltr'><strong>om-</strong></span> 
     </span>
    </p>
   </div>
   <div class='ocr_carea' id='block_1_113' title="bbox 764 5566 2343 5639">
    <p class='ocr_par' dir='ltr' id='par_1_113' title="bbox 764 5566 2343 5639">
     <span class='ocr_line' id='line_1_117' title="bbox 764 5566 2343 5639; baseline 0.004 -17"><span class='ocrx_word' id='word_1_843' title='bbox 764 5583 890 5623; x_wconf 86' lang='lat' dir='ltr'><strong>nem</strong></span> <span class='ocrx_word' id='word_1_844' title='bbox 916 5566 1112 5639; x_wconf 68' lang='lat' dir='ltr'><strong>cibttnt.</strong></span> <span class='ocrx_word' id='word_1_845' title='bbox 1149 5568 1259 5622; x_wconf 91' lang='lat' dir='ltr'><strong>lloc</strong></span> <span class='ocrx_word' id='word_1_846' title='bbox 1285 5569 1426 5623; x_wconf 88' lang='lat' dir='ltr'><strong>enim</strong></span> <span class='ocrx_word' id='word_1_847' title='bbox 1448 5570 1747 5639; x_wconf 78' lang='lat' dir='ltr'><strong>signiﬁcare</strong></span> <span class='ocrx_word' id='word_1_848' title='bbox 1772 5573 1975 5627; x_wconf 88' lang='lat' dir='ltr'><strong>videtur</strong></span> <span class='ocrx_word' id='word_1_849' title='bbox 1999 5574 2085 5627; x_wconf 90' lang='lat' dir='ltr'><strong>lib.</strong></span> <span class='ocrx_word' id='word_1_850' title='bbox 2122 5577 2187 5627; x_wconf 90' lang='lat' dir='ltr'><strong>ad</strong></span> <span class='ocrx_word' id='word_1_851' title='bbox 2213 5590 2343 5629; x_wconf 76' lang='lat' dir='ltr'><strong>uxo-</strong></span> 
     </span>
    </p>
   </div>
   <div class='ocr_carea' id='block_1_114' title="bbox 768 5635 2343 5706">
    <p class='ocr_par' dir='ltr' id='par_1_114' title="bbox 768 5635 2343 5706">
     <span class='ocr_line' id='line_1_118' title="bbox 768 5635 2343 5706; baseline 0.005 -16"><span class='ocrx_word' id='word_1_852' title='bbox 768 5654 883 5692; x_wconf 86' lang='lat' dir='ltr'><strong>rem</strong></span> <span class='ocrx_word' id='word_1_853' title='bbox 912 5637 950 5692; x_wconf 94' lang='grc'><strong>11</strong></span> <span class='ocrx_word' id='word_1_854' title='bbox 973 5654 985 5688; x_wconf 90' lang='lat'>:</span> <span class='ocrx_word' id='word_1_855' title='bbox 1009 5635 1129 5690; x_wconf 86' lang='lat' dir='ltr'><strong>Non</strong></span> <span class='ocrx_word' id='word_1_856' title='bbox 1156 5640 1273 5691; x_wconf 84' lang='lat' dir='ltr'><strong>sciet</strong></span> <span class='ocrx_word' id='word_1_857' title='bbox 1303 5635 1519 5692; x_wconf 72' lang='lat' dir='ltr'><strong>maritus</strong></span> <span class='ocrx_word' id='word_1_858' title='bbox 1544 5640 1666 5706; x_wconf 88' lang='lat' dir='ltr'><strong>quid</strong></span> <span class='ocrx_word' id='word_1_859' title='bbox 1693 5654 1882 5696; x_wconf 84' lang='lat' dir='ltr'><strong>secreto</strong></span> <span class='ocrx_word' id='word_1_860' title='bbox 1907 5653 2022 5696; x_wconf 88' lang='lat' dir='ltr'><strong>ante</strong></span> <span class='ocrx_word' id='word_1_861' title='bbox 2047 5660 2243 5700; x_wconf 89' lang='lat' dir='ltr'><strong>onmem</strong></span> <span class='ocrx_word' id='word_1_862' title='bbox 2269 5648 2343 5698; x_wconf 89' lang='lat' dir='ltr'><strong>ci-</strong></span> 
     </span>
    </p>
   </div>
   <div class='ocr_carea' id='block_1_115' title="bbox 766 5709 2343 5779">
    <p class='ocr_par' dir='ltr' id='par_1_115' title="bbox 766 5709 2343 5779">
     <span class='ocr_line' id='line_1_119' title="bbox 766 5709 2343 5779; baseline 0.004 -17"><span class='ocrx_word' id='word_1_863' title='bbox 766 5711 884 5762; x_wconf 87' lang='lat' dir='ltr'><strong>bum</strong></span> <span class='ocrx_word' id='word_1_864' title='bbox 912 5709 1116 5777; x_wconf 83' lang='lat' dir='ltr'><strong>gustes?</strong></span> <span class='ocrx_word' id='word_1_865' title='bbox 1151 5710 1249 5763; x_wconf 90' lang='lat' dir='ltr'><strong>nisi</strong></span> <span class='ocrx_word' id='word_1_866' title='bbox 1279 5710 1445 5779; x_wconf 73' lang='lat' dir='ltr'><strong>magis</strong></span> <span class='ocrx_word' id='word_1_867' title='bbox 1478 5710 1713 5765; x_wconf 80' lang='lat' dir='ltr'><strong>videatur</strong></span> <span class='ocrx_word' id='word_1_868' title='bbox 1743 5715 1902 5767; x_wconf 85' lang='lat' dir='ltr'><strong>etiam</strong></span> <span class='ocrx_word' id='word_1_869' title='bbox 1937 5725 2060 5768; x_wconf 90' lang='lat' dir='ltr'><strong>ante</strong></span> <span class='ocrx_word' id='word_1_870' title='bbox 2089 5714 2343 5770; x_wconf 73' lang='lat' dir='ltr'><strong>saeculum</strong></span> 
     </span>
    </p>
   </div>
   <div class='ocr_carea' id='block_1_116' title="bbox 768 5778 2345 5855">
    <p class='ocr_par' dir='ltr' id='par_1_116' title="bbox 768 5778 2345 5855">
     <span class='ocr_line' id='line_1_120' title="bbox 768 5778 2345 5855; baseline 0.006 -24"><span class='ocrx_word' id='word_1_871' title='bbox 768 5778 1102 5855; x_wconf 76' lang='lat' dir='ltr'><strong>&#39;l&#39;crtulliuni,</strong></span> <span class='ocrx_word' id='word_1_872' title='bbox 1140 5778 1481 5855; x_wconf 73' lang='lat' dir='ltr'><strong>itidelensum</strong></span> <span class='ocrx_word' id='word_1_873' title='bbox 1521 5782 1620 5855; x_wconf 72' lang='lat' dir='ltr'><strong>hoc</strong></span> <span class='ocrx_word' id='word_1_874' title='bbox 1661 5781 1844 5848; x_wconf 79' lang='lat' dir='ltr'><strong>fuisse,</strong></span> <span class='ocrx_word' id='word_1_875' title='bbox 1879 5795 1930 5838; x_wconf 90' lang='lat' dir='ltr'><strong>et</strong></span> <span class='ocrx_word' id='word_1_876' title='bbox 1957 5800 2056 5854; x_wconf 87' lang='lat' dir='ltr'><strong>pro</strong></span> <span class='ocrx_word' id='word_1_877' title='bbox 2087 5788 2345 5855; x_wconf 87' lang='lat' dir='ltr'><strong>cujusque</strong></span> 
     </span>
    </p>
   </div>
   <div class='ocr_carea' id='block_1_117' title="bbox 762 5849 2344 5926">
    <p class='ocr_par' dir='ltr' id='par_1_117' title="bbox 762 5849 2344 5926">
     <span class='ocr_line' id='line_1_121' title="bbox 762 5849 2344 5926; baseline 0.006 -20"><span class='ocrx_word' id='word_1_878' title='bbox 762 5849 1021 5921; x_wconf 76' lang='lat' dir='ltr'><strong>religione</strong></span> <span class='ocrx_word' id='word_1_879' title='bbox 1044 5852 1185 5905; x_wconf 83' lang='lat' dir='ltr'><strong>varie</strong></span> <span class='ocrx_word' id='word_1_880' title='bbox 1210 5851 1519 5907; x_wconf 76' lang='lat' dir='ltr'><strong>factitatum.</strong></span> <span class='ocrx_word' id='word_1_881' title='bbox 1553 5852 1753 5926; x_wconf 75' lang='lat' dir='ltr'><strong>Exigua</strong></span> <span class='ocrx_word' id='word_1_882' title='bbox 1776 5868 1920 5913; x_wconf 89' lang='lat' dir='ltr'><strong>certe</strong></span> <span class='ocrx_word' id='word_1_883' title='bbox 1941 5849 2023 5912; x_wconf 77' lang='lat' dir='ltr'><strong>est</strong></span> <span class='ocrx_word' id='word_1_884' title='bbox 2043 5866 2096 5911; x_wconf 91' lang='lat' dir='ltr'><strong>ct</strong></span> <span class='ocrx_word' id='word_1_885' title='bbox 2120 5849 2344 5915; x_wconf 78' lang='lat' dir='ltr'><strong>obscura</strong></span> 
     </span>
    </p>
   </div>
   <div class='ocr_carea' id='block_1_118' title="bbox 2524 4721 4045 4847">
    <p class='ocr_par' dir='ltr' id='par_1_118' title="bbox 2524 4721 4045 4847">
     <span class='ocr_line' id='line_1_122' title="bbox 2524 4721 4045 4847; baseline 0.003 -73"><span class='ocrx_word' id='word_1_886' title='bbox 2524 4724 2589 4792; x_wconf 86' lang='lat' dir='ltr'><strong>(i)</strong></span> <span class='ocrx_word' id='word_1_887' title='bbox 2615 4725 2712 4775; x_wconf 75' lang='lat' dir='ltr'><strong>Aut</strong></span> <span class='ocrx_word' id='word_1_888' title='bbox 2737 4724 2890 4847; x_wconf 56' lang='lat' dir='ltr'><strong>(ranis</strong></span> <span class='ocrx_word' id='word_1_889' title='bbox 2924 4725 3076 4775; x_wconf 86' lang='lat' dir='ltr'><strong>etiam</strong></span> <span class='ocrx_word' id='word_1_890' title='bbox 3105 4722 3284 4775; x_wconf 81' lang='lat' dir='ltr'><strong>nostri.</strong></span> <span class='ocrx_word' id='word_1_891' title='bbox 3316 4721 3489 4776; x_wconf 84' lang='lat' dir='ltr'><strong>Etiam</strong></span> <span class='ocrx_word' id='word_1_892' title='bbox 3529 4737 3635 4777; x_wconf 85' lang='lat' dir='ltr'><strong>non</strong></span> <span class='ocrx_word' id='word_1_893' title='bbox 3676 4723 4045 4793; x_wconf 79' lang='lat' dir='ltr'><strong>eucharistici,</strong></span> 
     </span>
     <span class='ocr_line' id='line_1_123' title="bbox 2525 4792 3014 4847; baseline -0.002 -1"><span class='ocrx_word' id='word_1_894' title='bbox 2525 4809 2607 4847; x_wconf 91' lang='lat' dir='ltr'><strong>am</strong></span> <span class='ocrx_word' id='word_1_895' title='bbox 2637 4795 2862 4847; x_wconf 75' lang='lat' dir='ltr'><strong>hmani.</strong></span> <span class='ocrx_word' id='word_1_896' title='bbox 2895 4792 3014 4847; x_wconf 79' lang='lat' dir='ltr'><strong>th.</strong></span> 
     </span>
    </p>
   </div>
   <div class='ocr_carea' id='block_1_119' title="bbox 2451 4792 3014 4863">
    <p class='ocr_par' dir='ltr' id='par_1_119' title="bbox 2451 4792 3014 4863">
     <span class='ocr_line' id='line_1_124' title="bbox 2451 4792 3014 4863; baseline -0.007 -14"><span class='ocrx_word' id='word_1_897' title='bbox 2451 4795 2607 4849; x_wconf 84' lang='lat' dir='ltr'><strong>etiam</strong></span> <span class='ocrx_word' id='word_1_898' title='bbox 2636 4792 2862 4863; x_wconf 81' lang='lat' dir='ltr'><strong>profani.</strong></span> <span class='ocrx_word' id='word_1_899' title='bbox 2895 4792 3014 4849; x_wconf 79' lang='lat' dir='ltr'><strong>th.</strong></span> 
     </span>
    </p>
   </div>
   <div class='ocr_carea' id='block_1_120' title="bbox 2524 4863 4046 4935">
    <p class='ocr_par' dir='ltr' id='par_1_120' title="bbox 2524 4863 4046 4935">
     <span class='ocr_line' id='line_1_125' title="bbox 2524 4863 4046 4935; baseline 0.005 -19"><span class='ocrx_word' id='word_1_900' title='bbox 2524 4864 2589 4934; x_wconf 85' lang='lat' dir='ltr'><strong>(j)</strong></span> <span class='ocrx_word' id='word_1_901' title='bbox 2619 4865 2824 4934; x_wconf 75' lang='lat' dir='ltr'><strong>Aliquid</strong></span> <span class='ocrx_word' id='word_1_902' title='bbox 2850 4863 3012 4919; x_wconf 87' lang='lat' dir='ltr'><strong>decuti</strong></span> <span class='ocrx_word' id='word_1_903' title='bbox 3038 4865 3089 4918; x_wconf 87' lang='lat' dir='ltr'><strong>in</strong></span> <span class='ocrx_word' id='word_1_904' title='bbox 3121 4874 3326 4930; x_wconf 88' lang='lat' dir='ltr'><strong>terrant,</strong></span> <span class='ocrx_word' id='word_1_905' title='bbox 3350 4873 3454 4918; x_wconf 90' lang='lat' dir='ltr'><strong>etc.</strong></span> <span class='ocrx_word' id='word_1_906' title='bbox 3476 4863 3834 4935; x_wconf 80' lang='lat' dir='ltr'><strong>Augustinus:</strong></span> <span class='ocrx_word' id='word_1_907' title='bbox 3855 4867 4046 4932; x_wconf 82' lang='lat' dir='ltr'><strong>Quan-</strong></span> 
     </span>
    </p>
   </div>
   <div class='ocr_carea' id='block_1_121' title="bbox 2455 4936 4048 5006">
    <p class='ocr_par' dir='ltr' id='par_1_121' title="bbox 2455 4936 4048 5006">
     <span class='ocr_line' id='line_1_126' title="bbox 2455 4936 4048 5006; baseline 0.006 -19"><span class='ocrx_word' id='word_1_908' title='bbox 2455 4945 2508 5006; x_wconf 82' lang='lat' dir='ltr'><strong>ta</strong></span> <span class='ocrx_word' id='word_1_909' title='bbox 2557 4936 2915 4989; x_wconf 83' lang='lat' dir='ltr'><strong>sollicitudine</strong></span> <span class='ocrx_word' id='word_1_910' title='bbox 2962 4936 3331 5001; x_wconf 77' lang='lat' dir='ltr'><strong>observamus,</strong></span> <span class='ocrx_word' id='word_1_911' title='bbox 3389 4936 3603 5003; x_wconf 82' lang='lat' dir='ltr'><strong>quando</strong></span> <span class='ocrx_word' id='word_1_912' title='bbox 3647 4936 3800 4990; x_wconf 89' lang='lat' dir='ltr'><strong>nobis</strong></span> <span class='ocrx_word' id='word_1_913' title='bbox 3844 4951 4048 5006; x_wconf 87' lang='lat' dir='ltr'><strong>corpus</strong></span> 
     </span>
    </p>
   </div>
   <div class='ocr_carea' id='block_1_122' title="bbox 2452 5005 4046 5075">
    <p class='ocr_par' dir='ltr' id='par_1_122' title="bbox 2452 5005 4046 5075">
     <span class='ocr_line' id='line_1_127' title="bbox 2452 5005 4046 5075; baseline 0.002 -15"><span class='ocrx_word' id='word_1_914' title='bbox 2452 5005 2649 5060; x_wconf 88' lang='lat' dir='ltr'><strong>Christi</strong></span> <span class='ocrx_word' id='word_1_915' title='bbox 2679 5006 3023 5069; x_wconf 87' lang='lat' dir='ltr'><strong>ministratur,</strong></span> <span class='ocrx_word' id='word_1_916' title='bbox 3060 5016 3117 5059; x_wconf 92' lang='lat' dir='ltr'><strong>ut</strong></span> <span class='ocrx_word' id='word_1_917' title='bbox 3153 5006 3285 5060; x_wconf 89' lang='lat' dir='ltr'><strong>nihil</strong></span> <span class='ocrx_word' id='word_1_918' title='bbox 3312 5021 3377 5059; x_wconf 77' lang='lat' dir='ltr'><strong>ex</strong></span> <span class='ocrx_word' id='word_1_919' title='bbox 3408 5008 3523 5075; x_wconf 85' lang='lat' dir='ltr'><strong>ipso</strong></span> <span class='ocrx_word' id='word_1_920' title='bbox 3547 5007 3613 5059; x_wconf 89' lang='lat' dir='ltr'><strong>de</strong></span> <span class='ocrx_word' id='word_1_921' title='bbox 3639 5009 3841 5062; x_wconf 89' lang='lat' dir='ltr'><strong>nostris</strong></span> <span class='ocrx_word' id='word_1_922' title='bbox 3866 5005 4046 5063; x_wconf 83' lang='lat' dir='ltr'><strong>mani-</strong></span> 
     </span>
    </p>
   </div>
   <div class='ocr_carea' id='block_1_123' title="bbox 2457 5075 4043 5149">
    <p class='ocr_par' dir='ltr' id='par_1_123' title="bbox 2457 5075 4043 5149">
     <span class='ocr_line' id='line_1_128' title="bbox 2457 5075 4043 5149; baseline 0.002 -19"><span class='ocrx_word' id='word_1_923' title='bbox 2457 5078 2551 5130; x_wconf 91' lang='lat' dir='ltr'><strong>bus</strong></span> <span class='ocrx_word' id='word_1_924' title='bbox 2584 5079 2644 5149; x_wconf 21' lang='lat' dir='ltr'><strong>in‘</strong></span> <span class='ocrx_word' id='word_1_925' title='bbox 2664 5086 2858 5131; x_wconf 70' lang='lat' dir='ltr'><strong>terram</strong></span> <span class='ocrx_word' id='word_1_926' title='bbox 2886 5078 3061 5149; x_wconf 78' lang='lat' dir='ltr'><strong>cadat,</strong></span> <span class='ocrx_word' id='word_1_927' title='bbox 3092 5089 3196 5131; x_wconf 91' lang='lat' dir='ltr'><strong>etc.</strong></span> <span class='ocrx_word' id='word_1_928' title='bbox 3228 5077 3422 5131; x_wconf 75' lang='lat' dir='ltr'><strong>citetur</strong></span> <span class='ocrx_word' id='word_1_929' title='bbox 3460 5076 3602 5146; x_wconf 89' lang='lat' dir='ltr'><strong>apud</strong></span> <span class='ocrx_word' id='word_1_930' title='bbox 3629 5075 3969 5144; x_wconf 87' lang='lat' dir='ltr'><strong>Gratianum,</strong></span> <span class='ocrx_word' id='word_1_931' title='bbox 4000 5081 4043 5149; x_wconf 90' lang='grc' dir='ltr'><strong>Ι,</strong></span> 
     </span>
    </p>
   </div>
   <div class='ocr_carea' id='block_1_124' title="bbox 2451 5146 3053 5218">
    <p class='ocr_par' dir='ltr' id='par_1_124' title="bbox 2451 5146 3053 5218">
     <span class='ocr_line' id='line_1_129' title="bbox 2451 5146 3053 5218; baseline 0.003 -21"><span class='ocrx_word' id='word_1_932' title='bbox 2451 5162 2505 5217; x_wconf 92' lang='lat' dir='ltr'><strong>q.</strong></span> <span class='ocrx_word' id='word_1_933' title='bbox 2538 5150 2587 5202; x_wconf 83' lang='grc'><strong>1.</strong></span> <span class='ocrx_word' id='word_1_934' title='bbox 2620 5146 2902 5218; x_wconf 86' lang='lat' dir='ltr'><strong>Interrogo.</strong></span> <span class='ocrx_word' id='word_1_935' title='bbox 2935 5148 3053 5203; x_wconf 74' lang='lat' dir='ltr'><strong>RIG.</strong></span> 
     </span>
    </p>
   </div>
   <div class='ocr_carea' id='block_1_125' title="bbox 2522 5218 4045 5288">
    <p class='ocr_par' dir='ltr' id='par_1_125' title="bbox 2522 5218 4045 5288">
     <span class='ocr_line' id='line_1_130' title="bbox 2522 5218 4045 5288; baseline 0.002 -15"><span class='ocrx_word' id='word_1_936' title='bbox 2522 5220 2673 5273; x_wconf 79' lang='lat' dir='ltr'><strong>CAP.</strong></span> <span class='ocrx_word' id='word_1_937' title='bbox 2719 5218 2804 5271; x_wconf 83' lang='lat' dir='ltr'><strong>IV.</strong></span> <span class='ocrx_word' id='word_1_938' title='bbox 2834 5248 2904 5258; x_wconf 89' lang='lat'><strong>—-—</strong></span> <span class='ocrx_word' id='word_1_939' title='bbox 2954 5218 3035 5288; x_wconf 86' lang='lat' dir='ltr'><strong>(k)</strong></span> <span class='ocrx_word' id='word_1_940' title='bbox 3065 5218 3330 5272; x_wconf 83' lang='lat' dir='ltr'><strong>Rationem</strong></span> <span class='ocrx_word' id='word_1_941' title='bbox 3382 5218 3645 5273; x_wconf 86' lang='lat' dir='ltr'><strong>traditioni</strong></span> <span class='ocrx_word' id='word_1_942' title='bbox 3686 5222 4045 5288; x_wconf 74' lang='lat' dir='ltr'><strong>patrocinatu-</strong></span> 
     </span>
    </p>
   </div>
   <div class='ocr_carea' id='block_1_126' title="bbox 2452 5288 4047 5359">
    <p class='ocr_par' dir='ltr' id='par_1_126' title="bbox 2452 5288 4047 5359">
     <span class='ocr_line' id='line_1_131' title="bbox 2452 5288 4047 5359; baseline 0.005 -18"><span class='ocrx_word' id='word_1_943' title='bbox 2452 5306 2581 5342; x_wconf 88' lang='lat' dir='ltr'><strong>ram.</strong></span> <span class='ocrx_word' id='word_1_944' title='bbox 2625 5288 2832 5343; x_wconf 76' lang='lat' dir='ltr'><strong>Etenim</strong></span> <span class='ocrx_word' id='word_1_945' title='bbox 2870 5290 3071 5359; x_wconf 86' lang='lat' dir='ltr'><strong>absque</strong></span> <span class='ocrx_word' id='word_1_946' title='bbox 3103 5292 3306 5344; x_wconf 88' lang='lat' dir='ltr'><strong>ratione</strong></span> <span class='ocrx_word' id='word_1_947' title='bbox 3334 5304 3468 5342; x_wconf 86' lang='lat' dir='ltr'><strong>vana</strong></span> <span class='ocrx_word' id='word_1_948' title='bbox 3491 5300 3633 5343; x_wconf 86' lang='lat' dir='ltr'><strong>esset</strong></span> <span class='ocrx_word' id='word_1_949' title='bbox 3683 5290 3918 5345; x_wconf 89' lang='lat' dir='ltr'><strong>traditio.</strong></span> <span class='ocrx_word' id='word_1_950' title='bbox 3951 5294 4047 5349; x_wconf 89' lang='lat' dir='ltr'><strong>Sic</strong></span> 
     </span>
    </p>
   </div>
   <div class='ocr_carea' id='block_1_127' title="bbox 2453 5359 4048 5433">
    <p class='ocr_par' dir='ltr' id='par_1_127' title="bbox 2453 5359 4048 5433">
     <span class='ocr_line' id='line_1_132' title="bbox 2453 5359 4048 5433; baseline 0.003 -20"><span class='ocrx_word' id='word_1_951' title='bbox 2453 5361 2609 5433; x_wconf 85' lang='lat' dir='ltr'><strong>etiam</strong></span> <span class='ocrx_word' id='word_1_952' title='bbox 2644 5361 3019 5427; x_wconf 80' lang='lat' dir='ltr'><strong>Hieronymus,</strong></span> <span class='ocrx_word' id='word_1_953' title='bbox 3036 5362 3153 5415; x_wconf 92' lang='lat' dir='ltr'><strong>loco</strong></span> <span class='ocrx_word' id='word_1_954' title='bbox 3166 5361 3469 5433; x_wconf 84' lang='lat' dir='ltr'><strong>supradicto</strong></span> <span class='ocrx_word' id='word_1_955' title='bbox 3485 5376 3501 5433; x_wconf 93' lang='lat'><strong>_:</strong></span> <span class='ocrx_word' id='word_1_956' title='bbox 3518 5359 3901 5433; x_wconf 74' lang='lat' dir='ltr'><strong>Multaquealia</strong></span> <span class='ocrx_word' id='word_1_957' title='bbox 3927 5381 4048 5433; x_wconf 69' lang='lat' dir='ltr'><strong>qui:</strong></span> 
     </span>
    </p>
   </div>
   <div class='ocr_carea' id='block_1_128' title="bbox 2451 5431 4044 5499">
    <p class='ocr_par' dir='ltr' id='par_1_128' title="bbox 2451 5431 4044 5499">
     <span class='ocr_line' id='line_1_133' title="bbox 2451 5431 4044 5499; baseline 0.003 -16"><span class='ocrx_word' id='word_1_958' title='bbox 2451 5432 2637 5499; x_wconf 86' lang='lat' dir='ltr'><strong>scripta</strong></span> <span class='ocrx_word' id='word_1_959' title='bbox 2674 5447 2773 5483; x_wconf 88' lang='lat' dir='ltr'><strong>non</strong></span> <span class='ocrx_word' id='word_1_960' title='bbox 2822 5441 2958 5495; x_wconf 86' lang='lat' dir='ltr'><strong>sunt,</strong></span> <span class='ocrx_word' id='word_1_961' title='bbox 2991 5431 3304 5484; x_wconf 86' lang='lat' dir='ltr'><strong>rationabilis</strong></span> <span class='ocrx_word' id='word_1_962' title='bbox 3330 5432 3424 5485; x_wconf 86' lang='lat' dir='ltr'><strong>sibi</strong></span> <span class='ocrx_word' id='word_1_963' title='bbox 3444 5431 3720 5485; x_wconf 81' lang='lat' dir='ltr'><strong>observatio</strong></span> <span class='ocrx_word' id='word_1_964' title='bbox 3744 5431 4044 5488; x_wconf 77' lang='lat' dir='ltr'><strong>vindicavit.</strong></span> 
     </span>
    </p>
   </div>
   <div class='ocr_carea' id='block_1_129' title="bbox 2455 5499 4044 5573">
    <p class='ocr_par' dir='ltr' id='par_1_129' title="bbox 2455 5499 4044 5573">
     <span class='ocr_line' id='line_1_134' title="bbox 2455 5499 4044 5573; baseline 0.004 -20"><span class='ocrx_word' id='word_1_965' title='bbox 2455 5499 2563 5553; x_wconf 70' lang='lat' dir='ltr'><strong>Nec</strong></span> <span class='ocrx_word' id='word_1_966' title='bbox 2596 5502 2866 5573; x_wconf 71' lang='lat' dir='ltr'><strong>Apostolus</strong></span> <span class='ocrx_word' id='word_1_967' title='bbox 2895 5503 3183 5573; x_wconf 81' lang='lat' dir='ltr'><strong>obsequium</strong></span> <span class='ocrx_word' id='word_1_968' title='bbox 3223 5503 3395 5573; x_wconf 74' lang='lat' dir='ltr'><strong>exigit,</strong></span> <span class='ocrx_word' id='word_1_969' title='bbox 3430 5504 3526 5555; x_wconf 87' lang='lat' dir='ltr'><strong>nisi</strong></span> <span class='ocrx_word' id='word_1_970' title='bbox 3562 5502 3879 5573; x_wconf 85' lang='lat' dir='ltr'><strong>rationabile.</strong></span> <span class='ocrx_word' id='word_1_971' title='bbox 3914 5504 4044 5562; x_wconf 72' lang='grc' dir='ltr'><strong>Ιίιῦ.</strong></span> 
     </span>
    </p>
   </div>
   <div class='ocr_carea' id='block_1_130' title="bbox 2521 5571 4049 5642">
    <p class='ocr_par' dir='ltr' id='par_1_130' title="bbox 2521 5571 4049 5642">
     <span class='ocr_line' id='line_1_135' title="bbox 2521 5571 4049 5642; baseline 0.005 -19"><span class='ocrx_word' id='word_1_972' title='bbox 2521 5573 2583 5642; x_wconf 90' lang='grc'><strong>(1)</strong></span> <span class='ocrx_word' id='word_1_973' title='bbox 2606 5573 2756 5642; x_wconf 77' lang='lat' dir='ltr'><strong>Apud</strong></span> <span class='ocrx_word' id='word_1_974' title='bbox 2783 5571 2993 5628; x_wconf 81' lang='lat' dir='ltr'><strong>Judteos</strong></span> <span class='ocrx_word' id='word_1_975' title='bbox 3020 5571 3355 5627; x_wconf 84' lang='lat' dir='ltr'><strong>tantsolcnnie</strong></span> <span class='ocrx_word' id='word_1_976' title='bbox 3380 5581 3468 5626; x_wconf 84' lang='lat' dir='ltr'><strong>est.</strong></span> <span class='ocrx_word' id='word_1_977' title='bbox 3489 5573 3562 5628; x_wconf 87' lang='lat' dir='ltr'><strong>De</strong></span> <span class='ocrx_word' id='word_1_978' title='bbox 3592 5572 3832 5627; x_wconf 86' lang='lat' dir='ltr'><strong>velandis</strong></span> <span class='ocrx_word' id='word_1_979' title='bbox 3862 5573 4049 5631; x_wconf 75' lang='grc' dir='ltr'>ΐωιιιί-</span> 
     </span>
    </p>
   </div>
   <div class='ocr_carea' id='block_1_131' title="bbox 2450 5642 4043 5715">
    <p class='ocr_par' dir='ltr' id='par_1_131' title="bbox 2450 5642 4043 5715">
     <span class='ocr_line' id='line_1_136' title="bbox 2450 5642 4043 5715; baseline 0.004 -21"><span class='ocrx_word' id='word_1_980' title='bbox 2450 5646 2531 5699; x_wconf 86' lang='lat' dir='ltr'><strong>nis</strong></span> <span class='ocrx_word' id='word_1_981' title='bbox 2548 5644 2794 5696; x_wconf 85' lang='lat' dir='ltr'><strong>omnibus</strong></span> <span class='ocrx_word' id='word_1_982' title='bbox 2810 5645 3188 5713; x_wconf 83' lang='lat' dir='ltr'><strong>cujuscumque</strong></span> <span class='ocrx_word' id='word_1_983' title='bbox 3198 5644 3431 5715; x_wconf 76' lang='lat' dir='ltr'><strong>generis,</strong></span> <span class='ocrx_word' id='word_1_984' title='bbox 3448 5643 3672 5707; x_wconf 88' lang='lat' dir='ltr'><strong>ordinis,</strong></span> <span class='ocrx_word' id='word_1_985' title='bbox 3690 5642 4043 5715; x_wconf 91' lang='lat' dir='ltr'><strong>conditionis,</strong></span> 
     </span>
    </p>
   </div>
   <div class='ocr_carea' id='block_1_132' title="bbox 2449 5714 4048 5785">
    <p class='ocr_par' dir='ltr' id='par_1_132' title="bbox 2449 5714 4048 5785">
     <span class='ocr_line' id='line_1_137' title="bbox 2449 5714 4048 5785; baseline 0.001 -15"><span class='ocrx_word' id='word_1_986' title='bbox 2449 5715 2640 5777; x_wconf 79' lang='lat' dir='ltr'><strong>:ctatis,</strong></span> <span class='ocrx_word' id='word_1_987' title='bbox 2686 5714 2983 5784; x_wconf 84' lang='lat' dir='ltr'><strong>dignitatis,</strong></span> <span class='ocrx_word' id='word_1_988' title='bbox 3040 5731 3102 5767; x_wconf 78' lang='lat' dir='ltr'><strong>es</strong></span> <span class='ocrx_word' id='word_1_989' title='bbox 3148 5714 3426 5785; x_wconf 83' lang='lat' dir='ltr'><strong>Apostolo,</strong></span> <span class='ocrx_word' id='word_1_990' title='bbox 3466 5724 3615 5770; x_wconf 75' lang='lat' dir='ltr'><strong>extat</strong></span> <span class='ocrx_word' id='word_1_991' title='bbox 3659 5715 3792 5768; x_wconf 86' lang='lat' dir='ltr'><strong>liber</strong></span> <span class='ocrx_word' id='word_1_992' title='bbox 3833 5717 4048 5782; x_wconf 70' lang='lat' dir='ltr'><strong>integer</strong></span> 
     </span>
    </p>
   </div>
   <div class='ocr_carea' id='block_1_133' title="bbox 2451 5786 4047 5856">
    <p class='ocr_par' dir='ltr' id='par_1_133' title="bbox 2451 5786 4047 5856">
     <span class='ocr_line' id='line_1_138' title="bbox 2451 5786 4047 5856; baseline 0.002 -15"><span class='ocrx_word' id='word_1_993' title='bbox 2451 5786 2696 5841; x_wconf 84' lang='lat' dir='ltr'><strong>Auctoris</strong></span> <span class='ocrx_word' id='word_1_994' title='bbox 2723 5801 2880 5852; x_wconf 90' lang='lat' dir='ltr'><strong>quem</strong></span> <span class='ocrx_word' id='word_1_995' title='bbox 2904 5788 3144 5856; x_wconf 79' lang='lat' dir='ltr'><strong>suspicor</strong></span> <span class='ocrx_word' id='word_1_996' title='bbox 3165 5786 3265 5841; x_wconf 89' lang='lat' dir='ltr'><strong>hoc</strong></span> <span class='ocrx_word' id='word_1_997' title='bbox 3295 5786 3671 5855; x_wconf 86' lang='lat' dir='ltr'><strong>posteriorem,</strong></span> <span class='ocrx_word' id='word_1_998' title='bbox 3693 5799 3765 5856; x_wconf 81' lang='lat' dir='ltr'><strong>eo</strong></span> <span class='ocrx_word' id='word_1_999' title='bbox 3785 5787 3930 5855; x_wconf 89' lang='lat' dir='ltr'><strong>quod</strong></span> <span class='ocrx_word' id='word_1_1000' title='bbox 3955 5788 4047 5845; x_wconf 84' lang='lat' dir='ltr'><strong>hic</strong></span> 
     </span>
    </p>
   </div>
   <div class='ocr_carea' id='block_1_134' title="bbox 2449 5855 4046 5929">
    <p class='ocr_par' dir='ltr' id='par_1_134' title="bbox 2449 5855 4046 5929">
     <span class='ocr_line' id='line_1_139' title="bbox 2449 5855 4046 5929; baseline 0.002 -14"><span class='ocrx_word' id='word_1_1001' title='bbox 2449 5856 2661 5923; x_wconf 85' lang='lat' dir='ltr'><strong>subdat,</strong></span> <span class='ocrx_word' id='word_1_1002' title='bbox 2695 5855 2881 5922; x_wconf 81' lang='lat' dir='ltr'><strong>Qaer</strong></span> <span class='ocrx_word' id='word_1_1003' title='bbox 2912 5855 3091 5928; x_wconf 65' lang='lat' dir='ltr'><strong>legem,</strong></span> <span class='ocrx_word' id='word_1_1004' title='bbox 3124 5856 3420 5925; x_wconf 78' lang='lat' dir='ltr'><strong>Apostolunt</strong></span> <span class='ocrx_word' id='word_1_1005' title='bbox 3445 5856 3656 5929; x_wconf 73' lang='lat' dir='ltr'><strong>differo.</strong></span> <span class='ocrx_word' id='word_1_1006' title='bbox 3688 5855 3820 5912; x_wconf 75' lang='lat' dir='ltr'><strong>Nam</strong></span> <span class='ocrx_word' id='word_1_1007' title='bbox 3849 5858 3963 5915; x_wconf 86' lang='lat' dir='ltr'><strong>illic</strong></span> <span class='ocrx_word' id='word_1_1008' title='bbox 3990 5861 4046 5919; x_wconf 87' lang='lat' dir='ltr'><strong>id</strong></span> 
     </span>
    </p>
   </div>
  </div>
