  <div class='ocr_page' id='page_1' title='image "/cluster/home/n/w/nwhite01/storage/ocr_20150623/2/hvd.32044015466741/052.png"; bbox 0 0 4242 6492; ppageno 0'>
   <div class='ocr_carea' id='block_1_1' title="bbox 197 409 3500 475">
    <p class='ocr_par' dir='ltr' id='par_1_1' title="bbox 197 409 3500 475">
     <span class='ocr_line' id='line_1_1' title="bbox 197 409 3500 475; baseline 0.003 -10"><span class='ocrx_word' id='word_1_1' title='bbox 197 409 268 465; x_wconf 76' lang='grc'><strong>81</strong></span> <span class='ocrx_word' id='word_1_2' title='bbox 1558 410 1757 470; x_wconf 75' lang='lat' dir='ltr'><strong>LIBER</strong></span> <span class='ocrx_word' id='word_1_3' title='bbox 1803 410 1892 467; x_wconf 85' lang='lat' dir='ltr'><strong>DE</strong></span> <span class='ocrx_word' id='word_1_4' title='bbox 1931 411 2225 469; x_wconf 80' lang='lat' dir='ltr'><strong>CORONA.</strong></span> <span class='ocrx_word' id='word_1_5' title='bbox 3428 419 3500 475; x_wconf 72' lang='lat'><strong>82</strong></span> 
     </span>
    </p>
   </div>
   <div class='ocr_carea' id='block_1_2' title="bbox 193 506 3504 602">
    <p class='ocr_par' dir='ltr' id='par_1_2' title="bbox 193 506 3504 602">
     <span class='ocr_line' id='line_1_2' title="bbox 193 506 3504 602; baseline 0.002 -25"><span class='ocrx_word' id='word_1_6' title='bbox 193 506 394 592; x_wconf 81' lang='lat' dir='ltr'><strong>lcgem.</strong></span> <span class='ocrx_word' id='word_1_7' title='bbox 424 524 738 592; x_wconf 82' lang='lat' dir='ltr'><strong>Apostolum</strong></span> <span class='ocrx_word' id='word_1_8' title='bbox 780 523 963 580; x_wconf 81' lang='lat' dir='ltr'><strong>diﬂ&#39;ero</strong></span> <span class='ocrx_word' id='word_1_9' title='bbox 995 525 1038 601; x_wconf 90' lang='lat' dir='ltr'><strong>(l</strong></span> <span class='ocrx_word' id='word_1_10' title='bbox 1068 526 1210 593; x_wconf 86' lang='lat' dir='ltr'><strong>Cor.,</strong></span> <span class='ocrx_word' id='word_1_11' title='bbox 1242 527 1332 593; x_wconf 83' lang='lat' dir='ltr'><strong>XI,</strong></span> <span class='ocrx_word' id='word_1_12' title='bbox 1365 529 1452 599; x_wconf 78' lang='lat'><strong>5).</strong></span> <span class='ocrx_word' id='word_1_13' title='bbox 1480 528 1533 585; x_wconf 87' lang='lat' dir='ltr'><strong>Si</strong></span> <span class='ocrx_word' id='word_1_14' title='bbox 1557 529 1798 583; x_wconf 76' lang='lat' dir='ltr'><strong>Rebecca</strong></span> <span class='ocrx_word' id='word_1_15' title='bbox 1831 527 1880 586; x_wconf 84' lang='lat' dir='ltr'><strong>A</strong></span> <span class='ocrx_word' id='word_1_16' title='bbox 1903 525 2012 596; x_wconf 86' lang='lat' dir='ltr'><strong>jam</strong></span> <span class='ocrx_word' id='word_1_17' title='bbox 2067 529 2314 598; x_wconf 69' lang='lat' dir='ltr'><strong>praecepti</strong></span> <span class='ocrx_word' id='word_1_18' title='bbox 2363 529 2528 585; x_wconf 90' lang='lat' dir='ltr'><strong>instar</strong></span> <span class='ocrx_word' id='word_1_19' title='bbox 2554 529 2785 586; x_wconf 94' lang='lat' dir='ltr'><strong>obtinuit</strong></span> <span class='ocrx_word' id='word_1_20' title='bbox 2829 531 2898 587; x_wconf 90' lang='lat' dir='ltr'><strong>de</strong></span> <span class='ocrx_word' id='word_1_21' title='bbox 2926 531 3151 586; x_wconf 92' lang='lat' dir='ltr'><strong>rationis</strong></span> <span class='ocrx_word' id='word_1_22' title='bbox 3189 531 3382 587; x_wconf 69' lang='lat' dir='ltr'><strong>divina:</strong></span> <span class='ocrx_word' id='word_1_23' title='bbox 3412 547 3504 602; x_wconf 85' lang='lat' dir='ltr'><strong>pa-</strong></span> 
     </span>
    </p>
   </div>
   <div class='ocr_carea' id='block_1_3' title="bbox 199 620 1794 695">
    <p class='ocr_par' dir='ltr' id='par_1_3' title="bbox 199 620 1794 695">
     <span class='ocr_line' id='line_1_3' title="bbox 199 620 1794 695; baseline 0.004 -27"><span class='ocrx_word' id='word_1_24' title='bbox 199 631 494 685; x_wconf 87' lang='lat' dir='ltr'><strong>cnnspecto</strong></span> <span class='ocrx_word' id='word_1_25' title='bbox 554 620 735 687; x_wconf 89' lang='lat' dir='ltr'><strong>procul</strong></span> <span class='ocrx_word' id='word_1_26' title='bbox 794 634 991 689; x_wconf 89' lang='lat' dir='ltr'><strong>sponso</strong></span> <span class='ocrx_word' id='word_1_27' title='bbox 1051 621 1292 677; x_wconf 75' lang='lat' dir='ltr'><strong>velamen</strong></span> <span class='ocrx_word' id='word_1_28' title='bbox 1353 623 1544 678; x_wconf 86' lang='lat' dir='ltr'><strong>invasit</strong></span> <span class='ocrx_word' id='word_1_29' title='bbox 1581 623 1598 695; x_wconf 95' lang='lat'><strong>(</strong></span> <span class='ocrx_word' id='word_1_30' title='bbox 1639 623 1794 689; x_wconf 66' lang='lat' dir='ltr'><strong>Gem,</strong></span> 
     </span>
    </p>
   </div>
   <div class='ocr_carea' id='block_1_4' title="bbox 202 705 1790 786">
    <p class='ocr_par' dir='ltr' id='par_1_4' title="bbox 202 705 1790 786">
     <span class='ocr_line' id='line_1_4' title="bbox 202 705 1790 786; baseline 0.003 -25"><span class='ocrx_word' id='word_1_31' title='bbox 202 705 398 772; x_wconf 71' lang='lat' dir='ltr'><strong>XXIV,</strong></span> <span class='ocrx_word' id='word_1_32' title='bbox 432 709 548 777; x_wconf 82' lang='lat'><strong>65),</strong></span> <span class='ocrx_word' id='word_1_33' title='bbox 585 710 819 778; x_wconf 88' lang='lat' dir='ltr'><strong>privatus</strong></span> <span class='ocrx_word' id='word_1_34' title='bbox 859 711 1027 780; x_wconf 91' lang='lat' dir='ltr'><strong>pudor</strong></span> <span class='ocrx_word' id='word_1_35' title='bbox 1055 713 1224 783; x_wconf 82' lang='lat' dir='ltr'><strong>legem</strong></span> <span class='ocrx_word' id='word_1_36' title='bbox 1255 716 1431 769; x_wconf 81' lang='lat' dir='ltr'><strong>facere</strong></span> <span class='ocrx_word' id='word_1_37' title='bbox 1461 731 1564 769; x_wconf 90' lang='lat' dir='ltr'><strong>non</strong></span> <span class='ocrx_word' id='word_1_38' title='bbox 1598 717 1790 786; x_wconf 86' lang='lat' dir='ltr'><strong>putuit,</strong></span> 
     </span>
    </p>
   </div>
   <div class='ocr_carea' id='block_1_5' title="bbox 198 803 1798 875">
    <p class='ocr_par' dir='ltr' id='par_1_5' title="bbox 198 803 1798 875">
     <span class='ocr_line' id='line_1_5' title="bbox 198 803 1798 875; baseline 0.006 -22"><span class='ocrx_word' id='word_1_39' title='bbox 198 810 293 853; x_wconf 83' lang='lat' dir='ltr'><strong>aut</strong></span> <span class='ocrx_word' id='word_1_40' title='bbox 315 816 518 855; x_wconf 65' lang='lat' dir='ltr'><strong>caussm</strong></span> <span class='ocrx_word' id='word_1_41' title='bbox 541 816 652 857; x_wconf 83' lang='lat' dir='ltr'><strong>sua:</strong></span> <span class='ocrx_word' id='word_1_42' title='bbox 677 803 879 858; x_wconf 80' lang='lat' dir='ltr'><strong>fecerit.</strong></span> <span class='ocrx_word' id='word_1_43' title='bbox 905 805 1172 875; x_wconf 81' lang='lat' dir='ltr'><strong>&#39;I‘egantur</strong></span> <span class='ocrx_word' id='word_1_44' title='bbox 1192 806 1422 868; x_wconf 74' lang='lat' dir='ltr'><strong>virgines</strong></span> <span class='ocrx_word' id='word_1_45' title='bbox 1443 808 1591 871; x_wconf 66' lang='lat' dir='ltr'><strong>solae,</strong></span> <span class='ocrx_word' id='word_1_46' title='bbox 1616 818 1670 862; x_wconf 91' lang='lat' dir='ltr'><strong>et</strong></span> <span class='ocrx_word' id='word_1_47' title='bbox 1697 808 1798 862; x_wconf 90' lang='lat' dir='ltr'><strong>hoc</strong></span> 
     </span>
    </p>
   </div>
   <div class='ocr_carea' id='block_1_6' title="bbox 197 897 1791 969">
    <p class='ocr_par' dir='ltr' id='par_1_6' title="bbox 197 897 1791 969">
     <span class='ocr_line' id='line_1_6' title="bbox 197 897 1791 969; baseline 0.005 -22"><span class='ocrx_word' id='word_1_48' title='bbox 197 901 426 960; x_wconf 86' lang='lat' dir='ltr'><strong>nuptum</strong></span> <span class='ocrx_word' id='word_1_49' title='bbox 450 897 746 961; x_wconf 80' lang='lat' dir='ltr'><strong>venientes,</strong></span> <span class='ocrx_word' id='word_1_50' title='bbox 769 912 863 951; x_wconf 89' lang='lat' dir='ltr'><strong>nec</strong></span> <span class='ocrx_word' id='word_1_51' title='bbox 879 906 1160 967; x_wconf 76' lang='lat' dir='ltr'><strong>antequam</strong></span> <span class='ocrx_word' id='word_1_52' title='bbox 1183 899 1528 967; x_wconf 76' lang='lat' dir='ltr'><strong>cognoverint</strong></span> <span class='ocrx_word' id='word_1_53' title='bbox 1543 915 1791 969; x_wconf 81' lang='lat' dir='ltr'><strong>sponsos.</strong></span> 
     </span>
    </p>
   </div>
   <div class='ocr_carea' id='block_1_7' title="bbox 198 985 1793 1063">
    <p class='ocr_par' dir='ltr' id='par_1_7' title="bbox 198 985 1793 1063">
     <span class='ocr_line' id='line_1_7' title="bbox 198 985 1793 1063; baseline 0.005 -23"><span class='ocrx_word' id='word_1_54' title='bbox 198 985 256 1040; x_wconf 88' lang='lat' dir='ltr'><strong>Si</strong></span> <span class='ocrx_word' id='word_1_55' title='bbox 281 996 336 1040; x_wconf 91' lang='lat' dir='ltr'><strong>et</strong></span> <span class='ocrx_word' id='word_1_56' title='bbox 355 987 598 1042; x_wconf 77' lang='lat' dir='ltr'><strong>Susanna</strong></span> <span class='ocrx_word' id='word_1_57' title='bbox 626 990 675 1042; x_wconf 93' lang='lat' dir='ltr'><strong>iu</strong></span> <span class='ocrx_word' id='word_1_58' title='bbox 698 989 898 1055; x_wconf 79' lang='lat' dir='ltr'><strong>judicio</strong></span> <span class='ocrx_word' id='word_1_59' title='bbox 927 992 1162 1046; x_wconf 86' lang='lat' dir='ltr'><strong>revelata</strong></span> <span class='ocrx_word' id='word_1_60' title='bbox 1186 1003 1557 1063; x_wconf 77' lang='lat' dir='ltr'><strong>argumentum</strong></span> <span class='ocrx_word' id='word_1_61' title='bbox 1580 993 1793 1048; x_wconf 83' lang='lat' dir='ltr'><strong>velandi</strong></span> 
     </span>
    </p>
   </div>
   <div class='ocr_carea' id='block_1_8' title="bbox 201 1076 1796 1153">
    <p class='ocr_par' dir='ltr' id='par_1_8' title="bbox 201 1076 1796 1153">
     <span class='ocr_line' id='line_1_8' title="bbox 201 1076 1796 1153; baseline 0.008 -26"><span class='ocrx_word' id='word_1_62' title='bbox 201 1076 402 1147; x_wconf 87' lang='lat' dir='ltr'><strong>(Dmt.,</strong></span> <span class='ocrx_word' id='word_1_63' title='bbox 432 1079 570 1142; x_wconf 77' lang='lat' dir='ltr'><strong>XIII,</strong></span> <span class='ocrx_word' id='word_1_64' title='bbox 601 1081 699 1150; x_wconf 83' lang='grc'><strong>18)</strong></span> <span class='ocrx_word' id='word_1_65' title='bbox 732 1083 810 1152; x_wconf 87' lang='lat' dir='ltr'><strong>(I)</strong></span> <span class='ocrx_word' id='word_1_66' title='bbox 843 1093 1082 1152; x_wconf 67' lang='lat' dir='ltr'><strong>priestat,</strong></span> <span class='ocrx_word' id='word_1_67' title='bbox 1119 1099 1332 1153; x_wconf 89' lang='lat' dir='ltr'><strong>possum</strong></span> <span class='ocrx_word' id='word_1_68' title='bbox 1359 1085 1538 1141; x_wconf 87' lang='lat' dir='ltr'><strong>dicere</strong></span> <span class='ocrx_word' id='word_1_69' title='bbox 1565 1104 1580 1142; x_wconf 76' lang='grc' dir='ltr'>ε</span> <span class='ocrx_word' id='word_1_70' title='bbox 1610 1086 1680 1141; x_wconf 84' lang='grc' dir='ltr'><strong>Ει</strong></span> <span class='ocrx_word' id='word_1_71' title='bbox 1711 1087 1796 1140; x_wconf 87' lang='lat' dir='ltr'><strong>hic</strong></span> 
     </span>
    </p>
   </div>
   <div class='ocr_carea' id='block_1_9' title="bbox 198 1170 1794 1237">
    <p class='ocr_par' dir='ltr' id='par_1_9' title="bbox 198 1170 1794 1237">
     <span class='ocr_line' id='line_1_9' title="bbox 198 1170 1794 1237; baseline 0.007 -15"><span class='ocrx_word' id='word_1_72' title='bbox 198 1170 447 1224; x_wconf 80' lang='lat' dir='ltr'><strong>velamen</strong></span> <span class='ocrx_word' id='word_1_73' title='bbox 468 1171 670 1225; x_wconf 85' lang='lat' dir='ltr'><strong>arbitrii</strong></span> <span class='ocrx_word' id='word_1_74' title='bbox 695 1171 809 1234; x_wconf 82' lang='lat' dir='ltr'><strong>fuit,</strong></span> <span class='ocrx_word' id='word_1_75' title='bbox 838 1189 927 1228; x_wconf 89' lang='lat' dir='ltr'><strong>rea</strong></span> <span class='ocrx_word' id='word_1_76' title='bbox 955 1186 1190 1237; x_wconf 87' lang='lat' dir='ltr'><strong>venerat,</strong></span> <span class='ocrx_word' id='word_1_77' title='bbox 1219 1177 1543 1232; x_wconf 85' lang='lat' dir='ltr'><strong>erubescens</strong></span> <span class='ocrx_word' id='word_1_78' title='bbox 1565 1179 1633 1234; x_wconf 91' lang='lat' dir='ltr'><strong>de</strong></span> <span class='ocrx_word' id='word_1_79' title='bbox 1655 1178 1794 1233; x_wconf 82' lang='lat' dir='ltr'><strong>infa-</strong></span> 
     </span>
    </p>
   </div>
   <div class='ocr_carea' id='block_1_10' title="bbox 197 1263 1796 1340">
    <p class='ocr_par' dir='ltr' id='par_1_10' title="bbox 197 1263 1796 1340">
     <span class='ocr_line' id='line_1_10' title="bbox 197 1263 1796 1340; baseline 0.006 -23"><span class='ocrx_word' id='word_1_80' title='bbox 197 1263 305 1317; x_wconf 74' lang='lat' dir='ltr'><strong>mia</strong></span> <span class='ocrx_word' id='word_1_81' title='bbox 335 1278 454 1326; x_wconf 92' lang='lat' dir='ltr'><strong>sua,</strong></span> <span class='ocrx_word' id='word_1_82' title='bbox 487 1265 678 1318; x_wconf 88' lang='lat' dir='ltr'><strong>merito</strong></span> <span class='ocrx_word' id='word_1_83' title='bbox 706 1264 1040 1321; x_wconf 89' lang='lat' dir='ltr'><strong>abscondens</strong></span> <span class='ocrx_word' id='word_1_84' title='bbox 1060 1268 1308 1323; x_wconf 84' lang='lat' dir='ltr'><strong>decorem</strong></span> <span class='ocrx_word' id='word_1_85' title='bbox 1339 1271 1422 1324; x_wconf 86' lang='lat' dir='ltr'><strong>vel</strong></span> <span class='ocrx_word' id='word_1_86' title='bbox 1446 1271 1567 1340; x_wconf 84' lang='lat' dir='ltr'><strong>quia</strong></span> <span class='ocrx_word' id='word_1_87' title='bbox 1603 1271 1796 1327; x_wconf 87' lang='lat' dir='ltr'><strong>timens</strong></span> 
     </span>
    </p>
   </div>
   <div class='ocr_carea' id='block_1_11' title="bbox 195 1354 1794 1433">
    <p class='ocr_par' dir='ltr' id='par_1_11' title="bbox 195 1354 1794 1433">
     <span class='ocr_line' id='line_1_11' title="bbox 195 1354 1794 1433; baseline 0.006 -25"><span class='ocrx_word' id='word_1_88' title='bbox 195 1355 310 1424; x_wconf 88' lang='lat' dir='ltr'><strong>jam</strong></span> <span class='ocrx_word' id='word_1_89' title='bbox 346 1354 577 1425; x_wconf 90' lang='lat' dir='ltr'><strong>placere.</strong></span> <span class='ocrx_word' id='word_1_90' title='bbox 621 1357 888 1412; x_wconf 70' lang='lat' dir='ltr'><strong>Czcterum</strong></span> <span class='ocrx_word' id='word_1_91' title='bbox 927 1359 1003 1430; x_wconf 89' lang='lat' dir='ltr'><strong>(a)</strong></span> <span class='ocrx_word' id='word_1_92' title='bbox 1050 1361 1101 1414; x_wconf 93' lang='lat' dir='ltr'><strong>iu</strong></span> <span class='ocrx_word' id='word_1_93' title='bbox 1142 1361 1313 1414; x_wconf 85' lang='lat' dir='ltr'><strong>stadio</strong></span> <span class='ocrx_word' id='word_1_94' title='bbox 1341 1360 1421 1433; x_wconf 69' lang='lat'><strong>(‘2)</strong></span> <span class='ocrx_word' id='word_1_95' title='bbox 1455 1363 1654 1426; x_wconf 92' lang='lat' dir='ltr'><strong>mariti,</strong></span> <span class='ocrx_word' id='word_1_96' title='bbox 1687 1380 1794 1418; x_wconf 89' lang='lat' dir='ltr'><strong>non</strong></span> 
     </span>
    </p>
   </div>
   <div class='ocr_carea' id='block_1_12' title="bbox 199 1449 1797 1523">
    <p class='ocr_par' dir='ltr' id='par_1_12' title="bbox 199 1449 1797 1523">
     <span class='ocr_line' id='line_1_12' title="bbox 199 1449 1797 1523; baseline 0.006 -20"><span class='ocrx_word' id='word_1_97' title='bbox 199 1457 384 1517; x_wconf 88' lang='lat' dir='ltr'><strong>putem</strong></span> <span class='ocrx_word' id='word_1_98' title='bbox 413 1449 637 1503; x_wconf 87' lang='lat' dir='ltr'><strong>velatam</strong></span> <span class='ocrx_word' id='word_1_99' title='bbox 661 1449 1032 1508; x_wconf 82' lang='lat' dir='ltr'><strong>deambulasse</strong></span> <span class='ocrx_word' id='word_1_100' title='bbox 1058 1469 1176 1521; x_wconf 77' lang='lat' dir='ltr'><strong>qua:</strong></span> <span class='ocrx_word' id='word_1_101' title='bbox 1202 1455 1417 1523; x_wconf 80' lang='lat' dir='ltr'><strong>placuit.</strong></span> <span class='ocrx_word' id='word_1_102' title='bbox 1447 1455 1629 1511; x_wconf 87' lang='lat' dir='ltr'><strong>Fuerit</strong></span> <span class='ocrx_word' id='word_1_103' title='bbox 1656 1473 1797 1512; x_wconf 89' lang='lat' dir='ltr'><strong>nunc</strong></span> 
     </span>
    </p>
   </div>
   <div class='ocr_carea' id='block_1_13' title="bbox 197 1540 1793 1618">
    <p class='ocr_par' dir='ltr' id='par_1_13' title="bbox 197 1540 1793 1618">
     <span class='ocr_line' id='line_1_13' title="bbox 197 1540 1793 1618; baseline 0.006 -25"><span class='ocrx_word' id='word_1_104' title='bbox 197 1540 373 1594; x_wconf 80' lang='lat' dir='ltr'><strong>velata</strong></span> <span class='ocrx_word' id='word_1_105' title='bbox 412 1555 644 1610; x_wconf 85' lang='lat' dir='ltr'><strong>semper,</strong></span> <span class='ocrx_word' id='word_1_106' title='bbox 686 1543 737 1596; x_wconf 92' lang='lat' dir='ltr'><strong>in</strong></span> <span class='ocrx_word' id='word_1_107' title='bbox 770 1543 880 1611; x_wconf 86' lang='lat' dir='ltr'><strong>ipsa</strong></span> <span class='ocrx_word' id='word_1_108' title='bbox 910 1557 1122 1614; x_wconf 88' lang='lat' dir='ltr'><strong>quoque</strong></span> <span class='ocrx_word' id='word_1_109' title='bbox 1159 1545 1331 1615; x_wconf 89' lang='lat' dir='ltr'><strong>legem</strong></span> <span class='ocrx_word' id='word_1_110' title='bbox 1361 1547 1569 1602; x_wconf 87' lang='lat' dir='ltr'><strong>habitus</strong></span> <span class='ocrx_word' id='word_1_111' title='bbox 1601 1548 1679 1618; x_wconf 78' lang='lat'><strong>(5)</strong></span> <span class='ocrx_word' id='word_1_112' title='bbox 1705 1563 1793 1602; x_wconf 86' lang='lat' dir='ltr'><strong>re-</strong></span> 
     </span>
    </p>
   </div>
   <div class='ocr_carea' id='block_1_14' title="bbox 196 1633 1798 1708">
    <p class='ocr_par' dir='ltr' id='par_1_14' title="bbox 196 1633 1798 1708">
     <span class='ocr_line' id='line_1_14' title="bbox 196 1633 1798 1708; baseline 0.007 -26"><span class='ocrx_word' id='word_1_113' title='bbox 196 1633 376 1701; x_wconf 91' lang='lat' dir='ltr'><strong>quiro,</strong></span> <span class='ocrx_word' id='word_1_114' title='bbox 403 1633 484 1687; x_wconf 86' lang='lat' dir='ltr'><strong>vel</strong></span> <span class='ocrx_word' id='word_1_115' title='bbox 508 1634 558 1687; x_wconf 94' lang='lat' dir='ltr'><strong>in</strong></span> <span class='ocrx_word' id='word_1_116' title='bbox 584 1648 918 1704; x_wconf 88' lang='lat' dir='ltr'><strong>quacumque</strong></span> <span class='ocrx_word' id='word_1_117' title='bbox 939 1636 1133 1690; x_wconf 82' lang='lat' dir='ltr'><strong>alia.Si</strong></span> <span class='ocrx_word' id='word_1_118' title='bbox 1157 1636 1330 1707; x_wconf 91' lang='lat' dir='ltr'><strong>legem</strong></span> <span class='ocrx_word' id='word_1_119' title='bbox 1357 1653 1617 1708; x_wconf 88' lang='lat' dir='ltr'><strong>nusquam</strong></span> <span class='ocrx_word' id='word_1_120' title='bbox 1645 1654 1798 1708; x_wconf 89' lang='lat' dir='ltr'><strong>repe-</strong></span> 
     </span>
    </p>
   </div>
   <div class='ocr_carea' id='block_1_15' title="bbox 197 1723 1798 1793">
    <p class='ocr_par' dir='ltr' id='par_1_15' title="bbox 197 1723 1798 1793">
     <span class='ocr_line' id='line_1_15' title="bbox 197 1723 1798 1793; baseline 0.004 -17"><span class='ocrx_word' id='word_1_121' title='bbox 197 1723 304 1785; x_wconf 87' lang='lat' dir='ltr'><strong>rio,</strong></span> <span class='ocrx_word' id='word_1_122' title='bbox 330 1724 571 1793; x_wconf 81' lang='lat' dir='ltr'><strong>sequitur</strong></span> <span class='ocrx_word' id='word_1_123' title='bbox 595 1735 650 1778; x_wconf 94' lang='lat' dir='ltr'><strong>ut</strong></span> <span class='ocrx_word' id='word_1_124' title='bbox 673 1725 887 1780; x_wconf 90' lang='lat' dir='ltr'><strong>traditio</strong></span> <span class='ocrx_word' id='word_1_125' title='bbox 909 1728 1279 1781; x_wconf 85' lang='lat' dir='ltr'><strong>consuetudini</strong></span> <span class='ocrx_word' id='word_1_126' title='bbox 1309 1743 1511 1783; x_wconf 90' lang='lat' dir='ltr'><strong>morem</strong></span> <span class='ocrx_word' id='word_1_127' title='bbox 1542 1728 1680 1784; x_wconf 92' lang='lat' dir='ltr'><strong>hunc</strong></span> <span class='ocrx_word' id='word_1_128' title='bbox 1706 1729 1798 1783; x_wconf 89' lang='lat' dir='ltr'><strong>de-</strong></span> 
     </span>
    </p>
   </div>
   <div class='ocr_carea' id='block_1_16' title="bbox 1906 623 3497 694">
    <p class='ocr_par' dir='ltr' id='par_1_16' title="bbox 1906 623 3497 694">
     <span class='ocr_line' id='line_1_16' title="bbox 1906 623 3497 694; baseline 0.002 -18"><span class='ocrx_word' id='word_1_129' title='bbox 1906 623 2151 677; x_wconf 87' lang='lat' dir='ltr'><strong>trocinio.</strong></span> <span class='ocrx_word' id='word_1_130' title='bbox 2198 623 2344 678; x_wconf 90' lang='lat' dir='ltr'><strong>llanc</strong></span> <span class='ocrx_word' id='word_1_131' title='bbox 2397 639 2535 678; x_wconf 90' lang='lat' dir='ltr'><strong>nunc</strong></span> <span class='ocrx_word' id='word_1_132' title='bbox 2610 624 2923 694; x_wconf 85' lang='lat' dir='ltr'><strong>expostula,</strong></span> <span class='ocrx_word' id='word_1_133' title='bbox 2979 624 3130 679; x_wconf 86' lang='lat' dir='ltr'><strong>salvo</strong></span> <span class='ocrx_word' id='word_1_134' title='bbox 3196 624 3497 679; x_wconf 84' lang='lat' dir='ltr'><strong>traditionis</strong></span> 
     </span>
    </p>
   </div>
   <div class='ocr_carea' id='block_1_17' title="bbox 1906 716 3497 786">
    <p class='ocr_par' dir='ltr' id='par_1_17' title="bbox 1906 716 3497 786">
     <span class='ocr_line' id='line_1_17' title="bbox 1906 716 3497 786; baseline 0.002 -19"><span class='ocrx_word' id='word_1_135' title='bbox 1906 725 2191 784; x_wconf 88' lang='lat' dir='ltr'><strong>respectu,</strong></span> <span class='ocrx_word' id='word_1_136' title='bbox 2226 731 2564 786; x_wconf 90' lang='lat' dir='ltr'><strong>quocumque</strong></span> <span class='ocrx_word' id='word_1_137' title='bbox 2613 716 2868 772; x_wconf 85' lang='lat' dir='ltr'><strong>traditore</strong></span> <span class='ocrx_word' id='word_1_138' title='bbox 2903 725 3193 780; x_wconf 90' lang='lat' dir='ltr'><strong>censetur;</strong></span> <span class='ocrx_word' id='word_1_139' title='bbox 3235 731 3334 770; x_wconf 89' lang='lat' dir='ltr'><strong>nec</strong></span> <span class='ocrx_word' id='word_1_140' title='bbox 3373 730 3497 770; x_wconf 81' lang='lat' dir='ltr'><strong>auc-</strong></span> 
     </span>
    </p>
   </div>
   <div class='ocr_carea' id='block_1_18' title="bbox 1904 809 3496 879">
    <p class='ocr_par' dir='ltr' id='par_1_18' title="bbox 1904 809 3496 879">
     <span class='ocr_line' id='line_1_18' title="bbox 1904 809 3496 879; baseline -0.001 -17"><span class='ocrx_word' id='word_1_141' title='bbox 1904 817 2075 862; x_wconf 85' lang='lat' dir='ltr'><strong>torem</strong></span> <span class='ocrx_word' id='word_1_142' title='bbox 2141 810 2333 878; x_wconf 90' lang='lat' dir='ltr'><strong>respici</strong></span> <span class='ocrx_word' id='word_1_143' title='bbox 2359 825 2460 876; x_wconf 91' lang='lat' dir='ltr'><strong>as,</strong></span> <span class='ocrx_word' id='word_1_144' title='bbox 2517 810 2612 865; x_wconf 88' lang='lat' dir='ltr'><strong>sed</strong></span> <span class='ocrx_word' id='word_1_145' title='bbox 2656 813 3061 876; x_wconf 82' lang='lat' dir='ltr'><strong>auctoritatem,</strong></span> <span class='ocrx_word' id='word_1_146' title='bbox 3125 819 3180 864; x_wconf 89' lang='lat' dir='ltr'><strong>et</strong></span> <span class='ocrx_word' id='word_1_147' title='bbox 3233 809 3496 879; x_wconf 85' lang='lat' dir='ltr'><strong>imprimis</strong></span> 
     </span>
    </p>
   </div>
   <div class='ocr_carea' id='block_1_19' title="bbox 1903 901 3494 973">
    <p class='ocr_par' dir='ltr' id='par_1_19' title="bbox 1903 901 3494 973">
     <span class='ocr_line' id='line_1_19' title="bbox 1903 901 3494 973; baseline -0.001 -17"><span class='ocrx_word' id='word_1_148' title='bbox 1903 901 2304 958; x_wconf 82' lang='lat' dir='ltr'><strong>consuetudinis</strong></span> <span class='ocrx_word' id='word_1_149' title='bbox 2335 903 2537 972; x_wconf 88' lang='lat' dir='ltr'><strong>ipsius:</strong></span> <span class='ocrx_word' id='word_1_150' title='bbox 2587 919 2707 972; x_wconf 68' lang='lat' dir='ltr'><strong>qua:</strong></span> <span class='ocrx_word' id='word_1_151' title='bbox 2733 913 3015 973; x_wconf 88' lang='lat' dir='ltr'><strong>propterea</strong></span> <span class='ocrx_word' id='word_1_152' title='bbox 3036 901 3258 957; x_wconf 88' lang='lat' dir='ltr'><strong>colenda</strong></span> <span class='ocrx_word' id='word_1_153' title='bbox 3281 913 3362 957; x_wconf 88' lang='lat' dir='ltr'><strong>est</strong></span> <span class='ocrx_word' id='word_1_154' title='bbox 3387 942 3402 964; x_wconf 94' lang='lat'><strong>,</strong></span> <span class='ocrx_word' id='word_1_155' title='bbox 3427 914 3494 955; x_wconf 91' lang='lat' dir='ltr'><strong>ne</strong></span> 
     </span>
    </p>
   </div>
   <div class='ocr_carea' id='block_1_20' title="bbox 1904 991 3493 1065">
    <p class='ocr_par' dir='ltr' id='par_1_20' title="bbox 1904 991 3493 1065">
     <span class='ocr_line' id='line_1_20' title="bbox 1904 991 3493 1065; baseline -0.002 -17"><span class='ocrx_word' id='word_1_156' title='bbox 1904 1009 2010 1048; x_wconf 91' lang='lat' dir='ltr'><strong>non</strong></span> <span class='ocrx_word' id='word_1_157' title='bbox 2040 995 2106 1047; x_wconf 85' lang='lat' dir='ltr'><strong>sit</strong></span> <span class='ocrx_word' id='word_1_158' title='bbox 2133 993 2354 1049; x_wconf 88' lang='lat' dir='ltr'><strong>rationis</strong></span> <span class='ocrx_word' id='word_1_159' title='bbox 2375 995 2660 1065; x_wconf 90' lang='lat' dir='ltr'><strong>interpres,</strong></span> <span class='ocrx_word' id='word_1_160' title='bbox 2685 1003 2760 1058; x_wconf 91' lang='lat' dir='ltr'><strong>ut,</strong></span> <span class='ocrx_word' id='word_1_161' title='bbox 2783 994 2828 1048; x_wconf 90' lang='lat' dir='ltr'><strong>si</strong></span> <span class='ocrx_word' id='word_1_162' title='bbox 2850 1003 2904 1047; x_wconf 90' lang='lat' dir='ltr'><strong>et</strong></span> <span class='ocrx_word' id='word_1_163' title='bbox 2931 993 3068 1048; x_wconf 89' lang='lat' dir='ltr'><strong>hanc</strong></span> <span class='ocrx_word' id='word_1_164' title='bbox 3092 993 3232 1049; x_wconf 91' lang='lat' dir='ltr'><strong>Deus</strong></span> <span class='ocrx_word' id='word_1_165' title='bbox 3256 991 3493 1054; x_wconf 91' lang='lat' dir='ltr'><strong>dederit,</strong></span> 
     </span>
    </p>
   </div>
   <div class='ocr_carea' id='block_1_21' title="bbox 1906 1083 3494 1142">
    <p class='ocr_par' dir='ltr' id='par_1_21' title="bbox 1906 1083 3494 1142">
     <span class='ocr_line' id='line_1_21' title="bbox 1906 1083 3494 1142; baseline -0.001 -3"><span class='ocrx_word' id='word_1_166' title='bbox 1906 1095 2032 1140; x_wconf 92' lang='lat' dir='ltr'><strong>tunc</strong></span> <span class='ocrx_word' id='word_1_167' title='bbox 2056 1087 2230 1141; x_wconf 90' lang='lat' dir='ltr'><strong>discas</strong></span> <span class='ocrx_word' id='word_1_168' title='bbox 2276 1102 2342 1141; x_wconf 90' lang='lat' dir='ltr'><strong>an</strong></span> <span class='ocrx_word' id='word_1_169' title='bbox 2370 1101 2478 1141; x_wconf 94' lang='lat' dir='ltr'><strong>non</strong></span> <span class='ocrx_word' id='word_1_170' title='bbox 2523 1085 2856 1142; x_wconf 90' lang='lat' dir='ltr'><strong>observanda</strong></span> <span class='ocrx_word' id='word_1_171' title='bbox 2901 1086 2972 1141; x_wconf 89' lang='lat' dir='ltr'><strong>sit</strong></span> <span class='ocrx_word' id='word_1_172' title='bbox 3010 1085 3105 1142; x_wconf 91' lang='lat' dir='ltr'><strong>tibi</strong></span> <span class='ocrx_word' id='word_1_173' title='bbox 3141 1083 3494 1141; x_wconf 86' lang='lat' dir='ltr'><strong>consuetudo.</strong></span> 
     </span>
    </p>
   </div>
   <div class='ocr_carea' id='block_1_22' title="bbox 2509 1176 2827 1234">
    <p class='ocr_par' dir='ltr' id='par_1_22' title="bbox 2509 1176 2827 1234">
     <span class='ocr_line' id='line_1_22' title="bbox 2509 1176 2827 1234; baseline -0.009 -1"><span class='ocrx_word' id='word_1_174' title='bbox 2509 1176 2735 1234; x_wconf 85' lang='lat' dir='ltr'><strong>CAPUT</strong></span> <span class='ocrx_word' id='word_1_175' title='bbox 2763 1176 2827 1232; x_wconf 85' lang='lat' dir='ltr'><strong>V.</strong></span> 
     </span>
    </p>
   </div>
   <div class='ocr_carea' id='block_1_23' title="bbox 1960 1267 3498 1343">
    <p class='ocr_par' dir='ltr' id='par_1_23' title="bbox 1960 1267 3498 1343">
     <span class='ocr_line' id='line_1_23' title="bbox 1960 1267 3498 1343; baseline -0.003 -16"><span class='ocrx_word' id='word_1_176' title='bbox 1960 1271 2064 1327; x_wconf 89' lang='lat' dir='ltr'><strong>Sed</strong></span> <span class='ocrx_word' id='word_1_177' title='bbox 2083 1270 2166 1343; x_wconf 83' lang='lat'><strong>(6)</strong></span> <span class='ocrx_word' id='word_1_178' title='bbox 2184 1286 2279 1326; x_wconf 92' lang='lat' dir='ltr'><strong>cur</strong></span> <span class='ocrx_word' id='word_1_179' title='bbox 2291 1269 2464 1341; x_wconf 86' lang='lat' dir='ltr'><strong>major</strong></span> <span class='ocrx_word' id='word_1_180' title='bbox 2477 1269 2705 1326; x_wconf 83' lang='lat' dir='ltr'><strong>efficitur</strong></span> <span class='ocrx_word' id='word_1_181' title='bbox 2725 1271 2803 1343; x_wconf 86' lang='lat'><strong>(7)</strong></span> <span class='ocrx_word' id='word_1_182' title='bbox 2823 1269 2958 1325; x_wconf 89' lang='lat' dir='ltr'><strong>ratio</strong></span> <span class='ocrx_word' id='word_1_183' title='bbox 2974 1269 3382 1326; x_wconf 87' lang='lat' dir='ltr'><strong>christiauarum</strong></span> <span class='ocrx_word' id='word_1_184' title='bbox 3401 1267 3498 1322; x_wconf 91' lang='lat' dir='ltr'><strong>ob-</strong></span> 
     </span>
    </p>
   </div>
   <div class='ocr_carea' id='block_1_24' title="bbox 1903 1359 3495 1433">
    <p class='ocr_par' dir='ltr' id='par_1_24' title="bbox 1903 1359 3495 1433">
     <span class='ocr_line' id='line_1_24' title="bbox 1903 1359 3495 1433; baseline -0.004 -13"><span class='ocrx_word' id='word_1_185' title='bbox 1903 1366 2262 1421; x_wconf 89' lang='lat' dir='ltr'><strong>servationum</strong></span> <span class='ocrx_word' id='word_1_186' title='bbox 2283 1404 2298 1430; x_wconf 91' lang='lat'><strong>,</strong></span> <span class='ocrx_word' id='word_1_187' title='bbox 2333 1377 2455 1417; x_wconf 93' lang='lat' dir='ltr'><strong>cum</strong></span> <span class='ocrx_word' id='word_1_188' title='bbox 2473 1362 2558 1433; x_wconf 78' lang='grc' dir='ltr'><strong>(ά)</strong></span> <span class='ocrx_word' id='word_1_189' title='bbox 2582 1362 2699 1417; x_wconf 90' lang='lat' dir='ltr'><strong>illas</strong></span> <span class='ocrx_word' id='word_1_190' title='bbox 2719 1363 2880 1417; x_wconf 87' lang='lat' dir='ltr'><strong>etiam</strong></span> <span class='ocrx_word' id='word_1_191' title='bbox 2901 1371 3088 1416; x_wconf 89' lang='lat' dir='ltr'><strong>natura</strong></span> <span class='ocrx_word' id='word_1_192' title='bbox 3108 1360 3346 1416; x_wconf 82' lang='lat' dir='ltr'><strong>defendit</strong></span> <span class='ocrx_word' id='word_1_193' title='bbox 3375 1359 3454 1430; x_wconf 90' lang='lat'><strong>(8)</strong></span> <span class='ocrx_word' id='word_1_194' title='bbox 3480 1400 3495 1425; x_wconf 89' lang='lat'><strong>,</strong></span> 
     </span>
    </p>
   </div>
   <div class='ocr_carea' id='block_1_25' title="bbox 1901 1453 3500 1528">
    <p class='ocr_par' dir='ltr' id='par_1_25' title="bbox 1901 1453 3500 1528">
     <span class='ocr_line' id='line_1_25' title="bbox 1901 1453 3500 1528; baseline -0.003 -18"><span class='ocrx_word' id='word_1_195' title='bbox 1901 1473 2020 1527; x_wconf 75' lang='lat' dir='ltr'><strong>qua:</strong></span> <span class='ocrx_word' id='word_1_196' title='bbox 2042 1459 2214 1528; x_wconf 89' lang='lat' dir='ltr'><strong>prima</strong></span> <span class='ocrx_word' id='word_1_197' title='bbox 2237 1456 2478 1510; x_wconf 93' lang='lat' dir='ltr'><strong>omnium</strong></span> <span class='ocrx_word' id='word_1_198' title='bbox 2502 1455 2782 1524; x_wconf 86' lang='lat' dir='ltr'><strong>disciplina</strong></span> <span class='ocrx_word' id='word_1_199' title='bbox 2805 1455 2911 1509; x_wconf 82' lang='lat' dir='ltr'><strong>est?</strong></span> <span class='ocrx_word' id='word_1_200' title='bbox 2938 1455 3165 1524; x_wconf 82' lang='lat' dir='ltr'><strong>Ideoque</strong></span> <span class='ocrx_word' id='word_1_201' title='bbox 3193 1453 3309 1509; x_wconf 73' lang='lat' dir='ltr'><strong>lucc</strong></span> <span class='ocrx_word' id='word_1_202' title='bbox 3326 1453 3500 1522; x_wconf 87' lang='lat' dir='ltr'><strong>prima</strong></span> 
     </span>
    </p>
   </div>
   <div class='ocr_carea' id='block_1_26' title="bbox 1901 1545 3500 1618">
    <p class='ocr_par' dir='ltr' id='par_1_26' title="bbox 1901 1545 3500 1618">
     <span class='ocr_line' id='line_1_26' title="bbox 1901 1545 3500 1618; baseline -0.003 -14"><span class='ocrx_word' id='word_1_203' title='bbox 1901 1550 2087 1605; x_wconf 88' lang='lat' dir='ltr'><strong>scribit</strong></span> <span class='ocrx_word' id='word_1_204' title='bbox 2130 1563 2385 1604; x_wconf 89' lang='lat' dir='ltr'><strong>coronam</strong></span> <span class='ocrx_word' id='word_1_205' title='bbox 2438 1547 2598 1618; x_wconf 85' lang='lat' dir='ltr'><strong>capiti</strong></span> <span class='ocrx_word' id='word_1_206' title='bbox 2631 1562 2735 1602; x_wconf 93' lang='lat' dir='ltr'><strong>non</strong></span> <span class='ocrx_word' id='word_1_207' title='bbox 2777 1548 3089 1602; x_wconf 89' lang='lat' dir='ltr'><strong>convenire.</strong></span> <span class='ocrx_word' id='word_1_208' title='bbox 3135 1545 3270 1601; x_wconf 86' lang='lat' dir='ltr'><strong>Puto</strong></span> <span class='ocrx_word' id='word_1_209' title='bbox 3320 1557 3500 1600; x_wconf 89' lang='lat' dir='ltr'><strong>autem</strong></span> 
     </span>
    </p>
   </div>
   <div class='ocr_carea' id='block_1_27' title="bbox 1902 1637 3500 1710">
    <p class='ocr_par' dir='ltr' id='par_1_27' title="bbox 1902 1637 3500 1710">
     <span class='ocr_line' id='line_1_27' title="bbox 1902 1637 3500 1710; baseline -0.004 -12"><span class='ocrx_word' id='word_1_210' title='bbox 1902 1655 2105 1698; x_wconf 76' lang='lat' dir='ltr'><strong>naturzn</strong></span> <span class='ocrx_word' id='word_1_211' title='bbox 2151 1642 2401 1698; x_wconf 90' lang='lat' dir='ltr'><strong>dominus</strong></span> <span class='ocrx_word' id='word_1_212' title='bbox 2448 1641 2590 1697; x_wconf 91' lang='lat' dir='ltr'><strong>Deus</strong></span> <span class='ocrx_word' id='word_1_213' title='bbox 2616 1648 2802 1696; x_wconf 85' lang='lat' dir='ltr'><strong>noster</strong></span> <span class='ocrx_word' id='word_1_214' title='bbox 2827 1648 2942 1704; x_wconf 88' lang='lat' dir='ltr'><strong>est,</strong></span> <span class='ocrx_word' id='word_1_215' title='bbox 2991 1639 3080 1710; x_wconf 90' lang='lat' dir='ltr'><strong>qui</strong></span> <span class='ocrx_word' id='word_1_216' title='bbox 3109 1638 3358 1710; x_wconf 80' lang='lat' dir='ltr'><strong>figuravit</strong></span> <span class='ocrx_word' id='word_1_217' title='bbox 3398 1637 3500 1692; x_wconf 89' lang='lat' dir='ltr'><strong>ho-</strong></span> 
     </span>
    </p>
   </div>
   <div class='ocr_carea' id='block_1_28' title="bbox 1903 1715 3498 1800">
    <p class='ocr_par' dir='ltr' id='par_1_28' title="bbox 1903 1715 3498 1800">
     <span class='ocr_line' id='line_1_28' title="bbox 1903 1715 3498 1800; baseline -0.004 -12"><span class='ocrx_word' id='word_1_218' title='bbox 1903 1736 2133 1800; x_wconf 92' lang='lat' dir='ltr'><strong>minem,</strong></span> <span class='ocrx_word' id='word_1_219' title='bbox 2165 1743 2219 1788; x_wconf 90' lang='lat' dir='ltr'><strong>et</strong></span> <span class='ocrx_word' id='word_1_220' title='bbox 2241 1732 2502 1789; x_wconf 89' lang='lat' dir='ltr'><strong>fructibus</strong></span> <span class='ocrx_word' id='word_1_221' title='bbox 2540 1747 2720 1789; x_wconf 91' lang='lat' dir='ltr'><strong>rerum</strong></span> <span class='ocrx_word' id='word_1_222' title='bbox 2767 1729 3112 1800; x_wconf 86' lang='lat' dir='ltr'><strong>appetendis,</strong></span> <span class='ocrx_word' id='word_1_223' title='bbox 3159 1715 3498 1799; x_wconf 67' lang='lat' dir='ltr'><strong>iudicandis,</strong></span> 
     </span>
    </p>
   </div>
   <div class='ocr_carea' id='block_1_29' title="bbox 194 1815 3506 1896">
    <p class='ocr_par' dir='ltr' id='par_1_29' title="bbox 194 1815 3506 1896">
     <span class='ocr_line' id='line_1_29' title="bbox 194 1815 3506 1896; baseline 0.002 -27"><span class='ocrx_word' id='word_1_224' title='bbox 194 1815 362 1880; x_wconf 83' lang='lat' dir='ltr'><strong>derit,</strong></span> <span class='ocrx_word' id='word_1_225' title='bbox 408 1817 709 1871; x_wconf 75' lang='lat' dir='ltr'><strong>habitarunt</strong></span> <span class='ocrx_word' id='word_1_226' title='bbox 767 1818 1089 1889; x_wconf 91' lang='lat' dir='ltr'><strong>quandoque</strong></span> <span class='ocrx_word' id='word_1_227' title='bbox 1143 1820 1382 1890; x_wconf 79' lang='lat' dir='ltr'><strong>Apostoli</strong></span> <span class='ocrx_word' id='word_1_228' title='bbox 1422 1823 1792 1877; x_wconf 85' lang='lat' dir='ltr'><strong>auctoritatem</strong></span> <span class='ocrx_word' id='word_1_229' title='bbox 1826 1833 1873 1893; x_wconf 86' lang='grc' dir='ltr'><strong>Β</strong></span> <span class='ocrx_word' id='word_1_230' title='bbox 1901 1826 2295 1896; x_wconf 88' lang='lat' dir='ltr'><strong>eonscquendis</strong></span> <span class='ocrx_word' id='word_1_231' title='bbox 2315 1868 2330 1892; x_wconf 92' lang='lat'><strong>,</strong></span> <span class='ocrx_word' id='word_1_232' title='bbox 2360 1838 2538 1882; x_wconf 91' lang='lat' dir='ltr'><strong>certos</strong></span> <span class='ocrx_word' id='word_1_233' title='bbox 2566 1828 2620 1882; x_wconf 90' lang='lat' dir='ltr'><strong>in</strong></span> <span class='ocrx_word' id='word_1_234' title='bbox 2649 1840 2716 1881; x_wconf 90' lang='lat' dir='ltr'><strong>co</strong></span> <span class='ocrx_word' id='word_1_235' title='bbox 2745 1838 2937 1881; x_wconf 78' lang='lat' dir='ltr'><strong>sensus</strong></span> <span class='ocrx_word' id='word_1_236' title='bbox 2963 1822 3228 1878; x_wconf 88' lang='lat' dir='ltr'><strong>ordinavit</strong></span> <span class='ocrx_word' id='word_1_237' title='bbox 3255 1837 3349 1892; x_wconf 92' lang='lat' dir='ltr'><strong>per</strong></span> <span class='ocrx_word' id='word_1_238' title='bbox 3379 1837 3506 1892; x_wconf 88' lang='lat' dir='ltr'><strong>pro-</strong></span> 
     </span>
    </p>
   </div>
   <div class='ocr_carea' id='block_1_30' title="bbox 197 1909 1795 1983">
    <p class='ocr_par' dir='ltr' id='par_1_30' title="bbox 197 1909 1795 1983">
     <span class='ocr_line' id='line_1_30' title="bbox 197 1909 1795 1983; baseline 0.004 -22"><span class='ocrx_word' id='word_1_239' title='bbox 197 1923 265 1961; x_wconf 76' lang='lat' dir='ltr'><strong>cx</strong></span> <span class='ocrx_word' id='word_1_240' title='bbox 302 1909 740 1978; x_wconf 90' lang='lat' dir='ltr'><strong>interpretatione</strong></span> <span class='ocrx_word' id='word_1_241' title='bbox 789 1910 1028 1964; x_wconf 82' lang='lat' dir='ltr'><strong>rationis.</strong></span> <span class='ocrx_word' id='word_1_242' title='bbox 1071 1910 1161 1964; x_wconf 92' lang='lat' dir='ltr'><strong>llis</strong></span> <span class='ocrx_word' id='word_1_243' title='bbox 1206 1912 1365 1982; x_wconf 89' lang='lat' dir='ltr'><strong>igitur</strong></span> <span class='ocrx_word' id='word_1_244' title='bbox 1407 1912 1668 1983; x_wconf 78' lang='lat' dir='ltr'><strong>exemplis</strong></span> <span class='ocrx_word' id='word_1_245' title='bbox 1705 1929 1795 1968; x_wconf 86' lang='lat' dir='ltr'><strong>re-</strong></span> 
     </span>
    </p>
   </div>
   <div class='ocr_carea' id='block_1_31' title="bbox 196 2001 1798 2070">
    <p class='ocr_par' dir='ltr' id='par_1_31' title="bbox 196 2001 1798 2070">
     <span class='ocr_line' id='line_1_31' title="bbox 196 2001 1798 2070; baseline 0.004 -17"><span class='ocrx_word' id='word_1_246' title='bbox 196 2001 500 2054; x_wconf 90' lang='lat' dir='ltr'><strong>nuntiatum</strong></span> <span class='ocrx_word' id='word_1_247' title='bbox 541 2001 666 2065; x_wconf 89' lang='lat' dir='ltr'><strong>erit,</strong></span> <span class='ocrx_word' id='word_1_248' title='bbox 723 2015 878 2069; x_wconf 87' lang='lat' dir='ltr'><strong>posse</strong></span> <span class='ocrx_word' id='word_1_249' title='bbox 905 2002 1064 2054; x_wconf 90' lang='lat' dir='ltr'><strong>etiam</strong></span> <span class='ocrx_word' id='word_1_250' title='bbox 1110 2017 1214 2056; x_wconf 89' lang='lat' dir='ltr'><strong>non</strong></span> <span class='ocrx_word' id='word_1_251' title='bbox 1267 2002 1518 2070; x_wconf 84' lang='lat' dir='ltr'><strong>scriptam</strong></span> <span class='ocrx_word' id='word_1_252' title='bbox 1559 2005 1798 2059; x_wconf 84' lang='lat' dir='ltr'><strong>traditio-</strong></span> 
     </span>
    </p>
   </div>
   <div class='ocr_carea' id='block_1_32' title="bbox 197 2091 1795 2155">
    <p class='ocr_par' dir='ltr' id='par_1_32' title="bbox 197 2091 1795 2155">
     <span class='ocr_line' id='line_1_32' title="bbox 197 2091 1795 2155; baseline 0.004 -11"><span class='ocrx_word' id='word_1_253' title='bbox 197 2105 325 2144; x_wconf 91' lang='lat' dir='ltr'><strong>nem</strong></span> <span class='ocrx_word' id='word_1_254' title='bbox 363 2091 414 2143; x_wconf 91' lang='lat' dir='ltr'><strong>in</strong></span> <span class='ocrx_word' id='word_1_255' title='bbox 453 2091 828 2147; x_wconf 85' lang='lat' dir='ltr'><strong>observatione</strong></span> <span class='ocrx_word' id='word_1_256' title='bbox 871 2091 1107 2155; x_wconf 83' lang='lat' dir='ltr'><strong>defendi,</strong></span> <span class='ocrx_word' id='word_1_257' title='bbox 1157 2094 1528 2148; x_wconf 77' lang='lat' dir='ltr'><strong>confirmatam</strong></span> <span class='ocrx_word' id='word_1_258' title='bbox 1569 2110 1795 2151; x_wconf 86' lang='lat' dir='ltr'><strong>consue-</strong></span> 
     </span>
    </p>
   </div>
   <div class='ocr_carea' id='block_1_33' title="bbox 193 2181 1795 2254">
    <p class='ocr_par' dir='ltr' id='par_1_33' title="bbox 193 2181 1795 2254">
     <span class='ocr_line' id='line_1_33' title="bbox 193 2181 1795 2254; baseline 0.004 -18"><span class='ocrx_word' id='word_1_259' title='bbox 193 2181 418 2246; x_wconf 84' lang='lat' dir='ltr'><strong>tudine,</strong></span> <span class='ocrx_word' id='word_1_260' title='bbox 452 2182 639 2238; x_wconf 87' lang='lat' dir='ltr'><strong>idouea</strong></span> <span class='ocrx_word' id='word_1_261' title='bbox 686 2194 820 2239; x_wconf 89' lang='lat' dir='ltr'><strong>teste</strong></span> <span class='ocrx_word' id='word_1_262' title='bbox 895 2185 1129 2254; x_wconf 60' lang='lat' dir='ltr'><strong>probatae</strong></span> <span class='ocrx_word' id='word_1_263' title='bbox 1181 2197 1303 2240; x_wconf 91' lang='lat' dir='ltr'><strong>tunc</strong></span> <span class='ocrx_word' id='word_1_264' title='bbox 1343 2187 1680 2252; x_wconf 89' lang='lat' dir='ltr'><strong>traditionis,</strong></span> <span class='ocrx_word' id='word_1_265' title='bbox 1733 2204 1795 2244; x_wconf 75' lang='lat' dir='ltr'><strong>ex</strong></span> 
     </span>
    </p>
   </div>
   <div class='ocr_carea' id='block_1_34' title="bbox 195 2277 1795 2350">
    <p class='ocr_par' dir='ltr' id='par_1_34' title="bbox 195 2277 1795 2350">
     <span class='ocr_line' id='line_1_34' title="bbox 195 2277 1795 2350; baseline 0.006 -23"><span class='ocrx_word' id='word_1_266' title='bbox 195 2278 595 2346; x_wconf 83' lang='lat' dir='ltr'><strong>perseverantia</strong></span> <span class='ocrx_word' id='word_1_267' title='bbox 627 2277 1037 2334; x_wconf 81' lang='lat' dir='ltr'><strong>observationis.</strong></span> <span class='ocrx_word' id='word_1_268' title='bbox 1097 2279 1171 2350; x_wconf 87' lang='lat' dir='ltr'><strong>(b)</strong></span> <span class='ocrx_word' id='word_1_269' title='bbox 1221 2277 1566 2336; x_wconf 90' lang='lat' dir='ltr'><strong>Consuetudo</strong></span> <span class='ocrx_word' id='word_1_270' title='bbox 1615 2293 1795 2337; x_wconf 88' lang='lat' dir='ltr'><strong>autem</strong></span> 
     </span>
    </p>
   </div>
   <div class='ocr_carea' id='block_1_35' title="bbox 194 2368 1797 2442">
    <p class='ocr_par' dir='ltr' id='par_1_35' title="bbox 194 2368 1797 2442">
     <span class='ocr_line' id='line_1_35' title="bbox 194 2368 1797 2442; baseline 0.005 -20"><span class='ocrx_word' id='word_1_271' title='bbox 194 2368 359 2422; x_wconf 82' lang='lat' dir='ltr'><strong>etiam</strong></span> <span class='ocrx_word' id='word_1_272' title='bbox 391 2369 440 2422; x_wconf 94' lang='lat' dir='ltr'><strong>in</strong></span> <span class='ocrx_word' id='word_1_273' title='bbox 470 2369 715 2424; x_wconf 85' lang='lat' dir='ltr'><strong>civilibus</strong></span> <span class='ocrx_word' id='word_1_274' title='bbox 745 2370 905 2423; x_wconf 87' lang='lat' dir='ltr'><strong>rebus</strong></span> <span class='ocrx_word' id='word_1_275' title='bbox 934 2385 1029 2438; x_wconf 88' lang='lat' dir='ltr'><strong>pro</strong></span> <span class='ocrx_word' id='word_1_276' title='bbox 1058 2372 1174 2438; x_wconf 74' lang='lat' dir='ltr'><strong>lege</strong></span> <span class='ocrx_word' id='word_1_277' title='bbox 1203 2373 1492 2442; x_wconf 89' lang='lat' dir='ltr'><strong>suscipitur</strong></span> <span class='ocrx_word' id='word_1_278' title='bbox 1517 2415 1532 2436; x_wconf 90' lang='lat'><strong>,</strong></span> <span class='ocrx_word' id='word_1_279' title='bbox 1561 2388 1680 2427; x_wconf 92' lang='lat' dir='ltr'><strong>cum</strong></span> <span class='ocrx_word' id='word_1_280' title='bbox 1706 2375 1797 2430; x_wconf 85' lang='lat' dir='ltr'><strong>de-</strong></span> 
     </span>
    </p>
   </div>
   <div class='ocr_carea' id='block_1_36' title="bbox 195 2460 1795 2534">
    <p class='ocr_par' dir='ltr' id='par_1_36' title="bbox 195 2460 1795 2534">
     <span class='ocr_line' id='line_1_36' title="bbox 195 2460 1795 2534; baseline 0.004 -20"><span class='ocrx_word' id='word_1_281' title='bbox 195 2460 310 2515; x_wconf 85' lang='lat' dir='ltr'><strong>ﬁcit</strong></span> <span class='ocrx_word' id='word_1_282' title='bbox 351 2461 438 2514; x_wconf 90' lang='lat' dir='ltr'><strong>lex</strong></span> <span class='ocrx_word' id='word_1_283' title='bbox 475 2477 488 2512; x_wconf 90' lang='lat'><strong>:</strong></span> <span class='ocrx_word' id='word_1_284' title='bbox 519 2475 615 2515; x_wconf 91' lang='lat' dir='ltr'><strong>nec</strong></span> <span class='ocrx_word' id='word_1_285' title='bbox 657 2460 837 2516; x_wconf 68' lang='lat' dir='ltr'><strong>differt</strong></span> <span class='ocrx_word' id='word_1_286' title='bbox 872 2462 1136 2532; x_wconf 87' lang='lat' dir='ltr'><strong>scriptura</strong></span> <span class='ocrx_word' id='word_1_287' title='bbox 1165 2479 1232 2517; x_wconf 94' lang='lat' dir='ltr'><strong>an</strong></span> <span class='ocrx_word' id='word_1_288' title='bbox 1275 2465 1484 2520; x_wconf 90' lang='lat' dir='ltr'><strong>ratione</strong></span> <span class='ocrx_word' id='word_1_289' title='bbox 1513 2466 1795 2534; x_wconf 89' lang='lat' dir='ltr'><strong>consistat,</strong></span> 
     </span>
    </p>
   </div>
   <div class='ocr_carea' id='block_1_37' title="bbox 195 2551 1800 2623">
    <p class='ocr_par' dir='ltr' id='par_1_37' title="bbox 195 2551 1800 2623">
     <span class='ocr_line' id='line_1_37' title="bbox 195 2551 1800 2623; baseline 0.004 -17"><span class='ocrx_word' id='word_1_290' title='bbox 195 2551 416 2623; x_wconf 90' lang='lat' dir='ltr'><strong>quando</strong></span> <span class='ocrx_word' id='word_1_291' title='bbox 443 2561 497 2607; x_wconf 94' lang='lat' dir='ltr'><strong>et</strong></span> <span class='ocrx_word' id='word_1_292' title='bbox 525 2553 694 2623; x_wconf 91' lang='lat' dir='ltr'><strong>legem</strong></span> <span class='ocrx_word' id='word_1_293' title='bbox 727 2553 862 2608; x_wconf 90' lang='lat' dir='ltr'><strong>ratio</strong></span> <span class='ocrx_word' id='word_1_294' title='bbox 906 2554 1274 2610; x_wconf 87' lang='lat' dir='ltr'><strong>commendet.</strong></span> <span class='ocrx_word' id='word_1_295' title='bbox 1301 2556 1484 2623; x_wconf 87' lang='lat' dir='ltr'><strong>Porro,</strong></span> <span class='ocrx_word' id='word_1_296' title='bbox 1515 2558 1560 2612; x_wconf 92' lang='lat' dir='ltr'><strong>si</strong></span> <span class='ocrx_word' id='word_1_297' title='bbox 1591 2561 1800 2614; x_wconf 73' lang='lat' dir='ltr'><strong>ratione</strong></span> 
     </span>
    </p>
   </div>
   <div class='ocr_carea' id='block_1_38' title="bbox 196 2643 1800 2717">
    <p class='ocr_par' dir='ltr' id='par_1_38' title="bbox 196 2643 1800 2717">
     <span class='ocr_line' id='line_1_38' title="bbox 196 2643 1800 2717; baseline 0.004 -20"><span class='ocrx_word' id='word_1_298' title='bbox 196 2643 286 2698; x_wconf 88' lang='lat' dir='ltr'><strong>lex</strong></span> <span class='ocrx_word' id='word_1_299' title='bbox 310 2653 556 2709; x_wconf 88' lang='lat' dir='ltr'><strong>constat,</strong></span> <span class='ocrx_word' id='word_1_300' title='bbox 587 2643 670 2698; x_wconf 89' lang='lat' dir='ltr'><strong>lex</strong></span> <span class='ocrx_word' id='word_1_301' title='bbox 701 2645 804 2698; x_wconf 91' lang='lat' dir='ltr'><strong>erit</strong></span> <span class='ocrx_word' id='word_1_302' title='bbox 829 2661 990 2699; x_wconf 89' lang='lat' dir='ltr'><strong>omne</strong></span> <span class='ocrx_word' id='word_1_303' title='bbox 1010 2645 1123 2714; x_wconf 90' lang='lat' dir='ltr'><strong>jam</strong></span> <span class='ocrx_word' id='word_1_304' title='bbox 1151 2647 1292 2717; x_wconf 92' lang='lat' dir='ltr'><strong>quod</strong></span> <span class='ocrx_word' id='word_1_305' title='bbox 1342 2650 1550 2704; x_wconf 90' lang='lat' dir='ltr'><strong>ratione</strong></span> <span class='ocrx_word' id='word_1_306' title='bbox 1599 2650 1800 2704; x_wconf 89' lang='lat' dir='ltr'><strong>consti-</strong></span> 
     </span>
    </p>
   </div>
   <div class='ocr_carea' id='block_1_39' title="bbox 194 2738 1795 2810">
    <p class='ocr_par' dir='ltr' id='par_1_39' title="bbox 194 2738 1795 2810">
     <span class='ocr_line' id='line_1_39' title="bbox 194 2738 1795 2810; baseline 0.002 -19"><span class='ocrx_word' id='word_1_307' title='bbox 194 2738 396 2802; x_wconf 88' lang='lat' dir='ltr'><strong>tuerit,</strong></span> <span class='ocrx_word' id='word_1_308' title='bbox 449 2751 477 2789; x_wconf 90' lang='lat' dir='ltr'><strong>a</strong></span> <span class='ocrx_word' id='word_1_309' title='bbox 549 2752 882 2807; x_wconf 88' lang='lat' dir='ltr'><strong>quocumque</strong></span> <span class='ocrx_word' id='word_1_310' title='bbox 936 2739 1273 2808; x_wconf 90' lang='lat' dir='ltr'><strong>productum.</strong></span> <span class='ocrx_word' id='word_1_311' title='bbox 1346 2742 1426 2794; x_wconf 86' lang='lat' dir='ltr'><strong>Au</strong></span> <span class='ocrx_word' id='word_1_312' title='bbox 1472 2755 1577 2794; x_wconf 91' lang='lat' dir='ltr'><strong>non</strong></span> <span class='ocrx_word' id='word_1_313' title='bbox 1639 2752 1795 2810; x_wconf 88' lang='lat' dir='ltr'><strong>putas</strong></span> 
     </span>
    </p>
   </div>
   <div class='ocr_carea' id='block_1_40' title="bbox 191 2828 1804 2900">
    <p class='ocr_par' dir='ltr' id='par_1_40' title="bbox 191 2828 1804 2900">
     <span class='ocr_line' id='line_1_40' title="bbox 191 2828 1804 2900; baseline 0.004 -18"><span class='ocrx_word' id='word_1_314' title='bbox 191 2829 344 2882; x_wconf 91' lang='lat' dir='ltr'><strong>omni</strong></span> <span class='ocrx_word' id='word_1_315' title='bbox 370 2828 510 2882; x_wconf 87' lang='lat' dir='ltr'><strong>tideli</strong></span> <span class='ocrx_word' id='word_1_316' title='bbox 551 2829 714 2883; x_wconf 89' lang='lat' dir='ltr'><strong>licere</strong></span> <span class='ocrx_word' id='word_1_317' title='bbox 734 2831 1018 2900; x_wconf 89' lang='lat' dir='ltr'><strong>concipere</strong></span> <span class='ocrx_word' id='word_1_318' title='bbox 1046 2841 1098 2885; x_wconf 89' lang='lat' dir='ltr'><strong>et</strong></span> <span class='ocrx_word' id='word_1_319' title='bbox 1126 2833 1478 2895; x_wconf 89' lang='lat' dir='ltr'><strong>constituere,</strong></span> <span class='ocrx_word' id='word_1_320' title='bbox 1525 2832 1804 2890; x_wconf 70' lang='lat' dir='ltr'><strong>dumtaxat</strong></span> 
     </span>
    </p>
   </div>
   <div class='ocr_carea' id='block_1_41' title="bbox 193 2917 1803 2991">
    <p class='ocr_par' dir='ltr' id='par_1_41' title="bbox 193 2917 1803 2991">
     <span class='ocr_line' id='line_1_41' title="bbox 193 2917 1803 2991; baseline 0.007 -21"><span class='ocrx_word' id='word_1_321' title='bbox 193 2917 341 2988; x_wconf 90' lang='lat' dir='ltr'><strong>quod</strong></span> <span class='ocrx_word' id='word_1_322' title='bbox 402 2917 510 2971; x_wconf 90' lang='lat' dir='ltr'><strong>Deo</strong></span> <span class='ocrx_word' id='word_1_323' title='bbox 560 2928 857 2986; x_wconf 80' lang='lat' dir='ltr'><strong>congruat,</strong></span> <span class='ocrx_word' id='word_1_324' title='bbox 927 2920 1069 2989; x_wconf 89' lang='lat' dir='ltr'><strong>quod</strong></span> <span class='ocrx_word' id='word_1_325' title='bbox 1134 2921 1429 2991; x_wconf 64' lang='lat' dir='ltr'><strong>disCiplillm</strong></span> <span class='ocrx_word' id='word_1_326' title='bbox 1481 2924 1743 2979; x_wconf 87' lang='lat' dir='ltr'><strong>conducat</strong></span> <span class='ocrx_word' id='word_1_327' title='bbox 1788 2969 1803 2982; x_wconf 91' lang='lat'><strong>.</strong></span> 
     </span>
    </p>
   </div>
   <div class='ocr_carea' id='block_1_42' title="bbox 193 3007 1806 3077">
    <p class='ocr_par' dir='ltr' id='par_1_42' title="bbox 193 3007 1806 3077">
     <span class='ocr_line' id='line_1_42' title="bbox 193 3007 1806 3077; baseline 0.006 -15"><span class='ocrx_word' id='word_1_328' title='bbox 193 3007 340 3077; x_wconf 89' lang='lat' dir='ltr'><strong>quod</strong></span> <span class='ocrx_word' id='word_1_329' title='bbox 369 3007 525 3062; x_wconf 88' lang='lat' dir='ltr'><strong>saluti</strong></span> <span class='ocrx_word' id='word_1_330' title='bbox 560 3007 819 3076; x_wconf 82' lang='lat' dir='ltr'><strong>proﬁciat.</strong></span> <span class='ocrx_word' id='word_1_331' title='bbox 845 3008 1055 3064; x_wconf 91' lang='lat' dir='ltr'><strong>dicente</strong></span> <span class='ocrx_word' id='word_1_332' title='bbox 1080 3010 1305 3065; x_wconf 88' lang='lat' dir='ltr'><strong>Domino</strong></span> <span class='ocrx_word' id='word_1_333' title='bbox 1327 3030 1342 3066; x_wconf 71' lang='grc' dir='ltr'>ε</span> <span class='ocrx_word' id='word_1_334' title='bbox 1365 3011 1476 3066; x_wconf 92' lang='lat' dir='ltr'><strong>Cur</strong></span> <span class='ocrx_word' id='word_1_335' title='bbox 1494 3023 1672 3068; x_wconf 90' lang='lat' dir='ltr'><strong>autem</strong></span> <span class='ocrx_word' id='word_1_336' title='bbox 1700 3030 1806 3071; x_wconf 91' lang='lat' dir='ltr'><strong>non</strong></span> 
     </span>
    </p>
   </div>
   <div class='ocr_carea' id='block_1_43' title="bbox 1904 1913 3501 1991">
    <p class='ocr_par' dir='ltr' id='par_1_43' title="bbox 1904 1913 3501 1991">
     <span class='ocr_line' id='line_1_43' title="bbox 1904 1913 3501 1991; baseline -0.005 -18"><span class='ocrx_word' id='word_1_337' title='bbox 1904 1922 2016 1991; x_wconf 88' lang='lat' dir='ltr'><strong>pria</strong></span> <span class='ocrx_word' id='word_1_338' title='bbox 2045 1919 2408 1974; x_wconf 91' lang='lat' dir='ltr'><strong>membrorum</strong></span> <span class='ocrx_word' id='word_1_339' title='bbox 2455 1916 2848 1987; x_wconf 89' lang='lat' dir='ltr'><strong>quodammodo</strong></span> <span class='ocrx_word' id='word_1_340' title='bbox 2894 1929 3114 1985; x_wconf 87' lang='lat' dir='ltr'><strong>organa.</strong></span> <span class='ocrx_word' id='word_1_341' title='bbox 3164 1913 3418 1969; x_wconf 83' lang='lat' dir='ltr'><strong>Auditum</strong></span> <span class='ocrx_word' id='word_1_342' title='bbox 3449 1913 3501 1966; x_wconf 92' lang='lat' dir='ltr'><strong>in</strong></span> 
     </span>
    </p>
   </div>
   <div class='ocr_carea' id='block_1_44' title="bbox 1903 2004 3502 2074">
    <p class='ocr_par' dir='ltr' id='par_1_44' title="bbox 1903 2004 3502 2074">
     <span class='ocr_line' id='line_1_44' title="bbox 1903 2004 3502 2074; baseline -0.004 -11"><span class='ocrx_word' id='word_1_343' title='bbox 1903 2009 2123 2064; x_wconf 88' lang='lat' dir='ltr'><strong>auribus</strong></span> <span class='ocrx_word' id='word_1_344' title='bbox 2151 2007 2521 2073; x_wconf 85' lang='lat' dir='ltr'><strong>fodit,visum</strong></span> <span class='ocrx_word' id='word_1_345' title='bbox 2575 2008 2627 2060; x_wconf 93' lang='lat' dir='ltr'><strong>in</strong></span> <span class='ocrx_word' id='word_1_346' title='bbox 2671 2007 2838 2061; x_wconf 90' lang='lat' dir='ltr'><strong>oculis</strong></span> <span class='ocrx_word' id='word_1_347' title='bbox 2863 2005 3142 2070; x_wconf 89' lang='lat' dir='ltr'><strong>accendit,</strong></span> <span class='ocrx_word' id='word_1_348' title='bbox 3190 2013 3402 2074; x_wconf 85' lang='lat' dir='ltr'><strong>gustqu</strong></span> <span class='ocrx_word' id='word_1_349' title='bbox 3449 2004 3502 2057; x_wconf 90' lang='lat' dir='ltr'><strong>in</strong></span> 
     </span>
    </p>
   </div>
   <div class='ocr_carea' id='block_1_45' title="bbox 1905 2093 3502 2164">
    <p class='ocr_par' dir='ltr' id='par_1_45' title="bbox 1905 2093 3502 2164">
     <span class='ocr_line' id='line_1_45' title="bbox 1905 2093 3502 2164; baseline -0.004 -11"><span class='ocrx_word' id='word_1_350' title='bbox 1905 2116 2000 2155; x_wconf 90' lang='lat' dir='ltr'><strong>ore</strong></span> <span class='ocrx_word' id='word_1_351' title='bbox 2075 2099 2376 2164; x_wconf 88' lang='lat' dir='ltr'><strong>conclusit,</strong></span> <span class='ocrx_word' id='word_1_352' title='bbox 2449 2097 2730 2153; x_wconf 89' lang='lat' dir='ltr'><strong>odoratum</strong></span> <span class='ocrx_word' id='word_1_353' title='bbox 2793 2098 2843 2151; x_wconf 91' lang='lat' dir='ltr'><strong>in</strong></span> <span class='ocrx_word' id='word_1_354' title='bbox 2913 2095 3132 2153; x_wconf 88' lang='lat' dir='ltr'><strong>naribus</strong></span> <span class='ocrx_word' id='word_1_355' title='bbox 3187 2093 3502 2156; x_wconf 88' lang='lat' dir='ltr'><strong>ventilavit,</strong></span> 
     </span>
    </p>
   </div>
   <div class='ocr_carea' id='block_1_46' title="bbox 1905 2185 3504 2258">
    <p class='ocr_par' dir='ltr' id='par_1_46' title="bbox 1905 2185 3504 2258">
     <span class='ocr_line' id='line_1_46' title="bbox 1905 2185 3504 2258; baseline -0.006 -11"><span class='ocrx_word' id='word_1_356' title='bbox 1905 2199 2211 2247; x_wconf 87' lang='lat' dir='ltr'><strong>contactum</strong></span> <span class='ocrx_word' id='word_1_357' title='bbox 2237 2190 2290 2244; x_wconf 89' lang='lat' dir='ltr'><strong>in</strong></span> <span class='ocrx_word' id='word_1_358' title='bbox 2320 2189 2564 2243; x_wconf 87' lang='lat' dir='ltr'><strong>manibus</strong></span> <span class='ocrx_word' id='word_1_359' title='bbox 2607 2189 2884 2244; x_wconf 81' lang='lat' dir='ltr'><strong>extimavit</strong></span> <span class='ocrx_word' id='word_1_360' title='bbox 2905 2187 2982 2258; x_wconf 82' lang='lat'><strong>(9)</strong></span> <span class='ocrx_word' id='word_1_361' title='bbox 3012 2187 3106 2258; x_wconf 81' lang='lat' dir='ltr'><strong>(e).</strong></span> <span class='ocrx_word' id='word_1_362' title='bbox 3134 2187 3235 2242; x_wconf 89' lang='lat' dir='ltr'><strong>Per</strong></span> <span class='ocrx_word' id='word_1_363' title='bbox 3266 2185 3380 2240; x_wconf 66' lang='lat' dir='ltr'><strong>haec</strong></span> <span class='ocrx_word' id='word_1_364' title='bbox 3404 2198 3504 2239; x_wconf 77' lang='lat' dir='ltr'><strong>ex-</strong></span> 
     </span>
    </p>
   </div>
   <div class='ocr_carea' id='block_1_47' title="bbox 1906 2278 3506 2352">
    <p class='ocr_par' dir='ltr' id='par_1_47' title="bbox 1906 2278 3506 2352">
     <span class='ocr_line' id='line_1_47' title="bbox 1906 2278 3506 2352; baseline -0.004 -13"><span class='ocrx_word' id='word_1_365' title='bbox 1906 2285 2118 2340; x_wconf 90' lang='lat' dir='ltr'><strong>terioris</strong></span> <span class='ocrx_word' id='word_1_366' title='bbox 2151 2283 2380 2337; x_wconf 91' lang='lat' dir='ltr'><strong>hominis</strong></span> <span class='ocrx_word' id='word_1_367' title='bbox 2403 2281 2473 2352; x_wconf 79' lang='lat' dir='ltr'><strong>(f)</strong></span> <span class='ocrx_word' id='word_1_368' title='bbox 2496 2280 2791 2335; x_wconf 91' lang='lat' dir='ltr'><strong>ministeria</strong></span> <span class='ocrx_word' id='word_1_369' title='bbox 2817 2323 2832 2346; x_wconf 91' lang='lat'><strong>,</strong></span> <span class='ocrx_word' id='word_1_370' title='bbox 2868 2279 3110 2335; x_wconf 88' lang='lat' dir='ltr'><strong>interiori</strong></span> <span class='ocrx_word' id='word_1_371' title='bbox 3154 2279 3356 2334; x_wconf 91' lang='lat' dir='ltr'><strong>homini</strong></span> <span class='ocrx_word' id='word_1_372' title='bbox 3404 2278 3506 2332; x_wconf 57' lang='lat' dir='ltr'><strong>mi-</strong></span> 
     </span>
    </p>
   </div>
   <div class='ocr_carea' id='block_1_48' title="bbox 1905 2368 3502 2437">
    <p class='ocr_par' dir='ltr' id='par_1_48' title="bbox 1905 2368 3502 2437">
     <span class='ocr_line' id='line_1_48' title="bbox 1905 2368 3502 2437; baseline -0.004 -9"><span class='ocrx_word' id='word_1_373' title='bbox 1905 2374 2180 2428; x_wconf 86' lang='lat' dir='ltr'><strong>nistrantis</strong></span> <span class='ocrx_word' id='word_1_374' title='bbox 2203 2413 2217 2437; x_wconf 91' lang='lat'><strong>,</strong></span> <span class='ocrx_word' id='word_1_375' title='bbox 2251 2371 2456 2426; x_wconf 87' lang='lat' dir='ltr'><strong>fructus</strong></span> <span class='ocrx_word' id='word_1_376' title='bbox 2485 2385 2769 2426; x_wconf 87' lang='lat' dir='ltr'><strong>munerum</strong></span> <span class='ocrx_word' id='word_1_377' title='bbox 2819 2370 3122 2424; x_wconf 89' lang='lat' dir='ltr'><strong>divinorum</strong></span> <span class='ocrx_word' id='word_1_378' title='bbox 3153 2368 3219 2422; x_wconf 91' lang='lat' dir='ltr'><strong>ad</strong></span> <span class='ocrx_word' id='word_1_379' title='bbox 3263 2370 3502 2422; x_wconf 90' lang='lat' dir='ltr'><strong>animam</strong></span> 
     </span>
    </p>
   </div>
   <div class='ocr_carea' id='block_1_49' title="bbox 1905 2463 3502 2538">
    <p class='ocr_par' dir='ltr' id='par_1_49' title="bbox 1905 2463 3502 2538">
     <span class='ocr_line' id='line_1_49' title="bbox 1905 2463 3502 2538; baseline -0.003 -16"><span class='ocrx_word' id='word_1_380' title='bbox 1905 2467 2240 2522; x_wconf 88' lang='lat' dir='ltr'><strong>deducuntur</strong></span> <span class='ocrx_word' id='word_1_381' title='bbox 2312 2466 2381 2520; x_wconf 88' lang='lat' dir='ltr'><strong>ab</strong></span> <span class='ocrx_word' id='word_1_382' title='bbox 2443 2465 2689 2520; x_wconf 85' lang='lat' dir='ltr'><strong>sensibus</strong></span> <span class='ocrx_word' id='word_1_383' title='bbox 2728 2465 2869 2538; x_wconf 92' lang='lat' dir='ltr'><strong>(I0).</strong></span> <span class='ocrx_word' id='word_1_384' title='bbox 2898 2464 3028 2530; x_wconf 83' lang='lat' dir='ltr'><strong>Quis</strong></span> <span class='ocrx_word' id='word_1_385' title='bbox 3091 2463 3249 2534; x_wconf 82' lang='lat' dir='ltr'><strong>igitur</strong></span> <span class='ocrx_word' id='word_1_386' title='bbox 3298 2464 3502 2517; x_wconf 83' lang='lat' dir='ltr'><strong>fructus</strong></span> 
     </span>
    </p>
   </div>
   <div class='ocr_carea' id='block_1_50' title="bbox 1907 2557 3508 2627">
    <p class='ocr_par' dir='ltr' id='par_1_50' title="bbox 1907 2557 3508 2627">
     <span class='ocr_line' id='line_1_50' title="bbox 1907 2557 3508 2627; baseline -0.002 -13"><span class='ocrx_word' id='word_1_387' title='bbox 1907 2576 1974 2615; x_wconf 86' lang='lat' dir='ltr'><strong>cx</strong></span> <span class='ocrx_word' id='word_1_388' title='bbox 2020 2560 2274 2614; x_wconf 77' lang='lat' dir='ltr'><strong>floribus?</strong></span> <span class='ocrx_word' id='word_1_389' title='bbox 2320 2557 2614 2614; x_wconf 87' lang='lat' dir='ltr'><strong>substantia</strong></span> <span class='ocrx_word' id='word_1_390' title='bbox 2663 2559 2808 2612; x_wconf 90' lang='lat' dir='ltr'><strong>enim</strong></span> <span class='ocrx_word' id='word_1_391' title='bbox 2864 2557 3106 2627; x_wconf 89' lang='lat' dir='ltr'><strong>propria,</strong></span> <span class='ocrx_word' id='word_1_392' title='bbox 3159 2565 3307 2611; x_wconf 82' lang='lat' dir='ltr'><strong>certe</strong></span> <span class='ocrx_word' id='word_1_393' title='bbox 3371 2569 3508 2624; x_wconf 71' lang='lat' dir='ltr'><strong>prin-</strong></span> 
     </span>
    </p>
   </div>
   <div class='ocr_carea' id='block_1_51' title="bbox 1910 2647 3503 2722">
    <p class='ocr_par' dir='ltr' id='par_1_51' title="bbox 1910 2647 3503 2722">
     <span class='ocr_line' id='line_1_51' title="bbox 1910 2647 3503 2722; baseline -0.006 -14"><span class='ocrx_word' id='word_1_394' title='bbox 1910 2654 2066 2722; x_wconf 91' lang='lat' dir='ltr'><strong>cipna</strong></span> <span class='ocrx_word' id='word_1_395' title='bbox 2131 2665 2451 2705; x_wconf 84' lang='lat' dir='ltr'><strong>coronarum</strong></span> <span class='ocrx_word' id='word_1_396' title='bbox 2475 2691 2487 2715; x_wconf 93' lang='lat'><strong>,</strong></span> <span class='ocrx_word' id='word_1_397' title='bbox 2520 2649 2680 2704; x_wconf 79' lang='lat' dir='ltr'><strong>flores</strong></span> <span class='ocrx_word' id='word_1_398' title='bbox 2729 2649 2862 2719; x_wconf 89' lang='lat' dir='ltr'><strong>agri.</strong></span> <span class='ocrx_word' id='word_1_399' title='bbox 2921 2649 3027 2703; x_wconf 84' lang='lat' dir='ltr'><strong>Aut</strong></span> <span class='ocrx_word' id='word_1_400' title='bbox 3081 2647 3216 2702; x_wconf 86' lang='lat' dir='ltr'><strong>odor</strong></span> <span class='ocrx_word' id='word_1_401' title='bbox 3240 2689 3256 2710; x_wconf 86' lang='lat'><strong>,</strong></span> <span class='ocrx_word' id='word_1_402' title='bbox 3290 2647 3464 2716; x_wconf 89' lang='lat' dir='ltr'><strong>inquis</strong></span> <span class='ocrx_word' id='word_1_403' title='bbox 3487 2685 3503 2709; x_wconf 90' lang='lat'><strong>,</strong></span> 
     </span>
    </p>
   </div>
   <div class='ocr_carea' id='block_1_52' title="bbox 1915 2741 3485 2814">
    <p class='ocr_par' dir='ltr' id='par_1_52' title="bbox 1915 2741 3485 2814">
     <span class='ocr_line' id='line_1_52' title="bbox 1915 2741 3485 2814; baseline -0.005 -14"><span class='ocrx_word' id='word_1_404' title='bbox 1915 2757 2006 2800; x_wconf 88' lang='lat' dir='ltr'><strong>aut</strong></span> <span class='ocrx_word' id='word_1_405' title='bbox 2031 2744 2214 2807; x_wconf 90' lang='lat' dir='ltr'><strong>color,</strong></span> <span class='ocrx_word' id='word_1_406' title='bbox 2247 2755 2339 2798; x_wconf 90' lang='lat' dir='ltr'><strong>aut</strong></span> <span class='ocrx_word' id='word_1_407' title='bbox 2369 2744 2570 2814; x_wconf 87' lang='lat' dir='ltr'><strong>pariter</strong></span> <span class='ocrx_word' id='word_1_408' title='bbox 2624 2753 2934 2812; x_wconf 88' lang='lat' dir='ltr'><strong>utrumque.</strong></span> <span class='ocrx_word' id='word_1_409' title='bbox 2965 2741 3065 2808; x_wconf 89' lang='lat' dir='ltr'><strong>Qui</strong></span> <span class='ocrx_word' id='word_1_410' title='bbox 3109 2748 3268 2797; x_wconf 90' lang='lat' dir='ltr'><strong>erunt</strong></span> <span class='ocrx_word' id='word_1_411' title='bbox 3293 2753 3485 2793; x_wconf 84' lang='lat' dir='ltr'><strong>sensus</strong></span> 
     </span>
    </p>
   </div>
   <div class='ocr_carea' id='block_1_53' title="bbox 1912 2832 3506 2908">
    <p class='ocr_par' dir='ltr' id='par_1_53' title="bbox 1912 2832 3506 2908">
     <span class='ocr_line' id='line_1_53' title="bbox 1912 2832 3506 2908; baseline -0.008 -12"><span class='ocrx_word' id='word_1_412' title='bbox 1912 2842 2106 2896; x_wconf 89' lang='lat' dir='ltr'><strong>coloris</strong></span> <span class='ocrx_word' id='word_1_413' title='bbox 2137 2850 2191 2894; x_wconf 90' lang='lat' dir='ltr'><strong>et</strong></span> <span class='ocrx_word' id='word_1_414' title='bbox 2242 2839 2462 2894; x_wconf 88' lang='lat' dir='ltr'><strong>odoris?</strong></span> <span class='ocrx_word' id='word_1_415' title='bbox 2516 2839 2683 2904; x_wconf 87' lang='lat' dir='ltr'><strong>visus,</strong></span> <span class='ocrx_word' id='word_1_416' title='bbox 2711 2838 2924 2908; x_wconf 88' lang='lat' dir='ltr'><strong>opinor,</strong></span> <span class='ocrx_word' id='word_1_417' title='bbox 2975 2844 3029 2890; x_wconf 90' lang='lat' dir='ltr'><strong>et</strong></span> <span class='ocrx_word' id='word_1_418' title='bbox 3071 2834 3342 2890; x_wconf 77' lang='lat' dir='ltr'><strong>odoratus.</strong></span> <span class='ocrx_word' id='word_1_419' title='bbox 3370 2832 3506 2886; x_wconf 88' lang='lat' dir='ltr'><strong>Istos</strong></span> 
     </span>
    </p>
   </div>
   <div class='ocr_carea' id='block_1_54' title="bbox 1915 2923 3504 3002">
    <p class='ocr_par' dir='ltr' id='par_1_54' title="bbox 1915 2923 3504 3002">
     <span class='ocr_line' id='line_1_54' title="bbox 1915 2923 3504 3002; baseline -0.006 -15"><span class='ocrx_word' id='word_1_420' title='bbox 1915 2947 2108 2988; x_wconf 88' lang='lat' dir='ltr'><strong>sensus</strong></span> <span class='ocrx_word' id='word_1_421' title='bbox 2167 2947 2288 3002; x_wconf 72' lang='lat' dir='ltr'><strong>quae</strong></span> <span class='ocrx_word' id='word_1_422' title='bbox 2355 2931 2594 2986; x_wconf 86' lang='lat' dir='ltr'><strong>membra</strong></span> <span class='ocrx_word' id='word_1_423' title='bbox 2671 2929 2862 2984; x_wconf 86' lang='lat' dir='ltr'><strong>sortita</strong></span> <span class='ocrx_word' id='word_1_424' title='bbox 2930 2928 3093 2982; x_wconf 81' lang='lat' dir='ltr'><strong>sunt?</strong></span> <span class='ocrx_word' id='word_1_425' title='bbox 3164 2925 3326 2990; x_wconf 89' lang='lat' dir='ltr'><strong>oculi,</strong></span> <span class='ocrx_word' id='word_1_426' title='bbox 3397 2923 3504 2977; x_wconf 84' lang='lat' dir='ltr'><strong>nisi</strong></span> 
     </span>
    </p>
   </div>
   <div class='ocr_carea' id='block_1_55' title="bbox 1921 3018 3495 3090">
    <p class='ocr_par' dir='ltr' id='par_1_55' title="bbox 1921 3018 3495 3090">
     <span class='ocr_line' id='line_1_55' title="bbox 1921 3018 3495 3090; baseline -0.007 -11"><span class='ocrx_word' id='word_1_427' title='bbox 1921 3025 2096 3090; x_wconf 87' lang='lat' dir='ltr'><strong>fallor,</strong></span> <span class='ocrx_word' id='word_1_428' title='bbox 2155 3035 2209 3079; x_wconf 87' lang='lat' dir='ltr'><strong>ct</strong></span> <span class='ocrx_word' id='word_1_429' title='bbox 2261 3039 2438 3078; x_wconf 88' lang='lat' dir='ltr'><strong>nares.</strong></span> <span class='ocrx_word' id='word_1_430' title='bbox 2505 3023 2666 3078; x_wconf 87' lang='lat' dir='ltr'><strong>Utere</strong></span> <span class='ocrx_word' id='word_1_431' title='bbox 2733 3022 2912 3090; x_wconf 88' lang='lat' dir='ltr'><strong>itaque</strong></span> <span class='ocrx_word' id='word_1_432' title='bbox 2984 3019 3204 3074; x_wconf 82' lang='lat' dir='ltr'><strong>ﬂoribus</strong></span> <span class='ocrx_word' id='word_1_433' title='bbox 3249 3018 3367 3072; x_wconf 87' lang='lat' dir='ltr'><strong>visu</strong></span> <span class='ocrx_word' id='word_1_434' title='bbox 3439 3025 3495 3070; x_wconf 88' lang='lat' dir='ltr'><strong>et</strong></span> 
     </span>
    </p>
   </div>
   <div class='ocr_carea' id='block_1_56' title="bbox 195 3100 3512 3195">
    <p class='ocr_par' dir='ltr' id='par_1_56' title="bbox 195 3100 3512 3195">
     <span class='ocr_line' id='line_1_56' title="bbox 195 3100 3512 3195; baseline 0.002 -41"><span class='ocrx_word' id='word_1_435' title='bbox 195 3111 251 3154; x_wconf 89' lang='lat' dir='ltr'><strong>et</strong></span> <span class='ocrx_word' id='word_1_436' title='bbox 274 3112 302 3155; x_wconf 85' lang='lat' dir='ltr'><strong>a</strong></span> <span class='ocrx_word' id='word_1_437' title='bbox 333 3100 803 3195; x_wconf 7' lang='lat' dir='ltr'><strong>vobis‘ipsisgquod</strong></span> <span class='ocrx_word' id='word_1_438' title='bbox 827 3102 1028 3170; x_wconf 86' lang='lat' dir='ltr'><strong>justum</strong></span> <span class='ocrx_word' id='word_1_439' title='bbox 1062 3103 1311 3172; x_wconf 78' lang='lat' dir='ltr'><strong>judicatis</strong></span> <span class='ocrx_word' id='word_1_440' title='bbox 1338 3103 1486 3177; x_wconf 86' lang='lat' dir='ltr'><strong>(Luc.</strong></span> <span class='ocrx_word' id='word_1_441' title='bbox 1517 3106 1633 3172; x_wconf 84' lang='lat' dir='ltr'><strong>XII,</strong></span> <span class='ocrx_word' id='word_1_442' title='bbox 1664 3109 1756 3179; x_wconf 82' lang='lat'><strong>57)</strong></span> <span class='ocrx_word' id='word_1_443' title='bbox 1787 3109 1810 3162; x_wconf 80' lang='lat' dir='ltr'><strong>‘l</strong></span> <span class='ocrx_word' id='word_1_444' title='bbox 1838 3133 1882 3195; x_wconf 67' lang='grc' dir='ltr'><strong>ρ</strong></span> <span class='ocrx_word' id='word_1_445' title='bbox 1916 3119 2171 3182; x_wconf 69' lang='lat' dir='ltr'><strong>odoratu,</strong></span> <span class='ocrx_word' id='word_1_446' title='bbox 2229 3133 2456 3188; x_wconf 73' lang='lat' dir='ltr'><strong>quorum</strong></span> <span class='ocrx_word' id='word_1_447' title='bbox 2499 3131 2755 3171; x_wconf 81' lang='lat' dir='ltr'><strong>sensuum</strong></span> <span class='ocrx_word' id='word_1_448' title='bbox 2799 3115 3001 3168; x_wconf 80' lang='lat' dir='ltr'><strong>fructus</strong></span> <span class='ocrx_word' id='word_1_449' title='bbox 3030 3121 3145 3174; x_wconf 79' lang='lat' dir='ltr'><strong>est;</strong></span> <span class='ocrx_word' id='word_1_450' title='bbox 3194 3120 3349 3166; x_wconf 88' lang='lat' dir='ltr'><strong>utere</strong></span> <span class='ocrx_word' id='word_1_451' title='bbox 3415 3126 3512 3180; x_wconf 86' lang='lat' dir='ltr'><strong>per</strong></span> 
     </span>
    </p>
   </div>
   <div class='ocr_carea' id='block_1_57' title="bbox 195 3190 1804 3261">
    <p class='ocr_par' dir='ltr' id='par_1_57' title="bbox 195 3190 1804 3261">
     <span class='ocr_line' id='line_1_57' title="bbox 195 3190 1804 3261; baseline 0.005 -15"><span class='ocrx_word' id='word_1_452' title='bbox 195 3201 252 3246; x_wconf 88' lang='lat' dir='ltr'><strong>et</strong></span> <span class='ocrx_word' id='word_1_453' title='bbox 278 3203 383 3245; x_wconf 92' lang='lat' dir='ltr'><strong>non</strong></span> <span class='ocrx_word' id='word_1_454' title='bbox 411 3190 692 3261; x_wconf 90' lang='lat' dir='ltr'><strong>dejudicio</strong></span> <span class='ocrx_word' id='word_1_455' title='bbox 714 3202 940 3259; x_wconf 85' lang='lat' dir='ltr'><strong>tantum,</strong></span> <span class='ocrx_word' id='word_1_456' title='bbox 973 3195 1066 3249; x_wconf 86' lang='lat' dir='ltr'><strong>sed</strong></span> <span class='ocrx_word' id='word_1_457' title='bbox 1089 3195 1155 3250; x_wconf 87' lang='lat' dir='ltr'><strong>de</strong></span> <span class='ocrx_word' id='word_1_458' title='bbox 1175 3199 1320 3250; x_wconf 89' lang='lat' dir='ltr'><strong>omni</strong></span> <span class='ocrx_word' id='word_1_459' title='bbox 1347 3200 1606 3254; x_wconf 87' lang='lat' dir='ltr'><strong>sententia</strong></span> <span class='ocrx_word' id='word_1_460' title='bbox 1627 3216 1804 3255; x_wconf 89' lang='lat' dir='ltr'><strong>rerum</strong></span> 
     </span>
    </p>
   </div>
   <div class='ocr_carea' id='block_1_58' title="bbox 197 3284 1805 3364">
    <p class='ocr_par' dir='ltr' id='par_1_58' title="bbox 197 3284 1805 3364">
     <span class='ocr_line' id='line_1_58' title="bbox 197 3284 1805 3364; baseline 0.006 -25"><span class='ocrx_word' id='word_1_461' title='bbox 197 3284 701 3340; x_wconf 81' lang='lat' dir='ltr'><strong>examinandarum.</strong></span> <span class='ocrx_word' id='word_1_462' title='bbox 719 3287 859 3341; x_wconf 85' lang='lat' dir='ltr'><strong>Dicit</strong></span> <span class='ocrx_word' id='word_1_463' title='bbox 878 3298 926 3342; x_wconf 88' lang='lat' dir='ltr'><strong>et</strong></span> <span class='ocrx_word' id='word_1_464' title='bbox 952 3291 1240 3358; x_wconf 80' lang='lat' dir='ltr'><strong>Apostolus</strong></span> <span class='ocrx_word' id='word_1_465' title='bbox 1263 3289 1344 3346; x_wconf 93' lang='lat' dir='ltr'><strong>:Si</strong></span> <span class='ocrx_word' id='word_1_466' title='bbox 1372 3292 1497 3362; x_wconf 93' lang='lat' dir='ltr'><strong>quid</strong></span> <span class='ocrx_word' id='word_1_467' title='bbox 1530 3294 1805 3364; x_wconf 83' lang='lat' dir='ltr'><strong>ignoratis,</strong></span> 
     </span>
    </p>
   </div>
   <div class='ocr_carea' id='block_1_59' title="bbox 196 3377 1811 3456">
    <p class='ocr_par' dir='ltr' id='par_1_59' title="bbox 196 3377 1811 3456">
     <span class='ocr_line' id='line_1_59' title="bbox 196 3377 1811 3456; baseline 0.007 -24"><span class='ocrx_word' id='word_1_468' title='bbox 196 3377 346 3432; x_wconf 86' lang='lat' dir='ltr'><strong>Deus</strong></span> <span class='ocrx_word' id='word_1_469' title='bbox 377 3379 531 3434; x_wconf 84' lang='lat' dir='ltr'><strong>vobis</strong></span> <span class='ocrx_word' id='word_1_470' title='bbox 570 3381 825 3436; x_wconf 85' lang='lat' dir='ltr'><strong>revelabit</strong></span> <span class='ocrx_word' id='word_1_471' title='bbox 854 3380 1081 3450; x_wconf 79' lang='lat' dir='ltr'><strong>(Philip.</strong></span> <span class='ocrx_word' id='word_1_472' title='bbox 1105 3383 1192 3446; x_wconf 91' lang='lat' dir='ltr'><strong>Ill,</strong></span> <span class='ocrx_word' id='word_1_473' title='bbox 1229 3382 1315 3455; x_wconf 84' lang='lat' dir='ltr'><strong>l5)</strong></span> <span class='ocrx_word' id='word_1_474' title='bbox 1348 3403 1359 3438; x_wconf 90' lang='lat'>:</span> <span class='ocrx_word' id='word_1_475' title='bbox 1390 3387 1576 3440; x_wconf 80' lang='lat' dir='ltr'><strong>solitus</strong></span> <span class='ocrx_word' id='word_1_476' title='bbox 1606 3398 1656 3443; x_wconf 90' lang='lat' dir='ltr'><strong>et</strong></span> <span class='ocrx_word' id='word_1_477' title='bbox 1698 3389 1811 3456; x_wconf 92' lang='lat' dir='ltr'><strong>ipse</strong></span> 
     </span>
    </p>
   </div>
   <div class='ocr_carea' id='block_1_60' title="bbox 195 3469 1836 3545">
    <p class='ocr_par' dir='ltr' id='par_1_60' title="bbox 195 3469 1836 3545">
     <span class='ocr_line' id='line_1_60' title="bbox 195 3469 1836 3545; baseline 0.009 -23"><span class='ocrx_word' id='word_1_478' title='bbox 195 3469 488 3523; x_wconf 90' lang='lat' dir='ltr'><strong>consilium</strong></span> <span class='ocrx_word' id='word_1_479' title='bbox 517 3471 944 3536; x_wconf 86' lang='lat' dir='ltr'><strong>subministrare,</strong></span> <span class='ocrx_word' id='word_1_480' title='bbox 974 3488 1092 3527; x_wconf 88' lang='lat' dir='ltr'><strong>cum</strong></span> <span class='ocrx_word' id='word_1_481' title='bbox 1122 3486 1440 3545; x_wconf 76' lang='lat' dir='ltr'><strong>przeceptum</strong></span> <span class='ocrx_word' id='word_1_482' title='bbox 1474 3478 1679 3534; x_wconf 84' lang='lat' dir='ltr'><strong>Domini</strong></span> <span class='ocrx_word' id='word_1_483' title='bbox 1706 3497 1836 3536; x_wconf 91' lang='lat' dir='ltr'><strong>non-</strong></span> 
     </span>
    </p>
   </div>
   <div class='ocr_carea' id='block_1_61' title="bbox 199 3560 1808 3642">
    <p class='ocr_par' dir='ltr' id='par_1_61' title="bbox 199 3560 1808 3642">
     <span class='ocr_line' id='line_1_61' title="bbox 199 3560 1808 3642; baseline 0.009 -28"><span class='ocrx_word' id='word_1_484' title='bbox 199 3560 470 3626; x_wconf 79' lang='lat' dir='ltr'><strong>habebat,</strong></span> <span class='ocrx_word' id='word_1_485' title='bbox 499 3571 552 3616; x_wconf 89' lang='lat' dir='ltr'><strong>et</strong></span> <span class='ocrx_word' id='word_1_486' title='bbox 580 3563 820 3631; x_wconf 66' lang='lat' dir='ltr'><strong>qumdam</strong></span> <span class='ocrx_word' id='word_1_487' title='bbox 848 3563 1060 3620; x_wconf 83' lang='lat' dir='ltr'><strong>edicere</strong></span> <span class='ocrx_word' id='word_1_488' title='bbox 1089 3581 1117 3620; x_wconf 90' lang='lat' dir='ltr'><strong>a</strong></span> <span class='ocrx_word' id='word_1_489' title='bbox 1161 3570 1483 3639; x_wconf 88' lang='lat' dir='ltr'><strong>semetipso,</strong></span> <span class='ocrx_word' id='word_1_490' title='bbox 1518 3570 1588 3642; x_wconf 68' lang='grc' dir='ltr'><strong>(π)</strong></span> <span class='ocrx_word' id='word_1_491' title='bbox 1617 3573 1706 3627; x_wconf 90' lang='lat' dir='ltr'><strong>sed</strong></span> <span class='ocrx_word' id='word_1_492' title='bbox 1754 3583 1808 3629; x_wconf 91' lang='lat' dir='ltr'><strong>et</strong></span> 
     </span>
    </p>
   </div>
   <div class='ocr_carea' id='block_1_62' title="bbox 201 3652 1803 3725">
    <p class='ocr_par' dir='ltr' id='par_1_62' title="bbox 201 3652 1803 3725">
     <span class='ocr_line' id='line_1_62' title="bbox 201 3652 1803 3725; baseline 0.007 -18"><span class='ocrx_word' id='word_1_493' title='bbox 201 3652 321 3722; x_wconf 89' lang='lat' dir='ltr'><strong>ipsc</strong></span> <span class='ocrx_word' id='word_1_494' title='bbox 345 3652 430 3725; x_wconf 72' lang='grc'><strong>(4)</strong></span> <span class='ocrx_word' id='word_1_495' title='bbox 459 3654 707 3723; x_wconf 90' lang='lat' dir='ltr'><strong>spiritum</strong></span> <span class='ocrx_word' id='word_1_496' title='bbox 735 3655 825 3710; x_wconf 89' lang='lat' dir='ltr'><strong>Dei</strong></span> <span class='ocrx_word' id='word_1_497' title='bbox 857 3655 1059 3710; x_wconf 88' lang='lat' dir='ltr'><strong>habens</strong></span> <span class='ocrx_word' id='word_1_498' title='bbox 1089 3655 1437 3714; x_wconf 91' lang='lat' dir='ltr'><strong>deductorem</strong></span> <span class='ocrx_word' id='word_1_499' title='bbox 1461 3663 1634 3719; x_wconf 90' lang='lat' dir='ltr'><strong>omnis</strong></span> <span class='ocrx_word' id='word_1_500' title='bbox 1662 3665 1803 3719; x_wconf 87' lang='lat' dir='ltr'><strong>veri-</strong></span> 
     </span>
    </p>
   </div>
   <div class='ocr_carea' id='block_1_63' title="bbox 202 3746 1809 3822">
    <p class='ocr_par' dir='ltr' id='par_1_63' title="bbox 202 3746 1809 3822">
     <span class='ocr_line' id='line_1_63' title="bbox 202 3746 1809 3822; baseline 0.007 -20"><span class='ocrx_word' id='word_1_501' title='bbox 202 3747 353 3802; x_wconf 79' lang='lat' dir='ltr'><strong>tatis.</strong></span> <span class='ocrx_word' id='word_1_502' title='bbox 409 3746 591 3817; x_wconf 87' lang='lat' dir='ltr'><strong>Itaque</strong></span> <span class='ocrx_word' id='word_1_503' title='bbox 635 3749 916 3804; x_wconf 90' lang='lat' dir='ltr'><strong>consilium</strong></span> <span class='ocrx_word' id='word_1_504' title='bbox 967 3761 1021 3804; x_wconf 90' lang='lat' dir='ltr'><strong>et</strong></span> <span class='ocrx_word' id='word_1_505' title='bbox 1060 3751 1293 3807; x_wconf 85' lang='lat' dir='ltr'><strong>edictum</strong></span> <span class='ocrx_word' id='word_1_506' title='bbox 1343 3751 1423 3821; x_wconf 76' lang='lat' dir='ltr'><strong>(b)</strong></span> <span class='ocrx_word' id='word_1_507' title='bbox 1481 3754 1596 3822; x_wconf 81' lang='lat' dir='ltr'><strong>ejus</strong></span> <span class='ocrx_word' id='word_1_508' title='bbox 1646 3757 1809 3816; x_wconf 88' lang='lat' dir='ltr'><strong>divini</strong></span> 
     </span>
    </p>
   </div>
   <div class='ocr_carea' id='block_1_64' title="bbox 1912 3205 3509 3280">
    <p class='ocr_par' dir='ltr' id='par_1_64' title="bbox 1912 3205 3509 3280">
     <span class='ocr_line' id='line_1_64' title="bbox 1912 3205 3509 3280; baseline -0.004 -14"><span class='ocrx_word' id='word_1_509' title='bbox 1912 3211 2094 3266; x_wconf 91' lang='lat' dir='ltr'><strong>oculos</strong></span> <span class='ocrx_word' id='word_1_510' title='bbox 2114 3221 2162 3266; x_wconf 94' lang='lat' dir='ltr'><strong>ct</strong></span> <span class='ocrx_word' id='word_1_511' title='bbox 2197 3225 2373 3277; x_wconf 88' lang='lat' dir='ltr'><strong>nares,</strong></span> <span class='ocrx_word' id='word_1_512' title='bbox 2398 3225 2623 3280; x_wconf 89' lang='lat' dir='ltr'><strong>quorum</strong></span> <span class='ocrx_word' id='word_1_513' title='bbox 2651 3223 2904 3264; x_wconf 88' lang='lat' dir='ltr'><strong>sensuum</strong></span> <span class='ocrx_word' id='word_1_514' title='bbox 2928 3207 3166 3263; x_wconf 89' lang='lat' dir='ltr'><strong>membra</strong></span> <span class='ocrx_word' id='word_1_515' title='bbox 3195 3214 3338 3261; x_wconf 87' lang='lat' dir='ltr'><strong>sunt.</strong></span> <span class='ocrx_word' id='word_1_516' title='bbox 3368 3205 3509 3262; x_wconf 84' lang='lat' dir='ltr'><strong>Sub—</strong></span> 
     </span>
    </p>
   </div>
   <div class='ocr_carea' id='block_1_65' title="bbox 1914 3299 3514 3369">
    <p class='ocr_par' dir='ltr' id='par_1_65' title="bbox 1914 3299 3514 3369">
     <span class='ocr_line' id='line_1_65' title="bbox 1914 3299 3514 3369; baseline -0.004 -8"><span class='ocrx_word' id='word_1_517' title='bbox 1914 3307 2105 3361; x_wconf 86' lang='lat' dir='ltr'><strong>stantia</strong></span> <span class='ocrx_word' id='word_1_518' title='bbox 2131 3305 2223 3359; x_wconf 90' lang='lat' dir='ltr'><strong>tibi</strong></span> <span class='ocrx_word' id='word_1_519' title='bbox 2261 3321 2288 3357; x_wconf 92' lang='lat' dir='ltr'><strong>a</strong></span> <span class='ocrx_word' id='word_1_520' title='bbox 2315 3306 2422 3359; x_wconf 88' lang='lat' dir='ltr'><strong>Deo</strong></span> <span class='ocrx_word' id='word_1_521' title='bbox 2445 3303 2636 3359; x_wconf 85' lang='lat' dir='ltr'><strong>tradita</strong></span> <span class='ocrx_word' id='word_1_522' title='bbox 2675 3313 2776 3369; x_wconf 88' lang='lat' dir='ltr'><strong>est,</strong></span> <span class='ocrx_word' id='word_1_523' title='bbox 2801 3302 3010 3359; x_wconf 89' lang='lat' dir='ltr'><strong>habitus</strong></span> <span class='ocrx_word' id='word_1_524' title='bbox 3030 3316 3060 3355; x_wconf 90' lang='lat' dir='ltr'><strong>a</strong></span> <span class='ocrx_word' id='word_1_525' title='bbox 3101 3299 3320 3367; x_wconf 65' lang='lat' dir='ltr'><strong>saeculo,</strong></span> <span class='ocrx_word' id='word_1_526' title='bbox 3343 3315 3514 3369; x_wconf 87' lang='lat' dir='ltr'><strong>quan-</strong></span> 
     </span>
    </p>
   </div>
   <div class='ocr_carea' id='block_1_66' title="bbox 1915 3393 3510 3470">
    <p class='ocr_par' dir='ltr' id='par_1_66' title="bbox 1915 3393 3510 3470">
     <span class='ocr_line' id='line_1_66' title="bbox 1915 3393 3510 3470; baseline -0.005 -16"><span class='ocrx_word' id='word_1_527' title='bbox 1915 3415 2072 3470; x_wconf 80' lang='lat' dir='ltr'><strong>quam</strong></span> <span class='ocrx_word' id='word_1_528' title='bbox 2131 3414 2229 3453; x_wconf 88' lang='lat' dir='ltr'><strong>nec</strong></span> <span class='ocrx_word' id='word_1_529' title='bbox 2279 3397 2490 3452; x_wconf 88' lang='lat' dir='ltr'><strong>habitus</strong></span> <span class='ocrx_word' id='word_1_530' title='bbox 2547 3396 3007 3452; x_wconf 76' lang='lat' dir='ltr'><strong>extraordinarius</strong></span> <span class='ocrx_word' id='word_1_531' title='bbox 3057 3393 3334 3450; x_wconf 88' lang='lat' dir='ltr'><strong>ordinario</strong></span> <span class='ocrx_word' id='word_1_532' title='bbox 3387 3393 3510 3448; x_wconf 87' lang='lat' dir='ltr'><strong>usui</strong></span> 
     </span>
    </p>
   </div>
   <div class='ocr_carea' id='block_1_67' title="bbox 1914 3485 3511 3562">
    <p class='ocr_par' dir='ltr' id='par_1_67' title="bbox 1914 3485 3511 3562">
     <span class='ocr_line' id='line_1_67' title="bbox 1914 3485 3511 3562; baseline -0.005 -16"><span class='ocrx_word' id='word_1_533' title='bbox 1914 3492 2196 3562; x_wconf 88' lang='lat' dir='ltr'><strong>obstrepit.</strong></span> <span class='ocrx_word' id='word_1_534' title='bbox 2233 3491 2344 3546; x_wconf 88' lang='lat' dir='ltr'><strong>Iloc</strong></span> <span class='ocrx_word' id='word_1_535' title='bbox 2368 3492 2474 3545; x_wconf 92' lang='lat' dir='ltr'><strong>sint</strong></span> <span class='ocrx_word' id='word_1_536' title='bbox 2497 3491 2588 3545; x_wconf 88' lang='lat' dir='ltr'><strong>tibi</strong></span> <span class='ocrx_word' id='word_1_537' title='bbox 2617 3489 2813 3554; x_wconf 82' lang='lat' dir='ltr'><strong>liores,</strong></span> <span class='ocrx_word' id='word_1_538' title='bbox 2857 3499 2912 3544; x_wconf 92' lang='lat' dir='ltr'><strong>et</strong></span> <span class='ocrx_word' id='word_1_539' title='bbox 2935 3488 3154 3554; x_wconf 90' lang='lat' dir='ltr'><strong>inserti,</strong></span> <span class='ocrx_word' id='word_1_540' title='bbox 3206 3495 3262 3542; x_wconf 90' lang='lat' dir='ltr'><strong>et</strong></span> <span class='ocrx_word' id='word_1_541' title='bbox 3289 3485 3466 3541; x_wconf 87' lang='lat' dir='ltr'><strong>innexi</strong></span> <span class='ocrx_word' id='word_1_542' title='bbox 3494 3526 3511 3550; x_wconf 94' lang='lat'><strong>,</strong></span> 
     </span>
    </p>
   </div>
   <div class='ocr_carea' id='block_1_68' title="bbox 1916 3576 3515 3652">
    <p class='ocr_par' dir='ltr' id='par_1_68' title="bbox 1916 3576 3515 3652">
     <span class='ocr_line' id='line_1_68' title="bbox 1916 3576 3515 3652; baseline -0.003 -14"><span class='ocrx_word' id='word_1_543' title='bbox 1916 3583 2046 3640; x_wconf 91' lang='lat' dir='ltr'><strong>etin</strong></span> <span class='ocrx_word' id='word_1_544' title='bbox 2077 3583 2196 3646; x_wconf 85' lang='lat' dir='ltr'><strong>filo,</strong></span> <span class='ocrx_word' id='word_1_545' title='bbox 2250 3593 2304 3638; x_wconf 88' lang='lat' dir='ltr'><strong>et</strong></span> <span class='ocrx_word' id='word_1_546' title='bbox 2350 3583 2402 3637; x_wconf 91' lang='lat' dir='ltr'><strong>in</strong></span> <span class='ocrx_word' id='word_1_547' title='bbox 2451 3584 2664 3652; x_wconf 90' lang='lat' dir='ltr'><strong>scirpo,</strong></span> <span class='ocrx_word' id='word_1_548' title='bbox 2705 3581 2848 3652; x_wconf 89' lang='lat' dir='ltr'><strong>quod</strong></span> <span class='ocrx_word' id='word_1_549' title='bbox 2892 3580 3080 3643; x_wconf 90' lang='lat' dir='ltr'><strong>liberi,</strong></span> <span class='ocrx_word' id='word_1_550' title='bbox 3126 3577 3269 3648; x_wconf 91' lang='lat' dir='ltr'><strong>quod</strong></span> <span class='ocrx_word' id='word_1_551' title='bbox 3313 3576 3515 3633; x_wconf 91' lang='lat' dir='ltr'><strong>soluti:</strong></span> 
     </span>
    </p>
   </div>
   <div class='ocr_carea' id='block_1_69' title="bbox 1914 3669 3516 3748">
    <p class='ocr_par' dir='ltr' id='par_1_69' title="bbox 1914 3669 3516 3748">
     <span class='ocr_line' id='line_1_69' title="bbox 1914 3669 3516 3748; baseline -0.006 -16"><span class='ocrx_word' id='word_1_552' title='bbox 1914 3677 2203 3748; x_wconf 87' lang='lat' dir='ltr'><strong>spectaculi</strong></span> <span class='ocrx_word' id='word_1_553' title='bbox 2252 3676 2456 3732; x_wconf 89' lang='lat' dir='ltr'><strong>scilicet</strong></span> <span class='ocrx_word' id='word_1_554' title='bbox 2493 3684 2549 3730; x_wconf 89' lang='lat' dir='ltr'><strong>et</strong></span> <span class='ocrx_word' id='word_1_555' title='bbox 2589 3674 2840 3745; x_wconf 87' lang='lat' dir='ltr'><strong>spiraculi</strong></span> <span class='ocrx_word' id='word_1_556' title='bbox 2874 3688 2981 3729; x_wconf 90' lang='lat' dir='ltr'><strong>res.</strong></span> <span class='ocrx_word' id='word_1_557' title='bbox 3015 3672 3279 3727; x_wconf 90' lang='lat' dir='ltr'><strong>Coronam</strong></span> <span class='ocrx_word' id='word_1_558' title='bbox 3305 3669 3349 3724; x_wconf 90' lang='lat' dir='ltr'><strong>si</strong></span> <span class='ocrx_word' id='word_1_559' title='bbox 3377 3671 3516 3723; x_wconf 78' lang='lat' dir='ltr'><strong>forte</strong></span> 
     </span>
    </p>
   </div>
   <div class='ocr_carea' id='block_1_70' title="bbox 1921 3761 3514 3837">
    <p class='ocr_par' dir='ltr' id='par_1_70' title="bbox 1921 3761 3514 3837">
     <span class='ocr_line' id='line_1_70' title="bbox 1921 3761 3514 3837; baseline -0.006 -14"><span class='ocrx_word' id='word_1_560' title='bbox 1921 3769 2119 3826; x_wconf 81' lang='lat' dir='ltr'><strong>fascem</strong></span> <span class='ocrx_word' id='word_1_561' title='bbox 2137 3768 2412 3824; x_wconf 86' lang='lat' dir='ltr'><strong>existimas</strong></span> <span class='ocrx_word' id='word_1_562' title='bbox 2436 3769 2624 3824; x_wconf 81' lang='lat' dir='ltr'><strong>florum</strong></span> <span class='ocrx_word' id='word_1_563' title='bbox 2651 3782 2745 3837; x_wconf 90' lang='lat' dir='ltr'><strong>per</strong></span> <span class='ocrx_word' id='word_1_564' title='bbox 2762 3766 2953 3822; x_wconf 87' lang='lat' dir='ltr'><strong>seriem</strong></span> <span class='ocrx_word' id='word_1_565' title='bbox 2980 3761 3514 3835; x_wconf 84' lang='lat' dir='ltr'><strong>comprehensorum,</strong></span> 
     </span>
    </p>
   </div>
   <div class='ocr_carea' id='block_1_71' title="bbox 1461 3849 2296 3922">
    <p class='ocr_par' dir='ltr' id='par_1_71' title="bbox 1461 3849 2296 3922">
     <span class='ocr_line' id='line_1_71' title="bbox 1461 3849 2296 3922; baseline 0.018 -19"><span class='ocrx_word' id='word_1_566' title='bbox 1461 3849 1842 3914; x_wconf 72' lang='lat' dir='ltr'><strong>LECTIONES</strong></span> <span class='ocrx_word' id='word_1_567' title='bbox 1884 3863 1967 3919; x_wconf 80' lang='lat' dir='ltr'><strong>VA</strong></span> <span class='ocrx_word' id='word_1_568' title='bbox 1979 3865 2296 3922; x_wconf 80' lang='lat' dir='ltr'><strong>RIANTES.</strong></span> 
     </span>
    </p>
   </div>
   <div class='ocr_carea' id='block_1_72' title="bbox 269 3934 738 3996">
    <p class='ocr_par' dir='ltr' id='par_1_72' title="bbox 269 3934 738 3996">
     <span class='ocr_line' id='line_1_72' title="bbox 269 3934 738 3996; baseline 0 -12"><span class='ocrx_word' id='word_1_569' title='bbox 269 3935 344 3996; x_wconf 85' lang='lat' dir='ltr'><strong>(I)</strong></span> <span class='ocrx_word' id='word_1_570' title='bbox 371 3935 562 3984; x_wconf 72' lang='lat' dir='ltr'><strong>Velatze</strong></span> <span class='ocrx_word' id='word_1_571' title='bbox 588 3934 738 3986; x_wconf 84' lang='lat' dir='ltr'><strong>Seml.</strong></span> 
     </span>
    </p>
   </div>
   <div class='ocr_carea' id='block_1_73' title="bbox 275 3996 798 4056">
    <p class='ocr_par' dir='ltr' id='par_1_73' title="bbox 275 3996 798 4056">
     <span class='ocr_line' id='line_1_73' title="bbox 275 3996 798 4056; baseline -0.002 -10"><span class='ocrx_word' id='word_1_572' title='bbox 275 3997 348 4056; x_wconf 76' lang='grc' dir='ltr'><strong>(Ξ)</strong></span> <span class='ocrx_word' id='word_1_573' title='bbox 378 3998 433 4047; x_wconf 92' lang='lat' dir='ltr'><strong>In</strong></span> <span class='ocrx_word' id='word_1_574' title='bbox 455 4000 670 4056; x_wconf 86' lang='lat' dir='ltr'><strong>pomario</strong></span> <span class='ocrx_word' id='word_1_575' title='bbox 693 3996 798 4047; x_wconf 78' lang='lat' dir='ltr'><strong>alii.</strong></span> 
     </span>
    </p>
   </div>
   <div class='ocr_carea' id='block_1_74' title="bbox 274 4057 727 4120">
    <p class='ocr_par' dir='ltr' id='par_1_74' title="bbox 274 4057 727 4120">
     <span class='ocr_line' id='line_1_74' title="bbox 274 4057 727 4120; baseline -0.004 -11"><span class='ocrx_word' id='word_1_576' title='bbox 274 4061 347 4120; x_wconf 78' lang='grc'><strong>(3)</strong></span> <span class='ocrx_word' id='word_1_577' title='bbox 375 4057 556 4109; x_wconf 80' lang='lat' dir='ltr'><strong>Habitu</strong></span> <span class='ocrx_word' id='word_1_578' title='bbox 577 4057 727 4109; x_wconf 86' lang='lat' dir='ltr'><strong>Seml.</strong></span> 
     </span>
    </p>
   </div>
   <div class='ocr_carea' id='block_1_75' title="bbox 278 4121 720 4198">
    <p class='ocr_par' dir='ltr' id='par_1_75' title="bbox 278 4121 720 4198">
     <span class='ocr_line' id='line_1_75' title="bbox 278 4121 720 4198; baseline 0 0"><span class='ocrx_word' id='word_1_579' title='bbox 278 4123 349 4198; x_wconf 61' lang='grc' dir='ltr'><strong>ἑὲ)</strong></span> <span class='ocrx_word' id='word_1_580' title='bbox 375 4122 546 4198; x_wconf 62' lang='lat'><strong>1935&quot;&quot;</strong></span> <span class='ocrx_word' id='word_1_581' title='bbox 570 4121 720 4198; x_wconf 46' lang='lat' dir='ltr'><strong>&quot;IV&quot;:</strong></span> 
     </span>
    </p>
   </div>
   <div class='ocr_carea' id='block_1_76' title="bbox 273 4184 1009 4312">
    <p class='ocr_par' dir='ltr' id='par_1_76' title="bbox 273 4184 1009 4312">
     <span class='ocr_line' id='line_1_76' title="bbox 273 4184 888 4309; baseline 0.005 -77"><span class='ocrx_word' id='word_1_582' title='bbox 273 4185 348 4309; x_wconf 64' lang='lat' dir='ltr'><strong>(Si)</strong></span> <span class='ocrx_word' id='word_1_583' title='bbox 374 4184 571 4234; x_wconf 89' lang='lat' dir='ltr'><strong>Dictum</strong></span> <span class='ocrx_word' id='word_1_584' title='bbox 591 4185 739 4235; x_wconf 82' lang='lat' dir='ltr'><strong>Seml.</strong></span> <span class='ocrx_word' id='word_1_585' title='bbox 877 4257 888 4267; x_wconf 38' lang='grc' dir='ltr'>ν</span> 
     </span>
     <span class='ocr_line' id='line_1_77' title="bbox 297 4247 1009 4312; baseline 0.001 -15"><span class='ocrx_word' id='word_1_586' title='bbox 297 4250 351 4312; x_wconf 80' lang='grc' dir='ltr'><strong>ϐ)</strong></span> <span class='ocrx_word' id='word_1_587' title='bbox 381 4247 693 4298; x_wconf 86' lang='lat' dir='ltr'><strong>Consuetudo</strong></span> <span class='ocrx_word' id='word_1_588' title='bbox 715 4248 824 4308; x_wconf 82' lang='lat' dir='ltr'><strong>sed,</strong></span> <span class='ocrx_word' id='word_1_589' title='bbox 851 4256 869 4293; x_wconf 89' lang='grc' dir='ltr'><em>ι</em></span> <span class='ocrx_word' id='word_1_590' title='bbox 888 4254 1009 4298; x_wconf 76' lang='lat' dir='ltr'><strong>citet.</strong></span> 
     </span>
    </p>
   </div>
   <div class='ocr_carea' id='block_1_77' title="bbox 1975 3959 2484 4021">
    <p class='ocr_par' dir='ltr' id='par_1_77' title="bbox 1975 3959 2484 4021">
     <span class='ocr_line' id='line_1_78' title="bbox 1975 3959 2484 4021; baseline -0.004 -13"><span class='ocrx_word' id='word_1_591' title='bbox 1975 3959 2047 4016; x_wconf 77' lang='grc' dir='ltr'><strong>(Ἰ)</strong></span> <span class='ocrx_word' id='word_1_592' title='bbox 2074 3959 2306 4021; x_wconf 77' lang='lat' dir='ltr'><strong>Exigitur</strong></span> <span class='ocrx_word' id='word_1_593' title='bbox 2329 3967 2484 4008; x_wconf 77' lang='lat' dir='ltr'><strong>Fran.</strong></span> 
     </span>
    </p>
   </div>
   <div class='ocr_carea' id='block_1_78' title="bbox 1973 4020 2514 4081">
    <p class='ocr_par' dir='ltr' id='par_1_78' title="bbox 1973 4020 2514 4081">
     <span class='ocr_line' id='line_1_79' title="bbox 1973 4020 2514 4081; baseline -0.018 -5"><span class='ocrx_word' id='word_1_594' title='bbox 1973 4021 2044 4081; x_wconf 81' lang='grc'><strong>(8)</strong></span> <span class='ocrx_word' id='word_1_595' title='bbox 2070 4020 2318 4071; x_wconf 84' lang='lat' dir='ltr'><strong>Defendat</strong></span> <span class='ocrx_word' id='word_1_596' title='bbox 2335 4029 2514 4081; x_wconf 74' lang='lat' dir='ltr'><strong>ll&#39;ouw.</strong></span> 
     </span>
    </p>
   </div>
   <div class='ocr_carea' id='block_1_79' title="bbox 1973 4076 3239 4146">
    <p class='ocr_par' dir='ltr' id='par_1_79' title="bbox 1973 4076 3239 4146">
     <span class='ocr_line' id='line_1_80' title="bbox 1973 4076 3239 4146; baseline -0.001 -15"><span class='ocrx_word' id='word_1_597' title='bbox 1973 4076 2045 4143; x_wconf 86' lang='lat'><strong>(9)</strong></span> <span class='ocrx_word' id='word_1_598' title='bbox 2072 4083 2348 4146; x_wconf 67' lang='lat' dir='ltr'><strong>rEstlmavit</strong></span> <span class='ocrx_word' id='word_1_599' title='bbox 2364 4079 2512 4132; x_wconf 77' lang='lat' dir='ltr'><strong>Seml.</strong></span> <span class='ocrx_word' id='word_1_600' title='bbox 2535 4079 2835 4146; x_wconf 82' lang='lat' dir='ltr'><strong>existimavit</strong></span> <span class='ocrx_word' id='word_1_601' title='bbox 2859 4076 2971 4143; x_wconf 68' lang='grc' dir='ltr'><strong>Εἰς.</strong></span> <span class='ocrx_word' id='word_1_602' title='bbox 3158 4135 3186 4146; x_wconf 49' lang='grc' dir='ltr'><strong>υ</strong></span> <span class='ocrx_word' id='word_1_603' title='bbox 3229 4136 3239 4146; x_wconf 36' lang='grc' dir='ltr'>θ</span> 
     </span>
    </p>
   </div>
   <div class='ocr_carea' id='block_1_80' title="bbox 1973 4129 3523 4208">
    <p class='ocr_par' dir='ltr' id='par_1_80' title="bbox 1973 4129 3523 4208">
     <span class='ocr_line' id='line_1_81' title="bbox 1973 4129 3523 4208; baseline -0.01 -14"><span class='ocrx_word' id='word_1_604' title='bbox 1973 4129 2347 4208; x_wconf 52' lang='lat' dir='ltr'><strong>iibi&#39;it&#39;éiiii‘di’s&#39;</strong></span> <span class='ocrx_word' id='word_1_605' title='bbox 2364 4129 2798 4208; x_wconf 10' lang='lat' dir='ltr'><strong>ﬁadmilnistrantia,</strong></span> <span class='ocrx_word' id='word_1_606' title='bbox 2847 4129 3105 4208; x_wconf 74' lang='lat' dir='ltr'><strong>munerum</strong></span> <span class='ocrx_word' id='word_1_607' title='bbox 3142 4135 3416 4184; x_wconf 88' lang='lat' dir='ltr'><strong>divinorum</strong></span> <span class='ocrx_word' id='word_1_608' title='bbox 3461 4129 3523 4179; x_wconf 85' lang='lat' dir='ltr'><strong>ab</strong></span> 
     </span>
    </p>
   </div>
   <div class='ocr_carea' id='block_1_81' title="bbox 1913 4206 2876 4257">
    <p class='ocr_par' dir='ltr' id='par_1_81' title="bbox 1913 4206 2876 4257">
     <span class='ocr_line' id='line_1_82' title="bbox 1913 4206 2876 4257; baseline -0.006 -1"><span class='ocrx_word' id='word_1_609' title='bbox 1913 4206 2072 4257; x_wconf 79' lang='lat' dir='ltr'><strong>anima</strong></span> <span class='ocrx_word' id='word_1_610' title='bbox 2093 4208 2402 4257; x_wconf 87' lang='lat' dir='ltr'><strong>deducuntur</strong></span> <span class='ocrx_word' id='word_1_611' title='bbox 2427 4206 2488 4256; x_wconf 88' lang='lat' dir='ltr'><strong>ad</strong></span> <span class='ocrx_word' id='word_1_612' title='bbox 2512 4217 2688 4256; x_wconf 88' lang='lat' dir='ltr'><strong>sensus</strong></span> <span class='ocrx_word' id='word_1_613' title='bbox 2711 4207 2876 4254; x_wconf 74' lang='lat' dir='ltr'><strong>Venet.</strong></span> 
     </span>
    </p>
   </div>
   <div class='ocr_carea' id='block_1_82' title="bbox 1573 4333 2127 4392">
    <p class='ocr_par' dir='ltr' id='par_1_82' title="bbox 1573 4333 2127 4392">
     <span class='ocr_line' id='line_1_83' title="bbox 1573 4333 2127 4392; baseline -0.005 -3"><span class='ocrx_word' id='word_1_614' title='bbox 1573 4333 2127 4392; x_wconf 80' lang='lat' dir='ltr'><strong>COMMENTARIUS.</strong></span> 
     </span>
    </p>
   </div>
   <div class='ocr_carea' id='block_1_83' title="bbox 212 4421 1812 4550">
    <p class='ocr_par' dir='ltr' id='par_1_83' title="bbox 212 4421 1812 4550">
     <span class='ocr_line' id='line_1_84' title="bbox 212 4421 1812 4550; baseline 0.003 -72"><span class='ocrx_word' id='word_1_615' title='bbox 212 4422 554 4494; x_wconf 85' lang='lat' dir='ltr'><strong>potissimum</strong></span> <span class='ocrx_word' id='word_1_616' title='bbox 598 4421 785 4492; x_wconf 86' lang='lat' dir='ltr'><strong>probat</strong></span> <span class='ocrx_word' id='word_1_617' title='bbox 825 4422 1139 4479; x_wconf 82' lang='lat' dir='ltr'><strong>auctoritate</strong></span> <span class='ocrx_word' id='word_1_618' title='bbox 1181 4425 1416 4496; x_wconf 82' lang='lat' dir='ltr'><strong>Apostoli</strong></span> <span class='ocrx_word' id='word_1_619' title='bbox 1469 4425 1534 4550; x_wconf 55' lang='lat' dir='ltr'><strong>(Il</strong></span> <span class='ocrx_word' id='word_1_620' title='bbox 1571 4425 1688 4482; x_wconf 90' lang='lat' dir='ltr'><strong>Cor.</strong></span> <span class='ocrx_word' id='word_1_621' title='bbox 1713 4428 1812 4500; x_wconf 92' lang='lat' dir='ltr'><strong>Il).</strong></span> 
     </span>
     <span class='ocr_line' id='line_1_85' title="bbox 1533 4514 1626 4550; baseline 0 0"><span class='ocrx_word' id='word_1_622' title='bbox 1533 4514 1626 4550; x_wconf 77' lang='lat' dir='ltr'><strong>AI.</strong></span> 
     </span>
    </p>
   </div>
   <div class='ocr_carea' id='block_1_84' title="bbox 1533 4514 1626 4552">
    <p class='ocr_par' dir='ltr' id='par_1_84' title="bbox 1533 4514 1626 4552">
     <span class='ocr_line' id='line_1_86' title="bbox 1533 4514 1626 4552; baseline 0.011 -1"><span class='ocrx_word' id='word_1_623' title='bbox 1533 4514 1626 4552; x_wconf 71' lang='lat' dir='ltr'><strong>AI.</strong></span> 
     </span>
    </p>
   </div>
   <div class='ocr_carea' id='block_1_85' title="bbox 1931 4416 3531 4499">
    <p class='ocr_par' dir='ltr' id='par_1_85' title="bbox 1931 4416 3531 4499">
     <span class='ocr_line' id='line_1_87' title="bbox 1931 4416 3531 4499; baseline -0.009 -19"><span class='ocrx_word' id='word_1_624' title='bbox 1931 4429 2129 4499; x_wconf 75' lang='lat' dir='ltr'><strong>pletum</strong></span> <span class='ocrx_word' id='word_1_625' title='bbox 2159 4425 2290 4499; x_wconf 88' lang='lat' dir='ltr'><strong>illud</strong></span> <span class='ocrx_word' id='word_1_626' title='bbox 2319 4423 2612 4499; x_wconf 76' lang='lat' dir='ltr'><strong>(Joan.l6)</strong></span> <span class='ocrx_word' id='word_1_627' title='bbox 2641 4440 2655 4475; x_wconf 88' lang='lat'><strong>:</strong></span> <span class='ocrx_word' id='word_1_628' title='bbox 2679 4421 2807 4478; x_wconf 86' lang='lat' dir='ltr'><strong>Cum</strong></span> <span class='ocrx_word' id='word_1_629' title='bbox 2833 4420 3020 4499; x_wconf 68' lang='lat' dir='ltr'><strong>venerit</strong></span> <span class='ocrx_word' id='word_1_630' title='bbox 3059 4418 3148 4472; x_wconf 85' lang='lat' dir='ltr'><strong>ille</strong></span> <span class='ocrx_word' id='word_1_631' title='bbox 3163 4416 3404 4499; x_wconf 62' lang='lat' dir='ltr'><strong>“spiritus</strong></span> <span class='ocrx_word' id='word_1_632' title='bbox 3452 4428 3531 4495; x_wconf 61' lang='lat' dir='ltr'><strong>ue-</strong></span> 
     </span>
    </p>
   </div>
   <div class='ocr_carea' id='block_1_86' title="bbox 1917 4487 3524 4564">
    <p class='ocr_par' dir='ltr' id='par_1_86' title="bbox 1917 4487 3524 4564">
     <span class='ocr_line' id='line_1_88' title="bbox 1917 4487 3524 4564; baseline -0.01 -11"><span class='ocrx_word' id='word_1_633' title='bbox 1917 4487 2081 4554; x_wconf 60' lang='lat' dir='ltr'><strong>ritatis</strong></span> <span class='ocrx_word' id='word_1_634' title='bbox 2102 4541 2117 4564; x_wconf 88' lang='lat'><strong>,</strong></span> <span class='ocrx_word' id='word_1_635' title='bbox 2151 4487 2360 4551; x_wconf 71' lang='lat' dir='ltr'><strong>deducet</strong></span> <span class='ocrx_word' id='word_1_636' title='bbox 2380 4513 2468 4550; x_wconf 77' lang='lat' dir='ltr'><strong>vos</strong></span> <span class='ocrx_word' id='word_1_637' title='bbox 2493 4498 2546 4548; x_wconf 85' lang='lat' dir='ltr'><strong>in</strong></span> <span class='ocrx_word' id='word_1_638' title='bbox 2573 4487 2772 4547; x_wconf 77' lang='lat' dir='ltr'><strong>omnem</strong></span> <span class='ocrx_word' id='word_1_639' title='bbox 2825 4492 3106 4564; x_wconf 58' lang='lat' dir='ltr'><strong>veritatem.</strong></span> <span class='ocrx_word' id='word_1_640' title='bbox 3163 4487 3259 4542; x_wconf 83' lang='lat' dir='ltr'><strong>Hic</strong></span> <span class='ocrx_word' id='word_1_641' title='bbox 3287 4499 3415 4564; x_wconf 77' lang='lat' dir='ltr'><strong>vero</strong></span> <span class='ocrx_word' id='word_1_642' title='bbox 3447 4487 3524 4564; x_wconf 53' lang='lat' dir='ltr'><strong>-in</strong></span> 
     </span>
    </p>
   </div>
   <div class='ocr_carea' id='block_1_87' title="bbox 293 4553 3528 4642">
    <p class='ocr_par' dir='ltr' id='par_1_87' title="bbox 293 4553 3528 4642">
     <span class='ocr_line' id='line_1_89' title="bbox 293 4553 3528 4642; baseline -0.004 -22"><span class='ocrx_word' id='word_1_643' title='bbox 293 4564 371 4637; x_wconf 82' lang='lat' dir='ltr'><strong>(a)</strong></span> <span class='ocrx_word' id='word_1_644' title='bbox 399 4564 464 4619; x_wconf 86' lang='lat' dir='ltr'><strong>In</strong></span> <span class='ocrx_word' id='word_1_645' title='bbox 495 4565 666 4642; x_wconf 60' lang='lat' dir='ltr'><strong>stadio</strong></span> <span class='ocrx_word' id='word_1_646' title='bbox 708 4565 899 4642; x_wconf 68' lang='lat' dir='ltr'><strong>mariti.</strong></span> <span class='ocrx_word' id='word_1_647' title='bbox 947 4563 1199 4642; x_wconf 78' lang='lat' dir='ltr'><strong>Intelligit</strong></span> <span class='ocrx_word' id='word_1_648' title='bbox 1243 4567 1398 4642; x_wconf 82' lang='lat' dir='ltr'><strong>stadii</strong></span> <span class='ocrx_word' id='word_1_649' title='bbox 1458 4571 1673 4624; x_wconf 90' lang='lat' dir='ltr'><strong>nomine</strong></span> <span class='ocrx_word' id='word_1_650' title='bbox 1719 4570 1821 4642; x_wconf 81' lang='lat' dir='ltr'><strong>hy-</strong></span> <span class='ocrx_word' id='word_1_651' title='bbox 1848 4553 2170 4642; x_wconf 10' lang='lat' dir='ltr'><strong>Draposto&#39;lo</strong></span> <span class='ocrx_word' id='word_1_652' title='bbox 2220 4568 2383 4642; x_wconf 70' lang='lat' dir='ltr'><strong>I’aulo</strong></span> <span class='ocrx_word' id='word_1_653' title='bbox 2427 4565 2676 4621; x_wconf 91' lang='lat' dir='ltr'><strong>eumdem</strong></span> <span class='ocrx_word' id='word_1_654' title='bbox 2723 4563 2982 4642; x_wconf 56' lang='lat' dir='ltr'><strong>spiritum</strong></span> <span class='ocrx_word' id='word_1_655' title='bbox 3019 4559 3108 4614; x_wconf 91' lang='lat' dir='ltr'><strong>Dei</strong></span> <span class='ocrx_word' id='word_1_656' title='bbox 3137 4553 3528 4642; x_wconf 19' lang='lat' dir='ltr'><strong>agitoscitqlsta</strong></span> 
     </span>
    </p>
   </div>
   <div class='ocr_carea' id='block_1_88' title="bbox 215 4635 1816 4709">
    <p class='ocr_par' dir='ltr' id='par_1_88' title="bbox 215 4635 1816 4709">
     <span class='ocr_line' id='line_1_90' title="bbox 215 4635 1816 4709; baseline 0.002 -18"><span class='ocrx_word' id='word_1_657' title='bbox 215 4635 467 4709; x_wconf 68' lang='lat' dir='ltr'><strong>petram,</strong></span> <span class='ocrx_word' id='word_1_658' title='bbox 494 4636 594 4691; x_wconf 86' lang='lat' dir='ltr'><strong>hoc</strong></span> <span class='ocrx_word' id='word_1_659' title='bbox 623 4647 703 4709; x_wconf 82' lang='lat' dir='ltr'><strong>est</strong></span> <span class='ocrx_word' id='word_1_660' title='bbox 735 4635 1065 4691; x_wconf 90' lang='lat' dir='ltr'><strong>subdivalem</strong></span> <span class='ocrx_word' id='word_1_661' title='bbox 1093 4638 1526 4709; x_wconf 85' lang='lat' dir='ltr'><strong>ambulationem,</strong></span> <span class='ocrx_word' id='word_1_662' title='bbox 1555 4656 1713 4709; x_wconf 92' lang='lat' dir='ltr'><strong>quam</strong></span> <span class='ocrx_word' id='word_1_663' title='bbox 1756 4635 1816 4694; x_wconf 75' lang='lat' dir='ltr'><strong>et</strong></span> 
     </span>
    </p>
   </div>
   <div class='ocr_carea' id='block_1_89' title="bbox 217 4707 1818 4791">
    <p class='ocr_par' dir='ltr' id='par_1_89' title="bbox 217 4707 1818 4791">
     <span class='ocr_line' id='line_1_91' title="bbox 217 4707 1818 4791; baseline -0.001 -27"><span class='ocrx_word' id='word_1_664' title='bbox 217 4707 436 4791; x_wconf 64' lang='lat' dir='ltr'><strong>xystum</strong></span> <span class='ocrx_word' id='word_1_665' title='bbox 505 4707 876 4791; x_wconf 72' lang='lat' dir='ltr'><strong>appellamus.</strong></span> <span class='ocrx_word' id='word_1_666' title='bbox 918 4722 1063 4791; x_wconf 75' lang='lat' dir='ltr'><strong>_qu:e</strong></span> <span class='ocrx_word' id='word_1_667' title='bbox 1115 4708 1273 4790; x_wconf 72' lang='lat' dir='ltr'><strong>etiam</strong></span> <span class='ocrx_word' id='word_1_668' title='bbox 1326 4707 1633 4791; x_wconf 58' lang='lat' dir='ltr'><strong>arboribus</strong></span> <span class='ocrx_word' id='word_1_669' title='bbox 1686 4725 1818 4766; x_wconf 87' lang='lat' dir='ltr'><strong>con-</strong></span> 
     </span>
    </p>
   </div>
   <div class='ocr_carea' id='block_1_90' title="bbox 217 4777 1821 4847">
    <p class='ocr_par' dir='ltr' id='par_1_90' title="bbox 217 4777 1821 4847">
     <span class='ocr_line' id='line_1_92' title="bbox 217 4777 1821 4847; baseline 0.001 -14"><span class='ocrx_word' id='word_1_670' title='bbox 217 4777 324 4833; x_wconf 83' lang='lat' dir='ltr'><strong>sita</strong></span> <span class='ocrx_word' id='word_1_671' title='bbox 377 4791 496 4832; x_wconf 92' lang='lat' dir='ltr'><strong>esse</strong></span> <span class='ocrx_word' id='word_1_672' title='bbox 553 4777 777 4843; x_wconf 87' lang='lat' dir='ltr'><strong>solebat,</strong></span> <span class='ocrx_word' id='word_1_673' title='bbox 825 4778 1027 4832; x_wconf 70' lang='lat' dir='ltr'><strong>umbrie</strong></span> <span class='ocrx_word' id='word_1_674' title='bbox 1081 4779 1270 4847; x_wconf 88' lang='lat' dir='ltr'><strong>gratia.</strong></span> <span class='ocrx_word' id='word_1_675' title='bbox 1326 4777 1443 4834; x_wconf 81' lang='lat' dir='ltr'><strong>th.</strong></span> <span class='ocrx_word' id='word_1_676' title='bbox 1495 4809 1566 4819; x_wconf 91' lang='lat'><strong>—</strong></span> <span class='ocrx_word' id='word_1_677' title='bbox 1607 4780 1671 4834; x_wconf 88' lang='lat' dir='ltr'><strong>In</strong></span> <span class='ocrx_word' id='word_1_678' title='bbox 1715 4791 1821 4836; x_wconf 76' lang='lat' dir='ltr'><strong>sta-</strong></span> 
     </span>
    </p>
   </div>
   <div class='ocr_carea' id='block_1_91' title="bbox 219 4847 1825 4918">
    <p class='ocr_par' dir='ltr' id='par_1_91' title="bbox 219 4847 1825 4918">
     <span class='ocr_line' id='line_1_93' title="bbox 219 4847 1825 4918; baseline 0.001 -16"><span class='ocrx_word' id='word_1_679' title='bbox 219 4849 334 4914; x_wconf 81' lang='lat' dir='ltr'><strong>dio,</strong></span> <span class='ocrx_word' id='word_1_680' title='bbox 369 4858 476 4903; x_wconf 88' lang='lat' dir='ltr'><strong>etc.</strong></span> <span class='ocrx_word' id='word_1_681' title='bbox 520 4847 644 4918; x_wconf 86' lang='lat' dir='ltr'><strong>Legi</strong></span> <span class='ocrx_word' id='word_1_682' title='bbox 686 4859 865 4918; x_wconf 86' lang='lat' dir='ltr'><strong>posset</strong></span> <span class='ocrx_word' id='word_1_683' title='bbox 916 4849 1150 4903; x_wconf 73' lang='lat' dir='ltr'><strong>stibadio.</strong></span> <span class='ocrx_word' id='word_1_684' title='bbox 1185 4848 1317 4903; x_wconf 83' lang='lat' dir='ltr'><strong>Nam</strong></span> <span class='ocrx_word' id='word_1_685' title='bbox 1365 4850 1434 4903; x_wconf 88' lang='lat' dir='ltr'><strong>ita</strong></span> <span class='ocrx_word' id='word_1_686' title='bbox 1486 4861 1740 4906; x_wconf 89' lang='lat' dir='ltr'><strong>vocantur</strong></span> <span class='ocrx_word' id='word_1_687' title='bbox 1771 4853 1825 4904; x_wconf 92' lang='lat' dir='ltr'><strong>in</strong></span> 
     </span>
    </p>
   </div>
   <div class='ocr_carea' id='block_1_92' title="bbox 221 4919 1825 4985">
    <p class='ocr_par' dir='ltr' id='par_1_92' title="bbox 221 4919 1825 4985">
     <span class='ocr_line' id='line_1_94' title="bbox 221 4919 1825 4985; baseline 0.001 -11"><span class='ocrx_word' id='word_1_688' title='bbox 221 4920 399 4974; x_wconf 85' lang='lat' dir='ltr'><strong>hortis</strong></span> <span class='ocrx_word' id='word_1_689' title='bbox 429 4920 613 4973; x_wconf 81' lang='lat' dir='ltr'><strong>sedilia</strong></span> <span class='ocrx_word' id='word_1_690' title='bbox 644 4919 924 4979; x_wconf 81' lang='lat' dir='ltr'><strong>lterbacca.</strong></span> <span class='ocrx_word' id='word_1_691' title='bbox 943 4931 994 4973; x_wconf 86' lang='lat' dir='ltr'><strong>et</strong></span> <span class='ocrx_word' id='word_1_692' title='bbox 1016 4937 1079 4975; x_wconf 88' lang='lat' dir='ltr'><strong>ex</strong></span> <span class='ocrx_word' id='word_1_693' title='bbox 1105 4919 1344 4982; x_wconf 82' lang='lat' dir='ltr'><strong>tioribus;</strong></span> <span class='ocrx_word' id='word_1_694' title='bbox 1375 4919 1467 4974; x_wconf 89' lang='lat' dir='ltr'><strong>sed</strong></span> <span class='ocrx_word' id='word_1_695' title='bbox 1496 4923 1624 4976; x_wconf 87' lang='lat' dir='ltr'><strong>nihil</strong></span> <span class='ocrx_word' id='word_1_696' title='bbox 1655 4931 1825 4985; x_wconf 91' lang='lat' dir='ltr'><strong>muto,</strong></span> 
     </span>
    </p>
   </div>
   <div class='ocr_carea' id='block_1_93' title="bbox 222 4990 1829 5058">
    <p class='ocr_par' dir='ltr' id='par_1_93' title="bbox 222 4990 1829 5058">
     <span class='ocr_line' id='line_1_95' title="bbox 222 4990 1829 5058; baseline 0 -12"><span class='ocrx_word' id='word_1_697' title='bbox 222 5006 352 5046; x_wconf 90' lang='lat' dir='ltr'><strong>nam</strong></span> <span class='ocrx_word' id='word_1_698' title='bbox 376 4990 553 5043; x_wconf 92' lang='lat' dir='ltr'><strong>omnia</strong></span> <span class='ocrx_word' id='word_1_699' title='bbox 581 4990 693 5044; x_wconf 82' lang='lat' dir='ltr'><strong>loca</strong></span> <span class='ocrx_word' id='word_1_700' title='bbox 724 5005 954 5055; x_wconf 69' lang='lat' dir='ltr'><strong>ammna,</strong></span> <span class='ocrx_word' id='word_1_701' title='bbox 988 5001 1042 5045; x_wconf 88' lang='lat' dir='ltr'><strong>et</strong></span> <span class='ocrx_word' id='word_1_702' title='bbox 1067 5006 1132 5045; x_wconf 89' lang='lat' dir='ltr'><strong>ex</strong></span> <span class='ocrx_word' id='word_1_703' title='bbox 1163 4990 1441 5047; x_wconf 84' lang='lat' dir='ltr'><strong>arboribus</strong></span> <span class='ocrx_word' id='word_1_704' title='bbox 1470 4995 1695 5058; x_wconf 89' lang='lat' dir='ltr'><strong>consita,</strong></span> <span class='ocrx_word' id='word_1_705' title='bbox 1725 4992 1829 5048; x_wconf 92' lang='lat' dir='ltr'><strong>dici</strong></span> 
     </span>
    </p>
   </div>
   <div class='ocr_carea' id='block_1_94' title="bbox 221 5059 814 5132">
    <p class='ocr_par' dir='ltr' id='par_1_94' title="bbox 221 5059 814 5132">
     <span class='ocr_line' id='line_1_96' title="bbox 221 5059 814 5132; baseline 0 -18"><span class='ocrx_word' id='word_1_706' title='bbox 221 5070 451 5132; x_wconf 35' lang='lat' dir='ltr'><strong>queuntA</strong></span> <span class='ocrx_word' id='word_1_707' title='bbox 463 5059 652 5114; x_wconf 88' lang='lat' dir='ltr'><strong>stadia.</strong></span> <span class='ocrx_word' id='word_1_708' title='bbox 684 5061 814 5116; x_wconf 70' lang='lat' dir='ltr'><strong>Lac.</strong></span> 
     </span>
    </p>
   </div>
   <div class='ocr_carea' id='block_1_95' title="bbox 302 5129 1825 5203">
    <p class='ocr_par' dir='ltr' id='par_1_95' title="bbox 302 5129 1825 5203">
     <span class='ocr_line' id='line_1_97' title="bbox 302 5129 1825 5203; baseline 0.002 -19"><span class='ocrx_word' id='word_1_709' title='bbox 302 5131 384 5203; x_wconf 89' lang='lat' dir='ltr'><strong>(b)</strong></span> <span class='ocrx_word' id='word_1_710' title='bbox 413 5129 730 5203; x_wconf 57' lang='lat' dir='ltr'><strong>Consuetudo</strong></span> <span class='ocrx_word' id='word_1_711' title='bbox 756 5143 924 5185; x_wconf 74' lang='lat' dir='ltr'><strong>autem</strong></span> <span class='ocrx_word' id='word_1_712' title='bbox 947 5133 1094 5203; x_wconf 83' lang='lat' dir='ltr'><strong>etiam</strong></span> <span class='ocrx_word' id='word_1_713' title='bbox 1113 5174 1125 5192; x_wconf 92' lang='lat'><strong>,</strong></span> <span class='ocrx_word' id='word_1_714' title='bbox 1155 5142 1258 5187; x_wconf 89' lang='lat' dir='ltr'><strong>etc.</strong></span> <span class='ocrx_word' id='word_1_715' title='bbox 1286 5131 1483 5187; x_wconf 85' lang='lat' dir='ltr'><strong>Monuit</strong></span> <span class='ocrx_word' id='word_1_716' title='bbox 1505 5133 1606 5203; x_wconf 86' lang='lat' dir='ltr'><strong>iam</strong></span> <span class='ocrx_word' id='word_1_717' title='bbox 1639 5133 1825 5188; x_wconf 82' lang='lat' dir='ltr'><strong>Heral-</strong></span> 
     </span>
    </p>
   </div>
   <div class='ocr_carea' id='block_1_96' title="bbox 223 5199 1828 5274">
    <p class='ocr_par' dir='ltr' id='par_1_96' title="bbox 223 5199 1828 5274">
     <span class='ocr_line' id='line_1_98' title="bbox 223 5199 1828 5274; baseline -0.001 -16"><span class='ocrx_word' id='word_1_718' title='bbox 223 5204 332 5258; x_wconf 88' lang='lat' dir='ltr'><strong>dus</strong></span> <span class='ocrx_word' id='word_1_719' title='bbox 365 5199 476 5274; x_wconf 67' lang='lat' dir='ltr'><strong>(lib.</strong></span> <span class='ocrx_word' id='word_1_720' title='bbox 509 5201 548 5255; x_wconf 93' lang='lat' dir='ltr'><strong>Il</strong></span> <span class='ocrx_word' id='word_1_721' title='bbox 580 5199 829 5273; x_wconf 77' lang='lat' dir='ltr'><strong>Digrm.,</strong></span> <span class='ocrx_word' id='word_1_722' title='bbox 877 5220 922 5256; x_wconf 86' lang='lat' dir='ltr'><strong>c.</strong></span> <span class='ocrx_word' id='word_1_723' title='bbox 980 5200 1059 5273; x_wconf 78' lang='lat'><strong>3)</strong></span> <span class='ocrx_word' id='word_1_724' title='bbox 1105 5218 1226 5258; x_wconf 90' lang='lat' dir='ltr'><strong>esse</strong></span> <span class='ocrx_word' id='word_1_725' title='bbox 1270 5203 1407 5258; x_wconf 92' lang='lat' dir='ltr'><strong>idem</strong></span> <span class='ocrx_word' id='word_1_726' title='bbox 1451 5199 1571 5258; x_wconf 84' lang='lat' dir='ltr'><strong>cum</strong></span> <span class='ocrx_word' id='word_1_727' title='bbox 1616 5204 1828 5274; x_wconf 89' lang='lat' dir='ltr'><strong>Ulpiani</strong></span> 
     </span>
    </p>
   </div>
   <div class='ocr_carea' id='block_1_97' title="bbox 225 5271 1832 5346">
    <p class='ocr_par' dir='ltr' id='par_1_97' title="bbox 225 5271 1832 5346">
     <span class='ocr_line' id='line_1_99' title="bbox 225 5271 1832 5346; baseline -0.001 -18"><span class='ocrx_word' id='word_1_728' title='bbox 225 5274 328 5331; x_wconf 86' lang='lat' dir='ltr'><strong>illo</strong></span> <span class='ocrx_word' id='word_1_729' title='bbox 349 5315 365 5337; x_wconf 94' lang='lat'><strong>,</strong></span> <span class='ocrx_word' id='word_1_730' title='bbox 395 5271 702 5326; x_wconf 68' lang='lat' dir='ltr'><strong>Diumrnain</strong></span> <span class='ocrx_word' id='word_1_731' title='bbox 728 5271 1140 5346; x_wconf 75' lang='lat' dir='ltr'><strong>consuetudinem</strong></span> <span class='ocrx_word' id='word_1_732' title='bbox 1184 5290 1275 5341; x_wconf 85' lang='lat' dir='ltr'><strong>pro</strong></span> <span class='ocrx_word' id='word_1_733' title='bbox 1289 5276 1418 5346; x_wconf 29' lang='lat' dir='ltr'><strong>jure‘</strong></span> <span class='ocrx_word' id='word_1_734' title='bbox 1457 5283 1503 5328; x_wconf 85' lang='lat' dir='ltr'><strong>et</strong></span> <span class='ocrx_word' id='word_1_735' title='bbox 1528 5276 1641 5346; x_wconf 82' lang='lat' dir='ltr'><strong>lege</strong></span> <span class='ocrx_word' id='word_1_736' title='bbox 1669 5271 1720 5327; x_wconf 72' lang='lat' dir='ltr'><strong>in</strong></span> <span class='ocrx_word' id='word_1_737' title='bbox 1753 5274 1832 5326; x_wconf 75' lang='lat' dir='ltr'><strong>his</strong></span> 
     </span>
    </p>
   </div>
   <div class='ocr_carea' id='block_1_98' title="bbox 223 5343 1834 5415">
    <p class='ocr_par' dir='ltr' id='par_1_98' title="bbox 223 5343 1834 5415">
     <span class='ocr_line' id='line_1_100' title="bbox 223 5343 1834 5415; baseline 0.001 -18"><span class='ocrx_word' id='word_1_738' title='bbox 223 5360 349 5415; x_wconf 74' lang='lat' dir='ltr'><strong>qua:</strong></span> <span class='ocrx_word' id='word_1_739' title='bbox 377 5361 478 5397; x_wconf 81' lang='lat' dir='ltr'><strong>non</strong></span> <span class='ocrx_word' id='word_1_740' title='bbox 507 5360 568 5415; x_wconf 68' lang='lat' dir='ltr'><strong>ea:</strong></span> <span class='ocrx_word' id='word_1_741' title='bbox 587 5350 773 5414; x_wconf 78' lang='lat' dir='ltr'><strong>scripto</strong></span> <span class='ocrx_word' id='word_1_742' title='bbox 803 5344 1139 5415; x_wconf 75' lang='lat' dir='ltr'><strong>descendunt,</strong></span> <span class='ocrx_word' id='word_1_743' title='bbox 1167 5343 1419 5415; x_wconf 70' lang='lat' dir='ltr'><strong>observari</strong></span> <span class='ocrx_word' id='word_1_744' title='bbox 1458 5343 1653 5407; x_wconf 72' lang='lat' dir='ltr'><strong>solere;</strong></span> <span class='ocrx_word' id='word_1_745' title='bbox 1678 5354 1834 5399; x_wconf 89' lang='lat' dir='ltr'><strong>etra-</strong></span> 
     </span>
    </p>
   </div>
   <div class='ocr_carea' id='block_1_99' title="bbox 229 5412 1838 5484">
    <p class='ocr_par' dir='ltr' id='par_1_99' title="bbox 229 5412 1838 5484">
     <span class='ocr_line' id='line_1_101' title="bbox 229 5412 1838 5484; baseline -0.001 -15"><span class='ocrx_word' id='word_1_746' title='bbox 229 5412 780 5484; x_wconf 27' lang='lat' dir='ltr'><strong>t&#39;ionemadducit‘cx</strong></span> <span class='ocrx_word' id='word_1_747' title='bbox 809 5415 1040 5478; x_wconf 86' lang='lat' dir='ltr'><strong>Juliauo,</strong></span> <span class='ocrx_word' id='word_1_748' title='bbox 1065 5414 1105 5468; x_wconf 94' lang='lat' dir='ltr'><strong>I.</strong></span> <span class='ocrx_word' id='word_1_749' title='bbox 1151 5415 1187 5468; x_wconf 94' lang='lat' dir='ltr'><strong>l.</strong></span> <span class='ocrx_word' id='word_1_750' title='bbox 1221 5415 1306 5484; x_wconf 92' lang='lat' dir='ltr'><strong>qui</strong></span> <span class='ocrx_word' id='word_1_751' title='bbox 1342 5412 1480 5467; x_wconf 84' lang='lat' dir='ltr'><strong>Nam</strong></span> <span class='ocrx_word' id='word_1_752' title='bbox 1520 5416 1641 5482; x_wconf 79' lang='lat' dir='ltr'><strong>quid</strong></span> <span class='ocrx_word' id='word_1_753' title='bbox 1681 5416 1838 5468; x_wconf 82' lang='lat' dir='ltr'><strong>inter-</strong></span> 
     </span>
    </p>
   </div>
   <div class='ocr_carea' id='block_1_100' title="bbox 227 5483 1830 5555">
    <p class='ocr_par' dir='ltr' id='par_1_100' title="bbox 227 5483 1830 5555">
     <span class='ocr_line' id='line_1_102' title="bbox 227 5483 1830 5555; baseline -0.002 -13"><span class='ocrx_word' id='word_1_754' title='bbox 227 5497 342 5548; x_wconf 72' lang='lat' dir='ltr'><strong>est,</strong></span> <span class='ocrx_word' id='word_1_755' title='bbox 376 5483 619 5555; x_wconf 74' lang='lat' dir='ltr'><strong>suffragio</strong></span> <span class='ocrx_word' id='word_1_756' title='bbox 669 5488 887 5553; x_wconf 77' lang='lat' dir='ltr'><strong>populus</strong></span> <span class='ocrx_word' id='word_1_757' title='bbox 915 5483 1397 5540; x_wconf 72' lang='lat' dir='ltr'><strong>voluntatemsnam</strong></span> <span class='ocrx_word' id='word_1_758' title='bbox 1451 5485 1673 5542; x_wconf 78' lang='lat' dir='ltr'><strong>declaret</strong></span> <span class='ocrx_word' id='word_1_759' title='bbox 1701 5527 1716 5548; x_wconf 89' lang='lat'><strong>,</strong></span> <span class='ocrx_word' id='word_1_760' title='bbox 1762 5501 1830 5555; x_wconf 82' lang='lat' dir='ltr'><strong>an</strong></span> 
     </span>
    </p>
   </div>
   <div class='ocr_carea' id='block_1_101' title="bbox 228 5554 1832 5628">
    <p class='ocr_par' dir='ltr' id='par_1_101' title="bbox 228 5554 1832 5628">
     <span class='ocr_line' id='line_1_103' title="bbox 228 5554 1832 5628; baseline -0.001 -16"><span class='ocrx_word' id='word_1_761' title='bbox 228 5557 386 5612; x_wconf 73' lang='lat' dir='ltr'><strong>rebus</strong></span> <span class='ocrx_word' id='word_1_762' title='bbox 409 5554 608 5628; x_wconf 55' lang='grc' dir='ltr'><strong>ἱρείη(</strong></span> <span class='ocrx_word' id='word_1_763' title='bbox 635 5559 802 5628; x_wconf 74' lang='lat' dir='ltr'><strong>factis.</strong></span> <span class='ocrx_word' id='word_1_764' title='bbox 827 5557 1066 5626; x_wconf 75' lang='lat' dir='ltr'><strong>Adjungo</strong></span> <span class='ocrx_word' id='word_1_765' title='bbox 1089 5555 1404 5628; x_wconf 86' lang='lat' dir='ltr'><strong>Gregorium</strong></span> <span class='ocrx_word' id='word_1_766' title='bbox 1432 5555 1589 5628; x_wconf 8' lang='lat' dir='ltr'><strong>Ngyss.</strong></span> <span class='ocrx_word' id='word_1_767' title='bbox 1621 5557 1734 5628; x_wconf 69' lang='lat' dir='ltr'><strong>(lib.</strong></span> <span class='ocrx_word' id='word_1_768' title='bbox 1765 5554 1832 5610; x_wconf 89' lang='lat' dir='ltr'><strong>de</strong></span> 
     </span>
    </p>
   </div>
   <div class='ocr_carea' id='block_1_102' title="bbox 240 5626 1830 5696">
    <p class='ocr_par' dir='ltr' id='par_1_102' title="bbox 240 5626 1830 5696">
     <span class='ocr_line' id='line_1_104' title="bbox 240 5626 1830 5696; baseline -0.003 -15"><span class='ocrx_word' id='word_1_769' title='bbox 240 5629 415 5696; x_wconf 83' lang='lat' dir='ltr'><strong>Virg.,</strong></span> <span class='ocrx_word' id='word_1_770' title='bbox 446 5642 563 5692; x_wconf 85' lang='lat' dir='ltr'><strong>cap.</strong></span> <span class='ocrx_word' id='word_1_771' title='bbox 586 5626 644 5689; x_wconf 80' lang='lat'><strong>9,</strong></span> <span class='ocrx_word' id='word_1_772' title='bbox 675 5643 778 5682; x_wconf 92' lang='lat' dir='ltr'><strong>non</strong></span> <span class='ocrx_word' id='word_1_773' title='bbox 801 5628 1176 5682; x_wconf 76' lang='lat' dir='ltr'><strong>abhorrentem</strong></span> <span class='ocrx_word' id='word_1_774' title='bbox 1197 5642 1225 5679; x_wconf 90' lang='lat' dir='ltr'><strong>a</strong></span> <span class='ocrx_word' id='word_1_775' title='bbox 1242 5627 1418 5696; x_wconf 88' lang='lat' dir='ltr'><strong>verbis</strong></span> <span class='ocrx_word' id='word_1_776' title='bbox 1441 5626 1676 5696; x_wconf 88' lang='lat' dir='ltr'><strong>Ulpiani.</strong></span> <span class='ocrx_word' id='word_1_777' title='bbox 1699 5626 1830 5681; x_wconf 59' lang='lat' dir='ltr'><strong>Lac.</strong></span> 
     </span>
    </p>
   </div>
   <div class='ocr_carea' id='block_1_103' title="bbox 311 5695 1835 5767">
    <p class='ocr_par' dir='ltr' id='par_1_103' title="bbox 311 5695 1835 5767">
     <span class='ocr_line' id='line_1_105' title="bbox 311 5695 1835 5767; baseline -0.002 -17"><span class='ocrx_word' id='word_1_778' title='bbox 311 5695 390 5767; x_wconf 74' lang='lat' dir='ltr'><strong>(e)</strong></span> <span class='ocrx_word' id='word_1_779' title='bbox 415 5697 520 5750; x_wconf 76' lang='lat' dir='ltr'><strong>Sed</strong></span> <span class='ocrx_word' id='word_1_780' title='bbox 537 5709 581 5748; x_wconf 75' lang='lat' dir='ltr'><strong>et</strong></span> <span class='ocrx_word' id='word_1_781' title='bbox 607 5698 713 5762; x_wconf 73' lang='lat' dir='ltr'><strong>ipse</strong></span> <span class='ocrx_word' id='word_1_782' title='bbox 729 5699 963 5761; x_wconf 76' lang='lat' dir='ltr'><strong>spiritum</strong></span> <span class='ocrx_word' id='word_1_783' title='bbox 987 5697 1078 5750; x_wconf 86' lang='lat' dir='ltr'><strong>Dei</strong></span> <span class='ocrx_word' id='word_1_784' title='bbox 1101 5698 1305 5750; x_wconf 75' lang='lat' dir='ltr'><strong>habens.</strong></span> <span class='ocrx_word' id='word_1_785' title='bbox 1332 5695 1660 5752; x_wconf 27' lang='lat' dir='ltr'><strong>Etiam&#39;ltinc</strong></span> <span class='ocrx_word' id='word_1_786' title='bbox 1682 5697 1835 5767; x_wconf 87' lang='lat' dir='ltr'><strong>colli-</strong></span> 
     </span>
    </p>
   </div>
   <div class='ocr_carea' id='block_1_104' title="bbox 233 5766 1840 5840">
    <p class='ocr_par' dir='ltr' id='par_1_104' title="bbox 233 5766 1840 5840">
     <span class='ocr_line' id='line_1_106' title="bbox 233 5766 1840 5840; baseline -0.004 -17"><span class='ocrx_word' id='word_1_787' title='bbox 233 5766 945 5840; x_wconf 72' lang='lat' dir='ltr'><strong>gerc__est,scriptumhunc</strong></span> <span class='ocrx_word' id='word_1_788' title='bbox 975 5769 1172 5840; x_wconf 71' lang='lat' dir='ltr'><strong>librum</strong></span> <span class='ocrx_word' id='word_1_789' title='bbox 1217 5776 1341 5821; x_wconf 88' lang='lat' dir='ltr'><strong>ante</strong></span> <span class='ocrx_word' id='word_1_790' title='bbox 1372 5767 1521 5822; x_wconf 91' lang='lat' dir='ltr'><strong>illum</strong></span> <span class='ocrx_word' id='word_1_791' title='bbox 1569 5769 1632 5821; x_wconf 84' lang='lat' dir='ltr'><strong>de</strong></span> <span class='ocrx_word' id='word_1_792' title='bbox 1666 5766 1840 5820; x_wconf 80' lang='lat' dir='ltr'><strong>uelan-</strong></span> 
     </span>
    </p>
   </div>
   <div class='ocr_carea' id='block_1_105' title="bbox 236 5836 1838 5910">
    <p class='ocr_par' dir='ltr' id='par_1_105' title="bbox 236 5836 1838 5910">
     <span class='ocr_line' id='line_1_107' title="bbox 236 5836 1838 5910; baseline -0.003 -16"><span class='ocrx_word' id='word_1_793' title='bbox 236 5836 320 5895; x_wconf 64' lang='grc' dir='ltr'><strong>Εἰς</strong></span> <span class='ocrx_word' id='word_1_794' title='bbox 366 5836 562 5907; x_wconf 83' lang='lat' dir='ltr'><strong>Virgin.</strong></span> <span class='ocrx_word' id='word_1_795' title='bbox 617 5837 747 5892; x_wconf 82' lang='lat' dir='ltr'><strong>Nam</strong></span> <span class='ocrx_word' id='word_1_796' title='bbox 775 5838 846 5893; x_wconf 94' lang='lat' dir='ltr'><strong>ibi</strong></span> <span class='ocrx_word' id='word_1_797' title='bbox 895 5841 944 5893; x_wconf 94' lang='lat' dir='ltr'><strong>iu</strong></span> <span class='ocrx_word' id='word_1_798' title='bbox 972 5840 1086 5892; x_wconf 88' lang='lat' dir='ltr'><strong>solo</strong></span> <span class='ocrx_word' id='word_1_799' title='bbox 1128 5837 1380 5893; x_wconf 78' lang='lat' dir='ltr'><strong>Montano</strong></span> <span class='ocrx_word' id='word_1_800' title='bbox 1409 5839 1650 5910; x_wconf 83' lang='lat' dir='ltr'><strong>agnoscit</strong></span> <span class='ocrx_word' id='word_1_801' title='bbox 1685 5849 1838 5890; x_wconf 88' lang='lat' dir='ltr'><strong>com-</strong></span> 
     </span>
    </p>
   </div>
   <div class='ocr_carea' id='block_1_106' title="bbox 1927 4625 3530 4708">
    <p class='ocr_par' dir='ltr' id='par_1_106' title="bbox 1927 4625 3530 4708">
     <span class='ocr_line' id='line_1_108' title="bbox 1927 4625 3530 4708; baseline -0.01 -14"><span class='ocrx_word' id='word_1_802' title='bbox 1927 4625 2090 4695; x_wconf 75' lang='lat' dir='ltr'><strong>miser</strong></span> <span class='ocrx_word' id='word_1_803' title='bbox 2117 4638 2369 4708; x_wconf 87' lang='lat' dir='ltr'><strong>paulatim</strong></span> <span class='ocrx_word' id='word_1_804' title='bbox 2396 4653 2460 4692; x_wconf 86' lang='lat' dir='ltr'><strong>ex</strong></span> <span class='ocrx_word' id='word_1_805' title='bbox 2493 4651 2600 4690; x_wconf 93' lang='lat' dir='ltr'><strong>uno</strong></span> <span class='ocrx_word' id='word_1_806' title='bbox 2627 4625 2810 4708; x_wconf 68' lang='lat' dir='ltr'><strong>errore</strong></span> <span class='ocrx_word' id='word_1_807' title='bbox 2841 4635 2890 4688; x_wconf 93' lang='lat' dir='ltr'><strong>in</strong></span> <span class='ocrx_word' id='word_1_808' title='bbox 2918 4632 3076 4686; x_wconf 87' lang='lat' dir='ltr'><strong>alium</strong></span> <span class='ocrx_word' id='word_1_809' title='bbox 3095 4669 3111 4695; x_wconf 93' lang='lat'><strong>,</strong></span> <span class='ocrx_word' id='word_1_810' title='bbox 3141 4625 3204 4684; x_wconf 81' lang='lat' dir='ltr'><strong>ac</strong></span> <span class='ocrx_word' id='word_1_811' title='bbox 3231 4627 3446 4684; x_wconf 90' lang='lat' dir='ltr'><strong>demum</strong></span> <span class='ocrx_word' id='word_1_812' title='bbox 3470 4625 3530 4679; x_wconf 87' lang='lat' dir='ltr'><strong>in</strong></span> 
     </span>
    </p>
   </div>
   <div class='ocr_carea' id='block_1_107' title="bbox 1925 4704 2787 4780">
    <p class='ocr_par' dir='ltr' id='par_1_107' title="bbox 1925 4704 2787 4780">
     <span class='ocr_line' id='line_1_109' title="bbox 1925 4704 2787 4780; baseline -0.009 -14"><span class='ocrx_word' id='word_1_813' title='bbox 1925 4704 2167 4768; x_wconf 62' lang='lat' dir='ltr'><strong>ltwresim</strong></span> <span class='ocrx_word' id='word_1_814' title='bbox 2195 4709 2473 4780; x_wconf 86' lang='lat' dir='ltr'><strong>prolapsus</strong></span> <span class='ocrx_word' id='word_1_815' title='bbox 2501 4716 2603 4760; x_wconf 86' lang='lat' dir='ltr'><strong>est.</strong></span> <span class='ocrx_word' id='word_1_816' title='bbox 2651 4704 2787 4759; x_wconf 71' lang='grc' dir='ltr'><strong>Ρη.</strong></span> 
     </span>
    </p>
   </div>
   <div class='ocr_carea' id='block_1_108' title="bbox 1999 4785 3532 4869">
    <p class='ocr_par' dir='ltr' id='par_1_108' title="bbox 1999 4785 3532 4869">
     <span class='ocr_line' id='line_1_110' title="bbox 1999 4785 3532 4869; baseline -0.012 -12"><span class='ocrx_word' id='word_1_817' title='bbox 1999 4802 2150 4857; x_wconf 81' lang='lat' dir='ltr'><strong>CAP.</strong></span> <span class='ocrx_word' id='word_1_818' title='bbox 2183 4800 2322 4855; x_wconf 85' lang='lat' dir='ltr'><strong>V.——</strong></span> <span class='ocrx_word' id='word_1_819' title='bbox 2345 4799 2426 4869; x_wconf 93' lang='lat' dir='ltr'><strong>(d)</strong></span> <span class='ocrx_word' id='word_1_820' title='bbox 2461 4796 2591 4852; x_wconf 79' lang='lat' dir='ltr'><strong>Illas</strong></span> <span class='ocrx_word' id='word_1_821' title='bbox 2617 4800 2764 4869; x_wconf 70' lang='lat' dir='ltr'><strong>etiam</strong></span> <span class='ocrx_word' id='word_1_822' title='bbox 2795 4805 2979 4869; x_wconf 77' lang='lat' dir='ltr'><strong>natura</strong></span> <span class='ocrx_word' id='word_1_823' title='bbox 3007 4800 3112 4846; x_wconf 92' lang='lat' dir='ltr'><strong>etc.</strong></span> <span class='ocrx_word' id='word_1_824' title='bbox 3143 4789 3210 4845; x_wconf 87' lang='lat' dir='ltr'><strong>Et</strong></span> <span class='ocrx_word' id='word_1_825' title='bbox 3236 4803 3364 4869; x_wconf 84' lang='lat' dir='ltr'><strong>sane</strong></span> <span class='ocrx_word' id='word_1_826' title='bbox 3383 4785 3532 4869; x_wconf 84' lang='lat' dir='ltr'><strong>leges</strong></span> 
     </span>
    </p>
   </div>
   <div class='ocr_carea' id='block_1_109' title="bbox 1931 4866 3532 4937">
    <p class='ocr_par' dir='ltr' id='par_1_109' title="bbox 1931 4866 3532 4937">
     <span class='ocr_line' id='line_1_111' title="bbox 1931 4866 3532 4937; baseline -0.012 -9"><span class='ocrx_word' id='word_1_827' title='bbox 1931 4889 2116 4928; x_wconf 87' lang='lat' dir='ltr'><strong>omnes</strong></span> <span class='ocrx_word' id='word_1_828' title='bbox 2137 4866 2627 4931; x_wconf 33' lang='lat' dir='ltr'><strong>antecedit’natura;</strong></span> <span class='ocrx_word' id='word_1_829' title='bbox 2646 4867 2784 4921; x_wconf 91' lang='lat' dir='ltr'><strong>unde</strong></span> <span class='ocrx_word' id='word_1_830' title='bbox 2800 4867 2889 4937; x_wconf 91' lang='lat' dir='ltr'><strong>qui</strong></span> <span class='ocrx_word' id='word_1_831' title='bbox 2906 4871 3146 4937; x_wconf 88' lang='lat' dir='ltr'><strong>peccant,</strong></span> <span class='ocrx_word' id='word_1_832' title='bbox 3165 4868 3347 4914; x_wconf 91' lang='lat' dir='ltr'><strong>contra</strong></span> <span class='ocrx_word' id='word_1_833' title='bbox 3375 4866 3532 4910; x_wconf 83' lang='lat' dir='ltr'><strong>natu-</strong></span> 
     </span>
    </p>
   </div>
   <div class='ocr_carea' id='block_1_110' title="bbox 1936 4936 3532 5010">
    <p class='ocr_par' dir='ltr' id='par_1_110' title="bbox 1936 4936 3532 5010">
     <span class='ocr_line' id='line_1_112' title="bbox 1936 4936 3532 5010; baseline -0.014 -11"><span class='ocrx_word' id='word_1_834' title='bbox 1936 4959 2048 4999; x_wconf 85' lang='lat' dir='ltr'><strong>ram</strong></span> <span class='ocrx_word' id='word_1_835' title='bbox 2071 4953 2306 5010; x_wconf 84' lang='lat' dir='ltr'><strong>peccant;</strong></span> <span class='ocrx_word' id='word_1_836' title='bbox 2327 4944 2403 4996; x_wconf 78' lang='lat' dir='ltr'><strong>sic.</strong></span> <span class='ocrx_word' id='word_1_837' title='bbox 2419 4936 2966 5010; x_wconf 74' lang='lat' dir='ltr'><strong>&#39;I‘arquiniuntcontra</strong></span> <span class='ocrx_word' id='word_1_838' title='bbox 2983 4936 3158 5010; x_wconf 62' lang='lat' dir='ltr'><strong>legent</strong></span> <span class='ocrx_word' id='word_1_839' title='bbox 3168 4937 3373 5010; x_wconf 52' lang='lat' dir='ltr'><strong>flaturae</strong></span> <span class='ocrx_word' id='word_1_840' title='bbox 3390 4941 3532 5010; x_wconf 68' lang='lat' dir='ltr'><strong>sem-</strong></span> 
     </span>
    </p>
   </div>
   <div class='ocr_carea' id='block_1_111' title="bbox 1977 4996 3535 5080">
    <p class='ocr_par' dir='ltr' id='par_1_111' title="bbox 1977 4996 3535 5080">
     <span class='ocr_line' id='line_1_113' title="bbox 1977 4996 3535 5080; baseline -0.012 -14"><span class='ocrx_word' id='word_1_841' title='bbox 1977 4996 2196 5068; x_wconf 61' lang='lat' dir='ltr'><strong>iter&#39;nam</strong></span> <span class='ocrx_word' id='word_1_842' title='bbox 2227 4996 2463 5080; x_wconf 81' lang='lat' dir='ltr'><strong>peccavit</strong></span> <span class='ocrx_word' id='word_1_843' title='bbox 2489 4996 2554 5064; x_wconf 46' lang='lat' dir='ltr'><strong>in.</strong></span> <span class='ocrx_word' id='word_1_844' title='bbox 2572 5008 2896 5080; x_wconf 81' lang='lat' dir='ltr'><strong>Lucretiam,</strong></span> <span class='ocrx_word' id='word_1_845' title='bbox 2922 4996 3213 5080; x_wconf 55' lang='lat' dir='ltr'><strong>licet&#39;t_t_ull_:i</strong></span> <span class='ocrx_word' id='word_1_846' title='bbox 3243 4996 3535 5080; x_wconf 44' lang='lat' dir='ltr'><strong>adhuede‘x</strong></span> 
     </span>
    </p>
   </div>
   <div class='ocr_carea' id='block_1_112' title="bbox 1962 5066 3533 5150">
    <p class='ocr_par' dir='ltr' id='par_1_112' title="bbox 1962 5066 3533 5150">
     <span class='ocr_line' id='line_1_114' title="bbox 1962 5066 3533 5150; baseline -0.015 -10"><span class='ocrx_word' id='word_1_847' title='bbox 1962 5066 2066 5140; x_wconf 76' lang='lat' dir='ltr'><strong>ulla</strong></span> <span class='ocrx_word' id='word_1_848' title='bbox 2117 5066 2387 5150; x_wconf 60' lang='lat' dir='ltr'><strong>exst&#39;aret,</strong></span> <span class='ocrx_word' id='word_1_849' title='bbox 2417 5081 2560 5136; x_wconf 89' lang='lat' dir='ltr'><strong>nulla</strong></span> <span class='ocrx_word' id='word_1_850' title='bbox 2587 5078 2656 5134; x_wconf 90' lang='lat' dir='ltr'><strong>de</strong></span> <span class='ocrx_word' id='word_1_851' title='bbox 2701 5066 2918 5147; x_wconf 79' lang='lat' dir='ltr'><strong>stupro,</strong></span> <span class='ocrx_word' id='word_1_852' title='bbox 2967 5090 3030 5131; x_wconf 86' lang='lat' dir='ltr'><strong>ex</strong></span> <span class='ocrx_word' id='word_1_853' title='bbox 3076 5072 3216 5128; x_wconf 89' lang='lat' dir='ltr'><strong>Tull.</strong></span> <span class='ocrx_word' id='word_1_854' title='bbox 3271 5069 3366 5123; x_wconf 86' lang='lat' dir='ltr'><strong>lib.</strong></span> <span class='ocrx_word' id='word_1_855' title='bbox 3401 5066 3533 5121; x_wconf 74' lang='lat' dir='ltr'><strong>Ilde</strong></span> 
     </span>
    </p>
   </div>
   <div class='ocr_carea' id='block_1_113' title="bbox 1931 5153 2284 5227">
    <p class='ocr_par' dir='ltr' id='par_1_113' title="bbox 1931 5153 2284 5227">
     <span class='ocr_line' id='line_1_115' title="bbox 1931 5153 2284 5227; baseline -0.02 -15"><span class='ocrx_word' id='word_1_856' title='bbox 1931 5155 2055 5227; x_wconf 85' lang='lat' dir='ltr'><strong>Leg.</strong></span> <span class='ocrx_word' id='word_1_857' title='bbox 2086 5154 2160 5208; x_wconf 77' lang='lat' dir='ltr'><strong>Le</strong></span> <span class='ocrx_word' id='word_1_858' title='bbox 2189 5153 2284 5207; x_wconf 75' lang='lat' dir='ltr'><strong>Pa.</strong></span> 
     </span>
    </p>
   </div>
   <div class='ocr_carea' id='block_1_114' title="bbox 2005 5235 3529 5317">
    <p class='ocr_par' dir='ltr' id='par_1_114' title="bbox 2005 5235 3529 5317">
     <span class='ocr_line' id='line_1_116' title="bbox 2005 5235 3529 5317; baseline -0.013 -15"><span class='ocrx_word' id='word_1_859' title='bbox 2005 5246 2079 5317; x_wconf 92' lang='lat' dir='ltr'><strong>(e)</strong></span> <span class='ocrx_word' id='word_1_860' title='bbox 2112 5245 2407 5299; x_wconf 75' lang='lat' dir='ltr'><strong>Contactam</strong></span> <span class='ocrx_word' id='word_1_861' title='bbox 2437 5242 2488 5296; x_wconf 86' lang='lat' dir='ltr'><strong>in</strong></span> <span class='ocrx_word' id='word_1_862' title='bbox 2519 5241 2750 5317; x_wconf 76' lang='lat' dir='ltr'><strong>manibus</strong></span> <span class='ocrx_word' id='word_1_863' title='bbox 2775 5237 3053 5317; x_wconf 73' lang='lat' dir='ltr'><strong>extimauit.</strong></span> <span class='ocrx_word' id='word_1_864' title='bbox 3085 5235 3197 5290; x_wconf 85' lang='lat' dir='ltr'><strong>Hoc</strong></span> <span class='ocrx_word' id='word_1_865' title='bbox 3233 5241 3316 5314; x_wconf 74' lang='lat' dir='ltr'><strong>est</strong></span> <span class='ocrx_word' id='word_1_866' title='bbox 3336 5269 3352 5295; x_wconf 91' lang='lat'><strong>,</strong></span> <span class='ocrx_word' id='word_1_867' title='bbox 3383 5242 3529 5317; x_wconf 7' lang='lat' dir='ltr'><strong>icon!-</strong></span> 
     </span>
    </p>
   </div>
   <div class='ocr_carea' id='block_1_115' title="bbox 1938 5311 3535 5379">
    <p class='ocr_par' dir='ltr' id='par_1_115' title="bbox 1938 5311 3535 5379">
     <span class='ocr_line' id='line_1_117' title="bbox 1938 5311 3535 5379; baseline -0.014 -6"><span class='ocrx_word' id='word_1_868' title='bbox 1938 5311 2134 5373; x_wconf 80' lang='lat' dir='ltr'><strong>tactum</strong></span> <span class='ocrx_word' id='word_1_869' title='bbox 2155 5357 2169 5379; x_wconf 90' lang='lat'><strong>,</strong></span> <span class='ocrx_word' id='word_1_870' title='bbox 2197 5326 2496 5370; x_wconf 80' lang='lat' dir='ltr'><strong>extremum</strong></span> <span class='ocrx_word' id='word_1_871' title='bbox 2543 5313 2656 5366; x_wconf 87' lang='lat' dir='ltr'><strong>sive</strong></span> <span class='ocrx_word' id='word_1_872' title='bbox 2686 5311 2942 5366; x_wconf 86' lang='lat' dir='ltr'><strong>extimum</strong></span> <span class='ocrx_word' id='word_1_873' title='bbox 2987 5320 3202 5362; x_wconf 86' lang='lat' dir='ltr'><strong>sensum</strong></span> <span class='ocrx_word' id='word_1_874' title='bbox 3223 5345 3237 5368; x_wconf 93' lang='lat'><strong>,</strong></span> <span class='ocrx_word' id='word_1_875' title='bbox 3274 5311 3326 5356; x_wconf 86' lang='lat' dir='ltr'><strong>in</strong></span> <span class='ocrx_word' id='word_1_876' title='bbox 3363 5314 3535 5379; x_wconf 44' lang='lat' dir='ltr'><strong>mam.-</strong></span> 
     </span>
    </p>
   </div>
   <div class='ocr_carea' id='block_1_116' title="bbox 1941 5369 3539 5454">
    <p class='ocr_par' dir='ltr' id='par_1_116' title="bbox 1941 5369 3539 5454">
     <span class='ocr_line' id='line_1_118' title="bbox 1941 5369 3539 5454; baseline -0.014 -11"><span class='ocrx_word' id='word_1_877' title='bbox 1941 5369 2040 5444; x_wconf 55' lang='lat' dir='ltr'><strong>iiii;</strong></span> <span class='ocrx_word' id='word_1_878' title='bbox 2053 5369 2339 5441; x_wconf 70' lang='lat' dir='ltr'><strong>collocavit</strong></span> <span class='ocrx_word' id='word_1_879' title='bbox 2358 5427 2373 5450; x_wconf 93' lang='lat'><strong>,</strong></span> <span class='ocrx_word' id='word_1_880' title='bbox 2402 5394 2456 5439; x_wconf 92' lang='lat' dir='ltr'><strong>et</strong></span> <span class='ocrx_word' id='word_1_881' title='bbox 2482 5382 2697 5454; x_wconf 82' lang='lat' dir='ltr'><strong>quidem</strong></span> <span class='ocrx_word' id='word_1_882' title='bbox 2749 5379 2961 5454; x_wconf 85' lang='lat' dir='ltr'><strong>extimis</strong></span> <span class='ocrx_word' id='word_1_883' title='bbox 2981 5397 3005 5454; x_wconf 86' lang='lat'>:_</span> <span class='ocrx_word' id='word_1_884' title='bbox 3024 5391 3146 5431; x_wconf 90' lang='lat' dir='ltr'><strong>nam</strong></span> <span class='ocrx_word' id='word_1_885' title='bbox 3176 5385 3440 5454; x_wconf 70' lang='lat' dir='ltr'><strong>extrema</strong></span> <span class='ocrx_word' id='word_1_886' title='bbox 3462 5369 3539 5454; x_wconf 50' lang='lat' dir='ltr'><strong>di:</strong></span> 
     </span>
    </p>
   </div>
   <div class='ocr_carea' id='block_1_117' title="bbox 1939 5449 3542 5530">
    <p class='ocr_par' dir='ltr' id='par_1_117' title="bbox 1939 5449 3542 5530">
     <span class='ocr_line' id='line_1_119' title="bbox 1939 5449 3542 5530; baseline -0.012 -17"><span class='ocrx_word' id='word_1_887' title='bbox 1939 5461 2169 5530; x_wconf 88' lang='lat' dir='ltr'><strong>gitornm</strong></span> <span class='ocrx_word' id='word_1_888' title='bbox 2215 5449 2446 5530; x_wconf 73' lang='lat' dir='ltr'><strong>taetuum</strong></span> <span class='ocrx_word' id='word_1_889' title='bbox 2492 5449 2824 5530; x_wconf 80' lang='lat' dir='ltr'><strong>diﬂ&#39;erentias</strong></span> <span class='ocrx_word' id='word_1_890' title='bbox 2869 5450 3100 5530; x_wconf 69' lang='lat' dir='ltr'><strong>maxime</strong></span> <span class='ocrx_word' id='word_1_891' title='bbox 3151 5449 3448 5530; x_wconf 71' lang='lat' dir='ltr'><strong>percipiunt</strong></span> <span class='ocrx_word' id='word_1_892' title='bbox 3475 5451 3542 5530; x_wconf 65' lang='lat' dir='ltr'><strong>ac</strong></span> 
     </span>
    </p>
   </div>
   <div class='ocr_carea' id='block_1_118' title="bbox 1934 5516 3545 5588">
    <p class='ocr_par' dir='ltr' id='par_1_118' title="bbox 1934 5516 3545 5588">
     <span class='ocr_line' id='line_1_120' title="bbox 1934 5516 3545 5588; baseline -0.014 -3"><span class='ocrx_word' id='word_1_893' title='bbox 1934 5516 2188 5585; x_wconf 60' lang='lat' dir='ltr'><strong>sentiunt.</strong></span> <span class='ocrx_word' id='word_1_894' title='bbox 2247 5526 2338 5580; x_wconf 92' lang='lat' dir='ltr'><strong>llic</strong></span> <span class='ocrx_word' id='word_1_895' title='bbox 2363 5534 2540 5579; x_wconf 88' lang='lat' dir='ltr'><strong>autem</strong></span> <span class='ocrx_word' id='word_1_896' title='bbox 2585 5524 2840 5578; x_wconf 78' lang='lat' dir='ltr'><strong>extimum</strong></span> <span class='ocrx_word' id='word_1_897' title='bbox 2862 5520 2990 5577; x_wconf 89' lang='lat' dir='ltr'><strong>dicit</strong></span> <span class='ocrx_word' id='word_1_898' title='bbox 3020 5534 3116 5588; x_wconf 91' lang='lat' dir='ltr'><strong>pro</strong></span> <span class='ocrx_word' id='word_1_899' title='bbox 3168 5524 3411 5572; x_wconf 87' lang='lat' dir='ltr'><strong>extremo</strong></span> <span class='ocrx_word' id='word_1_900' title='bbox 3431 5549 3444 5572; x_wconf 84' lang='lat'><strong>,</strong></span> <span class='ocrx_word' id='word_1_901' title='bbox 3479 5516 3545 5563; x_wconf 85' lang='lat' dir='ltr'><strong>ut</strong></span> 
     </span>
    </p>
   </div>
   <div class='ocr_carea' id='block_1_119' title="bbox 1937 5588 3549 5664">
    <p class='ocr_par' dir='ltr' id='par_1_119' title="bbox 1937 5588 3549 5664">
     <span class='ocr_line' id='line_1_121' title="bbox 1937 5588 3549 5664; baseline -0.014 -10"><span class='ocrx_word' id='word_1_902' title='bbox 1937 5601 2028 5654; x_wconf 82' lang='lat' dir='ltr'><strong>lib.</strong></span> <span class='ocrx_word' id='word_1_903' title='bbox 2052 5597 2090 5650; x_wconf 96' lang='lat' dir='ltr'><strong>Il</strong></span> <span class='ocrx_word' id='word_1_904' title='bbox 2121 5598 2188 5651; x_wconf 92' lang='lat' dir='ltr'><strong>de</strong></span> <span class='ocrx_word' id='word_1_905' title='bbox 2212 5595 2362 5651; x_wconf 82' lang='lat' dir='ltr'><strong>Cultu</strong></span> <span class='ocrx_word' id='word_1_906' title='bbox 2403 5595 2569 5664; x_wconf 80' lang='lat' dir='ltr'><strong>faem.,</strong></span> <span class='ocrx_word' id='word_1_907' title='bbox 2599 5608 2722 5664; x_wconf 85' lang='lat' dir='ltr'><strong>pag.</strong></span> <span class='ocrx_word' id='word_1_908' title='bbox 2748 5591 2872 5658; x_wconf 84' lang='lat' dir='ltr'><strong>I79,</strong></span> <span class='ocrx_word' id='word_1_909' title='bbox 2898 5588 3294 5644; x_wconf 80' lang='lat' dir='ltr'><strong>extimationem</strong></span> <span class='ocrx_word' id='word_1_910' title='bbox 3330 5596 3427 5652; x_wconf 91' lang='lat' dir='ltr'><strong>pro</strong></span> <span class='ocrx_word' id='word_1_911' title='bbox 3454 5595 3549 5634; x_wconf 84' lang='lat' dir='ltr'><strong>ex-</strong></span> 
     </span>
    </p>
   </div>
   <div class='ocr_carea' id='block_1_120' title="bbox 1940 5666 2375 5725">
    <p class='ocr_par' dir='ltr' id='par_1_120' title="bbox 1940 5666 2375 5725">
     <span class='ocr_line' id='line_1_122' title="bbox 1940 5666 2375 5725; baseline -0.011 -1"><span class='ocrx_word' id='word_1_912' title='bbox 1940 5670 2227 5725; x_wconf 83' lang='lat' dir='ltr'><strong>tremitate.</strong></span> <span class='ocrx_word' id='word_1_913' title='bbox 2260 5666 2375 5721; x_wconf 82' lang='lat' dir='ltr'><strong>th.</strong></span> 
     </span>
    </p>
   </div>
   <div class='ocr_carea' id='block_1_121' title="bbox 2013 5747 3550 5832">
    <p class='ocr_par' dir='ltr' id='par_1_121' title="bbox 2013 5747 3550 5832">
     <span class='ocr_line' id='line_1_123' title="bbox 2013 5747 3550 5832; baseline -0.013 -17"><span class='ocrx_word' id='word_1_914' title='bbox 2013 5761 2078 5832; x_wconf 86' lang='lat' dir='ltr'><strong>(f)</strong></span> <span class='ocrx_word' id='word_1_915' title='bbox 2115 5759 2216 5814; x_wconf 87' lang='lat' dir='ltr'><strong>Per</strong></span> <span class='ocrx_word' id='word_1_916' title='bbox 2241 5760 2346 5832; x_wconf 76' lang='lat' dir='ltr'><strong>lucc</strong></span> <span class='ocrx_word' id='word_1_917' title='bbox 2383 5757 2641 5832; x_wconf 74' lang='lat' dir='ltr'><strong>exterioris</strong></span> <span class='ocrx_word' id='word_1_918' title='bbox 2693 5747 3389 5832; x_wconf 62' lang='lat' dir='ltr'><strong>[lautitiisadministranda,</strong></span> 
     </span>
    </p>
   </div>
   <div class='ocr_carea' id='block_1_122' title="bbox 1944 5820 3546 5887">
    <p class='ocr_par' dir='ltr' id='par_1_122' title="bbox 1944 5820 3546 5887">
     <span class='ocr_line' id='line_1_124' title="bbox 1944 5820 3546 5887; baseline -0.013 -1"><span class='ocrx_word' id='word_1_919' title='bbox 1944 5820 2119 5887; x_wconf 57' lang='lat' dir='ltr'><strong>&quot;enim</strong></span> <span class='ocrx_word' id='word_1_920' title='bbox 2171 5831 2453 5885; x_wconf 81' lang='lat' dir='ltr'><strong>divinorum</strong></span> <span class='ocrx_word' id='word_1_921' title='bbox 2505 5831 2568 5882; x_wconf 85' lang='lat' dir='ltr'><strong>ab</strong></span> <span class='ocrx_word' id='word_1_922' title='bbox 2621 5828 2793 5881; x_wconf 85' lang='lat' dir='ltr'><strong>anima</strong></span> <span class='ocrx_word' id='word_1_923' title='bbox 2845 5824 3162 5879; x_wconf 81' lang='lat' dir='ltr'><strong>deducuntur</strong></span> <span class='ocrx_word' id='word_1_924' title='bbox 3218 5820 3284 5874; x_wconf 82' lang='lat' dir='ltr'><strong>ad</strong></span> <span class='ocrx_word' id='word_1_925' title='bbox 3339 5827 3546 5870; x_wconf 77' lang='lat' dir='ltr'><strong>scmus.</strong></span> 
     </span>
    </p>
   </div>
  </div>
