4242 6492
176 418 251 477 85
1473 412 1672 469 LIBER
1720 409 1809 469 DE
1846 409 2117 469 CORONA
2129 449 2143 465 .
3404 407 3473 464 86

179 534 284 590 dus
303 576 320 602 ,
350 534 448 590 hoc
477 534 707 603 primum
729 539 887 602 caput
908 539 1222 588 coronatum
1244 537 1326 587 est
1358 544 1388 585 a
1413 528 1719 586 Charitihus
1744 570 1760 594 ,
1791 531 1841 589 A
1866 542 1987 585 sare
2016 530 2104 601 (λ).
2132 526 2236 583 Sed
2260 536 2316 582 et
2339 526 2470 583 alias
2487 525 2734 582 Liberum
2760 523 3053 596 principem
3080 537 3296 580 corona:
3320 524 3475 594 plane

175 641 301 683 cum
344 627 412 681 ab
441 626 692 680 omnibus
722 632 1092 680 muneraretur
1138 621 1278 678 unde
1317 620 1581 677 Pandora.
1610 621 1773 677 Nobis

176 733 313 775 vero
342 718 417 789 (α)
446 718 655 790 Moyses
686 715 1048 786 propheticus,
1071 728 1177 769 non
1204 713 1445 785 poeticus
1472 720 1653 782 pastor
1670 711 1771 784 (ὸ),

183 814 485 885 principem
533 812 805 869 ftenriuam
846 809 1013 865 Evam
1064 807 1271 865 facilius
1323 805 1771 877 pudcndaloliis,

177 921 341 976 quam
370 915 609 974 tempora
655 902 873 959 ﬂoribus
899 944 914 968 ,
970 901 1257 956 incinctam
1300 898 1574 956 describit.
1621 896 1775 953 Nulla

175 1012 313 1068 ergo
338 997 600 1053 l’andora.
628 996 734 1052 Sed
779 1005 832 1051 et
877 994 944 1050 de
973 993 1253 1049 mendacio
1282 990 1644 1048 erubescenda
1692 999 1777 1046 est

175 1103 395 1144 coronae
457 1089 627 1158 origo.
695 1085 812 1142 Jsm
881 1099 1020 1140 nunc
1072 1094 1127 1139 et
1189 1083 1257 1138 de
1301 1081 1610 1138 veritatihus
1666 1080 1777 1136 suis

175 1180 339 1236 Certe
363 1179 504 1234 enim
529 1178 746 1235 Graecos
780 1177 849 1248 (c)
879 1176 959 1247 (l)
983 1174 1147 1231 fuisse
1188 1183 1399 1230 constat
1435 1185 1679 1229 auctores
1700 1174 1777 1227 rei

174 1274 262 1327 vel
290 1273 696 1327 illuniiuatores.
728 1270 1016 1329 Saturnum
1049 1267 1389 1339 Pherecydes
1414 1277 1538 1322 ante
1588 1278 1780 1321 omnes

174 1365 341 1420 refert
369 1372 717 1430 coronatum,
748 1362 933 1419 Jovem
986 1360 1250 1417 Diodorus
1283 1358 1362 1431 (2)
1395 1369 1514 1430 post
1542 1359 1779 1415 devictos

174 1456 397 1512 Titanas
450 1458 568 1525 (d);
622 1455 715 1511 dat
753 1465 807 1511 et
849 1455 1038 1524 Priapo
1092 1454 1278 1509 txrnias
1306 1454 1378 1523 (ε)
1409 1453 1548 1509 idem
1572 1494 1585 1515 ,
1622 1462 1674 1508 et
1707 1452 1779 1523 (f)

174 1547 431 1603 Ariadnae
460 1556 663 1602 scrtum
692 1561 757 1601 ex
788 1560 919 1600 auro
958 1555 1013 1601 et
1045 1545 1239 1601 Indicis
1268 1544 1495 1615 gemmis
1517 1587 1533 1610 ,
1556 1543 1777 1599 Vulcani

173 1652 349 1708 opus,
373 1637 547 1693 Liberi
579 1652 805 1702 munus,
836 1650 899 1691 ac
947 1646 1133 1705 postea
1174 1635 1343 1691 sidus.
1379 1634 1575 1690 Junoni
1618 1635 1780 1690 vitem

172 1729 542 1785 Callimachus
574 1728 795 1783 induxit.
832 1727 908 1784 lla
940 1740 993 1783 et
1024 1728 1152 1797 Agis
1178 1728 1386 1798 signum
1414 1727 1529 1796 ejus
1561 1726 1779 1797 palmite

1874 620 2100 686 laureas,
2134 620 2187 674 in
2210 634 2315 689 qua
2352 634 2420 674 ex
2461 617 2657 673 Indicis
2683 616 3064 689 triumphavit,
3092 616 3253 672 etiam
3287 617 3475 686 vulgus

1875 713 2132 782 agnoscit,
2154 726 2275 767 cum
2293 711 2409 766 dies
2432 711 2482 765 in
2509 710 2656 765 illum
2678 710 2945 765 solemnes
2975 724 3213 780 ntagnam
3239 706 3475 776 appellat

1876 822 2137 861 coronam.
2164 805 2221 860 Si
2243 812 2296 860 et
2316 803 2513 858 Leonis
2533 801 2770 875 Egyptii
2794 802 2993 871 scripta
3013 800 3229 857 evolvas
3245 797 3344 871 (k),
3367 798 3476 870 pri-

1877 915 1961 955 ma
1992 898 2090 954 lsis
2108 904 2347 965 repertas
2374 896 2551 965 spicas
2577 895 2753 965 capite
2778 893 3134 959 circumtulit,
3164 906 3276 947 rem
3306 890 3477 961 magis

1880 991 2097 1046 ventris.
2129 990 2284 1045 Plura
2302 988 2664 1059 qumrentibus
2694 986 2873 1042 omnia
2907 983 3183 1041 exhibebit
3209 991 3475 1054 prmstan-

1882 1084 2120 1139 tissimus
2149 1083 2200 1136 in
2230 1084 2329 1136 hac
2374 1095 2587 1151 quoque
2630 1079 2850 1134 materia
2895 1085 3284 1133 commentator
3310 1074 3475 1129 Clau-

1882 1177 2003 1234 dius
2047 1174 2365 1231 Saturninus
2398 1174 2485 1242 (ι).
2530 1170 2661 1226 Nam
2692 1180 2775 1227 est
2802 1170 2943 1225 illius
2967 1169 3034 1224 de
3062 1167 3287 1223 Coronis
3317 1166 3474 1230 liber,

1883 1279 1939 1327 et
1987 1267 2241 1338 origines,
2287 1275 2341 1321 et
2370 1278 2613 1330 caussas,
2644 1271 2699 1318 et
2746 1262 2976 1332 species,
3006 1269 3061 1315 et
3105 1258 3478 1315 solemnitates

1885 1375 2069 1417 earum
2111 1359 2181 1413 ita
2209 1357 2549 1420 cdisserens,
2579 1364 2636 1409 ut
2666 1354 2865 1408 nullam
2889 1351 3117 1422 gratiam
3155 1350 3325 1417 ﬂoris,
3353 1348 3476 1403 nnl-

1885 1452 1987 1508 lam
2010 1451 2249 1506 laetitiam
2278 1448 2502 1511 frondis,
2526 1447 2730 1502 nullum
2762 1444 3018 1513 cespitem
3051 1452 3145 1496 ant
3170 1441 3467 1513 palmitem,

1884 1561 1991 1602 non
2020 1543 2248 1613 alicujus
2283 1541 2443 1613 capiti
2487 1540 2729 1595 invenias
2756 1545 3149 1593 consecratum.
3182 1534 3300 1602 Quo
3346 1533 3478 1588 satis

1882 1640 2230 1703 instruamur,
2258 1652 2416 1708 quam
2447 1636 2678 1690 alienum
2706 1632 2946 1703 judicare
2974 1630 3266 1685 debeamus
3304 1640 3465 1681 coro-

1884 1732 1990 1787 nati
2028 1731 2219 1799 capitis
2259 1729 2652 1783 institutionem
2692 1725 2760 1780 ab
2795 1725 2874 1781 eis
2904 1723 3185 1795 prolatam.
3215 1719 3348 1775 etin
3378 1732 3476 1773 eo-

171 1824 511 1888 redimitum,
549 1823 796 1893 subjecto
824 1822 1048 1893 pedibus
1078 1821 1193 1891 ejus
1226 1820 1373 1875 corio
1414 1820 1625 1875 leonino
1649 1861 1663 1885 ,
1695 1820 1747 1873 in
1810 1839 1856 1899 B
1885 1840 2004 1881 rum
2036 1824 2293 1891 deinceps
2337 1822 2597 1877 honorem
2626 1820 3012 1890 dispensatam,
3041 1830 3177 1887 quos
3221 1813 3477 1869 saeculum

169 1917 461 1972 sultantem
486 1917 566 1987 (3)
588 1926 823 1971 ostentat
850 1916 926 1985 (4)
955 1928 1237 1970 noverCam
1260 1912 1328 1968 de
1350 1915 1556 1968 exuviis
1578 1915 1777 1969 utrius-

174 2024 283 2080 que
314 2009 568 2079 privigni.
603 2008 856 2063 llercules
882 2022 1021 2063 nunc
1049 2006 1301 2076 pepulum
1329 2006 1503 2075 capite
1531 2004 1775 2075 praefert,

168 2114 315 2155 nunc
328 2100 636 2162 oleastrum.
663 2098 1192 2168 nuocapinm.Habes
1209 2097 1521 2168 tragmdiam
1536 2096 1777 2162 Cerberi,

167 2190 340 2247 habes
370 2191 674 2255 Pindarum,
696 2201 854 2258 atque
868 2190 1274 2254 Callimachum,
1295 2191 1383 2260 qui
1407 2200 1458 2245 et
1478 2189 1778 2260 Apollinem

168 2293 457 2341 memorat.
477 2284 754 2338 interfecto
770 2283 1045 2355 Delphyne
1061 2284 1294 2339 dracone
1320 2284 1402 2353 (5)
1424 2282 1525 2355 (g),
1544 2283 1777 2340 lauream

175 2375 415 2430 induisse
435 2374 515 2449 (lt)
540 2392 555 2430 :
572 2376 846 2440 Liberum,
862 2376 1109 2432 eumdem
1124 2375 1263 2445 apud
1280 2374 1563 2447 (Egyptios
1575 2373 1775 2440 Osirin,

176 2464 568 2535 llarpocration
599 2466 854 2521 industria
895 2467 1206 2521 hederatum
1246 2474 1649 2537 argumentatur
1679 2467 1775 2538 (ἱ),

167 2556 314 2628 quod
358 2557 574 2613 hedera:
622 2568 808 2611 natura
858 2558 929 2613 sit
976 2557 1255 2614 cerebrum
1283 2559 1352 2614 ab
1372 2558 1564 2613 heluco
1591 2558 1775 2615 defen-

1881 1917 2009 1973 deos
2033 1916 2277 1973 credidit.
2308 1916 2363 1970 Si
2390 1914 2535 1969 enim
2584 1911 2918 1967 mendacium
2948 1907 3244 1963 divinitatis
3283 1905 3471 1959 diabo-

1882 2012 1967 2067 lus
1991 2018 2244 2079 operatur
2272 2009 2324 2062 in
2369 2007 2470 2062 hac
2512 2006 2673 2062 etiam
2702 2002 2904 2074 specie,
2932 2017 2963 2056 a
2994 1998 3289 2071 primordio
3319 2011 3473 2051 men-

1881 2100 2009 2169 dax,
2061 2102 2178 2156 sine
2205 2100 2371 2155 dubio
2400 2106 2454 2153 et
2480 2113 2575 2153 eos
2615 2096 2729 2167 ipse
2775 2100 3142 2165 prospexerat,
3176 2092 3228 2145 in
3276 2087 3473 2158 quibus

1882 2199 1938 2254 in
1970 2197 2302 2253 mendacium
2334 2194 2631 2250 divinitatis
2660 2200 2928 2262 ageretur.
2977 2188 3147 2256 Quale
3189 2185 3349 2255 igitur
3377 2184 3475 2237 ha-

1883 2290 2114 2346 bendum
2131 2299 2213 2344 est
2237 2287 2376 2357 apud
2400 2287 2644 2341 homines
2665 2285 2776 2341 veri
2806 2283 2921 2350 Dei,
2945 2279 3089 2352 quod
3114 2294 3142 2332 a
3166 2275 3466 2333 candidatis

1881 2378 2077 2439 diaboli
2128 2381 2485 2435 introductum
2512 2419 2527 2443 ,
2575 2386 2631 2433 et
2675 2376 2804 2447 ipsis
2832 2390 2861 2429 a
2903 2371 3198 2445 primordio
3225 2371 3465 2426 dicatum

1883 2487 1987 2540 est,
2015 2475 2262 2546 quodque
2288 2473 2395 2544 jam
2425 2481 2551 2528 tunc
2576 2470 2895 2528 idololatriae
2922 2467 3233 2523 initiabatnr
3252 2463 3321 2519 ab
3352 2462 3467 2516 ido-

1881 2565 1966 2627 lis,
2000 2574 2056 2622 et
2085 2565 2239 2621 idolis
2267 2564 2441 2620 adhuc
2487 2562 2665 2619 vivis?
2710 2576 2815 2618 non
2844 2559 2995 2631 quasi
3037 2554 3235 2627 aliquid
3263 2554 3359 2623 (in)
3401 2553 3472 2607 sit

1397 2668 1780 2730 LECTIONES
1817 2674 2233 2734 VARIANTES.

233 2782 307 2906 (ιζ
331 2782 509 2835 Certos
527 2780 637 2831 cod.
672 2781 857 2832 Wouw.
882 2794 1037 2855 caecos
1061 2781 1213 2832 Latin.
1241 2789 1451 2853 caeteros
1472 2792 1617 2837 Prau.

233 2845 286 2904 (2
341 2844 444 2893 Hoc
468 2857 673 2893 munere
699 2858 724 2891 a
742 2851 940 2894 caeteris
962 2846 1246 2895 honoratum
1259 2848 1427 2898 mserit
1449 2846 1598 2898 Seml.

231 2843 306 2904 (Ξ)
341 2844 444 2893 Hoc
468 2857 673 2893 munere
699 2858 724 2891 a
742 2845 940 2894 caeteris
962 2846 1246 2895 honoratum
1259 2843 1427 2898 inserit
1449 2846 1598 2898 Seml.

236 2910 313 2971 (3)
338 2906 409 2957 Ex
422 2906 658 2959 ultantem
680 2907 804 2957 Jun.

1934 2788 2009 2915 (4)
2036 2791 2304 2843 Ostentans
2331 2791 2480 2843 Rhea.
3301 2847 3310 2857 ,

1956 2855 2002 2912 5)
2033 2854 2138 2913 Qua
2182 2854 2427 2915 supplium
2467 2861 2608 2904 erant
2653 2853 2784 2904 enim
2814 2849 3049 2915 supplicis
3071 2848 3310 2901 coronari:

1956 2842 2005 2912 5i
2033 2854 2138 2913 Qua
2182 2854 2427 2916 supplium
2467 2861 2608 2904 erant
2653 2853 2784 2904 enim
2814 2849 3049 2916 supplicis
3071 2847 3314 2901 coronarii
3342 2842 3468 2907 apud

1871 2914 2076 2966 veteres
2096 2915 2263 2969 inserit
2280 2914 2497 2967 'Semier.

1539 3014 2097 3076 COMMENTARIUS.

171 3138 393 3185 sanctos
415 3141 705 3199 agnoscere
726 3168 741 3193 ,
766 3140 941 3196 neque
967 3125 1085 3182 illos
1118 3126 1222 3199 coli
1253 3128 1532 3196 sparsione
1556 3129 1769 3199 ﬂorum,

173 3202 270 3257 sed
327 3199 505 3274 videat
560 3198 899 3274 consimilem
936 3197 1231 3274 periodum
1278 3199 1431 3254 initio
1480 3217 1597 3273 seq.
1650 3197 1771 3274 cap.

164 3276 281 3343 jam
310 3270 623 3343 enimaudio
652 3271 773 3343 dici,
796 3279 901 3325 etc.
933 3268 1062 3324 Lac.

248 3343 324 3411 (a)
356 3341 516 3395 Nobis
546 3358 660 3394 vero
693 3341 893 3410 Moyses
916 3384 931 3406 ,
961 3350 1066 3395 etc.
1098 3340 1276 3411 Mosen
1311 3353 1577 3410 pastorem
1611 3343 1774 3401 fuisse
1802 3339 1847 3402 C
1880 3366 1928 3404 ο.

176 3410 415 3469 indicant
440 3411 610 3465 Exodi
630 3411 817 3482 verba
848 3426 972 3479 cap.
1006 3412 1040 3465 4
1066 3428 1079 3463 :
1117 3410 1320 3481 Moyses
1341 3425 1508 3468 autem
1537 3415 1770 3482 pascebat

175 3500 293 3538 oves
320 3482 515 3553 soceri,
546 3490 642 3533 etc.
674 3480 856 3553 Porro_
870 3496 977 3553 per
993 3480 1254 3550 poeticum
1302 3480 1568 3553 pastorem
1613 3485 1773 3540 intel-

176 3554 295 3625 ligit
316 3552 605 3625 Hesiodum
632 3593 646 3612 ,
676 3552 763 3619 qui
793 3550 860 3605 ad
876 3551 1193 3625 Alleliconem
1224 3550 1562 3622 paternarum
1590 3555 1771 3611 ovium

176 3622 458 3681 custodem
492 3635 689 3690 agens,
716 3637 836 3677 cum
875 3622 1051 3677 Musas
1080 3626 1485 3693 conspexisset,
1515 3633 1570 3681 et
1596 3626 1664 3680 ab
1692 3626 1772 3681 eis

176 3696 243 3751 ad
278 3696 683 3765 Hippocrenen,
726 3693 777 3747 id
818 3704 900 3748 est
940 3694 1259 3749 caballinum
1292 3696 1488 3750 fontem
1512 3696 1775 3753 deductus

176 3767 413 3893 ἓιίεξίῗιᾶ
440 3764 631 3891 statim
656 3765 1138 3821 excellentissimus
1169 3774 1323 3835 poeta
1355 3766 1523 3821 factus
1547 3778 1649 3825 est.
1679 3785 1775 3823 un-

216 3854 295 3893 ει
343 3852 377 3891 ιι
491 3853 560 3890 vn
583 3851 634 3890 .:

216 3854 249 3894 Θ
279 3851 413 3894 utuu
440 3851 596 3891 U\'ltl.
620 3851 634 3890 ἶ

306 3953 417 4005 Non
444 3952 557 4000 mihi
574 3958 689 4001 sunt
713 3952 829 4000 visae
854 3948 972 4008 Clio,
999 3950 1191 4002 Cliusve
1214 3964 1411 4001 sorores

374 4015 601 4066 Servanti
625 4014 841 4077 pecudes
863 4013 1083 4075 vallibus,
1113 4015 1278 4074 Ascra,
1305 4016 1419 4066 tuis.
1470 4015 1622 4067 Rm.

255 4120 342 4190 (b)
382 4117 593 4190 Moyses
622 4116 966 4190 propheticus,
1000 4133 1099 4171 non
1129 4118 1354 4190 poeticus
1384 4128 1577 4189 pastor.
1610 4118 1780 4175 Moses

182 4200 238 4248 et
262 4185 533 4313 Ηᾲεὶοόιίῗ
556 4188 714 4241 ambo
737 4185 886 4243 fuere
912 4185 1168 4258 pastores:
1195 4188 1285 4245 ille
1311 4185 1671 4261 prepheticus,
1697 4193 1781 4247 hic

182 4273 451 4313 metiens.
536 4272 607 4313 IG.

257 4273 431 4317 θιιοιιε
440 4301 451 4313 .
489 4272 607 4314 HIG.

182 4278 451 4333 poeticus.
489 4278 607 4314 me.

259 4332 336 4404 (c)
369 4326 512 4404 Certe
539 4344 749 4399 gratos.
776 4328 1177 4404 Sicglegendum
1207 4329 1555 4404 arbitramur:
1597 4332 1696 4404 etsi
1729 4334 1779 4387 in

184 4401 563 4473 antiquissimo
586 4401 887 4473 exemplari
932 4401 1173 4473 legatur,
1227 4403 1454 4465 caeteris,
1508 4403 1557 4456 in
1604 4402 1780 4458 Ursini

186 4471 332 4531 codﬁ
357 4483 537 4526 certos.
570 4472 658 4524 Ait
685 4471 1043 4526 Tertullianns
1085 4471 1301 4526 Gnaeos
1332 4472 1494 4527 fuisse
1536 4482 1782 4529 auctores

185 4546 272 4600 vel
302 4543 690 4614 illuminatores
718 4542 792 4614 rei
814 4543 1130 4609 coronarire;
1154 4543 1296 4613 quod
1319 4544 1388 4597 ita
1411 4559 1529 4598 esse
1555 4558 1780 4614 sequen-

189 4616 264 4671 tia
290 4613 683 4669 demonstrant.
716 4611 835 4666 llic.

263 4685 347 4756 (ὀ)
375 4681 501 4756 Post
520 4683 681 4756 dictos
707 4679 936 4756 Titanas.
964 4682 1021 4756 In
1045 4681 1194 4756 libris
1217 4684 1372 4739 editis
1390 4724 1404 4748 ,
1436 4693 1595 4754 atque
1624 4687 1786 4744 etiam

190 4755 245 4811 in
273 4752 921 4823 exemplaribusantiquis
961 4752 1193 4819 additur,
1216 4755 1308 4807 Itoc
1338 4752 1542 4808 munere
1569 4773 1599 4808 a
1630 4769 1778 4812 cccle-

187 4828 264 4951 {is
290 4827 617 4951 bipertitum.
649 4822 801 4891 Quod
830 4824 899 4878 ab
946 4823 1272 4880 'l‘crtulliauo
1315 4840 1434 4879 esse
1484 4842 1590 4882 non
1638 4830 1785 4885 vide-

217 4913 300 4951 ur.
388 4912 458 4951 Ic.

189 4906 300 4953 tur.
332 4906 458 4951 me.

270 4969 350 5040 (ᾳ)
381 4966 484 5018 Dat
521 4975 583 5040 et
612 4962 800 5035 Priapo
826 4965 1024 5019 (tertias.
1048 4965 1103 5020 In
1128 4965 1248 5021 cod.
1279 4965 1547 5036 Agobardi
1570 4968 1781 5040 legitur,

198 5038 490 5096 iemiauias.
519 5037 635 5090 illo.

276 5108 345 5180 (Γ)
377 5108 618 5194 Ariadate
642 5116 831 5194 sertum
878 5121 1096 5194 ea;er
1123 5108 1393 5194 et-jndicis
1415 5110 1645 5194 gemmis.
1672 5110 1787 5194 ily-

192 5175 356 5251 gin‘u's
374 5179 506 5254 ,_n_bi
532 5178 600 5232 de
638 5175 879 5234 Corona:
914 5175 1041 5254 litae
1060 5178 1375 5254 existimatur
1395 5175 1641 5254 Ariadnes
1662 5175 1789 5254 fuis-

194 5248 251 5305 se
284 5292 299 5312 .
330 5266 365 5303 α
392 5248 573 5302 Libero
600 5257 739 5316 patre
764 5254 891 5300 inter
925 5249 1094 5302 sidera
1139 5249 1382 5303 collocata
1434 5250 1573 5306 Idem
1633 5248 1788 5311 paulo

196 5330 354 5391 post.
382 5318 589 5391 Dicitur
613 5319 764 5391 etiam
806 5335 838 5370 a
871 5316 1096 5391 V_ulcano
1120 5322 1254 5391 facta
1280 5337 1343 5374 ea.
1370 5338 1495 5375 auro
1524 5333 1569 5376 et
1596 5321 1790 5377 Indicis

198 5385 432 5461 'gemmis.
463 5385 1129 5463 Germanicus:_Coronant
1163 5388 1376 5445 Vulcani
1420 5409 1570 5463 opere
1599 5398 1789 5463 factam

198 5459 264 5515 ex
282 5468 479 5529 aur-oet
502 5459 729 5529 gemmis'
738 5459 986 5527 pretiosis.
1018 5460 1137 5516 lita.

272 5531 354 5603 (ς)
408 5527 959 5605 Delphyne__dracoue.
1014 5531 1203 5605 Hujus“
1236 5531 1512 5605 scriptura:
1567 5535 1785 5605 vestigia

200 5599 467 5670 apparent
509 5603 560 5652 in
601 5599 785 5674 codice
824 5599 1110 5670 Agnbardi.
1164 5599 1485 5673 Helyc‘iius:
1526 5599 1729 5674 Δελφιςζ
1765 5612 1789 5660 ὁ

200 5681 247 5727 ιν
267 5676 453 5740 διλγοῖς
474 5674 674 5741 δράκων.
694 5670 812 5727 ῐίιο.

276 5744 364 5807 (h)
410 5741 658 5795 Laureaut
686 5746 931 5798 induisse.
952 5744 1006 5797 In
1036 5743 1349 5799 cditionihus
1383 5753 1435 5799 ct
1456 5745 1601 5800 libris
1633 5746 1791 5801 etiam

203 5829 339 5870 mss.
374 5814 644 5886 sequitur,
692 5828 792 5877 qua
821 5816 1115 5882 Silpp’tc't‘tlt.
1151 5813 1314 5886 Erant
1366 5817 1493 5867 enim
1541 5818 1795 5886 supplices

205 5892 426 5939 coronat.
463 5885 602 5952 apud
627 5895 827 5937 veteres.
857 5886 1049 5941 Verum
1074 5886 1185 5939 hinc
1212 5885 1522 5942 Tertulliani
1547 5885 1667 5943 esse
1690 5904 1795 5944 non

1878 3144 2027 3206 puto.
2063 3134 2249 3192 Reddo
2276 3143 2454 3193 tamen
2480 3175 2496 3203 ,
2525 3134 2568 3191 si
2596 3134 2716 3207 quis
2750 3132 2921 3190 ablata
2947 3131 3231 3258 repetita}?
3264 3132 3465 3187 veniat.

3220 3218 3290 3257 ια.

3220 3218 3290 3257 IG.

1951 3277 2014 3404 gi)
2067 3278 2395 3334 "(credulum
2451 3285 2851 3350 argumentatur.
2925 3274 3126 3331 Plinius
3193 3272 3284 3328 lib.
3327 3272 3466 3339 XVI,

2018 3365 2035 3403 :
2067 3349 2295 3404 Fuerunt
2326 3352 2544 3404 nrimum
2575 3349 2797 3403 omnium
2831 3346 3065 3402 Liberum
3089 3346 3466 3404 patrcutimpo-

2018 3365 2035 3403 :
2067 3349 2295 3405 Fuerunt
2326 3346 2544 3419 primum
2575 3349 2797 3419 omnium
2831 3346 3065 3419 Liberum
3088 3346 3468 3419 patremiinpo-

1872 3420 2036 3474 suisse
2060 3422 2217 3490 capiti
2244 3415 2335 3476 suo
2368 3438 2434 3475 ea:
2457 3420 2663 3475 hedera.
2689 3418 2818 3473 Item
2847 3436 2961 3486 cap.
2980 3418 3061 3490 A24
3086 3415 3101 3471 ξ
3124 3415 3471 3490 Alexandrum

1874 3505 1990 3543 uero
2014 3490 2075 3543 ob
2118 3487 2379 3545 raritatem
2421 3492 2492 3544 ita
2539 3498 2779 3543 coronato
2826 3488 3046 3543 exercitu
3069 3527 3084 3551 ,
3129 3487 3365 3539 victorem
3410 3502 3471 3538 ac

1876 3557 2033 3613 India
2050 3562 2253 3615 rediisse
2276 3560 2506 3629 exemplo
2530 3558 2700 3614 Liberi
2728 3560 2906 3625 patris,
2935 3567 3039 3629 etc.
3070 3556 3249 3612 Ruﬁn.

1948 3631 2010 3700 (j)
2059 3632 2132 3685 Ab
2156 3631 2332 3686 heluco
2362 3628 2646 3702 defensare.
2678 3629 2949 3699 Signiﬁcat
2999 3628 3228 3691 helucus,
3252 3635 3473 3702 anctorc

1880 3698 2047 3757 Sesto
2080 3703 2351 3771 Pompeio,
2376 3698 2682 3772 languidum
2707 3698 3472 3772 etsemisomnum,_ethester-

1881 3790 1953 3828 no
1983 3774 2105 3827 vino
2123 3768 2493 3839 languentem,
2531 3775 2609 3827 sic
2631 3770 2833 3828 dictum
2860 3772 2925 3827 ab
2946 3771 3090 3825 hiatu
3125 3768 3235 3823 oris
3256 3779 3310 3823 ct
3333 3769 3473 3839 osci-

1884 3844 2105 3906 tatione,
2133 3846 2461 3912 Quamquam
2483 3843 2843 3898 Tertulliaons
2868 3858 2965 3913 pro
2998 3842 3111 3913 ipsa
3136 3838 3311 3913 potius
3340 3838 3473 3894 atl‘e-

1882 3915 2058 3969 ctione
2088 3916 2274 3980 capitis
2296 3915 2499 3969 videtur
2526 3928 2804 3984 usurpare,
2829 3912 2928 3981 qua
2951 3912 3214 3977 proclives
3245 3912 3471 3984 ipsam-—

1883 3998 2008 4038 num
2054 3985 2356 4047 reddimur,
2405 4000 2561 4051 quam
2616 3980 2789 4039 Graeci
2835 3980 3463 4053 zicpn6ep’av_:lppellalll.

1887 4056 1960 4110 De
2004 4054 2215 4111 hedera:
2264 4056 2311 4110 vi
2354 4055 2593 4127 frigoril'a
2643 4056 2807 4110 multa
2853 4051 2977 4109 sunt
3016 4051 3155 4177 aptlt‘tl
3195 4062 3465 4107 auctores.

3142 4138 3265 4177 neu.

3142 4138 3265 4178 "EN.

1957 4196 2038 4267 (lt)
2092 4197 2152 4251 Si
2200 4208 2244 4251 et
2296 4199 2453 4253 leonis
2507 4196 2749 4268 λείπῃ)ιῆ
2790 4196 2978 4268 scripta
3021 4194 3265 4247 revolvas.
3321 4192 3474 4268 llunc

1886 4264 2122 4322 Leonem
2173 4271 2499 4339 Augustinus
2524 4264 2927 4339 ert—"Alexandro
2958 4280 3224 4339 magnum
3257 4264 3470 4339 antisti-

1888 4348 1994 4408 lem
2041 4350 2197 4395 vocat
2226 4333 2494 4397 sacrorum
2529 4337 2923 4408 Aigyptiornm,
2958 4333 3219 4401 ιῑιιᾳγιιι,
3258 4335 3319 4388 tle
3357 4333 3468 4408 Cio.

1887 4407 1983 4463 Dei
2006 4452 2019 4471 ,
2068 4426 2186 4479 cap.
2231 4412 2263 4465 5
2290 4420 2343 4465 et
2363 4412 2448 4465 27.
2482 4406 2717 4479 Hyginus
2751 4407 2804 4460 in
2832 4406 3030 4479 Aricte,
3080 4422 3168 4479 res
3214 4406 3471 4479 aegyptias

1887 4475 2295 4563 conscripsisse.
2317 4482 2409 4536 ait.
2437 4475 2585 4563 Ideni
2614 4478 2851 4563 Hyginus
2883 4478 3077 4563 passim
3105 4475 3437 4563 fabulissnis
3458 4516 3471 4534 .

1888 4560 1942 4606 et
1986 4545 2319 4613 Callimachi,
2374 4559 2428 4605 et
2477 4545 2783 4604 Pherecidis
2807 4590 2821 4614 ,
2852 4545 2908 4603 et
2931 4547 3159 4601 aliorqu
3205 4547 3293 4616 qui
3323 4545 3409 4599 hic
3438 4560 3469 4599 a

1888 4638 1918 4678 a
1948 4622 2205 4688 Septimio
2230 4621 2492 4687 citantur,
2523 4619 2904 4675 commeminit.

1956 4686 2031 4817 (SI)
2058 4691 2304 4746 Claudius
2331 4692 2658 4746 Saturninus.
2689 4690 2856 4760 Hujus
2881 4703 3041 4756 opera
3069 4686 3213 4742 nulla
3234 4695 3467 4747 exstant,

2028 4764 2191 4817 credo
2237 4762 2430 4817 librum
2483 4762 2792 4816 Tertulliani
2844 4761 2984 4813 hunc
3014 4757 3077 4813 de
3122 4759 3321 4812 (.‘orona
3361 4758 3467 4810 mil.

1893 4757 1987 4818 sed
2028 4764 2191 4817 credo
2237 4762 2430 4817 librum
2483 4757 2792 4816 Tertulliani
2844 4761 2984 4813 hunc
3014 4757 3077 4813 de
3122 4759 3321 4812 (.‘orona
3361 4758 3473 4810 mil.

1891 4848 2013 4891 esse
2041 4836 2198 4901 plane
2226 4834 2495 4901 epitomen
2525 4833 2664 4887 illius
2692 4831 2830 4886 lihri.
2866 4828 2996 4885 Lac.

1964 4899 2063 4974 (in)
2098 4903 2218 4959 Non
2245 4899 2389 4975 φιαδὶ
2415 4903 2607 4975 aliquid
2644 4904 2707 4975 sit
2732 4902 2960 4975 idolunt._
2987 4899 3075 4975 Ai_t
3118 4899 3476 4975 Tertullianus

1890 4969 2393 5030 idololatriam'esse
2424 4969 2756 5027 mendacium
2800 4971 3110 5033 divinitatis,
3143 4970 3282 5037 quod
3308 4969 3416 5039 jam
3443 4984 3475 5022 a

1888 5046 2181 5116 primordio
2202 5044 2427 5099 mendax
2451 5043 2694 5116 diabolus
2719 5051 2968 5116 operatus
2993 5042 3189 5116 est,_ita
3214 5039 3475 5116 u_t_pruvi-

1888 5110 2029 5172 derit
2058 5116 2155 5171 sibi
2183 5132 2245 5171 ac
2271 5115 2613 5186 prospexerit
2642 5110 2885 5186 homines
2921 5114 2972 5186 in
3004 5110 3195 5186 quibus
3241 5111 3479 5186 idmen-

1891 5188 2098 5243 dacium
2141 5180 2415 5256 ageretan
2443 5184 2653 5256 Etenim
2696 5184 2765 5236 dii
2795 5180 3031 5256 gentium
3051 5198 3124 5256 es
3173 5180 3479 5256 hominibus

1891 5258 2040 5313 fuere
2059 5300 2074 5322 ,
2101 5251 2232 5327 quos
2262 5265 2447 5327 gentes
2467 5255 2571 5309 vita
2614 5251 2857 5327 functos,
2889 5252 2973 5327 vel
3000 5251 3246 5327 adulandi
3277 5251 3475 5316 studio,

1892 5322 2325 5399 pesteris'eoru'm
2350 5326 2484 5399 forte
2506 5322 2933 5399 peten_t_i‘bu§._vel
2958 5322 3334 5399 beneﬁciorum
3358 5338 3475 5399 tn_e-

1896 5392 2083 5457 inoria.
2118 5413 2211 5466 pro
2239 5397 2339 5450 diis
2368 5392 2622 5451 habuere.
2656 5394 2750 5448 llic
2776 5392 2873 5448 fuit
2902 5392 3292 5466 vetustissimus
3337 5392 3478 5466 refe-

1895 5469 2044 5523 rendi
2077 5461 2209 5521 bene
2238 5467 2565 5522 merentibus
2589 5465 2811 5535 gratiam
2839 5478 2974 5535 mos,
3002 5472 3057 5535 ut
3085 5464 3215 5535 tales
3240 5461 3474 5535 numini-

1890 5540 1990 5595 bus
2010 5538 2453 5594 adscriberentur.
2486 5532 2667 5606 Neque
2692 5534 2948 5606 aliter_de
2985 5533 3093 5606 diis
3121 5534 3219 5589 aevi
3251 5534 3330 5586 sui
3366 5532 3476 5606 Pii:

1892 5612 2012 5664 nius
2053 5608 2386 5677 Opinahatnr.
2434 5601 2604 5661 Ilosce
2643 5606 2801 5673 igitur
2854 5604 3132 5677 homines,
3191 5618 3344 5677 quos
3374 5601 3475 5677 sibi

1896 5673 2165 5749 prospcsit
2210 5678 2475 5741 diabolus,
2525 5692 2587 5731 es
2628 5675 3022 5749 quibushidola‘,
3055 5673 3477 5749 seu__d_ivinitatis

1898 5744 2036 5805 inrui
2076 5759 2235 5816 atque
2266 5749 2537 5804 mendacia
2568 5744 2777 5811 tierent,
2810 5744 3006 5799 diaboli
3037 5744 3347 5816 candidatos
3374 5758 3471 5795 vo-

1897 5832 1981 5876 cat
2006 5813 2381 5875 Tertullianus.
2411 5820 2499 5885 qui
2529 5834 2649 5872 cum
2675 5817 3001 5874 adviverent.
3027 5815 3135 5883 jam
3176 5813 3315 5868 idola
3335 5826 3476 5875 esse,

1898 5901 1951 5947 et
1976 5893 2075 5946 sibi
2097 5900 2297 5947 statuas
2324 5884 2446 5962 poni
2468 5901 2520 5944 et
2546 5889 2649 5944 coli
2671 5889 2949 5944 ambitiose
2969 5884 3353 5941 all'ectaverint.
3382 5887 3478 5937 At-
