4242 6492
185 421 259 480 85
1484 417 1683 475 LIBER
1730 415 1819 474 DE
1856 415 2127 474 CORONA
2139 456 2153 472 .
3410 414 3480 472 86

187 537 292 593 dus
311 579 329 605 ,
358 537 456 593 hoc
486 538 716 607 primum
739 545 897 607 caput
919 544 1232 593 coronatum
1254 542 1335 592 est
1368 548 1398 590 a
1423 533 1730 591 Charitibus
1755 575 1771 599 ,
1800 537 1851 595 Λ
1876 548 1996 590 sare
2025 535 2114 607 (j).
2142 532 2246 590 Sed
2271 543 2326 588 et
2349 533 2480 589 alias
2497 532 2743 589 Liberum
2769 530 3062 603 principem
3088 544 3303 588 corona:
3327 532 3482 601 plane

184 643 309 686 cum
352 631 420 684 ab
449 630 702 685 omnibus
731 638 1102 685 muneraretur
1146 627 1288 683 unde
1326 626 1591 682 Pandora.
1619 626 1783 682 Nobis

184 736 322 778 vero
351 720 425 792 (a)
454 721 665 793 Moyses
696 720 1057 791 propheticus,
1081 734 1187 774 non
1213 719 1455 790 poeticus
1482 717 1780 790 pastor(b),

191 816 494 888 principem
542 815 815 873 l'tnntiuam
856 814 1023 869 Evam
1074 812 1281 869 facilius
1333 810 1575 883 pudenda
1603 811 1781 877 foliis,

185 925 349 979 quam
378 918 617 979 tempora
664 907 923 972 ﬂoribus,
980 906 1266 961 incinctam
1310 903 1583 961 describit.
1630 901 1783 959 Nulla

183 1016 321 1072 ergo
347 1001 609 1057 l’andora.
638 1001 744 1056 Sed
788 1010 841 1056 et
887 999 954 1054 de
983 998 1263 1053 mendacio
1291 996 1652 1053 erubescenda
1701 1004 1785 1051 est

184 1106 403 1147 corona:
464 1093 636 1162 origo.
704 1090 820 1147 Jam
890 1104 1029 1145 nunc
1082 1099 1137 1144 et
1198 1088 1266 1143 de
1310 1086 1618 1143 veritatibus
1674 1086 1786 1142 suis

182 1184 347 1240 Certe
372 1184 511 1238 enim
536 1183 755 1239 Graecos
788 1181 857 1253 (c)
888 1181 969 1252 (ι)
992 1179 1156 1235 fuisse
1197 1188 1407 1235 constat
1443 1189 1687 1234 auctores
1710 1180 1787 1233 rei

182 1277 270 1331 vel
299 1277 705 1331 illuminatores.
737 1276 1025 1333 Saturnum
1058 1272 1397 1344 Pherecydes
1422 1282 1546 1328 ante
1597 1284 1789 1327 omnes

182 1369 349 1424 refert
377 1376 725 1434 coronatum,
756 1367 941 1423 Jovem
996 1365 1258 1421 Diodorus
1291 1363 1370 1437 (Ξ)
1403 1374 1522 1435 post
1550 1364 1787 1421 devictos

181 1460 405 1516 Titanas
458 1462 577 1529 (d);
632 1460 724 1515 dat
761 1470 815 1515 et
856 1460 1047 1529 Priapo
1099 1459 1285 1513 uenias
1314 1460 1386 1527 (ε)
1417 1458 1556 1515 idem
1580 1500 1594 1521 .
1630 1469 1683 1514 et
1715 1459 1787 1529 (f)

181 1551 439 1607 Ariadnae
467 1560 672 1606 sertum
700 1566 766 1606 ex
796 1565 927 1605 auro
966 1560 1021 1606 et
1053 1550 1247 1606 Indicis
1276 1550 1503 1620 gemmis
1525 1593 1541 1615 ,
1564 1549 1785 1604 Vulcani

180 1657 322 1711 opus
342 1683 356 1706 ,
382 1641 556 1697 Liberi
588 1658 778 1696 tnuuus
798 1682 814 1707 ,
844 1656 906 1696 ac
954 1651 1141 1711 postea
1182 1640 1351 1696 sidus.
1387 1640 1584 1696 Junoni
1627 1641 1787 1695 vitem

179 1732 550 1788 Callimachus
582 1733 803 1788 induxit.
840 1732 916 1789 Ita
948 1746 1000 1789 et
1032 1734 1159 1803 Agis
1185 1734 1393 1803 signum
1421 1732 1537 1802 ejus
1568 1731 1786 1803 palmite

1884 626 2110 692 laureae,
2143 626 2197 680 in
2221 641 2325 695 qua
2362 640 2430 681 ex
2471 624 2667 680 Indicis
2692 624 3072 696 triumphavit,
3101 624 3260 680 etiam
3294 624 3482 694 vulgus

1884 720 2142 789 agnoscit,
2164 733 2285 773 cum
2303 718 2419 773 dies
2442 718 2491 772 in
2519 717 2666 772 illum
2687 717 2953 772 solemnes
2983 732 3220 788 mgnum
3246 715 3482 784 appellat

1885 829 2147 867 coronam.
2174 812 2230 867 Si
2252 820 2306 867 et
2326 810 2523 866 Leonis
2542 809 2778 882 Egyptii
2802 809 3000 878 scripta
3021 808 3236 864 evolvas
3252 805 3351 879 (Ις),
3373 806 3483 877 pri-

1886 921 1970 961 ma
2002 905 2100 960 Isis
2118 912 2357 972 repertas
2384 903 2560 972 spicas
2586 903 2761 972 capite
2786 900 3140 965 circumtulit,
3171 914 3283 955 rem
3313 898 3484 969 magis

1889 997 2106 1053 ventris.
2138 997 2293 1051 Plura
2311 995 2672 1065 quaerentibus
2703 993 2881 1049 omnia
2914 990 3191 1048 exhibebit
3215 999 3482 1062 prmstan-

1891 1090 2130 1145 tissimus
2158 1089 2209 1143 in
2239 1090 2339 1143 hac
2383 1102 2596 1158 quoque
2638 1086 2858 1141 materia
2902 1092 3291 1139 commentator
3317 1083 3483 1137 Clau-

1891 1184 2013 1240 dius
2056 1180 2374 1237 Saturninus
2408 1180 2493 1249 (t).
2538 1178 2669 1233 Nam
2699 1186 2783 1234 est
2810 1177 2950 1232 illius
2974 1176 3041 1231 de
3069 1175 3293 1231 Coronis
3324 1175 3482 1239 liber,

1892 1284 1948 1333 et
1996 1274 2250 1344 origines,
2295 1281 2350 1328 et
2378 1284 2621 1337 caussas,
2651 1278 2706 1325 et
2754 1269 2984 1339 species,
3013 1277 3068 1323 et
3112 1266 3486 1323 solemnitates

1894 1381 2078 1423 earum
2119 1365 2189 1419 ita
2218 1363 2557 1426 cdissereus,
2587 1371 2644 1416 ut
2673 1361 2872 1416 nullam
2897 1360 3124 1431 gratiam
3162 1359 3331 1426 ﬂoris,
3360 1357 3483 1412 nul-

1892 1458 1996 1514 lam
2019 1457 2257 1512 laetitiam
2286 1454 2511 1517 frondis,
2534 1454 2739 1509 nullum
2770 1452 3025 1522 cespitem
3058 1461 3152 1506 aut
3177 1450 3474 1522 palmitem,

1892 1567 1999 1608 non
2029 1550 2257 1619 alicujus
2291 1548 2451 1619 capiti
2495 1547 2737 1602 invenias
2764 1554 3155 1600 consecratum.
3188 1543 3306 1611 Quo
3352 1542 3485 1598 satis

1889 1646 2238 1709 instruamur,
2266 1659 2424 1714 quam
2455 1643 2686 1697 alienum
2714 1640 2954 1711 judicare
2981 1639 3272 1693 debeamus
3310 1649 3472 1690 coro-

1891 1738 1997 1792 nati
2036 1737 2226 1805 capitis
2266 1736 2659 1790 institutionem
2699 1732 2767 1788 ab
2802 1733 2882 1789 eis
2912 1731 3191 1802 prolatam.
3220 1738 3276 1784 ct
3301 1728 3353 1783 in
3384 1741 3483 1782 co—

178 1828 520 1891 redimitum,
557 1828 804 1897 subjecto
832 1827 1055 1897 pedibus
1085 1827 1199 1896 ejus
1233 1826 1381 1881 corio
1422 1826 1633 1880 leonino
1656 1867 1670 1890 ,
1702 1826 1753 1879 in
1817 1845 1863 1905 Β
1892 1846 2012 1887 rum
2044 1830 2300 1897 deinceps
2344 1829 2605 1884 honorem
2634 1827 3019 1898 dispensatam.
3047 1839 3183 1895 quos
3227 1822 3484 1879 sacculum

176 1920 469 1975 sultautem
495 1922 574 1991 (3)
595 1930 831 1976 ostentat
857 1920 934 1991 (4)
963 1933 1244 1974 noverCam
1267 1918 1334 1974 de
1357 1920 1563 1974 exuviis
1585 1920 1783 1974 utrius-

182 2027 292 2083 que
322 2013 576 2082 privigni.
611 2012 864 2067 Hercules
890 2027 1029 2067 nunc
1056 2012 1308 2080 pupulum
1336 2012 1510 2081 capite
1538 2011 1781 2081 prml'ert,

176 2118 324 2159 nunc
336 2103 644 2166 oleastrum,
671 2103 1199 2172 nuncapinm.Habes
1216 2103 1527 2173 tragtcdiam
1542 2102 1783 2169 Cerberi,

174 2194 348 2251 habes
378 2195 681 2257 Pindarum,
703 2204 861 2261 atque
876 2194 1281 2259 Callimachum,
1302 2196 1389 2265 qui
1413 2206 1464 2251 et
1484 2195 1784 2265 Apollinem

174 2298 465 2346 memorat.
485 2288 762 2343 interiecto
777 2287 1052 2360 Delpbyne
1068 2288 1301 2344 dracone
1326 2288 1409 2359 (5)
1430 2288 1530 2361 (g),
1550 2289 1784 2345 lauream

182 2380 422 2435 induisse
441 2379 521 2453 (Ιι)
547 2397 561 2435 :
579 2380 853 2445 Liberum,
868 2381 1116 2437 eumdem
1132 2380 1270 2451 apud
1287 2379 1568 2453 Egyptios
1581 2379 1782 2447 Osirin,

183 2468 575 2540 llarpocration
605 2471 861 2526 industria
901 2472 1212 2526 hederatum
1253 2480 1654 2543 argumentatur
1684 2473 1746 2545 (i)
1767 2516 1781 2539 ,

174 2560 320 2632 quod
364 2561 580 2617 hederae
628 2573 815 2616 natura
866 2563 936 2618 sit
982 2563 1261 2619 cerebrum
1289 2565 1359 2619 ab
1378 2563 1569 2619 heluco
1596 2564 1781 2621 defen-

1888 1923 2016 1979 deos
2040 1922 2285 1979 credidit.
2315 1921 2371 1977 Si
2398 1921 2542 1975 enim
2591 1919 2925 1975 mendacium
2956 1916 3250 1971 divinitatis
3288 1914 3477 1968 diabo-

1890 2019 1973 2073 lus
1998 2024 2251 2086 operatur
2279 2016 2331 2069 iu
2377 2014 2478 2069 hac
2519 2013 2680 2069 etiam
2709 2011 2911 2082 specie,
2940 2024 2970 2064 a
3001 2006 3295 2079 primordio
3325 2020 3479 2060 men-

1888 2106 2016 2175 dax,
2068 2108 2185 2163 sine
2213 2107 2378 2163 dubio
2408 2114 2463 2160 et
2489 2120 2583 2161 eos
2623 2105 2737 2175 ipse
2782 2108 3148 2173 prospexerat,
3182 2099 3234 2152 in
3282 2096 3479 2167 quibus

1889 2205 1945 2260 in
1977 2204 2309 2260 mendacium
2341 2202 2638 2258 divinitatis
2667 2208 2934 2270 ageretur.
2983 2196 3153 2263 Quale
3195 2193 3356 2264 igitur
3384 2192 3481 2245 ha-

1889 2297 2121 2353 bendum
2138 2305 2220 2350 est
2244 2294 2383 2365 apud
2407 2294 2651 2348 homines
2672 2292 2782 2349 veri
2812 2290 2927 2356 Dei,
2950 2287 3094 2359 quod
3120 2303 3148 2340 a
3172 2284 3473 2342 candidatis

1888 2389 2083 2445 diaboli
2134 2388 2492 2442 introductum
2519 2426 2534 2451 ,
2582 2393 2637 2439 et
2681 2384 2810 2454 ipsis
2838 2398 2866 2436 a
2909 2379 3204 2452 primordio
3231 2380 3471 2435 dicatum

1889 2493 1994 2547 εει,
2022 2482 2269 2553 quodque
2294 2480 2402 2551 jam
2432 2488 2558 2534 tunc
2582 2476 2901 2534 idololatriae
2928 2474 3240 2530 initiabatnr
3258 2472 3327 2527 ab
3359 2472 3474 2525 ido-

1887 2572 1973 2635 Iis.
2006 2581 2063 2629 et
2091 2572 2245 2628 idolis
2273 2570 2449 2627 adhuc
2493 2568 2671 2626 vivis?
2716 2582 2820 2624 non
2850 2566 3001 2637 quasi
3044 2563 3242 2635 aliquid
3270 2562 3365 2632 (tu)
3408 2562 3478 2616 sit

1403 2674 1787 2736 LECTIONES
1824 2681 2239 2741 VARIANTES.

238 2786 313 2908 (1)
337 2786 513 2839 Certos
533 2785 643 2836 cod.
677 2786 863 2837 Wouw.
889 2799 1044 2837 caecos
1067 2787 1220 2838 Latin.
1247 2795 1457 2840 caateros
1477 2799 1622 2843 Frau.

261 2849 292 2898 2
346 2848 450 2897 Hoc
474 2862 679 2898 munere
704 2863 730 2896 a
748 2850 947 2900 caeteris
969 2851 1251 2901 honoratum
1265 2849 1433 2905 inserit
1454 2853 1603 2905 Semt.

261 2848 311 2905 2)
346 2848 450 2897 Hoc
474 2862 679 2898 munere
704 2863 730 2896 a
748 2850 947 2900 caeteris
969 2851 1251 2901 honoratum
1265 2849 1433 2905 inserit
1454 2853 1603 2905 Semt.

242 2914 319 2975 (5)
344 2910 415 2961 Ex
427 2911 664 2963 ultautem
686 2912 810 2962 Jun.

1966 2798 2016 2858 4)
2043 2798 2309 2850 Ostentans
2334 2798 2485 2850 Rhea.

1963 2851 2011 2919 ὃ)
2040 2862 2143 2920 Qua
2186 2861 2431 2924 supplium
2472 2868 2612 2911 erant
2657 2860 2789 2911 enim
2819 2857 3055 2924 supplicis
3077 2854 3320 2908 coronarii
3349 2851 3475 2915 apud

1877 2931 2082 2973 veteres
2102 2921 2267 2976 inserit
2284 2921 2501 2975 'Semler.

1544 3020 2102 3083 COMMENTARIUS.

178 3141 712 3205 sanctosgagnoscere
732 3174 747 3197 ,
772 3146 946 3203 neque
972 3131 1090 3187 illos
1124 3131 1228 3205 coli
1259 3133 1537 3202 sparsione
1562 3135 1775 3205 ﬂorum,

180 3205 275 3260 sed
333 3203 510 3280 videat
566 3202 903 3280 consimilem
941 3203 1236 3280 periodum
1283 3205 1436 3260 initio
1485 3223 1602 3279 seq.
1655 3202 1777 3280 cap.

173 3280 286 3347 jam
312 3274 629 3347 eniniaudio
658 3275 778 3347 dici,
802 3283 906 3329 etc.
938 3274 1067 3329 Lac.

1884 3150 2033 3213 puto.
2068 3141 2253 3198 Reddo
2280 3149 2457 3199 tamen
2483 3183 2500 3210 ,
2528 3141 2571 3198 si
2599 3142 2720 3213 quis
2754 3140 2927 3197 ablata
2953 3140 3237 3267 repetitult‘u
3270 3140 3471 3195 veniat.

3225 3228 3295 3267 ιη.

3225 3228 3295 3267 IG.

1956 3282 2018 3357 (i)
2071 3283 2398 3357 (Iret-edamus
2455 3292 2859 3357 argumentatur.
2906 3283 3132 3357 Plinius
3198 3282 3472 3357 lib.‘X\’I,

253 3346 329 3425 (a)
362 3345 521 3425 Nogis
552 3362 665 3425 vero
698 3344 898 3425 Moyses
921 3387 937 3409 ,
966 3354 1071 3425 etc.
1103 3344 1281 3425 lllpscn
1316 3359 1582 3416 pastorem
1616 3348 1778 3425 fuisse
1806 3345 1851 3408 C
1885 3372 1933 3410 c.
1957 3344 2040 3410 3':
2071 3354 2298 3410 Fuerimt
2330 3344 2548 3425 primum
2578 3356 2801 3410 omnium
2836 3355 3071 3410 Liberum
3094 3344 3473 3425 patremimpoQ

182 3414 421 3473 indicant
447 3414 822 3489 Exodi.v_erba
854 3430 977 3482 cap.
1011 3416 1045 3469 4
1071 3432 1084 3467 :
1122 3414 1328 3489 Moyses
1346 3431 1513 3473 autem
1541 3421 1775 3489 pascebat

179 3504 299 3541 oves
324 3485 519 3557 soceri,
550 3494 646 3537 etc.
677 3484 1260 3557 Porroperpoeticuin
1306 3484 1573 3557 past0rem
1617 3491 1777 3545 intel-

177 3558 299 3627 ligit
321 3555 609 3610 Hesiodum
636 3596 650 3616 ,
680 3556 767 3623 qui
797 3554 865 3609 ad
886 3554 1199 3627 Heliconem
1230 3554 1567 3626 paternarum
1594 3561 1775 3616 ovium

177 3626 462 3684 custodem
496 3639 692 3694 agens,
720 3640 840 3681 cum
880 3626 1056 3681 Musas
1084 3630 1453 3697 con5pexisset
1476 3673 1490 3695 ,
1520 3638 1575 3685 et
1600 3631 1669 3685 ab
1697 3632 1776 3687 eis

179 3699 249 3754 ad
282 3698 687 3769 Hippocrenen,
730 3697 780 3751 id
822 3707 904 3753 est
945 3698 1264 3753 caballinum
1297 3700 1493 3755 fontem
1517 3701 1778 3757 deductus

178 3770 418 3898 3ιίεῇιᾶ
445 3769 635 3896 statim
658 3769 1143 3826 excellentissimus
1174 3779 1328 3840 poeta
1359 3771 1527 3826 factus
1550 3783 1652 3829 est.
1682 3790 1778 3828 un-

221 3858 255 3898 ε
284 3861 300 3898 ι
349 3857 381 3896 u
494 3858 541 3895 vi
585 3856 638 3895 .:

221 3858 255 3899 e
284 3842 418 3899 illud
445 3842 599 3896 Ovid.
624 3856 638 3895 :

312 3958 421 4010 Non
448 3956 559 4006 mihi
577 3964 691 4006 sunt
716 3958 832 4006 visae
857 3954 975 4014 Clio,
1002 3956 1196 4009 Cliusve
1218 3970 1413 4007 sorores

378 4020 604 4069 Scrvauti
628 4021 844 4082 pecudes
867 4020 1087 4082 vallibus,
1117 4022 1281 4080 Ascra,
1308 4022 1421 4071 tuis.
1472 4019 1625 4072 Rm.

262 4123 349 4192 (h)
392 4121 594 4193 Moyses
625 4120 969 4193 propheticus,
1003 4139 1103 4176 non
1132 4123 1355 4191 poeticus
1385 4132 1579 4193 pastor.
1613 4123 1783 4181 Moses

185 4204 246 4251 et
269 4188 536 4316 HOSiOOIlE
559 4188 889 4247 ambo‘fuere
915 4188 1172 4262 pastores:
1199 4193 1287 4248 ille
1314 4188 1674 4266 prepheticus,
1701 4199 1784 4254 hic

186 4275 456 4316 ποειιειιε.
539 4276 609 4316 IG.

263 4275 456 4320 8110115.
492 4275 609 4317 ιιισ.

186 4280 456 4336 poeticus.
492 4280 609 4317 me.

266 4335 342 4407 (c)
373 4329 515 4407 Certe
542 4348 750 4402 gratos.
779 4331 1181 4407 Siclegendum
1210 4333 1559 4391 arbitramur:
1600 4339 1700 4393 etsi
1732 4341 1782 4394 in

188 4404 565 4474 antiquissimo
603 4404 890 4471 exemplari
935 4404 1177 4473 legatur,
1230 4408 1457 4471 ceteris,
1511 4408 1561 4462 in
1607 4408 1783 4464 Ursini

190 4476 317 4533 cod.
361 4486 540 4528 certos.
572 4475 659 4527 Ait
687 4474 1045 4529 Tertullianus
1087 4475 1303 4530 Grmcos
1334 4477 1497 4533 fuisse
1539 4489 1785 4536 auctores

189 4548 277 4621 vel
307 4546 692 4621 illuminatores
719 4546 794 4621 [ei
817 4547 1133 4613 coronariae;
1157 4547 1298 4617 quod
1322 4548 1391 4602 ita
1414 4564 1533 4605 esse
1559 4564 1783 4621 sequeu.

193 4617 269 4673 tia
296 4615 685 4670 demonstrant.
718 4615 837 4670 Hic.

268 4687 353 4758 (d)
379 4684 504 4760 Post
523 4686 683 4760 dictos
710 4683 939 4760 Titanas.
966 4686 1023 4760 In
1047 4685 1196 4760 libris
1220 4689 1375 4744 editis
1393 4730 1409 4755 ,
1440 4700 1598 4760 atque
1626 4694 1788 4751 etiam

194 4757 250 4813 in
280 4756 674 4826 exemplaribus
693 4758 924 4826 antiquis
963 4758 1196 4825 additur,
1219 4761 1312 4814 hoc
1341 4756 1545 4815 munere
1572 4780 1602 4815 a
1633 4776 1780 4819 crete-

192 4831 269 4953 Iis
294 4829 619 4953 Iugwratum.
652 4826 803 4895 Quod
832 4829 901 4882 ab
948 4828 1275 4885 'l'ertulliauo
1319 4846 1438 4886 esse
1487 4848 1593 4889 non
1640 4836 1787 4891 vide-

224 4916 305 4953 ur.
393 4915 461 4953 to.

194 4909 305 4955 llll'.
338 4909 461 4954 HIC.

274 4972 355 5046 (ε)
385 4969 488 5046 ραι
523 4979 586 5046 ει
614 4967 803 5040 Priapo
828 4971 1026 5025 uenias.
1050 4971 1105 5026 In
1130 4971 1251 5027 cod.
1282 4972 1548 5043 Agobardi
1572 4974 1783 5046 legitur,

203 5041 493 5098 temianias.
522 5040 637 5094 Illa.

282 5111 350 5198 (Γ)
381 5111 621 5198 Ariadna:
645 5122 834 5198 sertum
881 5127 1097 5198 calamo
1124 5113 1395 5198 etﬁind‘icis
1417 5115 1646 5198 gemmis.
1673 5115 1788 5198 Hy-

196 5179 361 5254 ginus
378 5183 509 5258 ,_ul_ii
536 5182 604 5236 de
642 5179 881 5238 Corona:
917 5181 1041 5258 [hac
1061 5184 1377 5258 existimatur
1397 5179 1643 5258 Ariadnes
1664 5179 1790 5258 fuis-

198 5252 256 5308 se
290 5295 307 5316 ,
337 5269 370 5307 α
397 5252 575 5306 Libero
602 5262 742 5320 patre
767 5258 894 5304 inter
928 5254 1095 5306 sidera
1140 5254 1382 5308 collocata
1434 5254 1574 5311 Idem
1634 5252 1789 5316 paulo

201 5333 359 5395 post.
391 5322 591 5395 Dicitur
615 5323 767 5395 etiam
808 5340 841 5374 a
874 5320 1097 5395 Kulcano
1121 5325 1255 5395 facta
1282 5342 1344 5378 ex
1371 5342 1494 5379 auro
1523 5338 1569 5381 et
1597 5326 1791 5382 Iudicis

203 5389 435 5465 bonum}.
466 5389 1131 5469 Germat_iiCtts:_Coronani
1164 5392 1376 5451 Vulcani
1421 5413 1571 5467 opere
1599 5403 1790 5469 factam

203 5463 271 5519 ex
289 5472 480 5533 auro}!
504 5463 987 5533 gemmis'prctiosis.
1020 5464 1138 5520 Hic.

278 5535 359 5606 (ς)
411 5531 961 5611 Delphgne__drac_onc_.
1016 5536 1205 5611 Il_t_ijus_
1237 5536 1512 5611 scripturae
1566 5540 1786 5611 vestigia

205 5602 561 5681 apparentur)
602 5602 787 5681 codice
825 5602 1111 5674 Agobardi.
1165 5602 1485 5678 Helyc‘iius:
1526 5602 1731 5681 Δελφιςξ
1765 5618 1790 5666 ὁ

205 5684 252 5729 ἰν
274 5678 455 5744 διλγοῖς
474 5678 675 5745 δράκων.
696 5674 814 5732 RIG.

283 5746 367 5808 (It)
414 5746 658 5798 Lauream
686 5750 932 5802 induisse.
953 5748 1006 5803 lu
1037 5748 1349 5805 editionihus
1383 5758 1436 5803 et
1456 5751 1601 5806 libris
1632 5753 1791 5808 etiam

208 5832 343 5873 mss.
377 5817 645 5892 sequitur,
694 5832 793 5883 qua
822 5821 1115 5892 supplicem.
1152 5819 1315 5873 Erant
1366 5822 1493 5873 zuim
1542 5826 1795 5892 supplices

208 5893 428 5942 coronat.
463 5888 603 5955 apud
628 5899 828 5942 veteres.
859 5890 1049 5946 \‘crum
1074 5892 1185 5946 hinc
1212 5891 1522 5948 Tertulliani
1549 5888 1667 5948 esse
1690 5911 1794 5951 non

1877 3426 2040 3479 suisse
2064 3428 2221 3495 capiti
2247 3444 2338 3481 suo
2372 3443 2438 3481 ea:
2461 3426 2667 3481 hedera.
2692 3426 2823 3480 Item
2852 3444 2967 3493 cap.
2995 3426 3067 3480 24
3092 3444 3105 3480 :
3130 3425 3475 3479 Alexandrum

1878 3511 1994 3549 vero
2018 3496 2078 3548 ob
2121 3501 2383 3551 raritatem
2425 3498 2497 3550 ita
2544 3506 2784 3551 coronato
2831 3497 3053 3551 exercitu
3074 3536 3089 3559 ,
3134 3497 3370 3549 victorem
3414 3512 3476 3547 ex

1880 3563 2037 3619 India
2052 3567 2256 3620 rediisse
2279 3566 2511 3635 exemplo
2535 3565 2703 3621 Liberi
2732 3569 2911 3634 patris,
2941 3576 3045 3622 etc.
3076 3565 3252 3621 Ruunt.

1951 3635 2013 3705 (j)
2062 3637 2135 3710 4b
2159 3637 2335 3693 heluco
2365 3641 2650 3710 defensare.
2682 3637 2955 3708 Signiﬁcat
3005 3636 3232 3700 Itelucus,
3256 3644 3477 3710 auctore

1883 3705 2051 3781 Sexto
2084 3707 2355 3781 Pompeio,
2380 3705 2687 3781 languidum
2711 3705 2767 3764 et
2780 3707 3477 3781 semisomnum,_ethester-

1883 3794 1955 3833 no
1986 3778 2109 3832 vino
2127 3777 2497 3845 languentem,
2536 3784 2613 3836 sic
2636 3779 2836 3836 dictum
2864 3780 2929 3836 ab
2952 3780 3094 3833 hiatu
3129 3777 3239 3832 oris
3260 3788 3314 3833 ct
3337 3779 3478 3832 osci-

1887 3849 2109 3922 tatione,
2137 3853 2466 3919 Quamquam
2488 3852 2846 3906 Tertullianus
2872 3866 2970 3922 pru
3003 3850 3115 3922 ipsa
3139 3848 3315 3922 potius
3344 3848 3477 3904 all'e-

1885 3921 2062 3974 ctionc
2092 3923 2278 3987 capitis
2299 3923 2504 3977 videtur
2531 3937 2807 3992 usurpare,
2833 3920 2933 3990 qua
2956 3920 3218 3985 proclives
3248 3920 3299 3972 iu
3316 3934 3476 3992 βοτη--

1886 4005 2012 4044 num
2058 3992 2360 4055 rcddimur,
2410 4008 2566 4059 quam
2620 3990 2791 4047 Gricci
2838 3990 3467 4061 “praecipiattppellattt.

1890 4062 1964 4117 De
2008 4061 2219 4118 hedera:
2269 4064 2315 4117 vi
2358 4063 2597 4135 frigorifa
2646 4064 2811 4118 multa
2857 4060 2981 4117 sunt
3020 4060 3158 4185 αρῖἐι
3199 4072 3469 4116 auctores.

3146 4148 3269 4185 man.

3146 4148 3269 4186 “EN.

1960 4204 2041 4275 (It)
2095 4204 2156 4259 Si
2205 4214 2248 4258 et
2300 4206 2457 4260 leonis
2510 4204 2751 4276 Egyptii
2793 4205 2982 4276 scripta
3025 4203 3268 4256 revolvas.
3325 4201 3477 4276 Hunc

1890 4273 2125 4330 Lebnem
2176 4278 2503 4346 Augustinus
2528 4273 2598 4330 ex
2625 4273 2930 4346 Alexandro
2962 4288 3228 4346 magnum
3260 4273 3473 4346 antisti-

1891 4356 1997 4415 tem
2044 4358 2200 4402 vocat
2228 4342 2497 4403 sacrorum
2532 4345 2925 4415 IEgyptiorum,
2960 4344 3053 4397 lib.
3092 4343 3222 4409 VIII,
3262 4344 3322 4395 de
3360 4342 3471 4415 Civ.

1890 4414 1987 4470 Dei
2010 4459 2022 4478 ,
2070 4433 2189 4487 cap.
2233 4419 2265 4473 5
2292 4426 2346 4472 et
2367 4419 2457 4487 27:
2486 4414 2720 4487 Hyginus
2754 4415 2806 4468 in
2834 4415 3033 4487 Ariete,
3083 4430 3172 4487 res
3218 4414 3474 4487 regyplias

1890 4484 2297 4571 etinscripSisse
2319 4488 2412 4543 ait.
2441 4484 2585 4571 Idem
2616 4486 2854 4571 Hyginus
2886 4485 3080 4571 passim
3108 4484 3300 4565 fabulis
3326 4484 3440 4571 suis
3462 4524 3475 4544 .

1891 4567 1945 4613 et
1989 4554 2321 4620 Callimachi,
2376 4566 2431 4612 ct
2479 4554 2786 4611 Pherecidis
2810 4599 2824 4622 ,
2855 4564 2911 4611 et
2934 4556 3162 4610 aliorum
3208 4555 3296 4625 qui
3326 4554 3413 4608 hic
3441 4569 3472 4608 a

1812 4644 1867 4706 Ι)
1891 4645 1921 4685 a
1950 4628 2494 4706 Sc_ptitttio_citantur,
2525 4628 2907 4706 commeminit.

1996 4699 2033 4761 Ι)
2061 4697 2305 4753 Claudius
2332 4700 2661 4753 Saturninus.
2692 4697 2859 4767 Hujus
2884 4711 3048 4767 opera,
3072 4695 3215 4751 nulla
3237 4705 3470 4757 exstant,

1895 4766 1989 4825 sed
2031 4771 2193 4823 credo
2238 4770 2431 4824 librum
2485 4766 2795 4823 Tertulliani
2847 4769 2986 4821 hunc
3016 4766 3079 4821 de
3125 4768 3324 4821 Corona
3364 4768 3477 4821 mil.

1893 4854 2015 4897 esse
2044 4842 2201 4907 plane
2228 4840 2496 4907 epitomen
2526 4840 2666 4894 illius
2694 4839 2833 4893 libri.
2868 4836 2999 4893 an.

1965 4908 2065 4981 (m)
2101 4909 2220 4963 Non
2246 4912 2391 4980 quasi
2417 4910 2609 4981 aliquid
2645 4912 2710 4963 sit
2735 4909 2947 4981 idolum.
2989 4908 3077 4981 Ait
3120 4908 3479 4981 Tertullianus

1890 4979 2395 5035 idololatriam'esse
2426 4980 2758 5035 mendacium
2803 4979 3113 5043 divinitatis,
3146 4979 3285 5047 qttod
3311 4979 3418 5048 jam
3446 4994 3478 5032 a

1891 5051 2182 5121 primordio
2204 5050 2431 5105 mendax
2454 5051 2695 5105 diabolus
2721 5059 2971 5120 operatus
2996 5057 3098 5110 est,
3123 5051 3191 5104 ita
3216 5057 3271 5107 ut
3298 5049 3478 5116 pruri-

1890 5120 2029 5177 dcrit
2059 5122 2157 5176 sibi
2184 5137 2247 5176 ac
2272 5123 2615 5192 prospexerit
2644 5120 2888 5175 homines
2924 5124 2975 5174 in
3006 5121 3197 5191 quibus
3243 5121 3481 5192 idmcn-

1892 5192 2099 5247 dacium
2143 5189 2416 5261 ageretur.
2446 5192 2655 5246 Etenim
2697 5192 2767 5245 dii
2796 5189 3127 5261 gentiumex
3175 5189 3481 5261 hominibus

1892 5262 2041 5318 fuere
2060 5305 2075 5327 ,
2103 5260 2234 5333 ques
2264 5272 2450 5332 gentes
2470 5263 2574 5316 vita
2616 5260 2859 5325 functos,
2892 5262 2976 5333 vel
3004 5261 3247 5315 adulandi
3278 5260 3476 5325 Studia,

1893 5331 2130 5404 posteris
2143 5331 2328 5387 eorum
2353 5333 2486 5404 forte
2509 5332 2937 5404 petent_irbus._vel
2960 5331 3335 5404 beneﬁciorum
3359 5348 3476 5404 nic-

1895 5400 2084 5463 iuorta,
2121 5420 2214 5473 pru
2241 5404 2342 5456 diis
2371 5400 2624 5459 habuere.
2658 5402 2752 5456 Hic
2778 5400 2876 5455 fuit
2905 5402 3293 5456 vetustissimus
3338 5401 3479 5473 rel‘e-

1895 5475 2045 5529 reudi
2078 5471 2211 5528 bene
2242 5474 2568 5529 merentibus
2591 5472 2812 5542 gratiam
2841 5486 2977 5542 mos,
3005 5481 3059 5542 ut
3087 5473 3217 5526 tales
3241 5471 3475 5542 numini-

1890 5545 1991 5600 bus
2012 5545 2455 5601 adscriberentur.
2488 5541 2669 5612 Neque
2693 5541 2950 5612 aliterrdc.
2994 5541 3095 5595 diis
3122 5542 3220 5597 aevi
3253 5542 3331 5594 sui
3367 5541 3476 5612 Pli-

1894 5617 2013 5671 nius
2055 5616 2387 5683 opinabatur.
2436 5610 2606 5669 Ilosce
2645 5612 2802 5680 igitur
2855 5611 3133 5672 homines,
3193 5626 3344 5683 quos?
3375 5610 3477 5683 sibi

1896 5681 2167 5757 prospcsit
2212 5685 2501 5757 diabolus,
2527 5700 2593 5757 es
2630 5683 3024 5757 quibus__idola_,
3057 5681 3478 5757 seundivinitatis

1898 5752 2037 5812 furta
2078 5766 2236 5823 atque
2268 5756 2539 5811 mendacia
2571 5752 2778 5819 tierent,
2811 5752 3008 5807 diaboli
3039 5752 3348 5823 candidatos
3375 5766 3473 5804 vo-

1898 5840 1981 5883 cat
2006 5821 2382 5883 Tcrtulliauus.
2412 5827 2500 5893 qtti
2531 5841 2650 5879 cum
2676 5824 3003 5883 adviverent.
3028 5823 3135 5893 jam
3177 5821 3316 5877 idola
3336 5835 3478 5884 esse,

1898 5909 1952 5955 et
1977 5900 2076 5953 sibi
2099 5908 2297 5954 statuas
2325 5897 2447 5970 poni
2469 5908 2521 5952 et
2548 5895 2651 5951 coli
2672 5896 2951 5951 ambitiose
2971 5893 3354 5949 atl‘ectaverint.
3384 5896 3479 5947 At-
