4242 6492
769 412 838 469 87
2187 381 2646 463 TERTUILIANI
4004 400 4071 457 ss

774 528 996 591 idolum,
1025 526 1119 583 sed
1164 525 1415 598 quoniam
1444 538 1564 595 ane
1594 522 1750 579 idolis
1776 522 1865 577 alii
1894 521 2115 585 iaciunt,
2149 521 2214 575 ad
2244 520 2358 578 ἀπε·
2396 526 2438 581 Λ
2473 519 2660 575 lectilis
2682 529 2734 573 et
2754 518 3085 587 singulorum
3112 516 3447 572 vasculorum
3483 516 3716 587 aliquem
3739 530 3810 570 ex
3833 514 3936 569 diis
3965 530 4069 569 sa:-

773 636 961 677 tnones
986 622 1274 692 pertinent.
1310 620 1498 681 Porro,
1528 617 1573 672 si
1599 631 1719 687 quae
1747 615 1836 669 alii
1856 616 1930 687 (ο)
1956 615 2110 669 idolis
2134 613 2358 677 faciunt,

778 712 843 769 ad
874 713 1151 768 daemones
1180 710 1445 779 pertinent
1475 708 1517 776 (1
1551 707 1695 773 Con,
1718 706 1788 771 Χ,
1818 706 1932 773 20),
1968 715 2167 775 quanto
2196 705 2364 775 magis

780 805 920 877 quod
991 806 1106 874 ipsa
1175 803 1276 858 sibi
1346 801 1487 873 idola
1538 799 1780 854 fecerunt
1819 812 1939 851 cum
1986 795 2365 851 adviverent?

776 899 881 971 Ipsi
908 899 1110 953 scilicet
1136 897 1235 952 sibi
1260 901 1687 966 procuraverunt
1728 891 2002 945 daemones
2024 932 2036 949 .
2076 904 2171 956 per
2194 902 2291 942 eos
2314 886 2367 942 in

770 990 966 1062 quibus
985 987 1289 1045 esurierunt
1312 985 1390 1057 (I)
1413 994 1538 1040 ante
1562 982 1703 1054 quod
1728 987 2148 1049 procureverunt
2169 978 2247 1050 (ὁ)
2269 977 2366 1048 (ἓ).

1367 1075 1596 1132 CAPUT
1639 1072 1773 1129 VIII.

844 1174 997 1231 Tene
1052 1170 1264 1227 interim
1314 1168 1456 1223 hanc
1509 1166 1687 1230 Iidem,
1740 1165 1867 1220 dum
1912 1164 2183 1220 incursum
2225 1178 2372 1234 quas-

775 1264 1045 1336 stionis(c)
1068 1263 1303 1319 excutio.
1329 1261 1449 1316 Iam
1469 1261 1611 1315 enim
1634 1258 1795 1315 audio
1820 1260 1923 1313 dici
1952 1277 1964 1311 :
1992 1257 2057 1312 Et
2077 1258 2178 1313 alia
2202 1258 2367 1313 multa

777 1362 847 1417 ah
875 1362 953 1417 eis
985 1359 1212 1431 prolata,
1243 1371 1378 1428 quos
1421 1354 1677 1411 sreculum
1720 1353 1853 1409 deos
1900 1352 2158 1417 credidit;
2190 1362 2365 1406 tamen

776 1454 832 1508 in
864 1450 1062 1507 nostris
1084 1447 1246 1505 hodie
1276 1447 1480 1511 usibus,
1507 1455 1561 1502 et
1585 1448 1635 1500 in
1666 1446 2009 1514 pristinorum
2040 1453 2368 1509 sanctorum,

776 1550 834 1598 et
871 1540 924 1597 in
954 1539 1047 1596 Dei
1079 1538 1261 1603 rebus,
1294 1546 1350 1593 et
1374 1538 1425 1591 in
1454 1536 1572 1607 ipso
1612 1534 1829 1590 Christo
1869 1533 2219 1605 deprehendi,
2265 1550 2369 1588 non

776 1634 911 1691 alias
939 1634 1149 1690 scilicet
1209 1630 1485 1685 hominem
1516 1628 1718 1694 Iuncto,
1748 1642 1907 1697 quam
1936 1642 2031 1697 per
2064 1627 2369 1682 communia

777 1725 878 1779 ista
924 1725 1284 1779 instrumenta
1311 1720 1659 1776 exhibitionis
1700 1720 1945 1773 humanae
1972 1720 2075 1789 (ά).
2107 1718 2272 1773 Planc
2300 1720 2371 1773 ita

2467 614 2570 668 culi
2598 622 2867 670 auctorem
2898 614 3203 674 nominant,
3231 620 3524 679 agnoscant
3549 624 3771 665 necesse
3792 618 3876 663 cst
3898 618 3954 662 et
3983 623 4069 662 re-

2468 707 2806 761 cunthentem
2853 706 2904 760 in
2949 706 3141 760 lectulo
3189 704 3457 757 Christum
3487 703 3591 774 (e),
3620 713 3825 758 etcum
3876 701 4069 773 pelvim

2471 798 2855 867 discipulorum
2899 798 3124 869 pedibus
3151 796 3308 850 oll‘crt
3338 794 3542 864 (Joau..
3571 793 3708 856 XIII,
3740 794 3819 857 5),
3867 806 3921 847 et
3946 806 4067 847 cum

2473 906 2664 962 aquam
2692 906 2755 944 ex
2788 905 2948 946 urceo
2971 889 3184 959 ingerit,
3210 897 3408 943 etcum
3442 888 3606 942 linteo
3635 886 4066 953 circumstringi-

2476 994 2581 1044 tur.
2612 984 2826 1053 prepria
2856 981 3084 1038 Osiridis
3132 991 3282 1037 veste
3310 982 3398 1051 in.
3430 979 3742 1050 llnjusmodi
3788 980 4071 1048 qumstioni

2474 1076 2553 1131 sic
2579 1075 2775 1145 ubique
2800 1074 3102 1143 respondeo
3122 1116 3136 1138 ,
3180 1073 3471 1131 admittens
3497 1072 3712 1141 quidem
3761 1071 4070 1125 utensilium

2472 1170 2928 1233 communionem,
2957 1168 3050 1223 sed
3081 1182 3384 1237 provocans
3407 1165 3613 1221 eamad
3654 1165 3999 1221 rationalium
4022 1175 4074 1220 et

2472 1263 2857 1319 irrationalium
2872 1262 3288 1321 distinctionem.
3305 1260 3422 1330 quia
3441 1258 3719 1329 passivitas
3733 1256 3811 1329 (4)
3826 1258 3957 1310 fallit
3975 1258 4069 1327 (g),

2471 1353 2796 1409 obumbrans
2844 1354 3199 1423 corruptelam
3256 1350 3615 1413 conditionis,
3674 1363 3776 1417 qua
3835 1347 4071 1416 subjecta

2472 1455 2556 1501 est
2595 1445 2812 1499 vanitati
2846 1444 3059 1516 (Rom,
3092 1443 3227 1507 \‘III,
3257 1442 3388 1510 28).
3424 1442 3658 1496 Dicimus
3700 1442 3846 1494 enim
3876 1455 3942 1495 ea
3984 1439 4072 1495 dc-

2474 1552 2618 1591 rnum
2649 1546 2700 1591 et
2728 1536 2943 1596 nostris.
2988 1544 3045 1590 et
3070 1535 3406 1604 superiorum
3439 1532 3643 1594 usibus,
3676 1541 3729 1585 et
3759 1532 3852 1585 Dei
3884 1531 4063 1594 rebus,

2472 1638 2527 1683 et
2550 1630 2647 1698 ipsi
2677 1628 2888 1684 Christo
2916 1626 3239 1696 competisse
3260 1668 3275 1691 ,
3318 1640 3437 1694 qua:
3482 1637 3661 1678 meras
3691 1623 3982 1686 utilitates,
4022 1631 4073 1677 et

2473 1730 2619 1776 certa
2673 1720 2932 1783 subsidia,
2960 1729 3015 1774 et
3066 1718 3287 1773 liuncsta
3345 1716 3531 1771 solatia
3585 1715 3910 1769 necessariis
3932 1715 4075 1768 viue-

776 1816 868 1882 sit,
906 1830 1007 1870 nec
1045 1814 1319 1883 antiquius
1346 1811 1523 1867 adhuc
1553 1812 1603 1866 in
1632 1810 1867 1880 origines
1891 1809 2225 1882 disceptabo.
2257 1809 2373 1865 Pri-
2403 1840 2449 1899 Β
2478 1816 2722 1871 humanm
2744 1814 2825 1881 th)
2853 1821 3138 1882 procurant
3172 1830 3185 1866 :
3221 1820 3276 1865 ut
3302 1810 3369 1863 ab
3396 1811 3510 1880 ipso
3543 1809 3651 1863 Deo
3685 1808 3941 1876 inspirata
3965 1822 4076 1862 cre-

776 1919 897 1962 mus
924 1906 1107 1961 literas
1142 1904 1440 1961 Mercurius
1476 1902 2180 1966 enarravcrit;necessarias
2207 1901 2374 1956 conli-

779 1996 934 2051 tebor
961 2006 1012 2051 et
1037 1994 1378 2052 commerciis
1405 2009 1585 2051 rerum
1608 2003 1659 2048 ct
1685 1994 1882 2047 nostris
1911 2008 2035 2063 erga
2067 1993 2232 2048 Deum
2263 2002 2375 2048 stu-

783 2088 906 2145 diis.
928 2089 1035 2145 Sed
1058 2100 1113 2144 et
1134 2090 1176 2144 si
1206 2103 1399 2143 nervos
1423 2086 1563 2141 idem
1592 2088 1642 2139 in
1671 2101 1861 2141 sonum
1888 2086 2123 2153 strinxit,
2148 2102 2252 2141 non
2282 2103 2373 2141 ne-

779 2179 918 2248 gabo
946 2188 1000 2234 ct
1029 2178 1131 2234 hoc
1158 2179 1430 2248 Ingenium
1477 2191 1600 2231 cum
1649 2178 1848 2231 sanctis
1899 2176 2127 2243 fecisse,
2158 2188 2211 2232 et
2264 2177 2374 2232 Deo

780 2271 1151 2338 ministrasse,
1183 2270 1409 2326 audiens
1452 2268 1639 2324 David.
1671 2269 1882 2324 Primus
1920 2268 2158 2322 medelas
2183 2267 2372 2324 {Esca-

781 2363 959 2435 Iapius
984 2362 1383 2434 exploraverit;
1433 2361 1652 2417 memini
1679 2370 1733 2414 et
1763 2359 1951 2414 Isaiam
1995 2360 2237 2415 Ezechiae
2264 2360 2374 2415 lan-

777 2455 961 2526 guenti
988 2453 1187 2524 aliquid
1220 2451 1539 2509 mediciuale
1585 2449 1869 2505 mandasse
1911 2447 2011 2518 (Is.
2041 2490 2055 2514 ,
2088 2448 2375 2515 XXXVIII,

782 2545 903 2617 21).
936 2545 1050 2601 Scit
1092 2554 1148 2601 et
1189 2545 1387 2600 Paulus
1425 2542 1706 2599 stomacho
1735 2542 1914 2596 vinum
1947 2540 2213 2597 modicum
2257 2558 2381 2613 pro-

780 2636 939 2692 desse
966 2635 1023 2707 (I
1055 2633 1169 2689 Tim
1200 2674 1215 2699 ,
1244 2634 1311 2701 V,
1343 2633 1414 2690 25
1436 2634 1477 2706 ).
1505 2634 1610 2689 Sed
1639 2642 1693 2689 et
1722 2632 1957 2688 Minerva
1986 2633 2155 2702 prima
2196 2635 2375 2692 molita

780 2726 852 2781 sit
879 2740 1100 2788 navem;
1125 2724 1323 2780 videbo
1348 2723 1686 2795 navigantem
1712 2722 1901 2779 Ionam
1931 2723 2012 2794 (5)
2046 2721 2217 2794 (Ιοη.,
2248 2723 2289 2789 l,
2322 2726 2377 2793 5)

781 2827 835 2874 et
872 2818 1142 2888 apostolos
1174 2816 1350 2888 (Lua,
1379 2815 1517 2883 VIII,
1539 2815 1621 2885 2).
1654 2816 1780 2872 Plus
1820 2825 1903 2871 est
1949 2815 2103 2887 (Ach,
2133 2815 2273 2882 XIII,
2301 2819 2376 2885 4),

781 2910 925 2982 quod
966 2921 1021 2967 et
1064 2910 1308 2967 Christus
1336 2911 1595 2965 vestietur
1626 2927 1641 2965 :
1674 2909 1890 2963 habebit
1929 2909 2088 2964 etiam
2130 2910 2376 2978 penulam

791 3002 989 3061 Paulus
1020 3002 1088 3075 (ll
1133 3003 1295 3069 Tint.,
1322 3001 1414 3069 IV,
1444 3003 1557 3071 I3).
1590 3001 1647 3057 Si
1672 3010 1727 3056 et
1757 2999 2169 3071 uniuscujusque
2198 3004 2374 3073 supel-

2477 1907 2674 1961 dantur
2699 1906 2878 1975 priore
2902 1915 3267 1976 prospectore,
3298 1912 3350 1956 et
3380 1903 3732 1963 instructorc,
3763 1909 3817 1952 ct
3845 1898 4076 1953 oblecta-

2478 2007 2594 2053 tore
2614 2041 2628 2063 ,
2666 1996 2712 2051 si
2757 1997 2916 2059 forte,
2948 1996 3181 2050 hominis
3208 1994 3311 2049 sui.
3337 1994 3468 2060 Quae
3498 2007 3628 2047 vero
3671 1992 3813 2046 hunc
3835 1991 4075 2045 ordinem

2478 2093 2828 2154 excesserint,
2857 2106 2918 2146 ea
2951 2106 3057 2145 non
3102 2090 3391 2145 convenire
3437 2088 3621 2142 usibus
3670 2087 3892 2149 nostris,
3943 2101 4077 2156 pra:-

2475 2183 2661 2238 scrtim
2705 2199 2823 2251 qua:
2873 2193 3153 2252 propterea
3195 2180 3431 2245 scilicet,
3469 2193 3569 2232 nec
3606 2178 3743 2247 apud
3782 2178 4077 2240 saeculum,

2476 2291 2579 2331 nec
2607 2275 2660 2329 in
2693 2275 2783 2329 Dei
2812 2274 2993 2338 rebus,
3032 2288 3131 2329 nec
3157 2274 3209 2326 in
3237 2270 3735 2327 conversationihus
3760 2269 3966 2325 Christi
3993 2282 4078 2322 re-

2475 2366 2727 2439 cognosci
2753 2375 2854 2421 est.

3096 2456 3179 2513 CA
3192 2456 3325 2514 PU'I‘
3364 2455 3456 2510 IX.

2547 2550 2679 2619 Quis
2729 2549 2961 2620 denique
3008 2550 3366 2620 patriarches.
3428 2546 3549 2618 quis
3598 2546 3914 2616 prophetes,
3965 2542 4081 2613 quis

2476 2640 2690 2705 levites,
2736 2653 2830 2696 aut
2860 2642 3135 2705 sacerdos,
3188 2649 3280 2694 aut
3330 2641 3552 2700 archou,
3583 2639 3703 2707 quis
3747 2636 3828 2689 vel
3885 2646 4067 2704 postca

2484 2733 2780 2802 apostolus,
2812 2744 2901 2788 aut
2929 2733 3345 2803 evangelizator,
3376 2738 3469 2784 aut
3494 2728 3777 2799 episcopus
3804 2726 4079 2780 invenitur

2480 2825 2803 2880 coronatus?
2848 2824 2986 2878 Puto
3016 2839 3114 2877 nec
3162 2824 3335 2892 ipsum
3377 2821 3469 2875 Dei
3505 2818 3759 2889 templum
3782 2859 3796 2881 ,
3831 2833 3932 2872 nec
3963 2832 4080 2871 arca

2484 2913 2808 2977 testamenti,
2834 2930 2931 2968 nec
2951 2912 3354 2968 tabernaculum
3395 2910 3632 2981 martyrii
3656 2908 3745 2981 (i),
3774 2922 3873 2963 nec
3890 2907 4079 2974 altare,

2482 3022 2579 3062 nec
2604 3006 2983 3061 candelabrum
3028 3005 3119 3077 (III
3154 3006 3304 3076 lleg.,
3342 3003 3405 3058 VI
3436 3013 3491 3059 et
3529 3001 3661 3072 VIII)
3695 3021 3707 3058 :
3742 3002 3939 3072 quibus
3979 3002 4083 3056 uti-

2027 3115 2403 3179 LEC’I‘IONES
2427 3122 2837 3179 VARIANTES.

852 3238 923 3363 lii
940 3237 1623 3362 meammeam
1650 3304 1784 3349 pta...

2544 3244 2613 3306 (5)
2638 3242 2809 3306 Ionam
2831 3240 2995 3306 ueteri
3009 3253 3187 3306 omnes.

2542 3304 2613 3367 (ι)
2639 3304 2942 3356 Passibilitas
2965 3304 3117 3355 Rhea.

2160 3403 2722 3466 COMMENTARIUS.

789 3536 893 3593 que
906 3520 1021 3578 htec
1035 3521 1211 3578 omnia
1224 3518 1561 3593 Christianis,
1571 3519 1694 3593 “veri
1714 3518 1803 3593 Dei
1816 3519 2117 3593 cultoribus
2127 3563 2141 3585 ,
2165 3520 2365 3576 abhor-

788 3590 954 3649 renda
980 3608 1100 3649 esse
1124 3593 1218 3658 ait,
1238 3606 1341 3645 non
1368 3592 1515 3657 quasi
1534 3591 1731 3661 aliquid
1758 3591 1864 3646 sint
1886 3590 2020 3646 idola
2040 3592 2119 3645 vel
2142 3601 2364 3653 sudus);

789 3662 885 3719 sed
912 3664 1164 3731 quoniam
1188 3663 1362 3717 cultus
1387 3661 1477 3716 ille
1511 3676 1670 3731 quem
1698 3661 1941 3715 homines
1973 3661 2127 3716 idolis
2151 3664 2368 3716 Statuis-

794 3748 862 3789 νε
914 3730 1174 3796 tribuunt,
1225 3733 1289 3786 ad
1339 3731 1647 3794 daemones,
1696 3731 1921 3785 amulos
1960 3730 2089 3793 Dei.
2132 3733 2376 3799 pertinet.

790 3804 997 3860 Deinde
1036 3804 1219 3871 adjicit
1253 3820 1267 3854 :
1297 3800 1451 3868 Quod
1498 3804 1541 3856 si
1570 3816 1631 3855 ea
1674 3815 1794 3870 quae
1835 3800 2079 3857 homines
2106 3801 2260 3857 idolis
2307 3803 2384 3856 fa-

772 3876 962 3941 ciunt,
1014 3874 1079 3927 ad
1133 3874 1405 3928 daemones
1456 3873 1742 3941 pertinent,
1770 3881 1982 3944 quanto
2028 3874 2195 3943 magis
2240 3872 2382 3944 quod

796 3947 913 4019 ipsa
942 3940 1045 4001 sibi
1075 3944 1215 4000 idola
1257 3940 1498 4000 iecerunt
1519 3982 1535 4007 ,
1567 3956 1688 3997 cum
1719 3940 1893 3997 adhuc
1919 3940 2139 4069 essent];
2140 3944 2191 3998 in
2217 3940 2384 4000 vivis?

2136 4029 2206 4069 te.

2136 4029 2206 4071 IG.

866 4086 946 4159 (α)
980 4085 1145 4159 Porro
1191 4086 1236 4138 si
1282 4098 1394 4153 qua:
1437 4083 1547 4159 alii,
1575 4092 1679 4159 etc.
1719 4080 2103 4159 Videtur_e_s_se
2148 4099 2385 4159 sensus:

796 4152 967 4215 Porro
991 4158 1035 4209 si
1065 4172 1125 4211 ea
1158 4170 1279 4223 qum
1314 4152 1803 4224 gentileslaciunt,
1838 4153 1891 4205 in
1922 4152 2078 4209 idolis
2104 4157 2235 4217 suis.
2268 4158 2380 4222 alii,

797 4236 922 4296 puta
950 4222 1217 4282 Mercurio
1236 4222 1506 4279 vel'lovis.
1537 4222 1797 4293 Loquitur
1816 4232 1992 4278 autem
2016 4223 2085 4280 de
2108 4226 2383 4282 sacriliciis

796 4307 849 4353 et
875 4297 1258 4351 immolatione.
1296 4296 1475 4350 linsu.

870 4368 953 4435 (b)
985 4366 1011 4419 Ι
1018 4368 1096 4435 psi
1132 4367 1319 4421 scilicet
1345 4366 1439 4420 sibi
1462 4373 1855 4434 procuraverant
1876 4365 2154 4434 tltemones,
2188 4385 2277 4436 per
2299 4385 2383 4425 eos

798 4438 854 4491 in
883 4437 1062 4505 quibus
1080 4438 1361 4491 csurierunt
1390 4447 1508 4507 ante
1530 4436 1665 4507 quad
1698 4447 2112 4507 procuraverant.
2147 4440 2232 4493 Ait
2274 4440 2383 4495 da:-

796 4522 985 4563 mouas
1026 4520 1339 4575 procurasse
1372 4506 1471 4560 sibi
1513 4505 1672 4572 idola,
1700 4505 1768 4561 et
1793 4515 2013 4570 statuas,
2041 4518 2095 4562 et
2124 4508 2296 4571 thura,
2329 4520 2383 4565 et

2541 3525 2694 3582 CAP.
2717 3524 3005 3595 VIIl.—(c)
3026 3524 3296 3580 lncursum
3312 3520 3621 3594 quaestionis.
3640 3519 3925 3591 Impetum.
3960 3518 4079 3576 Ilic-

2554 3618 2632 3689 (d)
2678 3619 3013 3673 Exhibitiouis
3057 3619 3310 3689 humanis.
3358 3614 3472 3669 IIoc
3507 3621 3599 3689 est
3638 3612 3774 3689 vitae.
3808 3611 4077 3689 humanae.

2485 3682 2942 3757 Quemadmodum
2974 3698 3027 3742 ct
3051 3688 3187 3758 juris
3214 3695 3461 3758 auctores
3490 3683 3694 3758 dicunt,
3732 3682 3904 3758 Un_era
3936 3684 4078 3737 achi-

2487 3752 2661 3814 beudat
2683 3762 2876 3822 uxoris,
2905 3770 2956 3814 et
2986 3752 3217 3829 parentes
3241 3775 3274 3810 a
3301 3756 3420 3824 [iliis
3445 3753 3770 3809 exhibendas.
3800 3752 3925 3809 th.

2561 3852 2637 3920 (e)
2669 3850 3051 3905 Recumbeutem
3080 3850 3131 3902 in
3161 3848 3342 3902 lectulo
3368 3845 3645 3920 Christum.
3663 3842 4080 3920 _Trat_:tat_‘hnnc

2488 3914 2664 3977 locum
2684 3921 3001 3976 Sirmondus
3040 3929 3220 3974 noster
3247 3920 3297 3972 in
3323 3932 3410 3986 ep.
3439 3918 3493 3979 2,
3524 3916 3616 3986 lib.
3663 3914 3681 3967 1
3723 3914 3955 3979 Sidonii,
3982 3918 4081 3968 ait-

2489 4008 2595 4063 que
2636 3992 2791 4063 ideor,
2824 3993 2945 4061 quia
2984 3990 3225 4045 Christus
3253 3985 3946 4063 recubuit._.loannent_qui
3995 4001 4084 4063 per

2492 4056 2702 4118 :etatem
2744 4056 2968 4117 fortasse
3012 4062 3228 4116 ultimus
3265 4068 3409 4121 erat,
3435 4056 3628 4112 Christi
3676 4058 3986 4125 proximum
4032 4058 4081 4109 in

2491 4136 2606 4204 ejus
2634 4138 2752 4189 sinu
2778 4133 3106 4204 accubuisse.
3135 4131 3342 4204 Etenim
3372 4131 3449 4184 sic
3485 4128 3739 4204 disposita
3769 4137 4007 4204 erat_res
4031 4129 4081 4182 in

2487 4197 2736 4267 siihadio,
2770 4216 2826 4257 ut
2852 4203 3067 4258 Christo
3095 4203 3296 4271 primus
3316 4201 3462 4254 locus
3488 4197 3952 4271 daretur,_deinde
3980 4213 4078 4253 c.13-

2490 4277 2586 4330 teri
2636 4275 3043 4338 accuntherent,
3075 4267 3129 4328 et
3158 4272 3344 4329 ultimo
3373 4271 3492 4325 loco
3534 4278 3679 4323 esset
3716 4267 3992 4332 Joannes,
4022 4283 4082 4323 ac

2488 4357 2766 4417 propterea
2816 4344 2870 4417 in
2913 4346 3032 4399 sinu
3059 4343 3254 4398 Christi
3297 4342 3682 4417 acquiesceret,
3725 4340 3793 4417 ita
3837 4338 4082 4417 videlicet

2487 4410 3043 4492 erat_rmna_Cht~isti_,
3088 4430 3199 4492 non
3236 4422 3293 4467 ut
3330 4427 3469 4492 nunc
3505 4412 3687 4492 volunt
3737 4412 3992 4492 pictores,
4029 4410 4079 4463 in

2488 4489 2662 4543 medio
2679 4487 2942 4549 Christus,
2968 4485 3287 4555 stipantibus
3315 4480 4077 4555 Apostolishincindelatera;

797 4550 1041 4632 nidorem
1072 4575 1478 4639 sacriﬁciorum,
1508 4590 1602 4645 per
1629 4550 1720 4631 eos
1757 4551 2013 4633 homines,
2036 4550 2373 4645 audiui}?

2485 4558 2577 4645 sed
2613 4574 2737 4645 vere
2764 4559 2814 4612 in
2844 4550 3244 4645 dextrog'cornu,
3275 4563 3329 4609 et
3356 4550 3766 4645 circumdabant
3788 4550 4001 4620 reliqui,
4029 4562 4081 4605 et

798 4648 918 4728 huc
947 4648 1088 4728 inter
1118 4646 1382 4728 mortales
1414 4648 1680 4728 agentium
1727 4648 1920 4728 animis
1951 4649 2019 4728 ita
2053 4650 2372 4728 insederant,

799 4728 858 4775 ut
886 4719 950 4773 iis
974 4727 1029 4772 et
1054 4732 1151 4787 per
1169 4732 1262 4771 cos
1286 4716 1385 4787 ipsi
1414 4716 1614 4780 vivere,
1644 4725 1803 4785 atque
1830 4719 1966 4772 inter
1989 4719 2231 4775 homines
2257 4735 2378 4777 esse

800 4786 1127 4844 viderentUr.
1161 4788 1340 4856 Itaque
1364 4786 1474 4855 jam
1505 4798 1628 4841 ante
1662 4788 1758 4858 ipsi
1787 4788 2057 4846 dtemones
2103 4792 2154 4845 in
2183 4791 2246 4845 iis
2275 4790 2376 4846 ho-

800 4860 1033 4913 minibus
1059 4859 1377 4921 esurierant,
1406 4866 1462 4912 et
1480 4859 1813 4928 appetierant
1838 4873 2050 4914 omnem
2082 4861 2228 4915 illum
2259 4861 2376 4915 ido-

797 4929 1023 5001 Iolatriar.
1047 4928 1686 5001 apparatum._ljlsuriendi
1719 4928 1937 4984 verbum
1983 4929 2069 4985 hic
2097 4940 2379 5001 usurpatur

794 5014 900 5070 pro,
922 4996 1266 5070 vehementis
1286 4996 1535 5070 desiderii
1565 5000 1757 5054 ardore
1794 5016 1807 5052 :
1855 4996 2296 5068 quemadmodum
2325 5014 2380 5058 et

800 5066 852 5125 in
882 5069 1189 5141 Scorpiaco,
1221 5068 1311 5124 ubi
1348 5066 1418 5123 de
1446 5071 1641 5124 sanctis
1670 5071 1781 5141 qui,
1798 5066 1907 5141 jam
1938 5071 1990 5125 in
2019 5086 2232 5129 carcere
2261 5083 2373 5128 tor-

798 5148 980 5195 menta
1026 5139 1268 5213 quaedam
1312 5146 1475 5213 erant
1512 5141 1671 5213 passi_
1689 5139 1707 5194 ἐ
1756 5139 2056 5213 Degustata,
2080 5145 2267 5213 inquit,
2322 5147 2373 5197 iu

797 5227 998 5266 carcere
1047 5209 1293 5280 martyrio
1341 5210 1587 5280 esuriunt.
1638 5209 1758 5267 th.
1791 5209 1860 5253 —'
1891 5212 2002 5280 Ipsi
2052 5209 2376 5280 scilicet'sibi

798 5275 1200 5349 procurem-uni
1240 5280 1393 5351 diem.
1447 5278 1536 5335 Sic
1588 5282 1699 5351 ipse
1742 5281 1835 5338 lib.
1904 5275 1967 5335 de
2020 5275 2333 5348 Spectaculis
2358 5327 2372 5349 ,

795 5365 943 5472 λιες..
968 5351 1058 5415 95,
1118 5352 1190 5404 ait
1222 5368 1235 5405 :
1270 5348 1541 5405 Dtemonas
1583 5348 1647 5434 (ᾧ
1702 5353 1844 5406 initio
1902 5356 2259 5423 prospicientes
2300 5348 2371 5409 st?

830 5438 868 5472 I.
926 5431 1057 5472 mter
1121 5430 1300 5472 caetera
1360 5420 1665 5472 idololatriae
1694 5464 1707 5472 .
1760 5424 1907 5472 etiam
1973 5425 2371 5472 spectaculorum

830 5420 887 5485 i,’
925 5421 1057 5494 inter
1121 5430 1300 5475 caetera
1328 5420 1665 5494 “idololatriae
1694 5464 1707 5485 ,
1760 5420 1910 5476 etiam
1973 5420 2375 5494 spectaculorum

795 5491 1204 5562 inquinamenta,
1254 5491 1432 5562 quibus
1503 5494 1753 5546 hominem
1813 5512 1843 5545 a
1908 5491 2012 5549 Deo
2062 5506 2327 5550 avocarent
2359 5538 2375 5562 ,

796 5572 991 5636 animo
1046 5560 1224 5636 liquori
1270 5560 1578 5631 obligarent,
1623 5565 1959 5636 prospexisse.
2020 5566 2140 5621 th.
2169 5596 2241 5609 σ-
2269 5560 2382 5636 Ipsi

795 5630 986 5684 scilicet
1040 5631 1135 5684 sibi
1183 5630 1576 5700 procuraverunt
1615 5630 1890 5691 dwaiones.
1924 5635 2217 5691 Procurare
2260 5630 2379 5691 cum

795 5701 996 5765 dativo,
1050 5710 1107 5754 ut
1158 5700 1251 5757 lib.
1309 5702 1478 5757 ladv.
1552 5701 1887 5758 Marcionem.
1946 5706 2238 5762 )Emulatio
2288 5723 2383 5761 au-

795 5770 1204 5898 rt:;:nill‘ihelt;ando
1234 5771 1434 5830 homini
1475 5782 1744 5847 procurat,
1771 5786 1824 5831 et
1849 5778 2031 5833 multis
2054 5778 2175 5834 aliis
2203 5780 2255 5835 in
2298 5778 2379 5835 lo-

842 5857 887 5898 s.
963 5858 1032 5897 ne
1074 5880 1087 5897 .

787 5856 887 5899 CIS.
917 5856 1087 5898 “BEN.

2484 4628 2765 4684 claudebat
2792 4643 2981 4696 agmen
3014 4627 3139 4680 illud
3166 4640 3375 4696 sacrum
3402 4623 3654 4686 Joannes,
3679 4621 3768 4693 qui
3795 4632 4077 4692 propterea

2486 4698 2729 4755 recubuit
2753 4698 2817 4752 ad
2835 4695 2981 4752 latus
3010 4696 3230 4751 Christi.
3264 4695 3396 4750 ιω.

2554 4793 2620 4865 (Γ)
2654 4790 2872 4865 Propria
2903 4792 3121 4865 Osiridis
3146 4800 3297 4865 veste.
3325 4792 3526 4843 Auctor
3551 4795 3633 4842 est
3648 4785 3960 4865 Ilerodotus
3984 4801 4048 4841 ne
4066 4816 4080 4827 -

2484 4857 2720 4934 fas'a'pud
2742 4857 3023 4934 Egyptios
3052 4862 3215 4934 fuisse
3244 4863 3422 4934 laneas
3447 4867 3619 4934 ve_stes
3648 4859 3697 4911 in
3721 4857 3868 4911 a‘des
3895 4871 4076 4912 sacras

2484 4930 2701 4998 inferre,
2731 4930 2955 5004 proinde
2980 4932 3134 4986 lineis
3162 4932 3465 4986 utebantur.
3498 4930 3671 4983 Ilum.

2554 5028 2633 5098 (ε)
2664 5026 2794 5093 Quia
2824 5027 3089 5096 passivitas
3127 5025 3283 5095 fallit.
3317 5023 3625 5089 Passivitas,
3658 5020 3713 5145 ilt‘I
3732 5029 3835 5086 est,
3868 5021 4074 5091 vulgus.

3718 5109 3787 5145 to.

3718 5109 3787 5147 I6.

2549 5189 2631 5262 th)
2662 5187 2973 5243 Necessariis
3000 5189 3115 5242 vine
3154 5187 3297 5241 Imm.
3332 5185 3441 5240 lloc
3478 5194 3594 5247 est,
3647 5183 4072 5307 necfssitatibus.

3769 5269 3844 5307 ιο.

3769 5269 3844 5309 IG.

2550 5352 2702 5408 CAP.
2740 5350 2974 5421 IX.—(i)
3007 5351 3413 5407 Tubernaculum
3436 5350 3684 5421 martyrii.
3718 5346 3787 5402 Ut
3806 5347 3857 5401 in
3892 5346 4074 5421 Veteri

2482 5423 2823 5478 Testamento
2845 5417 3132 5479 testimonii
3165 5417 3586 5487 tabernaculum,
3636 5421 3703 5473 ita
3735 5429 3790 5472 et
3820 5421 3869 5471 in
3891 5417 4071 5479 Novo;

2490 5495 2846 5566 testimonium
2876 5496 3069 5566 quippe
3096 5504 3175 5548 est
3222 5501 3482 5564 μαρτύριον
3534 5489 3889 5559 (septuaginta
3931 5490 4072 5566 int.).

2488 5565 2589 5619 Pro
2612 5560 2905 5635 martyrum
2937 5560 3174 5619 basilicis
3194 5560 3255 5635 ea
3280 5560 3506 5635 quoque,
3525 5577 3625 5614 vox
3661 5569 3972 5626 usurpatur,
3998 5560 4073 5612 sic

2485 5645 2665 5690 coacta
2698 5634 2797 5689 fuit
2824 5636 3059 5705 synodus
3087 5634 3542 5689 Chalcedonensis
3571 5641 3696 5705 tuo
3720 5642 3970 5705 μιξρτυριῲ
3990 5645 4073 5689 τίς

2486 5712 2624 5773 ἁγίας
2646 5710 2728 5759 nisi
2748 5702 3016 5760 καλῖινῖχου
3042 5714 3276 5778 pcipi-ops;
3299 5710 3568 5778 Εὗρτνιμζιιις2
3586 5704 3637 5755 in
3658 5702 4073 5778 (trisulca-saltat!

2486 5770 2537 5830 et
2562 5779 2759 5831 invicta:
2788 5780 3025 5847 martyris
3042 5770 3378 5847 Euphemus,
3396 5770 3452 5829 ut
3484 5774 3707 5829 habetur
3731 5781 3834 5827 act.
3861 5772 3895 5825 4
3923 5770 4064 5839 ejus»

2486 5847 2606 5904 dem
2634 5864 2751 5920 syn.
2776 5847 2853 5902 Le
2870 5848 2964 5903 Ρη.
