4242 6492
195 439 267 498 89
1512 419 1716 479 LIBER
1761 420 1846 476 DF.
1885 414 2181 473 CORONA.
3427 396 3498 455 90

197 575 305 629 que
351 568 405 613 et
448 556 501 610 in
550 553 719 625 prima
748 548 1101 608 dedicationis
1129 545 1491 606 solemnitate.
1525 554 1581 600 et
1624 544 1677 597 in
1704 555 1789 596 se-
1816 542 1867 602 Α
1896 535 2023 591 ritas
2068 541 2244 589 cessat
2287 528 2492 593 utendi,
2546 534 2793 583 cessante
2839 533 3027 581 natura
3058 518 3362 585 sentiendi;
3390 532 3497 590 qua

205 648 379 705 cunda
427 643 786 702 restitutionis
820 642 900 712 (1)
942 637 1298 711 gratulatione
1336 636 1679 703 competisset
1708 648 1800 690 co-

200 741 401 799 ronari.
434 740 476 793 si
509 737 729 806 dignum
763 735 873 790 Deo
918 742 1062 789 esset
1087 731 1133 800 (I
1168 730 1345 793 Esdr.,
1372 729 1439 795 V,
1474 730 1533 784 II
1564 747 1578 795 ;
1612 727 1797 794 lCor.,

203 832 301 903 Χ).
327 831 545 900 Atquin,
574 830 617 882 si
648 830 827 898 ﬁgura:
852 836 1047 882 nostra
1062 825 1275 881 fuerunt
1300 824 1422 892 (nos
1445 823 1587 877 enim
1614 835 1803 876 sumus

200 936 257 981 et
308 924 504 993 templa
541 923 659 987 Dei,
712 932 766 976 et
815 920 1022 985 altaria,
1055 928 1108 974 et
1159 917 1461 978 luminaria,
1514 925 1572 972 et
1624 913 1799 980 rasa),

206 1016 314 1070 hoc
341 1028 552 1085 quoque
582 1012 804 1082 figurate
848 1010 1266 1081 portendebant,
1298 1008 1542 1063 homines
1574 1006 1663 1062 Dei
1704 1021 1801 1059 co-

205 1107 390 1163 ronari
443 1119 548 1160 non
602 1112 878 1172 oportere.
934 1101 1157 1171 Imagini
1214 1100 1415 1154 veritas
1472 1096 1803 1167 respondere

207 1197 452 1253 debebit.
484 1194 539 1251 Si
576 1193 797 1250 forsitan
822 1195 1049 1265 opponis
1081 1193 1250 1260 ipsum
1279 1188 1552 1245 Christum
1579 1202 1805 1243 corona-

204 1299 341 1350 tum,
368 1286 434 1340 ad
468 1285 569 1339 hoc
598 1285 836 1339 breviter
867 1283 1082 1337 interim
1112 1281 1299 1335 audies
1328 1296 1340 1333 :
1374 1279 1463 1335 Sic
1486 1290 1539 1335 et
1567 1288 1621 1334 tu
1645 1293 1804 1335 coro-

203 1393 360 1440 nare,
393 1376 595 1429 licitum
643 1384 746 1428 est.
780 1373 983 1427 Tamen
1033 1386 1133 1426 nec
1178 1372 1320 1425 illam
1350 1370 1638 1440 impietatis
1666 1384 1803 1423 con-

204 1468 507 1523 lumeliosm
547 1480 805 1520 coronam
859 1463 1088 1535 populus
1118 1462 1379 1517 conscivit
1406 1463 1509 1532 (a).
1546 1461 1809 1515 Romano-

204 1577 328 1617 rum
379 1559 606 1614 militum
636 1566 998 1613 cotttmentum
1034 1555 1151 1621 fttit,
1177 1570 1243 1609 ex
1278 1568 1376 1608 usu
1407 1553 1482 1608 rei
1513 1553 1805 1614 surcularis,

202 1668 367 1727 quem
398 1651 631 1721 populus
668 1650 763 1704 Dei
795 1664 891 1703 nec
921 1647 1146 1717 pllItIICtB
1178 1661 1426 1715 umquam
1458 1645 1676 1712 laetitia),
1711 1658 1809 1699 nec

204 1745 461 1815 ingenita:
518 1743 743 1797 luxuriae
802 1741 1019 1794 nomine
1092 1738 1338 1801 admisit;
1399 1736 1607 1792 facilius
1685 1752 1805 1791 cum

206 1838 481 1910 tympanis
505 1846 559 1891 ct
584 1835 727 1889 tibiis
747 1844 801 1890 et
824 1833 1093 1904 psalteriis
1113 1843 1391 1887 revertens
1410 1831 1477 1887 de
1497 1830 1807 1901 captivitate

1907 628 2022 681 vult
2064 626 2185 697 quis
2221 624 2493 688 abutatur,
2548 634 2672 675 cum
2725 633 2831 675 non
2882 616 3077 671 habeat
3129 628 3231 683 qua
3283 608 3498 666 utatur?

1903 720 2069 776 Nobis
2100 729 2279 773 autem
2307 716 2451 771 abuti
2483 713 2622 785 apttd
2645 712 2947 784 apostolum
2975 725 3082 765 non
3110 708 3263 775 licet,
3288 704 3498 761 facilius

1913 829 2018 869 non
2048 813 2123 868 uti
2149 813 2451 874 docentem,
2486 809 2587 863 nisi
2628 806 2768 881 quod
2794 820 2894 861 nec
2923 804 3219 859 abutuntur
3247 800 3336 871 qui
3368 796 3503 853 nihil

1905 908 2168 963 sentiunt.
2196 904 2302 961 Sed
2330 912 2484 958 vacat
2508 910 2674 956 totum
2695 943 2709 966 ,
2740 910 2795 956 et
2822 907 2906 954 cst
2930 898 3102 968 ipsum
3126 907 3340 967 quoque
3365 903 3504 962 opus

1908 1009 2199 1064 mortuum,
2228 1005 2487 1068 quantum
2516 994 2568 1048 in
2598 991 2786 1057 idolis;
2835 990 3013 1043 vivum
3045 986 3203 1057 plane
3244 989 3502 1054 quantum

1909 1095 1961 1149 in
1983 1091 2287 1155 daemoniis,
2306 1088 2371 1144 ad
2398 1103 2518 1159 quae
2541 1085 2770 1155 pertinet
2789 1080 3123 1153 superstitio.
3151 1075 3303 1131 ldota
3333 1073 3507 1129 natio-

1906 1205 2049 1250 num,
2083 1186 2254 1257 inquit
2280 1182 2443 1238 David
2474 1182 2584 1246 (Ps.
2608 1178 2795 1241 CXIII,
2812 1178 2894 1248 4).
2919 1183 3181 1247 argentum
3207 1181 3254 1225 et
3280 1183 3462 1222 aurum
3485 1180 3507 1222 :

1908 1280 2083 1337 oculos
2102 1279 2307 1341 habent,
2326 1292 2416 1331 nec
2443 1274 2633 1338 vident,
2667 1287 2834 1337 nares,
2857 1285 2947 1325 nec
2974 1267 3275 1327 odorantur,
3297 1274 3501 1324 manus,

1910 1388 2004 1426 nec
2034 1379 2363 1426 contrectant.
2396 1368 2498 1422 Per
2523 1365 2638 1420 htec
2666 1363 2807 1419 enim
2836 1359 3060 1416 ﬂoribus
3089 1357 3190 1412 frui
3217 1362 3325 1409 est.
3352 1347 3508 1418 Quod

1914 1466 1959 1520 si
1995 1464 2131 1519 tales
2164 1461 2326 1518 edicit
2358 1460 2566 1515 futuros
2588 1456 2674 1526 qui
2706 1453 2848 1509 idola
2869 1451 3215 1512 fabricantur,
3247 1444 3381 1500 tales
3396 1441 3507 1512 jam

1913 1567 2039 1614 sunt
2068 1556 2165 1627 qui
2197 1553 2494 1611 secundum
2524 1549 2789 1605 idolorum
2830 1550 3077 1599 ornatum
3104 1536 3232 1610 quid
3264 1540 3507 1590 utuntur.

1914 1624 2107 1706 Omnia
2137 1644 2333 1701 mttnda
2363 1641 2575 1699 mundis
2600 1638 2726 1711 (Tit.
2750 1637 2789 1700 I,
2815 1636 2932 1703 15),
2951 1634 3021 1689 ita
3042 1639 3098 1688 et
3113 1624 3384 1684 immunda
3401 1636 3512 1678 om-

1913 1744 1996 1798 nia
2012 1738 2328 1795 immundis:
2352 1735 2485 1791 nihil
2505 1742 2682 1789 autem
2698 1728 3022 1785 immunditts
3043 1724 3220 1781 idolis.
3238 1721 3510 1778 Caeterum

1912 1833 2237 1891 substantiae
2272 1828 2507 1892 mundae,
2541 1834 2597 1883 ut
2628 1822 2720 1877 Dei
2749 1836 2856 1885 res,
2884 1830 2937 1874 et
2966 1818 3065 1873 hac
3089 1832 3182 1872 sua
3204 1811 3513 1871 conditione

208 1906 541 1999 Babyloniae,
570 1942 729 1995 quam
762 1941 883 1981 cum
915 1925 1131 1979 coronis
1160 1922 1201 1994 (ι
1229 1922 1409 1986 Εεάν..
1443 1922 1486 1977 ιι
1514 1933 1569 1978 et
1596 1922 1685 1993 Ill)
1714 1940 1727 1975 ;
1752 1933 1807 1978 et

1913 1922 2367 1983 eomntuues'usui
2382 1940 2396 1977 :
2411 1919 2503 1975 sed
2519 1918 2686 1987 ipsius
2700 1928 2828 1967 usus
2849 1907 3245 1966 administratio
3266 1906 3509 1961 interest.

201 2034 328 2093 post
352 2023 528 2076 cibum
557 2030 613 2074 et
666 2029 846 2088 potum
892 2031 1187 2087 exsurgens
1235 2016 1302 2071 ad
1355 2015 1643 2071 ludendum
1689 2017 1807 2071 sine

200 2117 421 2172 coronis
446 2114 665 2183 (Exod.,
685 2113 903 2182 XXIII).
928 2112 1059 2165 Nam
1077 2125 1246 2180 neque
1270 2110 1470 2165 Itetitiae
1489 2109 1802 2179 descriptio,

202 2225 383 2279 neque
442 2209 662 2264 luxuria:
712 2207 987 2262 denotatio
1056 2204 1124 2260 de
1179 2218 1393 2258 coronae
1456 2202 1652 2257 decore
1716 2213 1807 2257 aut

204 2301 477 2356 dedecore
508 2305 777 2353 tacuisset.
806 2298 953 2353 Adeo
976 2308 1029 2352 et
1057 2296 1258 2363 Isaias(
1286 2292 1476 2349 XXIV.
1510 2293 1583 2363 9)
1618 2311 1630 2347 :
1669 2293 1808 2361 Quo-

201 2396 369 2459 niam,
401 2393 571 2461 inquit
595 2434 608 2453 ,
639 2406 752 2444 cum
779 2390 1034 2460 tympanis
1056 2399 1103 2441 et
1130 2388 1263 2441 tibiis
1291 2398 1337 2440 et
1360 2386 1609 2454 psalterit‘s
1634 2385 1806 2441 bibunt

201 2487 372 2538 uinum
404 2500 421 2537 :
451 2485 690 2538 dicturus
711 2492 852 2537 eSset
879 2480 1039 2534 etiam
1063 2495 1177 2532 cum
1204 2478 1427 2543 coronis,
1460 2477 1506 2531 si
1548 2492 1798 2547 umquam

202 2579 292 2633 hic
321 2592 449 2633 usus
478 2576 664 2632 fuisset
696 2576 747 2631 in
777 2576 867 2629 Dei
899 2573 1080 2627 rebus.

833 2663 1060 2719 C.\PUT
1087 2662 1157 2717 X.

278 2761 354 2814 Ita
386 2775 508 2816 cum
533 2757 733 2814 idcirco
755 2756 1010 2827 proponis
1036 2754 1258 2809 deorum
1282 2751 1619 2808 ssccularium
1639 2767 1799 2808 orna-

206 2862 392 2906 menta
424 2852 585 2906 etiam
630 2848 769 2918 apud
825 2848 987 2901 Deum
1020 2845 1364 2917 deprehendi,
1414 2854 1471 2900 ttt
1523 2846 1661 2902 inter
1691 2847 1805 2903 lucc

204 2959 468 2999 coronam
500 2956 715 3012 quoque
734 2939 926 3008 capitis
952 2939 1222 2993 communi
1254 2937 1657 3002 usuivittdices;
1691 2939 1806 3006 ipse

203 3035 302 3088 tibi
338 3034 448 3103 jam
481 3032 782 3103 praescribis
810 3046 914 3085 non
945 3030 1246 3084 habendum
1280 3031 1331 3085 in
1370 3030 1803 3085 commuttionem

202 3142 335 3185 usus
359 3126 458 3199 (9.),
482 3124 623 3196 quod
648 3141 752 3180 non
779 3124 1081 3179 inveniatur
1106 3125 1157 3178 in
1181 3124 1271 3177 Dei
1296 3122 1477 3178 rebus.
1501 3120 1638 3189 Quid
1661 3122 1805 3176 enim

204 3233 312 3275 tam
371 3220 646 3289 indignum
695 3218 807 3273 Deo
834 3216 938 3288 (ὑ),
969 3232 1127 3287 quam
1178 3215 1320 3287 quod
1362 3215 1578 3286 dignum
1621 3213 1809 3269 idolo?

1911 2018 2042 2075 Nam
2088 2027 2143 2073 et
2187 2030 2289 2086 ego
2349 2012 2480 2067 mihi
2519 2007 2878 2081 gallinaceum
2932 2009 3132 2065 macto,
3184 2013 3294 2053 non
3331 1996 3511 2051 minus

1910 2128 2069 2185 quam
2099 2107 2414 2177 IEsculapio
2438 2103 2692 2161 Socrates
2720 2098 2801 2168 (ά)
2832 2116 2845 2152 :
2877 2106 2933 2152 et
2982 2094 3027 2148 si
3080 2106 3165 2146 mc
3187 2089 3322 2144 odor
3344 2088 3515 2145 alicu-

1906 2181 1996 2275 jus
2022 2203 2126 2258 loci
2154 2197 2478 2261 offenderit,
2512 2192 2721 2250 Arabiae
2751 2186 2951 2259 aliquid
2997 2182 3231 2275 iacendo
3266 2181 3337 2254 (ε)
3369 2197 3383 2245 ;
3417 2182 3514 2238 scd

1915 2272 2022 2351 non
2051 2292 2240 2349 eodem
2273 2290 2401 2353 ritu,
2424 2300 2526 2342 nec
2553 2282 2744 2340 eodem
2772 2279 2975 2341 habitu,
3010 2289 3111 2331 nec
3135 2272 3325 2330 eodem
3352 2287 3517 2343 appa-

1913 2395 2055 2448 ratu,
2102 2398 2212 2455 quo
2237 2382 2412 2451 agitttr
2438 2375 2579 2447 apud
2626 2372 2788 2428 idola.
2821 2370 2879 2424 Si
2910 2370 3054 2424 enim
3083 2365 3247 2421 verbo
3275 2366 3418 2420 nudo
3447 2364 3514 2435 (ι’)

1916 2477 2161 2533 conditio
2193 2471 2468 2543 polluitur,
2488 2475 2548 2521 ut
2572 2461 2851 2535 apostolus
2870 2459 3031 2513 docct
3064 2476 3078 2511 :
3107 2455 3163 2510 Si
3192 2455 3312 2525 quis
3336 2463 3516 2510 autem

1910 2570 2107 2627 dixerit
2144 2586 2157 2621 :
2200 2566 2312 2621 IIoc
2366 2558 2723 2631 idolotltytum
2775 2563 2891 2620 est,
2939 2566 3007 2607 ne
3055 2548 3344 2619 contigeris
3387 2547 3513 2619 (ως

1910 2665 2082 2720 multo
2100 2662 2272 2732 magis
2288 2673 2411 2714 cum
2433 2652 2760 2711 saltitaveris
2774 2648 2852 2722 (3)
2870 2646 3075 2710 habitu,
3097 2645 3267 2700 etritu
3283 2652 3334 2698 et
3354 2656 3518 2713 appa-

1909 2767 2027 2814 ratu
2056 2754 2499 2825 idolothytorum,
2529 2743 2949 2802 contaminatur.
2984 2740 3057 2796 Ita
3088 2747 3141 2794 et
3171 2751 3368 2793 corona
3397 2735 3518 2791 ido-

1906 2852 2171 2923 lotltytunt
2202 2845 2453 2904 efficitur.
2476 2841 2587 2896 Hoc
2614 2838 2759 2894 enim
2788 2834 2915 2899 ritu,
2947 2842 3004 2889 et
3035 2830 3239 2896 habitu,
3270 2839 3325 2884 et
3355 2842 3517 2899 appa-

1908 2918 2040 2997 ratu?
2056 2941 2200 2995 idolo
2223 2938 2527 2994 immolatur
2546 2929 2857 2987 auctoribus
2886 2925 3033 2979 suis:
3067 2935 3294 2992 quorum
3340 2934 3406 2976 eo
3434 2918 3519 2976 vcl

1907 3032 2138 3087 maxime
2158 3031 2402 3098 proprius
2429 3033 2511 3080 est
2538 3037 2684 3084 usus.
2703 3035 2773 3076 ne
2800 3018 2852 3073 in
2879 3013 3313 3072 communionem
3342 3011 3522 3083 possit

1909 3122 2151 3183 admitti,
2175 3118 2317 3189 quod
2365 3118 2418 3171 iu
2451 3116 2543 3171 Dei
2581 3113 2741 3169 rebus
2770 3124 2874 3165 non
2903 3106 3197 3163 invenitur.
3231 3104 3521 3173 Propterea

1913 3216 2189 3289 apostolus
2216 3213 2467 3270 inclamat
2490 3228 2505 3265 :
2530 3208 2716 3280 Fugite
2733 3206 3079 3262 idololatriam
3096 3203 3137 3277 (I
3153 3202 3272 3259 Cor.
3294 3201 3366 3267 Χ,
3391 3202 3518 3273 Η);

203 3311 336 3381 quid
382 3318 561 3366 autem
582 3318 687 3365 tam
711 3308 929 3380 dignum
956 3307 1120 3373 idolo,
1144 3323 1302 3377 quam
1326 3280 1468 3377 quod
1489 3315 1543 3361 ct
1564 3307 1811 3363 mortuo?
1839 3280 1883 3343 C
1928 3280 2143 3369 (ίιιιῃθηι
2162 3310 2345 3381 utique
2361 3316 2416 3364 et
2433 3314 2618 3362 lotam,
2640 3301 2903 3371 Recogita
2923 3299 3134 3362 silvam,
3152 3306 3206 3353 ει
3220 3295 3525 3368 ηιιῃηιειε-

205 3404 342 3458 Nam
372 3412 427 3457 et
457 3410 791 3457 mortuorum
820 3410 903 3455 est
936 3401 1003 3453 ita
1035 3399 1282 3453 coronari
1317 3400 1390 3467 (c)
1424 3416 1436 3451 :
1473 3398 1727 3466 quoniam
1762 3407 1816 3453 ct

212 3499 316 3567 ipsi
347 3496 487 3550 idola
532 3497 712 3549 statim
744 3495 875 3549 fiunt
901 3505 954 3547 et
986 3492 1168 3546 habitu
1198 3501 1251 3545 ct
1279 3490 1425 3545 cultu
1454 3490 1814 3545 consecratio-

210 3589 317 3653 nis,
351 3602 471 3657 qure
499 3586 639 3654 apud
668 3601 765 3639 nos
806 3584 1041 3639 secunda
1074 3581 1371 3638 idololatria
1403 3589 1502 3636 est.
1531 3581 1699 3652 Igitur
1723 3581 1813 3651 qui

205 3695 370 3737 sensu
401 3689 640 3743 careant,
670 3678 883 3733 illorum
929 3678 1033 3732 erit
1077 3674 1297 3746 perinde
1328 3675 1401 3729 uti
1440 3689 1503 3729 ea
1547 3689 1607 3729 re
1649 3675 1803 3743 cujus

203 3781 430 3827 careant
456 3786 637 3835 sensu,
663 3777 823 3838 atque
852 3766 899 3822 si
924 3768 1067 3822 abuti
1093 3782 1155 3820 ea
1188 3764 1410 3830 vellent,
1436 3766 1477 3820 si
1507 3780 1667 3820 sensu
1700 3782 1803 3822 non

202 3871 477 3920 carerent.
510 3859 662 3916 Nulla
692 3874 823 3915 vero
851 3858 1103 3915 distantia
1142 3867 1223 3912 est
1252 3856 1528 3922 abutendi,
1556 3871 1678 3911 cum
1712 3873 1801 3913 vc-

1932 3408 2089 3461 litant
2114 3403 2300 3472 spinae.
2329 3398 2475 3455 Nihil
2502 3396 2536 3452 d
2557 3394 2755 3450 andum
2788 3390 2954 3458 idolo,
2985 3391 3063 3445 sic
3083 3402 3182 3444 nec
3206 3384 3526 3442 sumendum

1924 3497 1992 3550 ab
2014 3494 2175 3548 idolo.
2221 3491 2274 3547 Si
2326 3492 2377 3545 in
2409 3488 2572 3543 idolio
2598 3483 2913 3540 recumbere
2936 3482 3170 3536 alienum
3203 3488 3285 3535 est
3309 3493 3336 3531 a
3364 3476 3470 3533 fide
3502 3518 3520 3545 ,

1920 3586 2045 3654 quid
2074 3586 2124 3639 itt
2150 3582 2274 3637 idoli
2301 3580 2482 3635 habitu
2512 3575 2723 3654 videri?
2750 3589 2871 3644 qua:
2896 3573 3202 3631 communio
3225 3569 3440 3625 Christo
3471 3577 3527 3624 et

1909 3677 2129 3747 Belim(lt
2139 3677 2181 3746 )?
2194 3684 2249 3731 et
2262 3672 2572 3743 ideogfugite.
2592 3667 2834 3736 Longum
2847 3666 2988 3720 enim
3004 3664 3287 3719 divortium
3302 3659 3523 3716 mandat

1906 3767 2310 3832 abidololatria;
2333 3766 2384 3821 in
2417 3762 2563 3818 nullo
2584 3758 2827 3831 proxime
2847 3755 3133 3828 agendum.
3166 3756 3335 3810 Draco
3362 3753 3527 3808 etiam

1908 3861 2224 3931 terrcnus(i)
2238 3859 2305 3913 de
2319 3839 2604 3927 longinquo
2620 3852 2861 3906 homines
2873 3849 3062 3920 spiritu
3076 3846 3529 3905 absorbet.Altius

1495 3970 1783 4028 LECTION
1790 3974 1871 4032 ES
1909 3974 2321 4032 V.\RIANTES.

302 4071 351 4132 i)
376 4069 757 4132 Prtestitutiouis
778 4066 941 4132 _Part's.

294 4126 347 4194 Ξ)
377 4132 517 4195 Apud
533 4144 621 4181 nos
643 4128 808 4181 inserit
826 4126 976 4179 Setnl.

1980 4066 2053 4131 (5)
2075 4065 2385 4116 Saltitareris
2401 4061 2532 4113 abest
2552 4073 2584 4110 a
2608 4060 2752 4109 Pam.
2784 4058 2924 4121 Leop.

1568 4207 2129 4267 COMMENTARIUS.

284 4331 363 4400 (a)
387 4330 580 4384 Tamen
608 4345 695 4382 nec
714 4327 858 4382 illaut
885 4326 1159 4400 impietatis
1179 4323 1556 4400 contumeliosa!
1574 4342 1814 4379 coronam

209 4394 437 4473 populus
467 4394 1013 4473 conscii-it:I’0pultts,
1046 4396 1146 4473 hoc
1166 4408 1269 4462 est,
1300 4394 1488 4473 Judaei.
1516 4395 1633 4452 RIG.

285 4465 447 4528 CAP.
479 4470 545 4525 Χ.
602 4500 670 4509 --
711 4470 789 4541 (b)
839 4465 978 4533 Quid
1023 4468 1163 4541 enim
1209 4477 1311 4521 tant
1358 4465 1625 4541 indignum
1655 4465 1764 4541 Deo
1792 4467 1819 4521 ?

206 4544 384 4612 Hujus
429 4536 727 4610 argumenti
754 4542 923 4612 iorma
952 4539 1230 4612 collectior
1255 4545 1339 4591 cst
1390 4536 1445 4591 iu
1475 4537 1763 4612 exemplari
1799 4555 1813 4592 :

1920 4327 2118 4395 prietas
2147 4325 2382 4380 admixta
2415 4341 2429 4378 :
2464 4319 2811 4395 proprietasa
2834 4331 2944 4395 qua
2970 4315 3126 4371 abest
3153 4312 3526 4395 ususfructtts:

1920 4386 2055 4451 ratio
2075 4439 2089 4460 ,
2121 4397 2208 4451 ttbi
2242 4386 2477 4465 aliquod'
2497 4386 2735 4446 debitum
2764 4391 2817 4444 in
2846 4386 3081 4465 rationes
3122 4386 3372 4465 γεῖθι-ξμς.
3404 4400 3529 4441 cum

1922 4454 2100 4523 tamen
2144 4468 2284 4524 nulla
2325 4454 2513 4519 caussa
2548 4460 2887 4532 praecesserit
2913 4457 3077 4513 debiti
3108 4475 3122 4512 :
3168 4454 3382 4532 traditio
3410 4470 3531 4532 quae

1923 4554 2026 4593 non
2083 4540 2241 4592 habet
2266 4538 2466 4604 justam
2518 4525 2573 4587 et
2617 4532 2863 4604 idoneam
2900 4542 3146 4604 caussam
3176 4525 3531 4604 transferendi

212 4597 356 4691 Quid
377 4597 542 4691 Δεηὶἰῖι
587 4622 690 4666 tam
751 4610 1013 4691 indignum
1063 4609 1169 4691 ρςρ
1194 4650 1206 4669 .
1258 4622 1413 4678 quant
1440 4607 1577 4677 quod
1605 4597 1815 4679 dignum
1839 4632 1892 4691 Ι)
1920 4609 2162 4691 dominii.
2194 4597 2282 4691 Sic
2312 4620 2440 4691 ergo
2468 4604 2683 4688 .nudum
2729 4601 2954 4691 verbumI
2981 4600 3105 4663 erit,
3126 4611 3246 4691 .quo
3284 4597 3405 4691 quisl
3430 4597 3532 4652 ad-

206 4684 353 4739 idolo
372 4685 397 4737 .’
438 4700 588 4752 quant
626 4681 762 4750 quod
787 4693 833 4735 ct
859 4681 1095 4734 mortuo?
1122 4680 1239 4752 RIG.

286 4755 368 4825 (c)
401 4748 715 4807 Mortnorum
746 4764 834 4825 (est
863 4753 934 4805 ita
977 4751 1233 4825 coronari.
1282 4750 1480 4825 Scribit
1520 4748 1661 4825 enim
1686 4748 1813 4825 ΔΡΙῘ-

214 4818 591 4881 nius'eoronas
613 4824 979 4894 sepulcrorum
1007 4832 1062 4876 et
1088 4822 1324 4879 manium
1348 4824 1602 4946 hoaorcm
1627 4818 1810 4876 fuisse.

1468 4907 1595 4946 attat.

1468 4907 1595 4947 ERN.

290 4966 375 5038 (εἰ)
434 4965 601 5035 Quam
656 4963 960 5038 1Escutapio
1003 4962 1407 5038 Socrates._IIoc
1444 4962 1603 5031 jussit
1648 4977 1812 5031 quttzn

214 5034 544 5093 in'carcere
599 5044 761 5099 esset,
818 5034 973 5105 paulo
1036 5044 1159 5107 post
1213 5034 1475 5159 bibiturti:
1524 5048 1809 5087 venenum.

1481 5119 1605 5159 nan.

1481 5119 1605 5159 IIEN.

291 5178 372 5249 (c)
416 5176 861 5249 Arabitzaliqguid‘
892 5177 1133 5249 incendo.)
1170 5174 1304 5249 Cum
1336 5176 1403 5230 de
1430 5191 1501 5249 se
1529 5174 1779 5249 loquitur
1800 5216 1815 5241 ,

215 5246 382 5303 etiam
422 5246 680 5303 vocabulo
727 5247 894 5299 thuris
935 5249 1008 5299 uti
1051 5247 1383 5301 reformidat.
1428 5247 1565 5299 Dixit
1594 5255 1814 5306 autem,

214 5321 426 5374 Arabia:
477 5317 675 5386 aliquid
701 5316 971 5386 jncendo;
1002 5316 1101 5368 hoc
1138 5326 1253 5386 est,
1282 5316 1480 5385 aliquid
1521 5315 1690 5370 tltttris
1729 5315 1814 5369 vel

216 5392 404 5443 odoris
447 5384 667 5442 arabici.
697 5384 763 5440 Et
794 5386 931 5441 libro
951 5387 1207 5441 adversus
1231 5384 1467 5452 Judaéos,
1493 5386 1658 5454 spolia
1686 5386 1816 5440 Ara-

215 5463 317 5515 bia:
368 5460 769 5526 interpretatur,
818 5472 1006 5510 aurum
1051 5465 1106 5511 et
1153 5455 1370 5512 odores.
1420 5457 1579 5510 Vetus
1628 5467 1814 5511 auctor

216 5530 362 5655 apud
394 5528 612 5653 FResGtum
648 5547 659 5581 :
691 5527 905 5582 Arabico
941 5529 1061 5595 olet,
1095 5526 1146 5581 id
1169 5538 1268 5593 est,
1299 5542 1364 5583 ex
1413 5527 1663 5581 odoribus
1704 5541 1821 5580 ara-

259 5617 379 5655 rets.
464 5616 477 5653 ι
520 5639 533 5651 .

259 5617 379 5657 ICIS.
415 5614 533 5653 IIIG.

296 5672 364 5741 (Γ)
403 5669 563 5741 Verbo
592 5668 749 5741 nudo.
778 5668 965 5741 (Credo
990 5670 1160 5741 virum
1194 5668 1583 5741 peritissimum
1603 5667 1654 5721 in
1672 5668 1810 5737 jure,

216 5737 467 5796 allusisse
494 5739 561 5793 ad
598 5737 853 5796 formulas
893 5755 1011 5808 qua:
1052 5740 1103 5792 in
1131 5740 1246 5805 iure
1268 5747 1411 5801 sunt,
1442 5738 1527 5791 ubi
1561 5739 1812 5806 frequen-

219 5822 303 5867 ter
328 5812 474 5881 leges
506 5829 517 5863 :
552 5808 689 5863 nuda
735 5812 1002 5880 possessio,
1036 5809 1174 5863 nuda
1215 5810 1516 5881 proprietas,
1546 5809 1683 5863 nuda
1713 5826 1813 5865 ra-

218 5884 291 5937 tio
315 5923 333 5949 ,
363 5879 501 5936 nuda
531 5879 742 5937 traditio
767 5881 1049 5939 :vidclicet
1090 5880 1359 5951 possessio
1402 5879 1487 5935 cui
1542 5895 1646 5935 non
1676 5896 1803 5951 pro-

1919 4690 2168 4735 mouetur
2214 4677 2285 4732 ab
2340 4667 2555 4731 homine
2599 4676 2651 4728 in
2697 4688 2806 4742 quo
2847 4669 2990 4742 nulla
3019 4667 3313 4742 auctoritas
3341 4667 3532 4742 admo-

1919 4750 2102 4874 utendi,
2136 4748 2288 4818 quasi
2318 4748 2425 4803 tale
2466 4748 2539 4804 sit
2580 4735 2783 4801 nudum
2811 4741 2958 4798 omni
3000 4738 3318 4794 auctoritate
3346 4745 3403 4793 et
3427 4735 3532 4792 ful-

1919 4834 2028 4874 cro.
2102 4834 2186 4874 ac.

1916 4834 2028 4876 cro.
2057 4834 2186 4875 LAC.

1991 4892 2070 4978 te)
2091 4890 2206 4978 "es
2224 4878 3219 4978 ίίέεῑιονεείενίῑιξξξε,νῖεειζνξιέξιεέξέξξῑιά
3233 4894 3298 4978 9:
3314 4878 3530 4978 seu»

1918 4961 1939 5017 I
1978 4953 2127 5028 car,
2162 4959 2339 5027 Χάει.
2371 4953 2457 5014 ubi
2498 4958 2716 5013 retinuit
2740 4969 2930 5028 vocem
2951 4965 3180 5028 graecam
3210 4953 3531 5028 ιὶδωλρρυτξν,

1961 5050 2021 5087 ro
2043 5020 2274 5102 eo'quod
2300 5020 2564 5098 interpres
2588 5036 2770 5102 noster
2796 5020 3305 5102 vertitjmmofatmn
3324 5091 3335 5102 _
3351 5020 3528 5074 idolis.

1952 5104 2114 5158 liram
2137 5089 2219 5158 est
2240 5110 2421 5156 autem
2438 5089 2871 5170 quomodolegat
2904 5112 2919 5149 :
2946 5089 3068 5170 ou
3092 5091 3523 5170 contigeris..cum

1921 5188 2094 5245 grmce
2123 5174 2193 5228 sit
2220 5160 2512 5245 pataotér
2534 5212 2548 5235 ,
2592 5166 2733 5245 quod
2775 5160 2880 5220 non
2922 5162 3084 5218 aliter
3126 5160 3400 5245 transferri
3430 5174 3530 5242 po-

1925 5230 2027 5300 I'est
2075 5230 2235 5315 quam
2281 5243 2437 5298 sicuti
2486 5230 2669 5296 noster
2713 5240 3019 5307 interpres,
3067 5249 3131 5287 ne
3176 5230 3528 5357 nstitducart's.

3251 5317 3346 5357 AI.

3251 5317 3346 5357 AI.

1990 5384 2074 5453 (Ιι)
2109 5386 2234 5451 Qua:
2277 5373 3245 5453 communioJCItristopetc._DiIatat
3290 5370 3530 5453 cognatis

1921 5442 2040 5509 aliis
2058 5442 2279 5522 'Drogon
2310 5455 2547 5523 episc0p.
2572 5451 2813 5507 IIostien.
2832 5442 2974 5503 ’Aliis
2998 5444 3306 5508 Cassianus,
3337 5442 3525 5497 Collat.

1926 5524 2045 5580 XII.
2078 5524 2292 5580 can.16.
2328 5523 2461 5578 Lac.
3255 5518 3260 5523 ⁷

2031 5568 2045 5587 ,
2078 5518 2292 5593 θηρῖιϐ.
2328 5518 2461 5578 Lac.
2498 5518 2511 5523 ’
2773 5590 2782 5593 _
2847 5587 2858 5593 _
2968 5585 2980 5593 _
3166 5583 3177 5593 .
3255 5518 3260 5523 ⁷

2000 5581 2061 5668 (ἶ)
2092 5581 2262 5668 Draco
2300 5594 2451 5668 etiam
2481 5590 2809 5668 terretttts__d_e
2840 5585 3115 5668 longinquo
3143 5583 3385 5668 homines
3414 5581 3526 5652 spi-

1920 5654 2023 5721 ritu
2044 5654 2302 5719 absorbet.
2358 5663 2625 5719 Patuelius
2666 5660 2829 5716 edidit
2856 5675 2868 5710 :
2904 5654 3075 5709 Draco
3104 5654 3259 5708 etiam
3290 5665 3522 5707 terrenus

1919 5739 1984 5794 de
2030 5738 2301 5806 longinquo
2341 5752 2443 5789 non
2482 5736 2648 5787 minus
2682 5731 2874 5806 spiritu
2903 5726 3131 5806 absorbet
3171 5725 3356 5806 alites:
3384 5722 3525 5806 Qua

1916 5793 2139 5877 sumpta"
2154 5793 2401 5877 videntur
2425 5821 2489 5877 ex
2529 5806 2591 5857 iis
2621 5793 2739 5872 qui:
2766 5799 2835 5877 de
2861 5794 3111 5877 basilisca
3148 5794 3313 5877 refert
3337 5793 3520 5877 Isido-

1915 5861 2277 5948 tv-usrdraconi
2316 5861 2537 5933 minime
2566 5861 2958 5930 convenientia.
2988 5864 3171 5938 Longe
3199 5866 3354 5922 aliter
3382 5861 3511 5918 edi-
