4242 6492
711 344 768 404 91
2110 344 2573 407 TERTULLIANI
3942 345 4009 401 92

708 462 972 523 Joannes:
1006 462 1198 534 Filioli,
1222 464 1412 537 inquit,
1432 464 1674 521 custodite
1701 480 1786 521 vos
1812 466 1875 519 ab
1902 466 2051 521 idolis
2084 463 2299 539 (IJoan.
2328 467 2381 526 Λ
2412 465 2573 519 Deum
2597 462 2740 533 diligi
2764 463 2960 532 (Exod.
2989 462 3119 527 XX;
3149 461 3309 517 Leuit.
3337 462 3482 534 XIX)
3501 458 3851 533 praccipit(e),
3874 478 4009 531 quos

692 557 783 627 'V,
810 557 905 631 2i)
924 575 943 623 ;
961 560 1188 631 nonjam
1212 558 1281 615 ab
1308 559 1601 615 idololatria
1630 560 1780 631 quasi
1800 560 1866 616 ab
1886 557 2090 624 oilicio,
2116 559 2212 615 sed
2234 559 2301 612 ah

712 649 827 724 ipsa
844 650 1022 721 efﬁgie
1049 668 1257 709 eorum.
1288 652 1566 725 Indignum
1599 655 1740 709 enim
1766 663 1823 708 ut
1848 654 2026 724 imago
2054 654 2150 708 Dei
2174 653 2298 718 vivi,

715 745 890 813 imago
918 744 1042 800 idoli
1069 754 1125 800 et
1148 747 1343 800 mortui
1374 745 1468 801 ﬁas
1500 746 1602 817 (l).
1634 746 1812 816 Usque
1851 747 2028 801 adhuc
2060 748 2304 817 proprie-

717 842 879 890 tatem
910 836 1062 891 istius
1090 835 1298 892 habitus
1329 846 1377 892 et
1409 853 1472 893 ex
1504 837 1727 907 originis
1756 854 1942 903 censu,
1992 849 2044 893 et
2096 854 2158 892 ex
2218 854 2307 893 su-

717 928 1050 997 perstitionis
1090 944 1189 983 usu
1246 929 1404 985 idolis
1456 929 1898 994 vindicamus,ex
1942 947 2007 985 eo
2046 942 2304 1000 praeterea

717 1020 882 1089 quod,
904 1019 1031 1075 dum
1062 1021 1114 1075 in
1135 1022 1296 1077 rebus
1317 1022 1410 1077 Dei
1430 1038 1534 1077 non
1560 1021 1812 1084 refertur,
1844 1024 2011 1093 magis
2036 1025 2311 1093 magisque

719 1113 893 1185 imago
921 1116 1132 1170 illorum
1150 1115 1459 1186 deputatur,
1476 1117 1527 1171 in
1549 1133 1775 1187 quorum
1801 1127 1855 1173 et
1880 1118 2307 1188 antiquitatibus,

719 1209 1239 1275 ctsolemnitatibus,
1261 1220 1316 1264 et
1332 1210 1527 1265 ofliciis
1553 1212 1887 1266 convenitur.
1920 1210 2050 1281 Ipsm
2078 1210 2311 1281 denique

723 1299 887 1365 fores,
921 1311 975 1355 et
1028 1302 1157 1370 ipsa:
1188 1300 1376 1355 hostia:
1401 1310 1455 1356 et
1484 1316 1613 1369 arte,
1643 1302 1741 1372 ipsi
1765 1302 1992 1357 ministri
2025 1313 2078 1358 et
2123 1318 2309 1357 sacer-

720 1392 875 1448 dotes
914 1391 989 1464 (a)
1016 1407 1199 1448 eorum
1239 1404 1564 1449 coronantur
1613 1394 1860 1467 (Boruch,
1890 1396 1981 1457 VI.
2029 1396 2108 1463 9).
2141 1396 2313 1451 llabes

722 1486 961 1539 omnium
1032 1485 1380 1556 collegiorum
1431 1488 1842 1543 sacerdotalium
1893 1503 2121 1543 coronas
2174 1487 2313 1557 apud

722 1575 1024 1631 Claudium.
1047 1576 1152 1632 Sed
1182 1586 1235 1633 et
1266 1576 1408 1632 illam
1443 1579 1876 1634 iuterstruximus
1913 1580 2312 1635 distinctionctn

723 1669 1043 1727 differentiae
1088 1671 1427 1725 rationalinm
1460 1681 1513 1726 et
1544 1673 1952 1737 irrationalium,
2002 1674 2081 1728 eis
2121 1688 2313 1728 occur-

2406 568 2460 613 et
2488 558 2830 628 Evangelium
2864 557 3081 631 (Matth.
3113 557 3306 623 XXVI,
3340 558 3427 625 11)
3462 558 3576 612 solo
3601 556 3818 612 Christo
3842 558 4009 627 pluris

2408 667 2513 705 non
2569 651 2787 709 faciens.
2833 650 2911 704 sic
2958 665 3170 719 quoque
3226 650 3507 704 honoravit
3562 649 3633 717 (f)
3678 649 3868 720 (lCor.
3906 650 4008 712 Vl;

2410 744 2598 797 Matth.
2628 743 2673 799 V
2698 761 2711 806 ;
2737 744 2759 798 1
2794 742 2911 797 Cor.
2938 742 3117 814 VIII)?
3139 743 3352 798 Licebit
3383 743 3433 797 in
3460 742 3635 811 gladio
3674 743 4009 808 conversari,

2414 837 2636 891 Domino
2665 836 3071 905 pronuntiante,
3109 835 3285 906 gladio
3337 836 3629 903 periturum
3688 835 3775 903 qui
3826 835 4007 903 gladio

2414 927 2574 982 fuerit
2600 928 2760 982 usus?
2794 928 2860 982 Et
2883 928 3065 998 prmlio
3088 928 3398 997 Operabitur
3426 929 3564 982 filius
3598 928 3766 997 pacis,
3800 930 3887 981 cui
3918 942 4015 980 nec

2413 1021 2622 1090 litigare
2673 1022 2958 1076 conveniet
2986 1022 3106 1091 (g)?
3132 1021 3423 1075 Etvincula
3455 1030 3509 1076 et
3534 1036 3807 1076 carcerem
3831 1031 3883 1076 et
3908 1030 4017 1077 tor-

2415 1125 2595 1170 menta
2626 1125 2677 1170 et
2723 1115 2983 1183 supplicia
3013 1114 3429 1180 administrabit,
3461 1129 3558 1169 nec
3603 1129 3823 1168 suarum
3873 1114 4018 1169 ultor

2417 1207 2773 1273 iniuriarum?
2822 1206 2942 1262 Jam
2997 1208 3289 1272 stationes,
3345 1215 3437 1260 aut
3488 1207 3575 1261 alii
3629 1207 3797 1275 magis
3854 1204 4014 1259 faciet

2414 1316 2572 1370 quam
2630 1300 2998 1357 Christo?aut
3042 1312 3094 1356 et
3149 1302 3425 1357 Dominico
3474 1302 3600 1367 die,
3656 1301 3875 1371 quando
3920 1315 4018 1356 nec

2416 1396 2663 1452 Christo?
2692 1406 2742 1450 et
2772 1395 3059 1450 excubabit
3103 1410 3200 1464 pro
3226 1396 3463 1465 templis,
3510 1395 3704 1465 quibus
3736 1396 4015 1448 renuntia-

2416 1489 2535 1542 vit?
2562 1497 2610 1541 et
2639 1486 2997 1543 coenabitillic
3025 1487 3110 1541 ubi
3144 1488 3388 1556 apostolo
3417 1502 3521 1540 non
3560 1487 3769 1556 placet?
3804 1498 3857 1540 ct
3882 1502 4019 1557 quos

2419 1579 2650 1636 interdiu
2676 1581 2993 1635 cxorcismis
3041 1579 3265 1650 fugavit,
3298 1580 3545 1636 noctibus
3574 1581 3897 1643 deicnsabit,
3938 1580 4019 1633 in-

2418 1673 2677 1728 cumbens
2703 1683 2756 1727 et
2778 1672 2857 1743 (h)
2877 1672 3221 1741 requiescens
3242 1688 3402 1740 super
3444 1673 3607 1741 pilum
3641 1672 3719 1737 (2)
3764 1688 3874 1742 quo
3899 1688 4021 1739 per-

725 1772 935 1819 rentem
974 1763 1062 1833 qui
1089 1764 1524 1820 communionem
1570 1765 1621 1819 in
1663 1767 1912 1821 omnibus
1949 1767 2017 1821 de
2062 1781 2316 1837 quorum-
2348 1780 2394 1839 Β
2426 1765 2623 1820 fessum
2651 1775 2734 1819 est
2762 1765 2897 1819 latus
2924 1763 3119 1819 Christi
3172 1763 3388 1823 (Joann.
3422 1763 3568 1829 XIX,
3611 1765 3741 1834 '54)?
3767 1764 4023 1819 vexillum

726 1855 850 1911 dam
878 1857 1244 1927 exemplorum
1283 1858 1567 1914 occasione
1592 1859 1905 1916 defendunt.
1938 1862 2015 1916 Ad
2044 1861 2179 1916 hanc
2220 1862 2319 1915 itan

726 1964 832 2018 que
864 1959 1069 2018 partem
1093 1965 1310 2006 caussas
1347 1950 1456 2020 jam
1488 1952 1630 2017 ipsas
1674 1956 1983 2009 coronarias
2014 1955 2200 2023 inSpici
2234 1970 2321 2009 su-

729 2050 928 2110 perest,
960 2051 1018 2095 ut
1038 2041 1163 2097 dum
1204 2042 1539 2097 ostendimus
1562 2054 1867 2110 extraneas,
1900 2047 2007 2101 imo
2027 2057 2079 2102 et
2104 2058 2317 2102 contra-

728 2133 838 2187 rias
891 2133 1209 2203 disciplinae,
1265 2134 1468 2189 nullam
1516 2150 1700 2191 earum
1760 2138 1982 2193 rationis
2028 2140 2324 2208 patrocinio

730 2222 917 2278 fultam
944 2224 1251 2293 probemus,
1282 2241 1388 2295 quo
1406 2228 1570 2296 possit
1597 2228 1811 2283 habitus
1841 2228 2166 2298 hujusmodi,
2198 2248 2323 2287 usus

730 2331 948 2387 quoque
994 2318 1356 2374 communioni
1407 2319 1663 2377 vindicari
1720 2338 1733 2373 :
1784 2321 1885 2376 etsi
1937 2331 2063 2377 sunt
2089 2324 2317 2395 quidam

730 2422 958 2479 quorum
980 2410 1222 2481 exempla
1250 2410 1400 2466 nobis
1420 2413 1773 2481 objectantur.

1336 2503 1564 2563 CAPUT
1630 2505 1722 2562 XI.

806 2594 1043 2661 Etenim,
1072 2604 1131 2651 ut
1159 2596 1327 2666 ipsam
1356 2612 1599 2654 caussam
1630 2614 1846 2657 coronae
1875 2602 2120 2658 militaris
2143 2617 2330 2674 aggre-

737 2687 877 2755 diar,
932 2698 1061 2759 pulo
1113 2689 1263 2760 prius
1315 2692 1740 2762 conquirendum
1804 2693 1878 2765 (b)
1946 2710 2012 2748 an
2062 2696 2112 2749 in
2166 2706 2333 2751 totum

735 2779 1055 2839 Christianis
1102 2783 1290 2837 militia
1329 2784 1633 2841 conveniat.
1664 2784 1832 2854 Quale
1874 2796 1957 2842 est
1986 2787 2220 2858 alioquin
2271 2788 2338 2844 de

738 2875 1108 2932 accidentibus
1138 2884 1447 2941 retractare,
1488 2892 1609 2931 cum
1655 2892 1684 2932 a
1732 2878 2160 2948 praecedentibus
2184 2881 2335 2951 culpa

738 2966 843 3021 sit?
894 2966 1248 3023 Credimusne
1280 2968 1569 3023 humanum
1597 2979 1993 3027 sacramentum
2028 2972 2099 3045 (c)
2155 2972 2339 3030 divino

739 3060 1028 3130 superduci
1055 3060 1238 3126 licere,
1270 3071 1326 3116 et
1372 3063 1425 3116 in
1469 3062 1633 3117 alium
1685 3063 1959 3119 dominum
2010 3066 2337 3136 respondere

2425 1873 2637 1927 quoque
2663 1857 2897 1926 portabit
2929 1857 3178 1911 a-mulum
3201 1855 3439 1911 Christi?
3468 1864 3521 1909 et
3549 1858 3758 1926 signum
3786 1856 4028 1925 postula-

2427 1950 2503 2005 bit
2528 1966 2555 2003 a
2589 1949 2848 2019 principe,
2878 1950 2965 2014 qui
2990 1949 3099 2018 jam
3132 1964 3159 2001 a
3192 1949 3301 2003 Deo
3330 1948 3574 2019 accepit?
3602 1959 3848 2003 mortuus
3869 1948 4028 2003 etiam

2430 2041 2554 2096 tuba
2579 2040 2959 2109 inquietabitnr
2987 2040 3291 2102 mueatoris,
3321 2040 3411 2109 qtti
3452 2040 3671 2094 excitari
3721 2056 3748 2092 a
3778 2039 3904 2093 tuba
3934 2054 4025 2092 au-

2430 2135 2531 2203 geli
2560 2134 2880 2203 exspectat?
2906 2142 2960 2185 et
2989 2133 3315 2187 cremabitnr
3347 2147 3411 2186 ex
3441 2131 3724 2201 disciplina
3770 2132 4032 2185 castrensi

2432 2227 2786 2292 Christianus,
2811 2228 2898 2284 cui
2928 2243 3168 2284 cremare
3192 2244 3297 2283 non
3341 2229 3491 2283 licuit
3524 2228 3587 2299 (i)
3609 2270 3624 2294 ,
3662 2229 3747 2281 cui
3789 2218 4036 2281 Christus

2429 2324 2620 2377 merita
2652 2324 2787 2393 ignis
2816 2322 3074 2377 indulsit?
3098 2326 3303 2390 Quanta
3340 2323 3443 2376 alia
3472 2320 3523 2376 in
3550 2320 3761 2377 delictis
3793 2322 4026 2375 circum-

2430 2418 2564 2488 Spici
2616 2427 2840 2487 possunt
2883 2418 3233 2473 castrensium
3306 2418 3569 2482 mttuiutu,
3624 2418 4019 2486 transgressiou

2433 2511 2867 2581 interpretanda?
2903 2510 3079 2580 Ipsum
3108 2510 3177 2566 de
3205 2511 3399 2565 castris
3428 2511 3561 2564 lucis
3589 2510 3641 2563 in
3670 2520 3847 2564 castra
3880 2520 4033 2564 tene-

2435 2603 2649 2657 brarum
2683 2619 2876 2659 nomen
2908 2603 3140 2671 deferre,
3174 2603 3532 2673 transgressio
3580 2612 3664 2657 est
3708 2605 3809 2671 (i).
3859 2603 4040 2667 Plane,

2442 2694 2486 2748 si
2514 2709 2649 2764 quos
2678 2696 2865 2749 militia
2893 2705 3196 2765 prteventos
3229 2695 3361 2750 fides
3391 2694 3657 2762 posterior
3686 2693 3919 2757 invenit,
3945 2694 4042 2748 alia

2442 2787 2680 2843 conditio
2705 2796 2807 2853 est,
2850 2798 2907 2842 ut
2957 2788 3174 2842 illorum
3203 2802 3338 2856 quos
3364 2787 3600 2841 Joannes
3627 2785 3950 2840 admittebat
3979 2783 4039 2838 ad

2444 2883 2714 2938 lavacrum
2755 2881 2889 2947 (Luc
2932 2880 3022 2947 lll,
3055 2880 3132 2950 3),
3182 2891 3240 2935 ut
3289 2881 3663 2935 centurionum
3711 2878 4047 2934 ﬁdelissimo—

2444 2990 2583 3037 rum,
2634 2991 2791 3045 quem
2821 2972 3065 3029 Christus
3100 2973 3291 3044 probat
3324 2972 3539 3043 (Matth.
3572 2970 3739 3036 VIIII,
3786 2979 3843 3024 et
3888 2982 4044 3039 quem

2445 3066 2635 3122 Petrus
2665 3065 2961 3122 catecltizat
2989 3065 3123 3137 (Act.
3154 3064 3224 3133 Χ)
3249 3082 3262 3119 :
3294 3065 3418 3118 dum
3447 3073 3647 3129 tamen,
3676 3069 3928 3130 suscepta
3950 3058 4049 3113 fide

741 3165 863 3223 poet
890 3151 1200 3210 Christum?
1224 3164 1279 3211 et
1302 3156 1509 3225 cjerare
1538 3157 1616 3229 (d)
1648 3167 1855 3228 patrem
1884 3174 1946 3213 ac
1980 3169 2205 3214 matrem
2233 3201 2247 3225 ,
2280 3170 2335 3216 et
2361 3141 2405 3202 (ἶ
2440 3171 2599 3229 atque
2624 3161 2830 3228 signata
2851 3199 2865 3223 ,
2898 3167 2988 3211 aut
3013 3156 3368 3213 deserendum
3400 3156 3581 3210 statim
3632 3155 3703 3208 sit
3761 3152 3861 3223 (κ),
3909 3161 3964 3205 111
4015 3168 4042 3202 a

742 3259 959 3303 omnem
1016 3248 1355 3318 proximum,
1397 3263 1534 3321 quos
1573 3259 1628 3305 et
1673 3250 1759 3305 lex
1808 3249 2060 3305 honorari
2106 3260 2161 3305 et
2219 3262 2341 3320 post

2444 3251 2629 3305 multis
2686 3259 2885 3315 actum,
2916 3258 3009 3304 aut
3050 3249 3302 3304 omnibus
3347 3248 3523 3304 modis
3548 3245 3933 3311 cavillandum,
3980 3257 4052 3298 ne

1982 3364 2363 3422 LECTIONES
2402 3364 2606 3422 VARIA
2616 3366 2706 3422 NT
2715 3364 2814 3422 ES.

810 3478 883 3544 (t)
907 3476 1017 3531 Fiat
1040 3476 1193 3531 Seml.

2512 3478 2579 3546 (2)
2607 3478 2809 3530 Luncho
2832 3478 2985 3529 Fran.
3007 3474 3173 3528 Paris.

2142 3588 2695 3647 COMMENTARIUS.

749 3709 904 3768 derat
929 3708 1222 3765 Rhenanus
1257 3726 1271 3763 :
1302 3706 1472 3763 Draco
1501 3706 1656 3761 etiam
1700 3714 1925 3760 terrenus
1969 3705 2034 3759 de
2071 3706 2345 3777 longinquo

753 3782 974 3837 hominis
1016 3780 1226 3849 spiritus
1267 3779 1514 3833 absorbet.
1563 3777 1710 3845 Quod
1743 3777 1985 3845 proxime
2030 3776 2239 3849 accedit
2279 3776 2347 3832 ad

752 3868 933 3908 veram
984 3847 1267 3905 lectionem
1299 3865 1457 3920 quant
1509 3850 1840 3904 restituimus
1892 3864 1922 3903 e
1970 3847 2158 3904 codice
2203 3851 2347 3915 Ago-

753 3924 908 3980 bardi
942 3941 955 3973 :
991 3920 1162 3975 Draco
1200 3922 1352 3974 etiam
1401 3931 1628 3974 terrenus
1676 3920 1738 3975 de
1778 3920 2073 3989 longinquo,
2122 3921 2349 3973 homines

753 3996 964 4065 spiritus
1009 3992 1258 4065 absorbet.
1307 3991 1440 4065 Nam
1492 3991 1577 4065 hic
1606 3992 1713 4065 agit
1761 3991 2122 4065 Tertullianus
2161 3991 2227 4044 de
2264 3990 2347 4043 fu-

756 4061 946 4133 gienda
972 4064 1293 4126 idololatria,
1319 4079 1381 4118 ex
1405 4062 1549 4117 Pauli
1568 4062 1632 4116 ad
1657 4061 1965 4117 Corinthios
1988 4072 2276 4130 praecepto,
2298 4071 2350 4114 et

758 4137 1064 4206 fugiendam
1108 4150 1228 4188 esse
1264 4135 1337 4206 ait
1389 4148 1565 4206 quam
1602 4133 1947 4206 longissime;
1978 4133 2128 4206 quia
2180 4133 2351 4206 Draco

758 4202 1026 4270 terrenus,
1075 4220 1267 4273 nempe
1292 4202 1519 4260 Satanas
1555 4203 1793 4259 infernus
1815 4245 1828 4263 ,
1861 4203 2049 4270 spiritu
2088 4212 2141 4257 et
2167 4202 2351 4259 alﬂatu

760 4293 861 4336 suo
910 4278 1155 4331 homines
1196 4272 1488 4341 absorbet,
1516 4277 1677 4330 etiam
1703 4275 1771 4329 de
1814 4274 2125 4344 longinquo.
2156 4272 2353 4344 deinde

762 4349 943 4417 adjicit
984 4364 1047 4402 ex
1095 4349 1262 4415 prima
1315 4346 1580 4417 Joannis:
1627 4346 1803 4417 Altius
1849 4342 2075 4399 Joannes
2106 4360 2122 4397 :
2150 4342 2349 4417 Filioli,

763 4416 1009 4474 custodite
1046 4435 1134 4471 vos
1172 4420 1235 4472 ab
1264 4418 1435 4472 idolis.
1484 4416 1595 4471 lloe
1643 4428 1747 4480 est,
1777 4416 2013 4471 Joannes
2059 4431 2170 4470 rem
2197 4416 2354 4469 altius

763 4492 989 4558 repetit,
1019 4499 1072 4543 et
1122 4505 1225 4543 non
1257 4490 1428 4543 solum
1485 4488 1787 4551 fugiendam
1834 4503 1955 4541 esse
1994 4485 2350 4558 idoloﬁlatriatu

766 4557 1095 4633 pronuntiat.
1130 4575 1311 4633 verum
1336 4559 1496 4613 etiam
1526 4558 1940 4633 fugiettdaidola
1970 4558 2104 4633 ipsa.
2132 4557 2251 4633 lito.

839 4634 922 4698 (a)
949 4630 1062 4698 Ipsi
1088 4632 1304 4685 ntinistri
1343 4639 1389 4684 et
1433 4630 1732 4683 sacerdotes.
1780 4628 1965 4684 Tradit
2020 4628 2222 4682 Plinius
2264 4642 2353 4679 co-

767 4717 931 4759 ronas
960 4702 1187 4770 primum
1213 4703 1349 4755 inter
1370 4715 1523 4755 sacra
1561 4710 1763 4754 tantum
1799 4712 1853 4756 et
1876 4698 2100 4755 bellicos
2127 4701 2357 4753 honores

770 4789 925 4830 suum
955 4788 1146 4826 nomen
1193 4773 1510 4827 vindicasse.
1546 4771 1715 4826 Rustv.

843 4843 996 4898 CAP.
1028 4842 1273 4912 XL—(b)
1286 4842 1693 4911 Conquirendnm
1714 4859 1777 4896 an
1791 4844 1842 4895 in
1865 4852 2023 4896 totum
2040 4840 2244 4897 Christi.
2261 4838 2362 4907 Qui

773 4930 883 4973 non
912 4916 1241 4983 permittitul
1264 4913 1599 4969 Christianus
1614 4914 1829 4969 etltnico
1851 4912 2184 4983 belligeranti
2209 4919 2367 4965 navet

773 4982 1016 5058 operam,
1044 5001 1111 5039 an
1145 4986 1501 5058 permissurus
1537 4993 1620 5039 est
1664 4995 1719 5039 ttt
1747 4984 2083 5058 Christianus
2109 4982 2368 5058 Christia:

774 5052 870 5123 no,
900 5056 1002 5111 hoc
1036 5065 1120 5111 est
1148 5052 1340 5111 fratres
1365 5066 1713 5126 persecutum
1739 5071 1819 5126 se
1833 5056 2051 5126 militem
2078 5052 2363 5123 adjungat?

776 5128 917 5185 haud
953 5128 1114 5181 dubie
1143 5125 1430 5197 numquam
1472 5125 1697 5197 credidit
1724 5125 1958 5181 futurttm
2003 5125 2368 5197 Tertullianus

779 5208 839 5254 ut
857 5198 1147 5254 Christiani
1180 5196 1378 5254 mutuis
1406 5196 1572 5252 armis
1596 5208 1977 5251 concurrerent
2023 5196 2195 5250 Ruen.

853 5270 928 5339 (c)
960 5269 1226 5323 Credimus
1252 5285 1313 5323 nc
1337 5272 1616 5322 humanum
1636 5277 2027 5322 sacramentum.
2068 5267 2273 5323 Alludit
2306 5264 2372 5319 ad

779 5350 1172 5395 sacramentum
1214 5349 1270 5395 et
1320 5341 1724 5408 responsionem
1769 5342 1881 5393 sive
1928 5340 2373 5394 contestationem

782 5409 1277 5481 ﬁdeiinibaptismo
1303 5408 1515 5464 factam.
1544 5411 1680 5465 Pus.

855 5479 939 5550 (tl)
968 5480 1031 5535 Et
1058 5479 1254 5551 ejerare
1280 5490 1475 5549 patrem
1503 5497 1562 5533 ac
1585 5490 1815 5545 matrem,
1844 5489 1947 5535 etc.
1974 5479 2093 5535 Vox
2146 5482 2231 5535 illa
2272 5480 2376 5548 eie-

781 5567 900 5605 rare
928 5552 1066 5605 idem
1096 5562 1179 5606 est
1217 5561 1377 5620 atque
1414 5551 1653 5605 abdicare
1695 5566 1791 5607 seu
1830 5552 2141 5607 renuntiare.
2175 5553 2378 5608 Sensus

784 5631 963 5677 autem
990 5625 1225 5693 auctoris
1268 5634 1369 5687 est,
1421 5623 1667 5693 baptismi
1718 5633 2056 5677 sacramento
2096 5638 2201 5677 non
2232 5622 2373 5677 aliud

788 5707 909 5749 esse
946 5692 1467 5763 super-inducendum
1494 5692 1903 5747 sacramentum
1946 5694 2195 5749 militare.
2241 5694 2373 5746 Cum

786 5765 929 5818 enim
959 5766 1217 5819 eaStrettsi
1247 5774 1585 5820 sacramento
1626 5781 1684 5819 se
1708 5764 1990 5833 obstringit
2017 5763 2371 5829 Christianus,

787 5833 994 5907 ejerare
1016 5836 1226 5893 videtur
1248 5837 1340 5893 Dei
1360 5839 1530 5906 legem
1553 5852 1656 5904 qua
1680 5836 1971 5893 secundum
1998 5836 2161 5891 Deum
2182 5849 2373 5906 paren-

2380 4577 2433 4636 D

2450 3714 2530 3760 tes
2561 3704 2785 3773 diligere
2810 3702 3085 3773 iubentur.
3125 3701 3203 3756 LE
3235 3701 3331 3757 Pa.

2523 3776 2597 3847 (e)
2647 3769 2787 3840 Quos
2812 3769 2861 3827 et
2894 3774 3223 3843 Evangeh‘nm
3248 3774 3356 3847 solo
3381 3769 3586 3829 Christo
3633 3770 3798 3847 pluris
3838 3787 3942 3847 non
3968 3772 4050 3841 fa-

2451 3843 2587 3902 ciens
2610 3849 2681 3900 sic
2711 3863 2908 3915 quoque
2941 3848 3225 3899 honoravit.
3272 3844 3437 3898 Vetus
3490 3844 3807 3911 exemplar:
3840 3843 3983 3908 Quos
4006 3854 4049 3895 et

2453 3919 2793 3989 Evangelium
2822 3918 2931 3971 solo
2956 3916 3218 3973 Christum
3246 3916 3426 3989 pluris.
3561 3958 3593 3989 ._
3612 3953 3626 3967 .
3659 3931 3861 3989 quoque
3891 3915 4051 3989 hono-

2452 3986 2611 4045 ravit.
2633 3989 2803 4054 Unde,
2829 3992 2942 4043 sive
2966 3992 3225 4056 legamus,
3252 3988 3434 4040 Solum
3474 3986 3731 4039 Christum
3758 3987 3928 4054 pluris
3975 3988 4051 4054 fa-

2454 4064 2628 4123 ciens;
2651 4062 2782 4123 sive,
2816 4058 2943 4113 Solo
2972 4059 3174 4115 Christo
3203 4057 3365 4126 pluris
3404 4074 3505 4111 non
3534 4058 3752 4127 faciens,
3787 4058 3933 4111 idem
3965 4057 4059 4111 erit

2456 4148 2667 4187 sensus.
2700 4132 2820 4185 th.

2530 4205 2592 4274 (f)
2621 4203 2707 4256 Sic
2732 4200 2868 4270 quod
2914 4200 3199 4254 honorauit.
3248 4198 3358 4253 lIoc
3396 4208 3519 4274 est:
3555 4198 3910 4274 Evangelinm
3957 4213 4056 4251 non

2457 4269 2634 4328 ’πεδ’-³⁵
2660 4280 2908 4343 parentes
2954 4282 3247 4343 θίὩπὶηθτη
3292 4272 3599 4343 Ριύκίιηυηι
3635 4269 3891 4343 honorari
3926 4284 4059 4343 [ἦθ’

2456 4348 2599 4415 cepit
2643 4338 2801 4411 quam
2855 4343 2970 4413 lege
3009 4342 3235 4397 Mosaica
3283 4338 3658 4415 praescriptum
3688 4338 4058 4415 _l_‘uerat.__l£te-

2458 4410 2565 4471 nim
2627 4410 2706 4469 lex
2772 4430 2865 4467 eos
2912 4410 3180 4484 'proxime
3246 4410 3367 4482 post
3418 4412 3625 4484 Deum.
3663 4410 4059 4484 ⁸Ιξῖγςιιιευιίιιηι,

2458 4487 2698 4558 proxime
2726 4494 2845 4555 post
2867 4481 3136 4539 Christum
3168 4481 3435 4537 honorare
3453 4483 3633 4551 jussit.
3660 4481 3777 4536 th.

2535 4579 2609 4652 (ξι)
2650 4580 2776 4652 Cui
2812 4594 2901 4652 nec
2947 4578 3147 4652 litigare
3195 4574 3509 4652 conueniet
3550 4571 3748 4627 Alludit
3806 4571 3909 4652 ad_
3939 4570 4064 4652 illud

2462 4653 2478 4707 I
2502 4643 2625 4704 (lor.
2648 4650 2733 4713 Vl,
2748 4651 2809 4704 7:
2829 4649 2950 4701 lam
2966 4643 3164 4718 quidem
3185 4648 3390 4700 omnino
3411 4646 3657 4718 delictum
3676 4653 3747 4718 est
3766 4644 3909 4713 quod
3922 4643 4064 4718 judi-

2466 4724 2545 4777 cia
2577 4720 2767 4774 habetis
2788 4723 2917 4796 inter
2942 4714 3045 4773 vos.
3074 4719 3246 4796 Quare
3274 4734 3375 4796 non
3398 4716 3834 4796 magisinjttriam
3874 4714 4064 4796 accipi-

2467 4795 2564 4848 tis?
2594 4794 2766 4859 Atque
2808 4791 2942 4844 adeo
2974 4806 3076 4842 non
3121 4788 3260 4841 male
3290 4788 3465 4841 Rben.
3486 4786 3722 4859 litigare,
3754 4799 3947 4859 vocem
3986 4786 4065 4852 jo-

2468 4855 2944 4927 riseonsitltorum,
2988 4860 3369 4927 interpretatur
3395 4857 3659 4912 actiooem
3709 4856 3789 4909 vel
3843 4855 3917 4927 it_t_
3946 4870 4064 4924 pcr-

2481 4950 2668 4990 Sonam
2713 4933 2797 4986 vel
2851 4932 2902 4985 in
2934 4924 3066 4986 rem
3097 4924 3236 4999 apud
3263 4927 3500 4998 iudicem
3547 4927 3844 4999 suscipere.
3868 4924 4063 4981 Verum

2474 5004 2857 5061 advertendum
2899 5002 3037 5070 quod
3079 4996 3335 5055 continuo
3362 4998 3638 5070 subiungit
3679 4996 3878 5052 ibidem
3931 4999 4065 5067 Αμοο

2472 5079 2643 5133 stolus
2679 5097 2689 5128 :
2722 5075 2827 5130 Sed
2859 5089 2955 5128 vos
2980 5074 3223 5142 injuriam
3255 5071 3443 5138 facitis,
3469 5080 3575 5124 etc.
3612 5069 3743 5122 Plut.

2552 5171 2630 5239 (11)
2665 5168 2997 5239 Requiescens
3032 5182 3184 5239 super
3208 5162 3579 5239 prlium-Libri
3613 5161 3873 5215 hactenus
3918 5158 4063 5222 editi,

2478 5233 2630 5312 super
2654 5233 2858 5312 luncho.
2888 5237 3175 5312 'l‘._Livi_us,
3199 5237 3243 5312 _l_.
3276 5233 3436 5312 ξων
3466 5250 3479 5286 :
3513 5234 3798 5312 Scutoprw
3826 5248 3891 5312 se
3915 5242 4070 5284 erecto

2481 5301 2615 5369 stare
2643 5311 2865 5382 galeatos
2894 5324 2911 5361 :
2942 5307 3123 5382 deinde
3153 5308 3239 5382 ubi
3271 5305 3391 5382 fessi
3415 5312 3554 5382 sunt,
3580 5304 3784 5357 innixos
3816 5301 3947 5382 pilo,
3978 5318 4061 5353 ca-

2486 5388 2587 5456 pite
2616 5372 2766 5456 super
2790 5380 3068 5448 marginem
3093 5378 3221 5456 scuti
3250 5372 3419 5456 posito
3442 5376 3635 5456 sOpitos
3660 5384 3827 5456 stare.
3846 5372 3969 5456 Bia:

2564 5457 2624 5523 (i)
2650 5441 2743 5508 Cui
2768 5441 3114 5523 creotarenon
3142 5441 3303 5523 licuit.
3354 5441 3559 5523 :l'bura,
3590 5445 3857 5523 videlicet,
3910 5441 4069 5496 idolo.

2481 5515 2687 5582 ϐιόέεῖῐξ
2720 5522 2925 5582 Isidori,
2977 5520 3307 5582 Crentutium,
3349 5515 3737 5570 Holocanstnm.
3762 5515 3885 5568 th.

2548 5599 2608 5665 (ι)
2644 5592 2998 5662 Transgressio
3043 5599 3136 5643 est.
3171 5588 3303 5645 Cod.
3349 5586 3639 5658 Agobardi.
3678 5584 4072 5655 Trausgrcssio~

2480 5669 2559 5723 nis
2590 5678 2681 5721 est.
2716 5666 2836 5719 Rto.
3084 5671 3095 5677 '

2550 5759 2630 5831 (k)
2660 5758 2908 5831 Suscepto
2929 5754 3030 5823 ﬁde
3051 5764 3199 5831 atque
3225 5755 3535 5831 signatanaut
3561 5751 3891 5807 deserendum
3911 5751 4074 5803 statim

2474 5822 2567 5887 sit.‘
2594 5822 2703 5887 Hoc
2726 5838 2829 5896 est,
2853 5822 3151 5883 deSercnda
3180 5824 3389 5879 militia.
3422 5822 3543 5878 Περ.
