4242 6492
187 436 260 495 95
1485 417 1683 477 LIBER
1718 415 1805 472 DE
1840 412 2137 471 CORONA.
3415 396 3486 457 94

188 552 317 626 quid
344 551 601 609 adversus
631 550 795 605 Deum
842 543 1207 602 committatur
1235 578 1250 607 ,
1282 553 1403 611 qua:
1453 552 1551 594 nec
1599 551 1665 591 ex
1692 535 1790 589 mi-
1815 532 1870 593 Α

188 649 307 705 Iitia
346 645 727 717 permittuntur
760 639 870 711 (a);
924 646 1016 691 aut
1066 632 1353 689 novissime
1382 626 1785 701 perpetiendum

188 754 293 809 pro
319 738 445 797 Deo,
493 734 633 805 quod
683 747 835 802 atque
874 728 1006 784 ﬁdes
1033 740 1239 798 pagana
1269 722 1505 779 condixit
1536 721 1634 791 (ὁ).
1681 717 1792 773 Nec

196 833 342 886 enim
378 829 692 883 delictorum
723 824 1115 893 impunitatem,
1144 826 1237 876 aut
1285 814 1660 887 martyriorum
1687 812 1791 866 im-

192 925 510 979 munitatem
562 920 747 974 militia
802 917 1097 987 promittet.
1144 912 1418 982 Nusquam
1454 908 1793 965 Christianus

191 1014 338 1069 aliud
369 1020 471 1067 est.
502 1010 677 1067 Unum
704 1006 1075 1077 Evangelium,
1109 1013 1163 1059 et
1188 1002 1329 1057 idem
1356 1001 1531 1063 Iesus,
1564 1006 1791 1068 negatu-

191 1124 289 1163 HIS
314 1119 528 1160 onmem
571 1111 901 1173 negatorem,
950 1109 1003 1154 et
1050 1096 1395 1153 COIIICSSIII'IIS
1421 1109 1634 1150 omnem
1664 1107 1794 1147 con-

192 1199 457 1254 fessorem
484 1196 600 1260 Dei,
647 1203 701 1249 et
740 1194 941 1247 salvam
970 1190 1210 1245 facturus
1254 1187 1488 1243 animam
1544 1200 1641 1254 pro
1694 1198 1793 1239 no-

193 1290 343 1345 mine
373 1288 487 1357 ejus
537 1288 814 1351 amissam,
862 1283 1168 1353 perditurus
1206 1289 1383 1338 autem
1414 1279 1482 1335 de
1526 1279 1796 1333 contrario

195 1381 461 1436 adversus
505 1393 700 1433 nomen
728 1377 846 1445 ejus
873 1376 1003 1430 lucri
1052 1374 1285 1429 habitam
1319 1371 1530 1443 (Matth.
1580 1371 1650 1437 Χ,
1677 1370 1791 1440 59).

195 1472 355 1542 Apud
382 1472 525 1527 hunc
564 1481 671 1526 tam
700 1470 853 1523 miles
883 1478 967 1524 est
1009 1481 1244 1537 paganus
1274 1465 1451 1521 ﬁdelis
1473 1508 1489 1530 ,
1522 1480 1679 1536 quam
1707 1480 1799 1535 pa-

194 1582 367 1639 ganus
403 1574 484 1621 est
521 1565 677 1620 miles
717 1562 964 1617 inﬁdelis.
998 1559 1115 1615 Non
1171 1559 1408 1614 admittit
1454 1568 1623 1613 status
1672 1557 1795 1612 fidei

197 1660 549 1716 necessitates
580 1657 674 1729 (ε).
697 1655 851 1711 Nulla
876 1663 959 1709 est
980 1653 1275 1708 necessitas
1302 1651 1670 1721 delinquendi,
1693 1652 1804 1721 qui-

197 1752 301 1807 bus
330 1768 432 1806 uua
470 1759 552 1805 est
594 1747 890 1805 necessitas
937 1761 1042 1800 non
1074 1743 1439 1815 delinquendi.
1477 1743 1606 1798 Nam
1639 1751 1695 1800 et
1734 1742 1803 1798 ad

196 1842 610 1899 sacrificandum
658 1849 712 1895 et
735 1838 943 1894 directo
986 1837 1284 1908 negandum
1337 1836 1655 1891 necessitate
1683 1836 1803 1906 quis

196 1934 462 2003 premitur
513 1939 902 1985 tormentorum
945 1929 1058 1983 sive
1106 1943 1383 1999 poenarum
1422 1950 1433 1983 :
1467 1938 1646 1983 tamen
1701 1944 1803 1985 nec

197 2024 274 2079 illi
306 2023 610 2079 necessitati
640 2022 917 2092 disciplina
952 2022 1235 2087 connivet,
1259 2021 1381 2093 quia
1408 2022 1583 2093 potior
1604 2032 1685 2077 est
1706 2039 1801 2077 ne-

195 2117 421 2171 cessitas
440 2115 688 2171 timendae
712 2115 1010 2184 negationis
1028 2124 1081 2168 ct
1098 2114 1329 2170 obeundi
1358 2114 1621 2186 martyrii,
1643 2130 1801 2182 quam

194 2208 489 2263 evadendae
538 2207 802 2276 passionis
856 2217 908 2261 ct
962 2206 1218 2274 implendi
1278 2206 1464 2262 ofﬁcii.
1536 2208 1800 2262 Caeterum

194 2299 461 2354 subvertit
533 2290 698 2353 totam
750 2298 1105 2354 substantiam
1175 2299 1492 2353 sacramenti
1562 2299 1803 2355 causatio

196 2392 488 2459 ejusmodi,
522 2392 766 2448 utetiam
796 2392 1113 2446 voluntariis
1141 2390 1350 2447 delictis
1389 2390 1603 2446 ﬁbulam
1636 2392 1799 2447 laxet.

194 2483 333 2539 Nam
354 2494 410 2538 et
438 2484 688 2540 voluntas
719 2485 915 2553 poterit
946 2483 1028 2555 (l)
1075 2484 1371 2539 necessitas
1406 2483 1675 2549 contendi,
1709 2484 1802 2539 ba-

196 2575 335 2630 hcns
356 2575 563 2631 scilicet
591 2577 732 2630 unde
775 2585 1018 2644 cogatur.
1050 2574 1144 2631 Vel
1192 2576 1361 2645 ipsam
1395 2578 1796 2644 przestruxcritn

194 2676 249 2720 ct
276 2666 344 2720 ad
382 2676 606 2721 ceteras
648 2666 956 2722 ofﬁcialium
990 2682 1311 2722 coronarum
1340 2682 1577 2729 caussas,
1607 2669 1799 2737 quibus

196 2759 616 2815 familiarissima
644 2770 727 2815 est
747 2760 1027 2815 advocatio
1049 2761 1381 2815 necessitatis
1410 2779 1421 2813 :
1452 2777 1572 2816 cum
1598 2761 1796 2817 idcirco

195 2861 293 2906 aut
339 2851 518 2909 officia
558 2852 808 2922 fugienda
855 2853 982 2917 sint,
1027 2868 1093 2906 ne
1139 2852 1191 2906 in
1222 2851 1439 2907 delictis
1469 2852 1795 2919 incidamus;

195 2954 293 3000 aut
320 2957 369 3001 et
397 2947 653 3017 martyrio
685 2944 961 3000 toleranda
992 2945 1119 3004 sint.
1156 2952 1213 2999 nt
1255 2944 1429 2998 ofﬁcia
1464 2960 1795 3012 rumpamus.

196 3037 275 3092 De
304 3042 472 3107 prima
499 3036 679 3105 specie
699 3037 1013 3105 quaestionis
1037 3036 1199 3090 etiam
1251 3036 1454 3089 militiae
1500 3036 1671 3104 ipsius
1698 3034 1800 3090 illi-

193 3132 349 3197 citae,
382 3131 530 3201 plura
579 3145 683 3184 non
716 3130 906 3185 faciam
935 3130 1040 3200 (ιι),
1072 3139 1130 3183 ut
1160 3128 1393 3183 secunda
1427 3127 1703 3194 reddatur,
1733 3144 1800 3183 ne

2492 521 2721 580 CAPUT
2767 520 2884 577 XII.

1968 711 2100 766 Puta
2142 707 2376 777 denique
2429 704 2596 760 licere
2634 701 2881 758 militiam
2918 714 3087 772 usque
3129 698 3196 754 ad
3242 711 3491 754 caussam

1896 817 2131 858 cornum.
2151 799 2256 856 Sed
2286 806 2341 853 et
2370 796 2438 852 de
2463 810 2662 851 corona
2692 794 2839 858 prius
2860 792 3123 848 dicamus.
3145 790 3352 846 Laurea
3388 789 3492 846 ista

1898 894 2130 964 Apollini
2162 891 2248 947 vel
2279 890 2473 945 Libero
2498 902 2649 943 sacra
2688 895 2773 941 est
2793 904 2805 939 :
2828 886 2925 950 illi,
2948 884 3126 939 utdeo
3151 883 3375 938 telorum
3395 883 3491 951 (e);

1902 987 2048 1053 huic,
2078 996 2135 1040 ut
2178 984 2280 1039 deo
2331 980 2748 1059 triumphorum.
2778 978 2867 1034 Sic
2905 977 3064 1033 docet
3088 975 3345 1032 Claudius
3369 990 3494 1031 cum

1896 1092 1951 1139 et
1980 1088 2157 1153 myrto
2188 1078 2258 1149 (ι’)
2284 1079 2357 1131 ait
2378 1076 2578 1130 milites
2601 1073 2838 1128 redimiri
2868 1072 3065 1127 solere.
3091 1070 3316 1126 Veneris
3350 1069 3495 1126 enim

1896 1187 2156 1248 myrtum,
2187 1172 2372 1229 matris
2400 1170 2608 1230 ane,
2642 1184 2746 1221 non
2778 1167 3015 1232 laurum,
3062 1165 3220 1220 etiam
3254 1162 3499 1219 amicula:

1897 1270 2101 1333 Martis,
2129 1283 2225 1338 per
2254 1265 2401 1321 Iliam
2441 1272 2495 1318 et
2534 1260 2789 1316 Romulos
2827 1257 3074 1312 Romani.
3102 1255 3207 1311 Sed
3245 1270 3346 1325 ego
3388 1254 3500 1310 Ve-

1901 1378 2083 1419 nerem
2113 1376 2218 1415 non
2262 1356 2425 1413 credo
2455 1371 2520 1409 ex
2568 1352 2668 1407 hac
2717 1360 2865 1422 parte
2910 1363 3033 1404 cum
3077 1347 3248 1403 Marte
3296 1346 3497 1400 Roma—

1902 1472 2025 1513 nam
2060 1452 2158 1526 (g),
2193 1466 2295 1523 qua
2326 1448 2537 1521 pellicis
2562 1446 2721 1501 dolor
2752 1452 2853 1499 est.
2884 1442 3059 1509 Quum
3088 1449 3142 1495 et
3162 1439 3277 1495 olea
3308 1437 3499 1494 militia

1902 1556 2212 1609 coronatur,
2243 1543 2308 1597 ad
2331 1542 2627 1595 Minervam
2662 1536 2740 1609 (2)
2769 1547 2851 1591 est
2880 1533 3202 1597 idololatria,
3226 1544 3499 1587 armorum

1903 1656 2056 1712 atque
2093 1638 2276 1702 deam,
2312 1633 2405 1690 sed
2434 1642 2487 1688 et
2529 1630 2608 1703 (h)
2634 1629 2751 1699 paci
2780 1643 2901 1682 cum
2947 1626 3198 1696 Neptuno
3250 1624 3395 1679 initae
3436 1638 3502 1678 ex

1908 1734 2008 1788 hac
2044 1732 2241 1787 arbore
2288 1734 2601 1785 coronatam
2641 1725 2742 1792 (5).
2772 1720 2831 1776 In
2862 1720 2946 1776 bis
2972 1721 3077 1775 erit
3102 1718 3231 1775 serti
3257 1716 3506 1774 militaris

1906 1824 2219 1895 superstitio
2264 1821 2463 1891 polluta
2513 1827 2567 1874 et
2597 1817 2874 1888 polluens,
2915 1814 3202 1883 omniaque
3245 1812 3354 1882 jam
3384 1812 3509 1882 pol.

1830 1893 1879 1954 B
1907 1922 2122 1977 luentnr
2158 1926 2213 1972 ct
2239 1915 2464 1972 caussis.
2492 1912 2634 1968 Ecce
2677 1924 2855 1965 annua
2879 1917 3126 1963 votorum
3179 1906 3507 1975 nuncupatio

1908 2013 2037 2089 quid
2065 2010 2317 2067 videtur?
2352 2008 2522 2079 prima
2546 2007 2597 2059 in
2630 2003 2931 2075 principiis,
2960 2000 3194 2056 secunda
3218 2001 3269 2053 in
3297 1999 3507 2070 capito-

1906 2109 2010 2164 liis.
2033 2105 2230 2175 Accipe
2252 2111 2372 2173 post
2398 2102 2514 2155 loca
2532 2107 2587 2155 et
2602 2097 2766 2153 verba
2793 2096 2971 2150 ττι]Νο
3001 2110 3129 2157 TIBI,
3147 2092 3392 2158 .lcrrrtan,
3411 2106 3508 2147 no—

1904 2218 1974 2257 ve
1995 2212 2249 2257 coeamus
2275 2211 2412 2252 anno
2432 2207 2725 2250 DECOBATIS
2740 2204 2973 2246 vovntus
3000 2203 3124 2244 esse
3153 2202 3403 2243 ruruauu
3422 2186 3507 2257 (i).

1905 2293 2071 2363 Cujus
2101 2290 2387 2347 sententiae
2410 2302 2511 2341 vox
2552 2285 2670 2341 est?
2698 2285 2880 2353 utique
2924 2281 3246 2353 negationis.
3284 2280 3510 2335 Etiamsi

1907 2394 2045 2440 tacet
2074 2383 2181 2438 illic
2207 2380 2545 2434 Christianus
2573 2391 2688 2440 ore,
2717 2382 3010 2430 coronatus
3061 2373 3235 2442 capite
3281 2386 3509 2442 respon-

1904 2477 2003 2533 dit.
2034 2474 2233 2529 Eadem
2260 2472 2441 2526 laurea
2486 2470 2537 2523 in
2566 2466 2801 2522 donativi
2857 2465 3259 2535 dispensatione
3296 2463 3508 2520 denun-

1903 2572 2065 2626 tiatur
2102 2566 2262 2638 plane
2301 2578 2407 2619 non
2438 2562 2666 2634 gratuita
2688 2559 3015 2623 idololatria,
3042 2558 3309 2631 aliquibus
3333 2560 3511 2614 aureis

1905 2662 2188 2720 venditans
2204 2659 2495 2722 Christum,
2521 2664 2579 2711 ut
2593 2654 2867 2726 argenteis
2885 2652 3505 2725 .Iudas(.llattlt.XXVI).

1905 2759 2019 2821 Hoc
2064 2757 2202 2821 erit,
2270 2754 2393 2809 Non
2444 2752 2650 2823 potestis
2698 2748 2810 2805 Deo
2874 2748 3059 2804 servire
3112 2757 3158 2802 et
3204 2763 3510 2804 mammona:

1903 2849 2118 2922 (Matth.
2136 2846 2278 2909 XVI,
2303 2845 2399 2914 24)
2426 2863 2438 2898 :
2465 2858 2783 2899 mammona:
2802 2856 3015 2896 manum
3041 2840 3271 2905 tradere,
3295 2839 3374 2913 (4)
3398 2850 3453 2897 et
3476 2857 3507 2898 a

1906 2942 2019 2997 Deo
2041 2936 2340 2995 absistere?
2370 2936 2483 2991 IIoc
2530 2935 2653 2998 erit,
2711 2932 2922 2987 Reddite
2973 2947 3087 3001 qua:
3131 2939 3249 2985 sunt
3291 2930 3509 2987 thsaris

1902 3033 2116 3095 Ctesari,
2152 3040 2198 3085 et
2225 3046 2339 3099 quae
2368 3028 2461 3082 Dei
2487 3025 2597 3080 Deo
2626 3023 2841 3092 (Matth.
2895 3023 3059 3088 XXII,
3102 3023 3195 3094 21)
3227 3039 3240 3076 :
3276 3038 3375 3077 nec
3406 3022 3504 3078 bo-

1899 3132 2100 3181 minem
2134 3126 2240 3180 Deo
2268 3121 2495 3177 reddere
2515 3118 2609 3192 (j).
2640 3127 2694 3172 et
2711 3116 2991 3171 denarium
3018 3116 3218 3172 Caesari
3252 3115 3508 3173 auferre?

194 3223 240 3279 si
270 3225 416 3279 omni
445 3238 549 3294 ope
578 3222 834 3293 expulere
866 3222 1130 3291 militiam,
1160 3221 1351 3278 frustra
1374 3221 1483 3290 jam
1512 3220 1581 3276 de
1596 3235 1795 3276 corona
1822 3251 1867 3315 Ο
1899 3217 2181 3289 Triumplti
2237 3216 2416 3270 laurea
2486 3210 2627 3267 foliis
2682 3208 2910 3263 struitur
2934 3248 2949 3271 ,
2994 3222 3061 3262 an
3122 3207 3508 3264 cadaveribus?

194 3314 414 3371 militari
462 3313 817 3388 provocarim.

1900 3310 2097 3368 lamnis
2139 3316 2361 3363 ornatur
2389 3303 2514 3375 (It),
2567 3316 2634 3356 an
2677 3298 2887 3355 bustis?
2941 3301 3227 3371 unguentis
3275 3300 3505 3357 delibui-

1397 3403 1776 3464 LECTIONES
1811 3401 2223 3462 VARIANTES.

284 3500 330 3558 l)
364 3499 571 3550 Poterat
598 3499 746 3550 Seml.

279 3561 334 3623 2)
363 3561 585 3611 Minerva
598 3570 744 3611 Fran.

267 3615 342 3685 (5)
379 3623 507 3685 Quin
536 3628 589 3673 et
609 3622 718 3673 olea
742 3621 960 3672 militiam
984 3620 1204 3685 coronari
1229 3631 1257 3669 a
1279 3620 1496 3671 Minerva
1516 3631 1610 3685 non
1633 3615 1790 3669 solum

189 3682 506 3748 srtiuin,sed
530 3699 772 3736 armorum
787 3697 983 3747 quoque
1006 3683 1135 3733 dea:
1161 3692 1216 3735 et
1237 3696 1406 3748 pacem
1428 3695 1540 3733 cum
1563 3682 1793 3746 Neptuno

1901 3495 2071 3544 iniisse
2110 3504 2175 3540 ex
2199 3490 2290 3537 bac
2312 3486 2508 3543 arbore,
2535 3491 2631 3547 etc.
2664 3491 2814 3532 Fran.
2846 3481 3012 3533 Paris.
3038 3481 3141 3547 Sed
3164 3489 3214 3534 et
3253 3494 3372 3547 pace
3393 3496 3504 3536 cum

1901 3555 2131 3607 Neptuno
2154 3551 2274 3600 inita
2298 3562 2363 3598 ex
2389 3548 2480 3597 hac
2501 3546 2678 3597 arbore
2702 3550 3002 3595 coronatam.
3025 3544 3148 3595 Jun.

1998 3618 2046 3681 I)
2070 3615 2159 3667 Est
2182 3615 2329 3675 Leop.

1551 3763 2116 3823 COMMENTARIUS.

267 3864 349 3933 (τι)
385 3864 512 3931 Qua:
553 3880 645 3918 nec
661 3879 724 3917 ea:
744 3862 926 3933 militia
947 3861 1327 3933 permittuntur.
1357 3857 1510 3924 Quod
1526 3860 1590 3933 in
1611 3874 1793 3933 exemf

191 3929 339 4007 plari'
358 3929 572 4007 legitur,
632 3934 798 4007 Extra
823 3931 1079 4007 militiam,
1106 3932 1284 4007 minus
1330 3944 1449 4007 esse
1490 3929 1698 4007 videtur
1726 3930 1793 3984 ad

192 3999 435 4062 inentent
460 3999 798 4060 Tertulliani.
831 4002 962 4057 Nam
1020 4001 1121 4057 hoc
1163 4001 1261 4055 sibi
1302 4001 1417 4053 vult
1450 4017 1461 4051 :
1491 3999 1794 4054 Christiano

189 4095 351 4143 ovem
401 4077 531 4132 ﬁdes
557 4078 610 4130 in
636 4074 821 4130 militia
840 4072 1211 4143 deprehendit,
1234 4081 1333 4143 aut
1348 4070 1524 4123 statim
1548 4080 1791 4143 suscepta

190 4140 299 4205 ﬁde
351 4147 705 4203 chercodatn
740 4161 861 4201 esse
901 4140 1163 4211 militiam,
1197 4142 1336 4211 quod
1383 4156 1447 4195 ex
1500 4140 1710 4201 militia,
1742 4141 1792 4195 id

189 4235 274 4278 cst
303 4237 401 4293 per
428 4218 632 4274 militiae
673 4218 832 4293 leges,
858 4232 961 4271 non
996 4217 1118 4293 licet
1142 4233 1168 4293 :_
1208 4222 1299 4293 aut
1333 4213 1511 4293 modis
1545 4212 1794 4266 omnibus

188 4283 489 4348 Cavendum
522 4308 589 4343 ne
619 4283 750 4357 quid
770 4290 1030 4342 adversus
1059 4286 1402 4357 Christianam
1447 4283 1603 4357 fidem
1642 4298 1792 4357 com-

190 4364 391 4426 mittat,
420 4362 561 4432 quod
597 4353 719 4415 item
752 4375 816 4414 es
859 4358 1062 4413 militiae
1103 4370 1339 4432 romanae
1370 4355 1575 4432 legibus
1607 4354 1692 4406 vix
1724 4353 1791 4432 Ii-_-

189 4444 347 4497 ceat;
377 4424 465 4488 aut
492 4441 736 4490 extrema
757 4445 982 4499 qumque
1014 4425 1353 4499 perpetienda
1382 4442 1480 4499 pro
1491 4424 1788 4499 _Iieo,_quod

188 4495 371 4559 omnis
422 4495 1146 4559 Christianus’Cbristo'ﬁde
1175 4497 1313 4551 dicta
1348 4495 1605 4548 condixit.
1640 4495 1757 4549 lito.

266 4574 348 4646 (h)
381 4574 530 4646 Quod
558 4590 700 4646 atque
726 4572 859 4646 ﬁdes
879 4588 1081 4641 pagana
1122 4569 1379 4646 condixi_t._
1404 4566 1647 4627 Mortem,
1678 4566 1785 4646 sci-

189 4636 342 4701 licet:
374 4636 505 4700 Nam
535 4636 635 4700 hoc
667 4636 970 4700 Christiani}
1042 4637 1379 4710 paganus.__id
1420 4646 1503 4710 est
1544 4651 1648 4689 non
1680 4636 1781 4688 mi-

190 4718 295 4779 les,
324 4733 478 4787 mque
506 4716 722 4771 Christo
741 4713 979 4787 condixit
1000 4708 1264 4787 ae_rniles.
1292 4708 1441 4763 Hanc
1466 4708 1787 4777 interpreta-

197 4782 406 4843 tionem
432 4796 721 4857 suggerunt
742 4782 1183 4857 scqttentiaalltc.

265 4863 342 4919 fc)
381 4851 517 4911 Non-
534 4851 759 4911 admittit
780 4851 939 4909 status
985 4855 1104 4918 ﬁdei
1150 4852 1483 4906 necessitates.
1530 4851 1597 4904 At
1640 4860 1790 4903 extra

188 4940 393 4986 statum
424 4929 544 4985 fidei
583 4929 933 4982 admittuntur
966 4924 1205 4995 (Apolog.
1249 4921 1423 4995 XLV,
1453 4923 1533 4995 (ίεεΔ
1568 4920 1787 4975 lfxltort.

187 5011 319 5055 cast.
360 5000 469 5067 Vl).
528 4999 826 5054 Necessitas
891 4992 983 5052 ad?
1029 4992 1426 5067 excusationem
1487 4992 1790 5067 deputatur

190 5070 296 5137 (De
323 5062 517 5123 Idolol.
562 5068 653 5124 Χ).
702 5069 1003 5137 Opponitur
1030 5066 1323 5122 necessitas
1350 5062 1507 5137 quasi
1527 5062 1787 5137 depreca-

190 5083 296 5137 (Ue
323 5083 517 5123 ldotot.
563 5083 653 5124 λ).
702 5083 782 5123 υ)
839 5083 1003 5123 mitur
1030 5083 1323 5122 ttecessuas
1350 5083 1498 5134 quam
1527 5083 1787 5131 uepreea-

190 5143 296 5196 trix
332 5141 574 5211 (Apolog.
604 5083 855 5210 1121111),
888 5150 941 5194 et
968 5138 1055 5192 hic
1087 5137 1243 5261 ppulo
1267 5144 1422 5204 post:
1459 5132 1787 5188 Familiaris-

190 5214 323 5261 sinm
343 5221 419 5261 est
447 5213 709 5261 aduocatio
738 5210 1066 5261 necessitatis.
1144 5223 1212 5261 ιθ.

187 5214 323 5269 sima
343 5221 419 5267 est
447 5210 709 5266 adbocatio
738 5210 1066 5264 necessitatis.
1094 5210 1212 5263 Rto.

264 5284 347 5355 (d)
381 5282 559 5355 Plora
580 5283 926 5355 nonjaciam.
958 5279 1115 5355 Liber
1162 5275 1449 5355 Agoliardi,
1482 5273 1647 5329 Plura
1686 5290 1789 5329 non

191 5348 410 5427 faciunt.
442 5353 646 5427 Ursini,
686 5348 972 5427 Horatian
999 5348 1359 5427 facittnt._lltc.

262 5425 423 5481 CAP.
457 5422 573 5479 XII.
599 5452 673 5464 —
698 5421 892 5494 (elllli
915 5432 973 5494 tu
999 5416 1117 5475 Ἰ]εο
1162 5418 1393 5472 telorum.
1419 5417 1533 5494 Huc
1557 5416 1790 5494 pertinet

189 5497 333 5566 quod
353 5514 381 5549 ει
413 5496 633 5549 Platone
663 5488 853 5566 Apollo
895 5490 1102 5566 dicatur
1126 5496 1225 5546 ἀτδ
1249 5496 1331 5546 τοῦ
1360 5491 1588 5549 πάλλειν,
1620 5488 1790 5566 idest

188 5558 523 5650 ajaculattdo
539 5606 551 5623 .
569 5558 894 5650 unme'etiam
914 5562 1108 5650 factum
1133 5571 1329 5650 uicum
1356 5574 1480 5614 arcu
1507 5568 1560 5613 et
1582 5558 1786 5627 sagittis

189 5633 309 5709 eius
349 5638 630 5709 simulacra
662 5636 876 5709 formari
908 5633 1299 5709 solea_nt_.__I’_/tu.

266 5708 331 5778 (Γ)
358 5708 482 5761 Cum
507 5718 555 5760 et
588 5716 768 5777 myrto.
803 5706 1001 5778 Myrtus
1040 5703 1246 5778 bellicis
1271 5716 1481 5778 quoque
1510 5699 1675 5778 relt_us_
1699 5700 1780 5754 in-

188 5771 374 5843 servit,
406 5771 943 5844 triuniph'ansque'dc
970 5774 1181 5827 Sabinis
1213 5773 1553 5827 Posthtunius
1582 5771 1783 5844 Tuber-

190 5861 273 5907 tus
310 5842 367 5906 in
403 5842 710 5913 consulatu,
738 5842 824 5918 qui
859 5848 1080 5918 primus
1106 5846 1344 5918 omnium
1379 5858 1545 5896 ovans
1589 5842 1776 5897 urbem

189 5931 462 5995 ingressus
492 5930 598 5989 est,
627 5916 874 5991 quoniam
920 5933 1033 5974 rem
1072 5916 1258 5973 leviter
1282 5916 1396 5970 sine
1438 5928 1630 5971 cruore
1652 5928 1780 5983 ges-

1813 4674 1868 4734 D

1898 3864 2066 3923 serat,
2100 3846 2506 3926 myrtoveneris
2526 3843 2758 3926 victricis
2778 3848 3065 3926 coronatus
3093 3842 3313 3926 incedit,
3343 3856 3499 3917 cpta-

1897 3912 2175 3996 bilem'qne'
2208 3922 2455 3996 arborem
2482 3916 2641 3996 etiam
2686 3914 2930 3969 hostibus
2957 3912 3105 3967 fecit.
3144 3913 3266 3970 Haec
3312 3912 3496 3988 postea

1897 3986 2174 4053 ovatttiittn
2209 3993 2305 4047 fuit
2329 4001 2548 4045 corona.
2583 3986 2752 4039 linea.

1970 4067 2050 4139 (ε)
2079 4068 2186 4121 Sed
2215 4079 2333 4133 ergo
2370 4060 2609 4139 Venerem
2638 4073 2739 4139 non
2767 4055 3021 4139 ενςιίοξπ
3064 4057 3160 4109 hac
3200 4067 3345 4127 parte
3380 4077 3494 4115 cum

1902 4122 2068 4196 Μᾶἷίίο
2096 4122 2400 4195 llomaiiam.
2440 4131 2681 4194 Martem,
2710 4126 2899 4197 inquit,
2936 4122 3230 4182 liomanum
3255 4131 3495 4186 credide-

1898 4213 1998 4265 rim
2031 4229 2095 4265 ex
2121 4228 2183 4266 ea
2217 4216 2484 4278 partequa
2515 4199 2772 4278 Romulos
2801 4197 2979 4278 exul-lia
3011 4201 3265 4278 suscepit.
3301 4204 3369 4256 At
3389 4203 3492 4259 Vc-

1900 4298 2079 4337 nercm
2108 4299 2172 4337 εχ
2219 4270 2278 4333 'oa
2312 4270 2463 4348 parte
2498 4286 2601 4339 qua
2648 4270 2793 4323 Iliam
2824 4270 2923 4348 sibi
2954 4270 3199 4348 pellicem
3231 4276 3401 4329 sensit
3440 4284 3494 4331 et

1898 4353 2143 4415 indoluit,
2164 4340 2439 4406 romanam
2470 4358 2592 4404 esse
2642 4356 2745 4415 non
2777 4340 3027 4415 arbitror.
3062 4341 3177 4397 Rm.

1968 4422 2049 4495 (h)
2082 4408 2205 4480 Paci
2231 4437 2345 4474 cum
2370 4416 2630 4495 Neptuno.
2651 4411 2913 4495 Quonia‘m
2940 4408 3313 4495 Minervacum
3342 4416 3490 4471 olea-

1894 4479 2045 4563 gain;
2073 4509 2270 4549 corona
2307 4479 2491 4563 pacein
2522 4485 2637 4538 iniit
2685 4498 2806 4537 cum
2851 4479 3119 4550 Neptuno,
3176 4484 3296 4540 ideo
3345 4489 3490 4556 pacis

1893 4558 2017 4620 nota
2045 4575 2127 4618 est
2158 4558 2403 4617 oleaCLE
2431 4558 2525 4612 Pa.

1965 4638 2026 4708 (ἰ)
2062 4635 2207 4690 Tum:
2239 4633 2344 4708 tibi,
2376 4630 2598 4708 Jupiter,
2626 4625 2745 4680 bove
2794 4622 3029 4708 cornibus
3061 4640 3195 4708 auro
3242 4624 3489 4708 decoratis

1893 4695 2117 4761 vadimus
2137 4724 2241 4760 esse
2263 4695 2641 4773 futuruinJIaec
2666 4707 2747 4773 est
2764 4695 2961 4773 veteris
2975 4695 3485 4773 codicisscriptitra,

1894 4794 2016 4848 quae
2062 4766 2272 4832 firmari
2290 4775 2448 4829 etiam
2491 4770 2658 4848 possit
2698 4766 3317 4848 inscripti-on‘evantiqna‘
3343 4767 3484 4848 1³-ςὲ-

1895 4835 2033 4903 trum
2087 4848 2376 4906 Arvalium,
2410 4835 2679 4913 quagin
2698 4838 2908 4913 habet:
2938 4835 3136 4892 BOVE.
3184 4838 3485 4897 AUIIATO.

1894 4918 2215 4976 VOVIMUS.
2252 4907 2438 4971 ESSE:
2462 4907 2814 4969 FUTURUM.
2849 4907 2972 4963 Rto.

1967 4990 2032 5063 (j)
2058 4989 2169 5044 Nec
2204 4989 2462 5063 hominth
2494 4984 2603 5063 ped
2629 4980 2874 5063 reddere.
2922 4978 3221 5063 Qtti'lamen
3274 4989 3357 5034 est
3385 4998 3482 5036 ntt-

1894 5049 2084 5117 misma
2116 5072 2167 5115 et
2200 5062 2371 5129 imago
2416 5055 2529 5109 Dei.
2580 5054 2667 5106 Ait
2725 5049 3310 5129 igitttr_Cbris_tian_um,
3363 5067 3485 5129 cum

1894 5134 1963 5187 sit
1988 5142 2042 5187 et
2078 5134 2226 5185 miles
2253 5119 2645 5185 et'coronatns,
2674 5137 2780 5175 non
2811 5120 3038 5175 reddere
3067 5119 3336 5176 hominem
3375 5122 3483 5177 Deo

1891 5206 2017 5275 quia
2043 5220 2189 5275 cumA
2205 5208 2394 5275 ornatu
2432 5196 2629 5275 incedit
2653 5192 2827 5275 idolis
2852 5191 3048 5275 dicato,
3102 5200 3180 5275 et_
3202 5190 3481 5273 dottarimn

1894 5260 2108 5329 auferre
2153 5270 2375 5333 Cmsuri,
2420 5266 2541 5335 quia
2589 5262 2753 5319 refert
2781 5262 2847 5335 ab
2888 5260 3103 5335 Cgsare
3148 5261 3478 5329 donativum;

1894 5346 2072 5417 imque
2103 5360 2206 5399 ηοη
2236 5331 2781 5417 rretldere‘quawtmt
2810 5331 2900 5417 Dei
2944 5331 3277 5417 Deo,._ne.que
3320 5335 3482 5417 etiam

1893 5402 2013 5487 qua.)
2040 5426 2163 5470 sunt
2210 5410 2435 5487 Caesaris
2460 5402 2679 5462 Caisari.
2708 5403 2983 5487 Signiﬁcat
3023 5402 3224 5484 militiae
3265 5404 3481 5487 prndio-

1894 5472 2120 5557 rmnque
2167 5484 2377 5557 negotia
2430 5494 2533 5557 non
2580 5473 2867 5531 convenire
2908 5472 3233 5557 Christiano.
3292 5474 3480 5557 Praelia

1895 5544 2499 5629 relinquendavcmsari,
2529 5562 2781 5629 coronam
2813 5544 3009 5629 sa-c'ullo
3033 5552 3086 5629 et
3112 5544 3323 5629 Sata'rnc
3348 5563 3360 5598 :
3387 5547 3483 5629 ho:

1890 5612 2086 5683 minati:
2121 5630 2312 5697 ipsum,
2345 5612 2788 5697 imagincmul)ei,
2833 5612 3162 5697 reddendum
3223 5613 3352 5697 Deo,
3385 5618 3481 5671 sed

1889 5715 2102 5769 purum,
2129 5683 2220 5751 sed
2255 5683 2503 5758 libet-otii,
2534 5690 2729 5745 nullius
2757 5701 2989 5744 servum,
3014 5683 3210 5738 nullius
3230 5687 3478 5754 militem,

1888 5782 2081 5841 prmter
2114 5772 2223 5822 Dei.
2259 5769 2374 5821 Illo.

1961 5824 2293 5917 (Itermth
2357 5847 2584 5893 ornatur.
2655 5831 2816 5888 Vetus
2889 5827 3201 5901 exemplar,
3256 5824 3481 5887 Lemnis.

1884 5910 2197 5969 Lemniscis.
2229 5910 2348 5966 th.
