4242 6492
775 389 846 450 95

2197 398 2654 458 TER'I'ULIJANI
4005 413 4070 469 96

774 501 1031 601 tur(l)an
1049 503 1300 601 Iacr‘ymis
1315 505 1597 601 conjugum
1617 517 1669 563 et
1688 515 1916 564 matrum
1934 507 1956 560 ?
1973 508 2219 566 Fortasse
2239 527 2374 581 quo-
2405 516 2453 574 Α
2483 516 2564 571 Ab
2587 519 2704 589 ipso
2733 521 2962 578 incolatu
2990 521 3277 594 Babylonis
3308 526 3446 583 illius
3476 529 3527 583 in
3562 529 3883 601 Apocalypsi
3912 528 4046 584 Joao

779 597 1024 653 rmndam
1051 608 1104 653 ct
1129 599 1555 655 Christianorum
1583 620 1595 654 :
1629 602 1703 672 (α)
1722 613 1775 657 ct
1793 602 1929 673 apud
1948 603 2202 659 barbaros
2231 606 2373 659 enim

775 689 1044 746 Christus.
1085 691 1160 763 (b)
1186 693 1283 759 Qui
1317 693 1452 748 hanc
1495 697 1788 764 portaverit
1814 697 1865 750 in
1895 698 2068 766 capite
2105 713 2369 762 caussam,

775 798 956 838 nonne
994 792 1048 838 et
1102 783 1214 852 ipse
1239 786 1603 854 oppugnavit?
1633 785 1729 840 Est
1757 797 1810 841 et
1838 787 1939 840 alia
1983 789 2166 842 militia
2200 791 2373 859 regia-

778 891 899 932 rum
933 876 1273 932 familiarum.
1307 876 1436 933 Nam
1468 888 1523 933 et
1559 889 1864 934 castrenses
1886 882 2225 950 appellantur
2253 897 2370 935 mu-

775 968 968 1024 nilicize
991 965 1085 1039 (ι’),
1112 978 1163 1023 et
1200 969 1328 1040 ipsa:
1351 970 1668 1025 solemnium
1693 972 2153 1028 Caesareanorum.
2181 974 2284 1029 Sed
2317 984 2372 1036 et

773 1067 829 1112 tu
860 1059 1080 1127 proinde
1110 1060 1265 1114 miles
1291 1075 1355 1114 ac
1379 1075 1567 1116 servus
1590 1061 1812 1117 alterius
1837 1076 1896 1118 cs
1926 1081 1938 1116 :
1964 1074 2019 1119 et
2043 1065 2086 1118 si
2119 1065 2367 1134 duorum,

773 1151 870 1207 Dei
913 1162 969 1208 et
1005 1151 1256 1218 Caesaris,
1285 1165 1434 1210 certe
1475 1164 1601 1210 tunc
1631 1174 1734 1212 non
1759 1157 2009 1224 Czesaris,
2033 1175 2155 1214 cum
2184 1171 2235 1217 te
2262 1163 2370 1218 Deo

771 1243 962 1312 debes,
994 1247 1154 1302 etiam
1187 1247 1239 1301 in
1277 1249 1672 1317 communibus,
1698 1251 1884 1319 credo,
1918 1254 2137 1322 potiori.

1375 1448 1603 1506 CAPLT
1630 1449 1768 1506 XIII.

843 1629 1116 1685 Coronant
1141 1640 1196 1686 et
1218 1630 1460 1701 publicos
1482 1632 1703 1688 ordines
1732 1633 1927 1690 laureis
1957 1635 2179 1704 publica:
2205 1651 2368 1692 caus-

771 1737 882 1783 sae.
915 1725 1257 1794 magistratus
1295 1739 1422 1779 vero
1471 1725 1686 1796 insuper
1713 1728 1891 1782 aureis
1924 1728 2027 1797 (2).
2056 1728 2135 1798 (ά)
2169 1729 2370 1799 Super-

2480 614 2562 665 nis
2606 614 2991 669 submoventur
3023 618 3222 686 (Apol.,
3252 617 3463 691 XVIII),
3515 622 3708 677 nedum
3754 637 3782 675 a
3811 632 4069 692 suggestu

2478 702 2582 771 (4).
2616 703 2916 758 Coronatur
2961 716 3016 760 et
3047 707 3239 778 vulgus
3266 725 3406 764 nunc
3445 726 3510 766 ex
3547 714 3919 782 principalium
3950 727 4070 782 pro-

2478 797 2791 864 speritatum
2815 801 3164 866 exultatione,
3189 818 3330 858 nunc
3357 819 3422 858 ex
3450 807 3849 876 municipalium
3879 807 4074 860 solem-

2477 888 2702 943 nitatqu
2737 893 3062 961 proprietate
3093 911 3105 946 :
3134 904 3189 948 et
3213 897 3490 951 estomnis
3514 897 3740 966 publica:
3768 897 3973 952 hctitiae
4003 898 4074 950 lu-

2477 983 2625 1036 xuria
2655 983 2935 1052 captatrix.
2967 984 3071 1042 Sed
3103 995 3156 1041 tu
3182 990 3492 1059 peregrinus
3520 990 3700 1044 mundi
3728 989 3910 1059 hujus,
3944 989 4070 1043 civis

2473 1089 2720 1144 supernae
2752 1075 3070 1132 Jerusalem.
3107 1078 3329 1146 Noster,
3385 1081 3554 1151 inquit
3600 1079 3792 1150 (Phil.,
3823 1080 3912 1145 III,
3947 1080 4069 1151 20),

2473 1168 2811 1236 nnmicipatus
2833 1169 2886 1222 in
2905 1171 3064 1224 caelis.
3096 1171 3269 1226 Habes
3299 1181 3416 1227 tuos
3454 1187 3644 1229 sensus
3688 1175 3791 1244 (lt),
3823 1183 3945 1227 tuos
3969 1174 4071 1225 las-

2476 1268 2559 1314 tos
2594 1279 2606 1314 :
2642 1259 2773 1314 nihil
2804 1262 2898 1315 tibi
2931 1276 3049 1316 cum
3075 1264 3285 1333 gaudiis
3336 1265 3555 1327 smculi;
3585 1266 3693 1319 imo
3740 1265 4068 1319 contrarium

2427 1377 2430 1380 λ
2473 1350 2638 1407 debes
2656 1371 2667 1406 :
2686 1352 2947 1408 chulum
2960 1354 3104 1410 enim
3118 1357 3372 1426 gaudebit,
3390 1372 3475 1410 vos
3491 1373 3606 1410 vero
3630 1357 3866 1426 lugebitis
3883 1356 4064 1425 (locu.

2475 1446 2616 1511 XVI,
2644 1447 2714 1502 20
2744 1451 2787 1517 ).
2819 1448 2884 1502 Et
2923 1459 3072 1518 puto,
3102 1450 3274 1519 felices
3321 1451 3394 1504 ait
3431 1451 3656 1521 lugentes
3699 1449 3945 1520 (Matth.,
3992 1449 4069 1512 γ,

2470 1539 2552 1608 5),
2583 1556 2688 1595 non
2732 1551 3035 1596 coronatos.
3092 1543 3156 1612 (i)
3207 1543 3479 1598 Coronam
3505 1554 3558 1598 et
3581 1544 3778 1613 nuptias
3804 1558 4071 1612 sponsos,

2475 1633 2596 1688 ideo
2637 1650 2741 1687 non
2790 1635 3052 1690 nubamus
3079 1637 3344 1702 ethnicis,
3393 1653 3461 1692 ne
3487 1652 3585 1692 nos
3610 1637 3676 1691 ad
3713 1637 4069 1692 idololatriam

2476 1742 2645 1797 usque
2672 1727 2956 1793 deducant,
2991 1744 3145 1800 aqua
3184 1731 3322 1799 apud
3369 1733 3487 1787 illos
3519 1734 3718 1802 nuptiae
3764 1733 4029 1801 incipiunt
4062 1747 4077 1789 :

770 1819 1017 1876 feruntur
1034 1822 1190 1877 etiam
1223 1823 1329 1878 illis
1361 1822 1652 1878 Hetrusca.
1683 1823 1794 1879 lloc
1824 1825 2143 1880 vocabulum
2170 1835 2252 1880 est
2280 1841 2369 1880 co-
2399 1822 2447 1881 B
2478 1821 2642 1877 habes
2673 1821 2842 1891 legem
2870 1838 2898 1875 τι
2947 1823 3270 1880 Patriarchis
3299 1825 3514 1896 quidem
3545 1825 3724 1896 (Gem.
3760 1826 3958 1881 XXIV-
4004 1829 4065 1891 ὅς

770 1927 1048 1978 ronarum,
1079 1929 1212 1984 quas
1242 1916 1470 1985 gemmis
1493 1927 1548 1970 et
1569 1915 1710 1970 loliis
1744 1932 1810 1972 ex
1838 1931 1971 1972 auro
1999 1917 2269 1987 qucrcinis
2305 1917 2374 1972 ob

769 2006 957 2064 Jovem
1013 2008 1234 2078 insignis
1260 2008 1333 2080 (e)
1369 2010 1435 2064 ad
1463 2008 1808 2064 deducendas
1840 2009 2058 2066 thensas
2100 2026 2220 2064 cum
2262 2011 2372 2080 pal-

770 2101 934 2154 matis
958 2103 1095 2171 togis
1125 2115 1364 2158 sumunt.
1395 2101 1532 2156 Sunt
1552 2114 1604 2157 et
1627 2103 1982 2173 provinciales
2013 2118 2212 2170 aurea),
2238 2105 2370 2156 ima-

771 2189 954 2260 ginum
981 2191 1114 2260 jam,
1148 2208 1254 2246 non
1298 2194 1556 2258 virorum,
1602 2194 1774 2262 capita
1802 2193 2001 2264 majora
2046 2206 2369 2262 qmerentes.

768 2280 874 2337 Sed
925 2283 998 2336 tui
1039 2281 1258 2336 ordines
1303 2293 1358 2338 et
1409 2284 1482 2340 tui
1527 2287 1888 2353 magistratus,
1919 2295 1972 2339 et
2008 2286 2180 2354 ipsum
2209 2286 2372 2342 curia:

769 2386 964 2428 nomen
1014 2373 1248 2429 Ecclesia
1291 2384 1372 2428 est
1401 2374 1622 2430 Christi.
1659 2376 1804 2430 Illius
1841 2391 1901 2431 es
1936 2375 2003 2448 (f)
2036 2379 2372 2447 conscriptus

769 2463 823 2520 in
843 2464 991 2520 libris
1007 2465 1128 2520 vita:
1151 2464 1318 2534 (Pliil.
1352 2465 1453 2527 IV;
1483 2467 1641 2537 Apoc.
1679 2466 1840 2536 XIII).
1864 2466 1973 2521 Illic
2000 2484 2244 2537 purpura:
2268 2478 2371 2522 tute

768 2557 985 2625 sanguis
1056 2555 1262 2610 Domini
1330 2566 1384 2610 et
1435 2557 1616 2611 clavus
1680 2556 1817 2613 latus
1884 2559 1934 2612 in
1992 2574 2149 2613 cruce
2210 2561 2373 2630 ipsius

767 2646 1005 2716 (Malth.,
1035 2648 1274 2718 XXVII);
1302 2649 1407 2704 illic
1435 2653 1642 2705 securis
1667 2651 1733 2704 ad
1756 2651 2029 2706 caudicem
2057 2653 2139 2723 ('5)
2161 2654 2369 2707 arboris

768 2740 942 2811 posita
981 2739 1220 2810 (Matth,
1252 2740 1338 2806 III,
1374 2741 1486 2812 I0),
1518 2744 1592 2814 (g)
1617 2743 1723 2799 illic
1752 2743 1877 2815 (ls.,
1907 2743 2000 2809 XI,
2031 2746 2079 2815 I)
2109 2745 2268 2815 virga:
2295 2761 2364 2801 es

767 2831 940 2890 lesse.
1005 2831 1251 2888 Viderint
1285 2844 1338 2889 et
1388 2834 1585 2903 publici
1645 2836 1767 2906 equi
1798 2849 1921 2890 cum
1978 2838 2195 2890 coronis
2234 2837 2367 2890 suis.

769 2923 1028 2982 Dominus
1079 2936 1238 2990 tuus,
1284 2925 1372 2980 ubi
1418 2926 1709 2981 secundum
1751 2927 2082 2998 Scripturam
2124 2928 2364 2998 (.Ilatth.,

769 3015 893 3073 XXI
928 3015 1274 3089 )Jerusalem
1303 3017 1504 3088 ingredi
1555 3018 1718 3073 voluit
1749 3061 1763 3084 ,
1796 3034 1894 3074 nec
1935 3019 2142 3074 asinum
2189 3021 2371 3076 habuit

771 3113 1058 3185 privatum.
1089 3110 1187 3166 Isti
1231 3114 1283 3166 in
1313 3114 1543 3167 curribus
1569 3124 1614 3167 et
1643 3115 1726 3168 isti
1753 3116 1806 3168 in
1845 3116 2002 3184 equis,
2054 3131 2145 3169 nos
2193 3127 2362 3170 autent

2479 1913 2616 1976 ϐαι..
2647 1910 2760 1981 III),
2795 1914 2958 1970 habes
2987 1917 3287 1984 apostolum
3319 1919 3370 1970 in
3398 1915 3621 1970 Domino
3655 1917 3845 1972 nubere
3875 1918 4067 1987 juben-

2479 2014 2582 2060 tcm
2614 2005 2657 2077 (I
2693 2005 2838 2069 Cor.,
2873 2005 3008 2076 VII).
3037 2006 3275 2062 Coronat
3304 2017 3358 2063 et
3394 2009 3610 2064 libertas
3641 2010 3941 2064 sa'cularis.
3970 2009 4071 2065 Sed

2479 2106 2530 2150 tu
2557 2098 2666 2166 jam
2697 2098 3005 2169 redemptus
3054 2116 3114 2155 es
3163 2115 3192 2154 a
3239 2100 3487 2168 Christo,
3527 2112 3581 2156 et
3609 2101 3826 2171 quidem
3857 2115 4068 2171 magno.

2478 2188 2705 2244 Servum
2769 2191 3000 2246 alienum
3063 2192 3333 2260 quomodo
3383 2195 3636 2246 saeculum
3691 2195 4072 2249 tuanumittet?

2480 2282 2592 2337 Etsi
2645 2283 2862 2336 libertas
2891 2282 3102 2336 videtur
3131 2283 3236 2354 (5),
3281 2283 3374 2338 sed
3400 2294 3455 2339 et
3496 2285 3728 2338 Servitus
3769 2284 4070 2340 videbatur.

2477 2377 2664 2430 Omnia
2714 2375 3020 2444 imaginaria
3056 2378 3106 2428 in
3159 2377 3382 2443 saeculo,
3429 2386 3480 2430 et
3513 2376 3641 2430 nihil
3699 2377 3834 2432 veri.
3871 2378 4005 2432 Nam
4026 2388 4077 2432 et

2479 2476 2604 2522 tunc
2662 2466 2794 2520 liber
2852 2465 3083 2522 hominis
3121 2483 3242 2522 cras
3291 2469 3600 2538 redemptus
3640 2486 3670 2522 a
3723 2469 3947 2524 Christo
3981 2490 3993 2524 :
4027 2481 4076 2524 ct

2478 2575 2618 2615 nunc
2638 2575 2825 2614 servus
2853 2575 2913 2615 es
2941 2559 3142 2616 Christi
3167 2603 3182 2625 ,
3213 2561 3332 2616 licet
3353 2563 3712 2617 manumissus
3734 2564 3802 2616 ab
3831 2563 4073 2618 homine.

2477 2651 2532 2707 Si
2563 2668 2740 2707 veram
2774 2663 2926 2722 putes
2970 2653 3152 2707 saeculi
3183 2652 3516 2717 libertatem,
3566 2663 3624 2707 ut
3668 2663 3722 2708 et
3768 2669 3971 2709 corona
3997 2654 4074 2723 (6)

2474 2745 2778 2814 consigncs,
2808 2742 3012 2798 rediisti
3061 2743 3112 2796 in
3146 2746 3456 2798 servitutem
3485 2743 3716 2798 hominis
3742 2785 3755 2809 ,
3788 2760 3954 2815 quam
3985 2761 4077 2814 pu-

2477 2849 2558 2895 tes
2610 2840 2905 2893 libertalem
2936 2855 2950 2902 ;
2980 2839 3206 2893 amisisti
3260 2841 3557 2894 libertatem
3607 2838 3848 2906 Christi,
3908 2857 4069 2912 quam

2477 2944 2630 3002 putas
2668 2931 2995 2984 servitutem.
3033 2930 3107 3001 (j)
3144 2929 3410 3001 Numquid
3440 2943 3492 2986 et
3519 2932 3830 3001 agonistica:
3871 2947 4076 2986 caussae

2479 3022 2887 3092 disputabumur
2913 3063 2929 3089 ,
2978 3038 3113 3092 quas
3161 3025 3340 3078 statim
3373 3025 3508 3078 tituli
3549 3025 3628 3078 sui
3657 3025 3962 3079 damnant?
4016 3037 4068 3080 et

2479 3133 2660 3173 sacras
2703 3126 2758 3171 et
2807 3115 3060 3172 funebres
3102 3117 3335 3179 scilicet,
3393 3117 3493 3174 hoc
3521 3119 3664 3171 enim
3713 3126 3969 3187 superest
4017 3127 4076 3171 ut

771 3205 824 3261 in
850 3208 1051 3262 nomine
1083 3206 1287 3262 Domini
1311 3207 1407 3263 Dei
1435 3210 1594 3263 nostri
1635 3211 1981 3265 invocabinms
2016 3213 2033 3281 (
2061 3210 2150 3265 Ps.
2182 3210 2303 3266 XIX
2324 3211 2366 3282 ).
2396 3202 2441 3264 C
2473 3209 2752 3280 Olympius
2787 3207 3027 3278 Jupiter,
3077 3217 3130 3264 et
3160 3206 3406 3263 Netmcus
3451 3208 3708 3264 Hercules
3730 3249 3744 3275 ,
3778 3210 3857 3280 (Ις)
3885 3219 3942 3262 et
3979 3208 4083 3262 mi-

1992 3321 2373 3378 LECTIONES
2412 3321 2499 3377 VA
2510 3319 2824 3375 RIANTES.

839 3430 907 3495 (I)
929 3430 1056 3482 Hinc
1079 3432 1299 3495 adversis
1318 3431 1584 3492 lemniscis,
1618 3434 1868 3482 iuauratur
1887 3432 2126 3486 lamnulis.
2147 3446 2372 3492 unguen-

768 3492 853 3554 tis,
884 3492 1038 3545 Paris.
1079 3492 1206 3543 loliis
1242 3497 1467 3554 struitur,
1503 3495 1766 3544 adornatur
1804 3495 2068 3553 lemniscis,
2096 3497 2149 3546 C.
2187 3499 2370 3546 Wouw.

769 3556 1019 3618 Triumphi
1047 3555 1212 3606 laurea
1238 3556 1367 3606 foliis
1395 3558 1651 3606 instruitur
1691 3558 1804 3606 hinc
1847 3558 2066 3606 adversis
2107 3558 2372 3614 lemniscis,

770 3619 886 3670 hinc
911 3625 1108 3667 auratur
1131 3618 1387 3675 lamnulis;
1414 3621 1684 3680 unguentis
1714 3620 1998 3680 delibuitur.
2032 3621 2153 3669 Jun.
2175 3633 2238 3668 ex
2264 3623 2376 3669 MS.

833 3681 906 3744 (ξ)
943 3680 1003 3731 Ut
1021 3682 1248 3740 Athenis,
1272 3689 1328 3730 ut
1347 3679 1512 3729 Roma:
1535 3680 1701 3733 inserit
1727 3679 1958 3740 Semler.,
1976 3687 2020 3730 ct
2041 3681 2182 3745 forte,
2207 3681 2378 3744 inquit,

2474 3432 2534 3482 ab
2557 3430 2819 3492 interprete
2840 3429 3050 3493 quodam
3071 3429 3264 3490 adjecta
3295 3436 3421 3480 sunt.

2541 3495 2610 3556 (5)
2641 3494 2712 3542 Ad
2738 3493 2932 3541 radices
2965 3494 3086 3556 Jun.

2541 3556 2614 3674 μ)
2641 3556 2709 3628 Ai.
2727 3564 3016 3616 suggestu...
3037 3555 3159 3604 Jun,

2563 3617 2614 3674 ο))
2640 3618 2873 3666 Videatur
2890 3615 3000 3666 carl.
3038 3617 3159 3666 ιγου

2563 3615 2614 3666 .‘il
2640 3615 2873 3666 Videatur
2890 3615 3000 3666 carl.
3038 3617 3226 3666 Woutv.

2544 3677 2615 3744 (6)
2641 3679 2877 3730 Coronam
2899 3677 3049 3728 Latin.
3079 3679 3231 3728 Rhea.
3253 3685 3402 3728 Frau.

2118 3781 2678 3839 COMMENTARIUS.

848 3901 925 3976 (τι)
965 3899 1212 3976 Ειίαριιιέ
1239 3899 1494 3976 Barbaros
1519 3900 1654 3976 enim
1696 3899 2128 3976 Christus._ldetn
2157 3911 2381 3976 respou-

777 3971 1157 4044 dit‘Triephou
1190 3971 1511 4026 Lucianicus
1540 3973 1895 4044 interroganti
1931 3971 2110 4044 Critia:
2135 3985 2215 4044 ian
2245 3971 2382 4040 Scy-

776 4046 987 4104 tharum
1018 4042 1108 4100 res
1136 4059 1280 4097 curae
1309 4051 1496 4097 essent
1537 4043 1682 4097 Deo?
1719 4042 1970 4108 Omnino,
2002 4043 2204 4113 inquit,
2233 4045 2273 4094 si
2301 4047 2384 4096 τύ·

777 4142 856 4167 νοι
883 4139 933 4167 ἠ
959 4123 1149 4167 Χηπόε
1178 4118 1256 4167 καὶ
1286 4120 1331 4167 ἓν
1361 4119 1527 4167 Sonat.
1556 4114 1674 4167 “l0.

1247 4118 1256 4166 ἱ
1286 4120 1331 4166 ἰν
1361 4119 1527 4166 Sonat.
1557 4118 1674 4166 “to.

774 4142 856 4186 χοι
959 4123 1149 4178 Χηττός
1178 4123 1256 4168 καὶ
1286 4123 1331 4168 ἰν
1361 4123 1527 4167 tonat.
1558 4123 1674 4168 ltro.

858 4139 944 4258 (ii)
973 4185 1072 4258 Qui
1103 4186 1234 4238 Italic
1269 4186 1536 4252 portaverit
1575 4186 1625 4258 in
1651 4185 1819 4252 capite
1839 4200 2093 4258 caussam.
2119 4183 2385 4258 Coronam

779 4253 1183 4327 triumphalem,
1209 4269 1455 4309 caussam
1501 4255 1848 4324 cadaverum,
1881 4256 2180 4316 bustorum,
2210 4253 2386 4324 Iacry-

783 4344 1018 4385 marum.
1065 4327 1182 4383 Ille.

859 4399 933 4470 (c)
954 4398 1232 4470 Murri/ictu
1251 4406 1296 4451 et
1315 4397 1760 4470 ipsasolemnium
1783 4398 2209 4470 Ctesarianorum.
2231 4393 2388 4470 Apud

785 4466 1004 4525 Festum
1058 4467 1282 4534 legimus
1313 4469 1590 4523 munilices
1619 4479 1837 4524 vocatos
1885 4469 2102 4531 milites,
2154 4466 2245 4534 qui
2285 4479 2390 4518 non

783 4541 1064 4621 yacabant,
1101 4543 1204 4621 sed
1262 4555 1456 4621 munus
1485 4541 1721 4621 principi
1755 4541 2063 4621 faciebant;
2093 4540 2182 4618 qui
2236 4551 2390 4590 vaca-

2487 3906 2673 3970 βίϐλοις
2698 3901 2995 3971 frti-[abuelis
3017 3906 3404 3971 ἀπονρέῖιωντιι.
3433 3902 3550 3958 ηις.

2561 3972 2640 4042 (g)
2689 3970 2807 4044 Illic
2834 3974 2988 4044 virgae
3028 3988 3091 4024 ea:
3131 3970 3302 4026 radice
3327 3973 3491 4029 Iesse.
3544 3972 3732 4044 Virgas
3755 3971 3920 4040 dicit,
3955 3973 4089 4028 allu-

2490 4041 2628 4098 dens
2659 4042 2722 4097 ad
2747 4041 2920 4115 fasces
2944 4041 3308 4115 Romanorum
3336 4041 3738 4115 magistratuum
3766 4085 3781 4111 ,
3836 4054 3892 4100 et
3918 4045 3999 4100 sic
4023 4047 4092 4100 le-

2489 4115 2632 4184 gitur
2665 4115 2714 4184 ip
2748 4114 2867 4166 cod.
2905 4113 3192 4184 Agobaﬁrdi.
3222 4115 3345 4171 Illo.

2565 4184 2646 4256 (b)
2671 4183 2810 4237 Tuos
2831 4183 3010 4253 fastos.
3055 4183 3199 4239 Fasti
3232 4197 3385 4240 crant
3415 4187 3534 4241 libri
3561 4185 3904 4240 continentes
3934 4187 4093 4240 totius

2491 4257 2616 4309 anni
2648 4257 2909 4326 rationem
2939 4265 2993 4326 et
3037 4257 3378 4312 celebritates
3405 4277 3417 4311 :
3450 4273 3571 4312 cum
3620 4266 3868 4326 respectu
3897 4257 3970 4312 ad
3999 4257 4094 4310 hos

2492 4327 2727 4396 loquitur
2753 4324 3138 4398 Tertullianus.
3193 4328 3249 4382 In
3282 4329 3522 4384 Ecclesia
3549 4324 3763 4398 quoque
3792 4337 3924 4381 sunt
3950 4328 4088 4389 fasti,

2494 4413 2560 4450 ne
2590 4408 2643 4450 tu
2669 4397 3083 4461 municipiorum
3114 4396 3280 4452 fastos
3317 4410 3373 4453 et
3418 4396 3788 4454 solemnitates
3817 4414 3972 4454 cura.
3999 4398 4095 4453 Nu-

2497 4467 2689 4522 tandus
2719 4483 2853 4521 sane
2875 4467 3023 4521 locus
3048 4467 3113 4521 ad
3138 4484 3346 4524 morem
3373 4469 3628 4526 Eoi-Iesus:
3648 4512 3662 4533 ,
3693 4484 3815 4538 qua:
3842 4469 4096 4524 confere-

2495 4538 2584 4592 bat
2625 4539 2883 4612 natalitia,
2917 4537 3092 4612 id_est
3138 4541 3314 4612 obitus
3389 4537 3723 4612 martyrum,
3780 4540 3834 4592 in
3889 4538 4092 4604 fastos;

782 4610 912 4666 bant
960 4610 1375 4688 appellabantur
1399 4609 1749 4688 beneliciarii.
1776 4611 1880 4688 sed
1921 4624 1969 4664 ct
2008 4609 2388 4688 Vegetiommu:
2419 4621 2470 4680 ι)
2494 4625 2631 4688 quos
2667 4610 2829 4688 fastos
2886 4609 3257 4688 ecclesiastico
3290 4614 3506 4688 nomine
3534 4609 3798 4688 vocamus
3843 4621 4096 4688 incursuro-

783 4679 1061 4737 tnunilices
1082 4689 1210 4735 stmt
1233 4682 1451 4744 milites,
1483 4683 1570 4748 qui
1601 4697 1791 4736 munus
1823 4682 2024 4736 faciunt
2050 4698 2078 4732 a
2101 4695 2206 4749 quo
2229 4679 2382 4749 liberi

785 4763 910 4807 sunt
931 4753 1194 4806 immunes
1215 4752 1304 4820 qui
1333 4750 1603 4805 dicuntur.
1629 4752 1852 4820 Expone
1875 4769 2001 4823 ergo
2035 4748 2308 4823 muni/iste,
2335 4748 2385 4801 id

785 4835 864 4878 εει
899 4823 963 4878 ad
998 4837 1191 4877 munus
1218 4823 1538 4876 solemniuin
1567 4822 1996 4879 Cat-sarianurum
2029 4822 2298 4874 adstrictae
2335 4827 2390 4872 et

788 4894 1056 4963 obligatae.
1121 4891 1408 4964 Posterior
1460 4905 1591 4948 atlas
1642 4896 1940 4963 muniﬁcum
1986 4890 2391 4964 proumuniﬁce

791 4961 1085 5034 usurpavit.
1115 4963 1246 5036 Nam
1279 4973 1333 5016 et
1387 4965 1583 5036 Paulus
1611 4961 1795 5019 .Iurec.
1827 4968 1878 5018 in
1921 4961 2057 5036 cap.
2090 4962 2278 5016 Munus
2325 4961 2392 5036 de

792 5031 944 5089 vcrb.
980 5035 1182 5104 signil.,
1211 5036 1370 5089 etiam
1413 5033 1650 5090 ofllcium
1684 5031 2000 5105 signiﬁcare
2031 5035 2187 5088 docet
2211 5075 2223 5096 ,
2252 5031 2395 5085 unde

791 5120 1017 5161 munera
1059 5105 1326 5172 militaria,
1358 5115 1412 5159 et
1440 5108 1697 5176 quosdam
1745 5108 1941 5161 milites
1984 5106 2262 5160 muniliccs
2295 5117 2393 5155 vo-

794 5178 928 5231 cari.
954 5176 1131 5230 Itum.

864 5246 1022 5303 CAP.
1061 5245 1354 5317 Xlll.—(d)
1381 5246 1786 5317 Superferuntur
1804 5250 1957 5302 etiam
1980 5247 2082 5300 illis
2112 5244 2394 5298 Hetrusca.

791 5316 882 5390 Sic
922 5318 1085 5373 habet
1114 5316 1595 5390 vetusexemplar,
1615 5319 2146 5390 superferunturillis,
2174 5317 2275 5370 hoc
2295 5326 2398 5381 est,

794 5389 956 5444 etiam
993 5387 1170 5441 aureis
1197 5387 1485 5443 nobiliores
1519 5387 1800 5444 habentur.
1831 5391 1950 5446 Hm.

869 5460 946 5530 (e)
993 5458 1071 5530 Ad
1102 5458 1424 5530 deducendas
1470 5461 1694 5515 tltensas.
1731 5461 1959 5515 'I‘ensam
2015 5459 2208 5513 Festus
2247 5458 2405 5530 docet

794 5529 1248 5599 esse'vehiculum
1276 5539 1611 5599 argenteum,
1629 5547 1752 5599 ,quo
1778 5534 1986 5586 CXIIVIil‘
2009 5531 2230 5584 deorum
2251 5529 2390 5583 ludis

794 5598 1130 5656 circensibus
1197 5602 1248 5654 in
1317 5598 1518 5656 circum
1595 5598 1672 5657 ad
1731 5604 1974 5672 pulvinar
2035 5601 2389 5724 veipebantur.

2134 5686 2260 5725 una.

873 5739 1296 5812 (OVCouscripltts
1335 5744 1389 5796 iu
1423 5745 1566 5798 libris
1589 5746 1722 5798 vitm.
1757 5745 1832 5798 De
1861 5744 1975 5797 istis
2001 5757 2216 5812 quoque
2246 5742 2398 5812 libris

797 5811 1352 5890 inaudieratyliquid
1413 5817 1666 5886 'I'ryphon
1709 5817 1948 5870 Luciani.
2001 5815 2090 5868 Ait
2132 5811 2276 5867 enim
2332 5811 2397 5866 ad

798 5884 1014 5940 Critiam
1044 5901 1059 5936 ζ
1093 5884 1216 5940 durs
1257 5893 1390 5939 Fateor
1413 5884 1607 5942 ἀπάντα.
1632 5894 1690 5950 ὡς
1719 5899 1802 5942 καί
1833 5912 1878 5942 σε
1907 5892 1953 5940 ἲν
1976 5892 2080 5946 ταῖς
2112 5893 2402 5957 ἓπουρκνίιις

2501 4682 2658 4752 logia.
2688 4679 2854 4749 Hujus
2882 4680 2960 4735 rei
2985 4693 3066 4735 est
3115 4681 3266 4737 locus
3291 4683 3509 4752 elegans
3529 4681 3784 4806 Cypriatii
3815 4679 4096 4748 cpist.'83.

3786 4767 3877 4806 sc.

3786 4767 3877 4806 AC.

2570 4821 2630 4893 (i)
2674 4821 2927 4893 Corouanl
2974 4832 3020 4874 et
3053 4823 3241 4893 nuptia:
3265 4840 3498 4893 sponsos.
3530 4823 3648 4879 Huc
3675 4825 3920 4893 pertinet
3935 4821 4096 4893 quod

2496 4892 2689 4960 sponsa
2718 4892 2783 4945 ad
2820 4894 2988 4964 virum
3015 4892 3356 4962 iterparau's,
3383 4910 3446 4948 ex
3475 4896 3707 4949 verbena
3735 4908 3856 4964 quae
3904 4892 4099 4947 Veneri

2497 4964 2670 5018 dicata
2695 4973 2796 5023 est,
2839 4973 2894 5016 et
2936 4963 3156 5018 ﬂoribus
3197 4965 3533 5035 bcrhisquea
3560 4980 3618 5019 se
3650 4963 3800 5018 lectis
3836 4965 4101 5017 corollam

2502 5045 2682 5088 texere
2710 5034 2913 5097 soleat,
2963 5049 3188 5099 eamque
3231 5034 3414 5090 secum
3454 5035 3700 5091 deferre:
3744 5050 3866 5088 nam
3923 5045 4101 5104 empta

2499 5116 2711 5177 gestare
2739 5115 2880 5160 serta
2908 5105 3036 5157 vitio
3065 5105 3311 5160 dabatur.
3371 5107 3501 5162 Item
3523 5105 3663 5177 quod
3693 5119 3931 5174 sponsus
3960 5105 4100 5177 domi

2503 5176 2645 5229 illam
2687 5177 2956 5248 operiens,
3001 5187 3182 5245 paratu
3217 5176 4100 5248 maguojanUamcoronare.mul-

2506 5257 2664 5316 taque
2691 5243 2837 5300 lauro
2880 5243 3141 5301 exornare
3186 5243 3387 5312 soleat,
3428 5243 3883 5317 quemadmodum
3915 5258 4103 5300 auctor

2505 5327 2587 5372 est
2617 5317 2915 5370 Alexander
2938 5319 3004 5372 ah
3032 5319 3186 5372 Alex.
3214 5319 3346 5372 Ρη.

2578 5388 2641 5458 (j)
2677 5387 2938 5454 Numquid
2975 5400 3019 5441 ct
3063 5390 3340 5459 ugnosticw
3369 5404 3566 5443 caussa
3595 5388 4018 5456 disputabuntur.
4050 5387 4102 5441 Id

2509 5471 2590 5514 est
2643 5475 2860 5530 agones.
2916 5459 3183 5529 Numquid
3229 5464 3390 5514 etiam
3442 5474 3643 5530 agones
3697 5460 3748 5512 in
3789 5467 4104 5530 controver-

2495 5531 2628 5584 siam
2659 5529 2910 5595 venient,
2945 5534 3146 5599 inquit,
3199 5540 3256 5584 ut
3284 5533 3350 5586 de
3374 5532 3438 5584 iis
3465 5529 3628 5584 etiam
3671 5539 3978 5599 qttzeratur,
4025 5529 4103 5582 vi-

2505 5599 2646 5654 tandi
2676 5604 2780 5653 sint
2807 5603 3120 5664 christiano,
3148 5603 3355 5657 necne?
3385 5602 3504 5658 Rte.

2576 5670 2656 5741 (k)
2703 5672 2765 5724 lit
2815 5673 3036 5726 misellus
3067 5672 3424 5728 Archemorus.
3474 5671 3836 5728 Archemorus
3875 5670 4106 5740 Lycurgi

2508 5741 2650 5796 Illius
2679 5760 2705 5795 a
2734 5754 2982 5810 serpente
3011 5744 3170 5797 Ιςυευε
3195 5745 3371 5798 adhuc
3397 5743 3569 5799 iulans
3598 5743 3778 5812 periit,
3803 5757 3869 5796 ex
3898 5743 4106 5795 incuria

2505 5816 2726 5868 nutricis
2747 5830 2857 5868 suae
2882 5814 3222 5884 Hypsipyles,
3251 5831 3371 5884 quae
3399 5816 3546 5870 illum
3577 5815 3631 5868 in
3654 5813 3992 5884 graminibus
4015 5828 4102 5865 re—

2505 5886 2755 5955 liquerat,
2786 5883 3066 5942 ostensura
3095 5883 3298 5941 Gracis
3330 5885 3695 5943 laborantibus
3717 5883 3805 5939 siti
3839 5883 4102 5953 Langiam
