4242 6492
159 404 226 461 97
1456 405 1661 461 LIBER
1704 405 1791 460 DE
1831 403 2129 462 CORONA.
3391 403 3460 462 98

157 520 326 576 sellas
341 516 723 586 Archemorus,
741 525 796 573 et
825 516 1088 573 Antinous
1112 515 1292 573 infelix
1321 517 1400 590 (a)
1429 520 1479 572 in
1505 517 1764 574 Christia-
1791 523 1840 583 Α
1871 520 1977 574 imo
1990 519 2099 590 jam
2114 518 2339 588 dixerim
2362 518 2600 587 Christo,
2624 519 2888 592 siquidem
2916 531 3074 590 caput
3095 521 3193 576 viri
3212 521 3462 578 Christus

157 627 231 666 no
258 620 607 677 coronentur,
639 619 698 665 ut
719 611 832 681 ipse
849 611 1210 681 spectaculum
1243 612 1353 675 tiat,
1385 611 1524 680 quod
1551 621 1759 681 specta-

167 717 230 756 re
260 703 423 757 debet
455 701 558 770 (I).
595 700 901 765 Universos,
931 710 988 755 ut
1015 701 1267 766 arbitror,
1292 716 1510 756 caussas
1535 717 1757 757 ennmeo

156 795 418 849 ravimus.
477 794 586 848 Nec
641 795 745 849 ulla
793 795 1070 850 nobiscum
1115 803 1200 850 est
1244 809 1475 850 :omncs
1525 795 1756 858 alienae.

156 885 417 954 profante,
449 887 664 948 illicitae.
699 887 860 941 semel
885 886 994 956 jam
1037 887 1087 940 in
1118 889 1436 943 sacramenti
1481 888 1760 942 tc5tatione

156 977 400 1044 ejeratae.
433 977 558 1032 Ilmc
581 978 724 1033 enim
744 987 896 1032 erant
923 993 1130 1047 pompae
1146 977 1344 1032 diaboli
1368 989 1421 1032 et
1446 977 1757 1048 angelorum

157 1066 281 1136 ejus
315 1067 511 1135 ofﬁcia,
545 1070 724 1124 saeculi
750 1068 1001 1132 honores,
1058 1069 1454 1130 solemnitates.
1490 1070 1764 1139 p0pnlari—

159 1167 322 1224 tates,
359 1157 490 1212 falsa
524 1169 666 1221 vota,
699 1158 930 1212 humana
956 1160 1200 1223 servitia,
1234 1158 1417 1214 laudes
1441 1175 1614 1227 vanm,
1645 1162 1762 1230 glo-

157 1250 253 1304 riie
295 1261 481 1319 turpes
513 1265 528 1304 ι
561 1259 614 1305 et
643 1252 698 1305 in
749 1251 999 1306 omnibus
1059 1251 1172 1308 istis
1218 1251 1534 1317 idololatria,
1569 1252 1618 1305 in
1649 1251 1768 1306 solo

166 1357 385 1412 quoque
413 1357 577 1397 sensu
620 1357 939 1397 coronarum
969 1344 1162 1412 quibus
1185 1343 1363 1397 omnia
1393 1345 1488 1397 ista
1519 1342 1764 1398 redimita

154 1442 308 1486 sunt.
346 1432 665 1488 Praefabitur
694 1435 904 1503 quidem
927 1433 1178 1491 Claudius
1205 1435 1366 1489 etiam
1391 1435 1588 1490 coelum
1620 1435 1767 1489 side-

159 1527 314 1582 ribus
336 1528 478 1597 apud
510 1528 726 1584 Homeri
759 1528 995 1582 carmina
1031 1537 1545 1592 coronatum,certe
1573 1543 1602 1582 a
1636 1527 1766 1594 Deo,

160 1630 314 1678 certe
343 1621 544 1677 homini
572 1661 588 1687 ,
640 1623 796 1693 igitur
826 1631 881 1678 et
908 1623 1069 1676 homo
1098 1621 1211 1690 ipse
1237 1637 1264 1672 a
1298 1621 1405 1675 Deo
1426 1620 1769 1676 coronandus

155 1724 264 1770 est.
315 1715 583 1770 Caeterum
612 1733 641 1769 a
673 1716 872 1772 S'JBCIIIO
901 1723 1227 1768 coronantur
1265 1724 1320 1768 et
1352 1714 1624 1782 lupanaria
1659 1712 1765 1785 (b),

1863 624 1940 668 est
1961 612 2002 684 (Ι
2029 611 2143 668 Cor.
2166 611 2257 678 XI,
2275 613 2352 684 5),
2371 623 2476 668 tam
2492 613 2714 669 liberum
2739 624 2965 686 quamet
2985 614 3230 672 Christus
3261 634 3272 669 :
3295 631 3361 672 ne
3377 633 3465 672 ve-

1863 704 2100 760 Iamento
2115 705 2328 774 quidem
2346 706 2653 768 obnoxium,
2688 706 2880 762 nedum
2899 707 3278 779 obligamento.
3299 709 3466 764 Porro

1865 811 1919 854 ct
1941 800 2080 869 quod
2099 802 2386 855 obnoxium
2421 812 2502 856 est
2533 803 2853 870 velamento,
2884 812 3044 874 caput
3071 803 3330 866 fmminm,
3365 802 3468 858 hoc

1868 893 2096 963 ipsujam
2109 903 2559 964 occupatum,non
2576 904 2726 950 vacat
2739 896 2896 951 etiam
2911 896 3288 968 obligamento;
3311 895 3471 950 habet

1869 984 2185 1040 humilitatis
2203 1000 2312 1040 sua:
2331 993 2614 1042 sarcinam.
2640 988 2697 1042 Si
2726 988 2870 1043 nudo
2886 991 3058 1056 capite
3073 989 3236 1043 videri
3257 1003 3358 1042 non
3379 987 3468 1043 dc-

1872 1077 1960 1132 bet
1981 1079 2448 1148 propterangelos,
2476 1079 2644 1135 multo
2663 1081 2832 1151 magis
2847 1090 3131 1136 coronatos
3146 1080 3218 1153 (e)
3241 1081 3471 1134 fortasse

1873 1177 1998 1223 tunc
2047 1168 2163 1223 illos
2203 1179 2488 1224 coronatos
2513 1170 2955 1226 scandalizavcrit
2987 1170 3026 1240 (I
3048 1171 3189 1238 Cor.,
3219 1170 3286 1225 XI
3306 1210 3323 1236 ,
3356 1169 3468 1241 I0).

1872 1258 2010 1326 Quid
2047 1261 2191 1314 cnim
2225 1271 2307 1316 est
2341 1262 2570 1329 incapite
2598 1262 2830 1318 (ceruina:
2859 1278 3077 1326 corona,
3106 1278 3264 1333 quam
3288 1261 3475 1319 forma:

1879 1353 2019 1417 lena,
2038 1367 2195 1422 quam
2224 1367 2430 1408 summa
2456 1354 2684 1408 lascivia!
2715 1363 2862 1420 nota,
2890 1364 3126 1410 extrema
3152 1355 3363 1425 negatio
3386 1370 3475 1407 ve-

1878 1443 2164 1509 recundi-az,
2187 1444 2438 1500 conﬂatio
2460 1445 2758 1501 illecebras?
2776 1446 3062 1516 Propterea
3082 1461 3181 1502 nec
3197 1446 3476 1502 ornabitur

1877 1535 2158 1604 Operosius
2175 1536 2366 1592 mulier
2379 1553 2442 1592 ex
2461 1538 2699 1607 Apostoli
2725 1549 3030 1608 prospectu,
3057 1547 3110 1595 ut
3132 1553 3228 1594 nec
3247 1538 3475 1595 crinium

1883 1627 2110 1681 artiﬁcio
2132 1639 2438 1683 coronetur.
2458 1629 2556 1697 Qui
2574 1639 2747 1685 tamen
2761 1638 2816 1684 et
2832 1631 2926 1684 viri
2941 1640 3094 1699 caput
3116 1643 3218 1697 εει,
3238 1640 3289 1686 et
3307 1630 3480 1688 {mitti-

1877 1732 1960 1773 na:
1989 1717 2153 1771 facies
2181 1718 2224 1789 (l
2262 1718 2422 1785 Tim.,
2454 1721 2517 1786 Il,
2536 1722 2615 1791 5),
2641 1721 2724 1776 vir
2753 1721 3006 1778 Ecclesia:
3031 1722 3276 1778 Christus
3300 1722 3476 1790 Iesus,

158 1816 216 1863 et
253 1807 465 1862 latrinae
489 1849 503 1873 ,
533 1817 588 1862 et
614 1807 835 1877 pistrina
856 1849 870 1872 ,
901 1817 956 1861 et
981 1821 1198 1871 carcer,
1239 1815 1293 1860 et
1337 1805 1517 1871 ludus,
1550 1818 1604 1861 et
1655 1807 1766 1875 ipsa
1802 1840 1849 1899 Β
1876 1809 2034 1879 quale
2055 1824 2152 1863 oro
2172 1820 2242 1875 te,
2276 1823 2476 1866 sertum
2505 1829 2600 1882 pro
2631 1823 2855 1884 utroque
2878 1829 3016 1868 sexu
3045 1815 3205 1870 subiit
3232 1814 3475 1885 (Malm,

164 1898 565 1968 amphitheatra
595 1940 607 1963 ,
642 1907 696 1953 et
745 1898 857 1969 ipsa
906 1897 1178 1966 Spoliaria,
1235 1897 1472 1968 ipsaeque
1528 1898 1770 1954 libitinae.

161 1990 336 2059 Quam
357 2005 513 2045 sacer
532 2000 767 2057 sanctus,
787 1990 1324 2060 quamquehonestns
1355 1989 1426 2060 (ε)
1456 2004 1518 2044 ac
1544 1991 1778 2045 mundus

157 2082 231 2136 sit
256 2082 471 2137 habitus
487 2081 608 2146 iste,
636 2082 743 2136 noli
771 2081 839 2136 de
855 2098 958 2135 uno
984 2083 1190 2150 poetico
1218 2081 1378 2146 C(Blo,
1403 2080 1497 2136 sed
1525 2082 1590 2136 de
1616 2081 1779 2136 totius

159 2173 349 2229 mundi
361 2174 699 2230 commerciis
718 2175 1003 2229 aestimare.
1014 2177 1079 2228 At
1093 2175 1234 2230 enim
1248 2173 1582 2230 Christianus
1597 2175 1781 2244 necja-

161 2282 326 2322 nuam
339 2282 491 2321 suam
507 2267 703 2322 laureis
717 2265 1062 2333 inl'amabit,si
1079 2267 1218 2320 norit
1233 2266 1602 2336 quantosdeos
1618 2266 1778 2321 etiam

159 2359 318 2413 ostiis
339 2359 587 2413 diabolus
601 2359 888 2423 at‘linxerit,
907 2357 1101 2413 Ianum
1119 2361 1342 2428 ajanna,
1367 2359 1725 2414 Limeutinum
1747 2375 1778 2413 a

160 2449 358 2513 limine,
379 2448 748 2521 Forculum(d)
775 2458 830 2504 et
843 2449 1070 2504 Cardam
1091 2467 1114 2500 a
1136 2449 1333 2520 foribus
1354 2460 1404 2504 et
1420 2450 1710 2504 cardinibus
1726 2460 1780 2506 et

171 2544 315 2616 apud
335 2543 551 2600 Gmcos
561 2543 829 2614 Thyreum
848 2545 886 2596 A
898 2543 1148 2611 pollinem
1161 2553 1215 2598 et
1231 2542 1472 2599 Antelios
1486 2542 1776 2600 daemonas.

773 2633 1007 2689 CAPUT
1041 2634 1178 2688 XIV.

244 2725 423 2781 Tanto
441 2725 666 2782 abestut
690 2724 854 2797 capiti
882 2740 980 2782 suo
1009 2741 1202 2782 munus
1233 2725 1781 2794 inferatidololatriae,

1884 1900 2096 1966 XXVII,
2120 1901 2242 1972 29)”
2274 1903 2350 1957 Ex
2375 1905 2546 1972 spinis
2565 1903 2758 1973 Opinor
2779 1917 2830 1960 et
2860 1905 3070 1961 tribulis
3099 1946 3112 1968 .
3159 1907 3211 1961 in
3252 1907 3476 1976 liguram

1882 1993 2202 2049 delictorum
2250 2009 2370 2064 quae
2407 1994 2562 2050 nobis
2593 1995 2811 2066 pr0tnlit
2841 2005 2983 2051 terra
3028 1997 3226 2064 carnis,
3259 1996 3480 2053 abstulit

1883 2097 2062 2141 autem
2089 2089 2259 2142 virtus
2280 2088 2456 2145 crucis
2481 2129 2496 2153 ,
2553 2104 2768 2145 omnem
2797 2089 3040 2144 aculeum
3084 2090 3270 2146 mortis
3296 2091 3349 2146 in
3377 2088 3483 2146 Doo

1885 2181 2065 2235 miniei
2087 2182 2278 2250 capitis
2306 2182 2589 2237 tolerantia
2628 2181 2931 2238 obtundens
2980 2181 3110 2255 (lsa.
3137 2225 3152 2250 ,
3209 2182 3345 2250 LIII,
3374 2184 3481 2253 5).

1884 2269 2040 2327 Certe
2061 2281 2254 2341 praeter
2282 2272 2547 2343 ﬁguram,
2590 2274 2912 2329 contumelia
2962 2274 3012 2328 in
3071 2284 3314 2346 promptu
3364 2284 3480 2341 est,

1885 2372 1940 2417 et
1966 2363 2235 2433 turpitudo
2255 2372 2310 2418 et
2363 2362 2724 2430 dedccoratio,
2754 2373 2808 2419 et
2851 2364 2935 2417 his
2977 2365 3206 2435 implexa
3252 2366 3480 2432 szevitia,

1885 2471 2006 2525 qua:
2031 2464 2154 2510 tunc
2208 2455 2416 2510 Domini
2452 2466 2691 2526 tempora
2731 2465 2785 2511 et
2811 2455 3146 2511 Imdavernnt
3165 2464 3221 2512 et
3241 2455 3483 2512 lancina-

1887 2555 2105 2611 verunt;
2134 2546 2210 2600 uti
2244 2557 2298 2600 tu
2327 2546 2686 2613 nunclaurea,
2730 2556 2785 2602 et
2823 2548 3059 2619 myrtho,
3091 2558 3145 2603 et
3183 2548 3321 2614 olea,
3347 2557 3403 2604 et
3426 2548 3488 2603 il-

1877 2638 2042 2695 lustri
2095 2637 2268 2709 aliqua
2299 2639 2506 2704 fronde,
2549 2650 2602 2696 et
2631 2640 2772 2710 quod
2796 2641 2963 2712 magis
2984 2641 3100 2696 usui
3126 2649 3212 2696 est
3240 2639 3334 2712 (ι’),
3361 2655 3487 2698 cen-

1897 2729 2122 2784 tenariis
2141 2744 2356 2801 quoque
2405 2730 2543 2786 rosis
2587 2729 2656 2789 de
2709 2729 2867 2788 horto
2917 2729 3071 2787 Mida:
3117 2731 3290 2800 lectis,
3324 2741 3377 2788 ct
3404 2731 3484 2805 (g)

1395 2840 1775 2900 LECTIONES
1816 2842 2228 2901 VARIANTES.

239 2958 314 3022 (ί)
340 2957 564 3020 Spectari
587 2968 684 3006 non
705 2956 886 3007 debeat
909 2954 1060 3008 Rlien.

1536 3058 2097 3121 COMMENTARIUS.

172 3179 400 3234 fontem.
428 3178 485 3233 In
502 3179 620 3253 ejus
643 3181 794 3253 pueri
819 3181 1132 3253 memoriam
1153 3196 1362 3253 annuus
1393 3194 1527 3253 agon
1556 3181 1765 3236 institn-
1795 3184 1840 3247 C
1876 3201 1964 3240 res
1989 3194 2091 3246 est,
2120 3183 2221 3239 hoc
2242 3190 2342 3247 est,
2370 3182 2557 3238 oculos
2576 3183 2757 3238 colore
2771 3191 2825 3237 et
2851 3195 3007 3237 nares
3022 3181 3191 3238 odore
3214 3182 3470 3253 delectat,

175 3261 262 3305 tus
283 3259 374 3306 est
405 3267 416 3302 :
441 3260 495 3304 et
516 3252 637 3320 quia
669 3252 824 3318 periit
853 3249 1031 3306 adhuc
1059 3251 1253 3314 inl'ans,
1282 3251 1547 3306 misellum
1578 3263 1764 3319 vocat,

174 3337 281 3377 non
315 3323 593 3376 miserum.
625 3321 799 3375 lines.

246 3391 328 3463 (a)
362 3392 612 3463 Antinous
640 3394 843 3460 infelix.
874 3391 1025 3463 llunc
1070 3392 1338 3446 Adrianus
1367 3390 1548 3463 Gaesar
1592 3392 1776 3446 habuit

174 3463 226 3516 in
245 3461 480 3525 deliciis,
511 3473 566 3514 et
593 3471 700 3514 tam
730 3473 915 3516 tenere
935 3462 1154 3525 dilexit,
1196 3472 1252 3515 ut
1295 3464 1361 3515 ab
1393 3462 1480 3514 illo
1505 3461 1774 3517 civitatem

176 3531 401 3603 Egypti
450 3532 843 3603 cognominarit
867 3573 881 3594 ,
909 3532 1001 3603 ubi
1029 3542 1083 3586 et
1121 3548 1347 3602 agonem
1390 3532 1462 3586 illi
1488 3534 1775 3601 quotannis

174 3602 428 3657 instituit.
463 3602 632 3670 Quam
679 3618 787 3657 rem
821 3603 872 3655 in
907 3602 1110 3656 litteras
1140 3604 1359 3673 pulchre
1396 3603 1575 3658 retulit
1605 3603 1776 3672 110κο-

174 3673 678 3745 sippus,_relerente
711 3675 769 3728 Β.
797 3673 1140 3744 Hieronymo.
1170 3674 1342 3729 Rue-at.

250 3744 334 3815 (b)
371 3742 694 3799 Coronantur
740 3756 784 3798 et
837 3742 1126 3813 lupanaria.
1201 3746 1419 3800 Videtur
1482 3744 1778 3815 intelligere

176 3830 414 3886 coronas
466 3816 659 3884 quibus
697 3816 836 3869 lares
880 3815 1078 3883 publici
1119 3817 1200 3886 vel
1232 3815 1422 3886 privati
1475 3815 1526 3868 in
1554 3817 1778 3886 singulis

176 3884 434 4010 domiBus
461 3886 883 3949 coronabantur,
907 3895 1072 3954 atque
1108 3884 1244 3940 adeo
1269 3887 1389 3940 etin
1414 3884 1776 3955 lupanaribus,

177 3966 285 4010 etc.
366 3970 458 4008 an.

177 3966 285 4012 εις.
322 3966 458 4010 ΡΑᾺΙ.

213 4026 338 4152 αἱς)
367 4027 533 4090 Quam
562 4042 704 4081 sacer
726 4037 929 4081 sanctus
948 4069 962 4092 ,
1012 4043 1261 4095 quamque
1307 4028 1564 4083 honestus.
1599 4026 1779 4083 Placet

290 4099 389 4152 icis
420 4095 754 4152 Divionensis
769 4100 1030 4152 scriptura
1058 4117 1070 4152 :
1108 4100 1273 4152 Onam
1293 4115 1436 4152 sacer
1452 4107 1774 4152 sanctusque.

179 4095 389 4169 codiCis
420 4095 754 4152 Divionensis
769 4100 1030 4169 scriptura
1058 4117 1070 4152 :
1108 4100 1273 4164 Quam
1293 4115 1436 4153 sacer
1452 4107 1774 4169 sanctusque,

180 4185 339 4239 quam
368 4166 623 4239 honestus,
645 4181 747 4224 etc.
768 4166 884 4225 RIG.

285 4236 346 4308 ιι)
390 4235 686 4292 Forcnlam.
717 4241 842 4304 Alii,
878 4238 1201 4294 Forecnlum.
1237 4241 1355 4296 lito.

307 4309 418 4364 AP.
449 4308 588 4365 XIV.
619 4311 746 4380 -(e)
773 4310 938 4363 Multo
958 4311 1118 4378 ntagis
1137 4321 1398 4366 coronatos
1423 4313 1638 4381 fortasse
1668 4325 1785 4365 tunc

186 4382 314 4434 illo:
344 4390 612 4452 coronatos
640 4381 1075 4434 scandalizarerit.
1109 4382 1310 4436 Alludit
1361 4383 1427 4436 ad
1471 4385 1784 4452 vigintiqua-

187 4461 318 4506 tuor
342 4451 463 4506 illos
491 4453 730 4506 seniores
772 4453 987 4506 coronis
1034 4453 1210 4506 aureis
1252 4451 1556 4517 coronatos,
1590 4451 1781 4522 Apoe.,

185 4522 280 4585 IV,
310 4524 366 4576 ι.
397 4521 451 4594 Si
478 4521 618 4575 nudo
639 4524 815 4594 capite
838 4523 1034 4577 mulier
1052 4523 1376 4594 scandalizat
1394 4521 1786 4594 angelos,nml-

186 4604 246 4647 to
274 4592 444 4660 magis
473 4593 648 4660 capite
670 4592 926 4648 coronato
967 4593 1407 4649 scandalizaverit
1451 4592 1573 4649 iIlos
1610 4597 1786 4649 senio-
1813 4595 1864 4654 D

187 4679 282 4718 res
310 4673 618 4717 coronatos.
651 4663 770 4720 IIIo.

267 4732 333 4805 (I')
372 4730 434 4784 Et
479 4734 622 4805 quod
652 4735 813 4803 magis
844 4734 956 4805 usui
983 4744 1056 4789 est
1086 4736 1385 4789 centenarii:
1432 4751 1630 4805 quoque
1651 4737 1784 4790 rosis

189 4803 258 4857 de
289 4802 629 4877 liorto__M_id¢g
650 4802 813 4877 tectis.
860 4804 1033 4858 Prima
1082 4805 1248 4862 editio
1273 4802 1785 4877 Iibenanifseriptu~

191 4890 311 4929 ram
352 4873 554 4929 codicis
603 4875 936 4930 Divionensis
985 4879 1388 4942 reprarsentavit
1430 4895 1442 4930 :
1497 4873 1782 4932 Centaurus

189 4960 399 5014 quoque
419 4947 549 5018 roris
568 4955 612 5018 et
631 4944 848 5018 hortoini
873 4945 1115 5018 delectis;
1142 4963 1301 5018 quam
1325 4962 1443 5002 esse.
1469 4948 1779 5003 mendosam

191 5030 361 5069 nemo
405 5015 645 5085 ambigit.
691 5015 872 5074 Codex
916 5015 1182 5086 Agohardi
1239 5017 1338 5073 bac
1381 5029 1529 5087 parte
1593 5032 1780 5074 erosus

192 5096 408 5159 tantum
446 5087 723 5159 servavit,
771 5089 978 5159 etquod
1024 5090 1182 5159 magis
1433 5090 1600 5142 norint
1625 5104 1775 5158 quoq.

193 5157 328 5209 rosis
360 5155 422 5229 de
435 5156 582 5229 [torto
613 5158 773 5211 lectis.
805 5158 903 5213 Cui
933 5155 1144 5229 quidem
1191 5159 1468 5228 scriptura:
1500 5155 1655 5214 ﬁdem
1684 5155 1780 5228 po-

192 5229 304 5300 tius
332 5226 570 5300 adhiberi
622 5242 718 5300 par
745 5238 860 5286 est.
892 5226 1013 5284 cum
1045 5232 1109 5283 sit
1159 5226 1582 5285 membranarum
1624 5226 1778 5300 longe

194 5296 747 5370 Divionensibusillis
770 5301 1141 5355 vetustiorum.
1176 5300 1355 5370 Itaque
1381 5301 1620 5355 Rheoani
1647 5296 1779 5370 con-

187 5366 458 5436 jecturam
481 5369 788 5437 sequimur,
834 5371 1219 5440 legendumque
1257 5366 1577 5426 arbitramur
1605 5387 1616 5421 :
1645 5369 1775 5426 Cen-

192 5439 410 5492 lenariis
461 5455 660 5509 quoque
708 5443 837 5495 rosis
863 5444 925 5494 de
968 5439 1307 5494 horrei/"ida:
1337 5443 1473 5497 lectis
1503 5461 1514 5494 :
1543 5442 1684 5510 quod
1712 5443 1779 5498 ad

192 5520 438 5581 veterem
465 5510 611 5563 illam
647 5512 964 5577 scripturam
1000 5512 1217 5581 propius
1259 5515 1480 5568 accedit.
1515 5513 1782 5568 Centena-

189 5579 302 5632 rias
331 5591 508 5652 autem
539 5594 690 5634 rosas
715 5581 846 5636 dixit
874 5579 1252 5646 Tertullianus,
1284 5599 1312 5637 a
1357 5592 1568 5638 centum
1603 5583 1743 5638 foliis
1766 5629 1780 5652 ,

186 5651 646 5715 quemadmodum
677 5653 727 5705 in
757 5653 1124 5723 Apologetico.
1152 5668 1201 5722 p.
1240 5654 1290 5708 7.
1335 5655 1648 5708 centenarias
1674 5651 1784 5709 rui-

187 5736 287 5794 nas
329 5737 357 5773 a
406 5723 629 5776 centenis
662 5722 956 5794 sestertiis,
983 5733 1035 5776 et
1063 5722 1152 5777 lib.
1198 5723 1264 5778 dc
1291 5726 1472 5784 Pallio.
1506 5740 1621 5794 pag.
1659 5726 1781 5789 158,

183 5791 480 5846 Centenarii
535 5792 784 5860 ponderis
812 5795 1010 5848 lances.
1038 5791 1782 5851 Convenientissinieautent

183 5861 316 5919 dixit
356 5878 601 5918 coronam
642 5879 703 5916 ea:
739 5865 868 5918 rosis
898 5906 912 5931 ,
965 5880 1086 5936 quae
1126 5868 1412 5936 spectaculi
1451 5875 1505 5923 ct
1533 5867 1782 5937 spiraculi

1884 3257 2051 3327 magis
2081 3256 2196 3309 usui
2245 3269 2366 3327 esse
2385 3296 2432 3327 ,Η
2458 3270 2616 3327 quam
2637 3253 2736 3327 ‘de
2769 3253 2966 3327 laurea
2989 3296 3002 3320 ,
3062 3263 3235 3327 myrto
3256 3296 3271 3323 ,
3327 3258 3444 3312 olea
3469 3299 3483 3321 ,

1883 3323 2186 3395 aut'quavis
2237 3325 2340 3379 alia
2383 3323 2575 3381 illustri
2629 3323 2836 3391 fronde,
2869 3340 2989 3394 qua:
3049 3325 3234 3381 oculos
3283 3334 3485 3382 tantum

1919 3400 2070 3452 ascit.
2107 3397 2224 3452 lito.

1883 3414 2070 3468 pascit.
2107 3414 2224 3452 tuo.

1885 3537 1893 3538 ί
1955 3469 2030 3538 (g)
2064 3465 2129 3520 Et
2183 3467 2410 3538 utrisque
2438 3466 2596 3538 (iliis.
2641 3465 2789 3519 Albis
2816 3475 2870 3519 ct
2897 3465 3211 3538 purpureis.
3258 3466 3334 3521 Dc
3361 3469 3484 3538 qui-

1883 3535 1999 3592 hns‘
2014 3548 2135 3591 sunt
2164 3537 2303 3607 apud
2349 3536 2596 3591 Ovidium
2625 3550 2811 3592 versus
2842 3536 3080 3605 praeclari
3104 3577 3118 3601 ,
3165 3535 3389 3594 Metam.
3410 3537 3481 3603 Χ,

1884 3609 1970 3664 ubi
2001 3609 2067 3664 de
2090 3607 2418 3680 IIyaeintbo:

2251 3697 2498 3761 Tyrioque
2517 3697 2752 3747 nitentior
2774 3704 2910 3747 ostro

2009 3760 2124 3810 Flos
2145 3757 2317 3821 oritur',
2344 3757 2642 3823 formamque
2665 3761 2794 3821 capit
2814 3771 2958 3822 quam
2976 3757 3098 3818 lilia,
3125 3761 3287 3823 sinon

2007 3820 2448 3884 Purpureuscolor
2480 3820 2576 3882 his,
2603 3820 2875 3882 argenteus
2908 3823 3109 3870 essetin
3135 3820 3248 3870 illis.

1884 3905 2066 3975 Itaque
2094 3906 2197 3959 lilia
2230 3919 2490 3974 purpurea
2526 3912 2701 3975 poetae
2731 3913 2852 3956 nata
2881 3902 2948 3957 de
2977 3917 3171 3958 cruore
3201 3903 3484 3975 llyaeintlti

1882 3974 2221 4030 fabulantur:
2255 3987 2508 4044 prmterea
2533 3988 2661 4028 vero
2693 3974 2865 4029 luctus
2911 3985 2966 4028 et
3010 3974 3348 4041 querelarum
3404 3977 3487 4031 iu-

1885 4047 2078 4119 scripta
2102 4047 2230 4119 sylla
2242 4043 2321 4119 bis
2346 4044 2542 4119 ALAI.
2567 4043 2719 4119 Quod
2743 4045 3109 4119 a_n_tem__vulgo
3139 4046 3385 4119 traditur,
3418 4064 3481 4105 ca

1887 4114 2306 4186 Iiliarsign'ilicari
2337 4118 2619 4173 notissimo
2650 4114 2738 4168 illo
2766 4115 2968 4187 Virgilii
3001 4130 3158 4170 versu
3179 4155 3194 4180 ,
3253 4114 3346 4171 Dic
3370 4119 3486 4187 qui-

1888 4189 1978 4259 bus
2006 4188 2058 4240 in
2081 4185 2245 4253 terris,
2279 4199 2374 4241 etc.
2405 4187 2505 4240 hoc
2527 4187 2725 4259 falsum
2749 4200 2891 4259 esse,
2922 4185 2966 4238 si
2991 4187 3252 4259 tantulum
3279 4185 3485 4259 digredi

1888 4258 2066 4322 liceat,
2100 4259 2605 4314 demonstrabimus.
2630 4256 2822 4324 Quidni
2867 4267 3045 4310 autem
3078 4257 3235 4312 liceat
3264 4256 3490 4314 corona-

1889 4330 1969 4383 rio
2021 4329 2335 4384 Tertulliani
2375 4327 2631 4398 opusenlo
2678 4326 2969 4398 lemniscos
3023 4327 3302 4383 intexere?
3348 4329 3492 4385 Sane

1888 4401 2039 4454 rideo
2065 4397 2440 4470 grammaticos
2486 4397 2750 4470 limrentes
2777 4397 2919 4452 cruci
2948 4438 2963 4462 ,
3013 4399 3333 4470 quamipsis
3359 4401 3488 4455 olim

1887 4471 1983 4525 abs
2008 4467 2316 4540 sepositam
2347 4467 2788 4540 fuisseVirgilins
2831 4468 3071 4540 Asconio
3094 4468 3329 4525 Pediano
3354 4472 3492 4526 inter

1887 4539 2175 4608 iocandum
2205 4540 2454 4610 prodidit.
2488 4539 2553 4592 Et
2582 4540 2703 4610 quis
2732 4556 2833 4592 non
2858 4539 3028 4593 rideat
3052 4539 3299 4594 Servium
3328 4541 3488 4596 .istud

1890 4627 1954 4667 ex
1981 4615 2212 4668 Asconio
2253 4611 2586 4675 tradentem,
2620 4610 2960 4678 semetipsum
2990 4611 3144 4680 nugis
3185 4611 3496 4679 exquisitis-

1891 4685 2042 4739 simis
2065 4698 2339 4753 perperam
2368 4681 2648 4736 crnciarc?
2679 4681 2814 4753 Sunt
2841 4691 3018 4753 autem
3043 4680 3307 4753 pastoritii
3341 4683 3491 4738 Iusus

1891 4751 2084 4824 Eeloga
2114 4751 2203 4814 IlI,
2240 4753 2331 4805 tibi
2371 4753 2637 4806 Dannetas
2665 4763 2719 4824 et
2745 4751 3009 4824 Menalcas
3041 4751 3182 4824 inter
3219 4766 3338 4807 sese
3364 4754 3491 4822 quid

1888 4821 2127 4880 carm—ine
2158 4834 2383 4893 uterque
2415 4825 2587 4879 valeat
2613 4821 2848 4876 vicissim
2874 4821 3242 4890 experiuntur,
3270 4837 3332 4878 ac
3370 4821 3490 4879 tan-

1888 4897 2009 4950 dem
2038 4894 2296 4949 certando
2323 4895 2444 4949 l'essi
2472 4936 2486 4959 ,
2544 4894 2688 4947 litem
2738 4893 3058 4947 Palaemonis
3103 4893 3327 4948 arbitrio
3354 4893 3491 4950 diri-

1887 4968 2134 5023 meinlam
2164 4965 2346 5030 jocosa
2389 4965 2737 5020 altercatione
2777 4962 3123 5018 concludunt.
3173 4962 3378 5030 Quaerit
3423 4980 3493 5022 ex

1886 5037 2120 5093 Menalca
2158 5037 2428 5092 Damoetas
2455 5053 2466 5087 :

2009 5128 2102 5177 Dte
2123 5129 2302 5190 quibus
2332 5128 2380 5176 in
2406 5126 2571 5188 terris,
2591 5133 2642 5175 et
2657 5126 2757 5174 eris
2773 5126 2884 5174 mihi
2909 5137 3113 5190 magnus
3134 5124 3324 5190 Apollo,

2008 5185 2322 5253 'l'res'patcat
2341 5189 2452 5240 ω)ιί
2470 5185 2676 5251 spatium
2702 5200 2794 5236 non
2820 5185 3026 5249 amplius
3049 5185 3224 5236 ulnas“?

1886 5274 2182 5329 Damoetam
2205 5273 2470 5328 Menalcas
2496 5271 2762 5326 consimili
2790 5270 3088 5341 quaestione
3114 5263 3401 5341 repercutit
3429 5290 3442 5327 :

2008 5365 2098 5414 Dic
2120 5366 2297 5426 quibus
2317 5365 2364 5411 in
2386 5365 2532 5412 terris
2554 5363 2769 5470 inscripti
2810 5362 3006 5411 nomina
3031 5375 3208 5424 regum

2008 5425 2277 5470 Nascantur
2299 5427 2479 5470 ﬂores:
2507 5433 2559 5470 et.
2579 5422 2694 5470 thI
2719 5423 2795 5470 ida
2819 5423 2950 5470 solus
2971 5425 3173 5470 habeto.

2005 5422 2277 5475 Nascantur
2299 5427 2479 5486 tiores;
2507 5433 2559 5474 et
2579 5422 2795 5488 Phyllida
2819 5423 2950 5473 solus
2971 5422 3173 5475 habe—to.

1892 5510 2187 5578 ersierat
2242 5509 2510 5564 Damoetas
2557 5507 2772 5562 ubinam
2823 5515 3086 5561 terrarum
3136 5505 3333 5562 malum
3379 5519 3488 5565 tres

1892 5577 2095 5635 tantum
2126 5581 2276 5634 ulnas
2316 5588 2554 5648 pateret,
2614 5577 2755 5648 quod
2796 5589 2942 5631 certe
2981 5591 3242 5644 nusquam
3290 5580 3484 5646 datur,

1892 5668 2062 5721 neque
2093 5666 2187 5720 per
2215 5647 2398 5704 mundi
2429 5647 2669 5705 naturam
2712 5647 2825 5721 lieri
2855 5657 3046 5721 potest.
3076 5649 3345 5721 ntalieubi
3377 5660 3486 5705 ter-

1891 5718 2219 5778 rarunicaeli
2269 5736 2431 5789 supra
2474 5731 2642 5775 terras
2685 5718 2978 5786 amplitudo
3026 5718 3184 5772 trimn
3239 5721 3482 5775 ulnarum

1889 5794 2065 5862 Spatio
2090 5793 2445 5849 contineatur.
2491 5790 2670 5859 Itaque
2691 5789 2955 5862 Menalcas
2984 5791 3313 5862 propositam
3336 5807 3483 5862 qna:~

1889 5859 2116 5922 stionem
2151 5881 2255 5921 non
2280 5863 2457 5930 solvit,
2491 5862 2584 5920 sed
2611 5861 2905 5933 quaestione
2955 5860 3060 5917 alia
3103 5859 3318 5920 refellit.
3352 5861 3481 5936 Dic,
