4242 6492
185 351 281 408 illi

1168 343 1370 401 LIBER
1401 343 1487 399 DE
1525 341 1706 399 FUGA
1746 340 1813 397 IN
1852 339 2385 398 PEllSECUTlONE.

3377 339 3484 399 102

184 465 493 523 cmlestibus
523 464 784 521 salutatus
822 472 926 530 est,
969 476 1128 533 quam
1168 476 1260 526 rex
1306 459 1617 517 Judaeorum
1656 474 1778 528 pro-
1808 461 1859 519 Α
1889 458 2022 512 tario
2069 458 2145 527 (b)
2195 457 2437 522 damnas,
2490 453 2776 512 diademati
2830 454 3191 513 destinatum?
3238 457 3369 514 Nam
3432 467 3489 516 et

180 560 415 629 scriptus
438 559 618 623 cruci;
653 557 949 611 niinoratus
1005 555 1178 625 primo
1230 568 1260 607 a
1311 562 1460 622 patre
1515 551 1781 607 modicum

182 654 310 722 quid
340 652 472 706 citra
518 652 755 722 angelos,
804 660 859 705 et
899 651 967 704 ita
991 649 1155 718 gloria
1186 658 1241 703 et
1268 648 1473 702 honore
1499 657 1784 701 coronatus

194 743 465 817 (Ps.Vlll,
495 745 562 807 6;
601 742 728 796 Heb.
749 740 813 808 ll,
842 740 919 811 7).
949 738 1006 801 Si
1035 741 1105 795 ob
1134 740 1246 794 hate
1270 748 1430 809 caput
1455 740 1502 793 ei
1527 748 1673 792 tuum
1700 737 1786 793 de-

184 838 305 902 bes,
338 836 443 891 tale
468 836 513 890 si
539 846 691 905 potes
720 835 766 889 ei
789 834 1045 904 repende,
1074 833 1233 903 quale
1273 846 1427 886 suum
1456 845 1553 901 pro
1576 840 1663 884 tuo
1686 831 1784 885 ob-

184 930 339 985 tulit:
370 939 465 983 aut
494 944 592 985 nec
617 927 837 983 ﬂoribus
861 928 1158 991 coroneris,
1186 925 1231 983 si
1258 924 1427 995 spinis
1458 938 1563 980 non
1591 933 1744 994 potes
1764 962 1781 990 ,

182 1023 309 1093 quia
339 1036 447 1077 non
482 1020 704 1076 floribus
731 1027 901 1091 potes.

811 1109 1039 1166 CAPUT
1080 1109 1198 1165 XV.

255 1207 425 1263 Serva
456 1207 565 1262 Deo
589 1221 702 1262 rem
729 1221 878 1260 suam
907 1204 1293 1259 iutaminatam.
1332 1201 1428 1258 Ille
1451 1216 1593 1269 eam,
1622 1202 1665 1256 si
1695 1216 1790 1257 vo-

184 1301 280 1366 let,
331 1301 645 1366 coronahit;
674 1299 782 1353 imo
806 1308 861 1354 et
891 1299 1036 1362 vult;
1066 1298 1294 1367 denique
1327 1297 1517 1351 invitat
1544 1315 1556 1347 :
1590 1295 1689 1361 Qui
1718 1296 1792 1349 vi-

182 1401 331 1463 cerit,
362 1398 551 1468 inquit,
581 1396 711 1449 dabo
735 1397 779 1449 ei
821 1411 1059 1448 coronant
1094 1395 1226 1447 vita'.
1274 1390 1399 1446 Esto
1440 1402 1495 1445 et
1542 1400 1594 1445 tu
1628 1391 1793 1459 fidelis

182 1492 253 1545 ad
271 1503 483 1546 mortem
504 1491 689 1563 (Apoc.
711 1489 777 1557 ll,
800 1490 915 1563 10).
944 1490 1163 1544 Decerta
1186 1497 1239 1543 et
1263 1497 1315 1542 lu
1335 1489 1791 1557 bonumagonem,

180 1589 342 1655 cujus
390 1600 644 1641 coronam
677 1595 732 1640 et
779 1583 1069 1652 Apostolus
1120 1582 1407 1652 repositam
1451 1581 1551 1634 sibi
1602 1582 1796 1635 merito

182 1678 411 1731 conﬁdit
431 1676 500 1749 (ll
529 1676 661 1731 Tim.
698 1674 784 1743 IV,
816 1676 870 1741 7,
902 1674 978 1745 8).
999 1675 1208 1744 Accipit
1235 1686 1288 1729 et
1308 1674 1531 1744 angelus
1561 1674 1797 1728 victorias

184 1783 446 1824 coronam
518 1767 813 1838 procedens
864 1769 915 1821 in
967 1766 1197 1822 candido
1244 1781 1402 1835 equo,
1454 1775 1511 1819 ut
1559 1767 1800 1821 vinceret

185 1862 373 1931 (Apoc.
400 1860 581 1931 Vlﬂ).
608 1860 676 1915 Et
702 1860 835 1915 alius
864 1859 1015 1914 iridis
1044 1860 1246 1914 ambitu
1273 1869 1492 1914 ornatur
1516 1859 1695 1930 (Apoc.
1726 1858 1795 1926 X,

185 1954 265 2025 1),
302 1955 508 2010 caelesti
540 1964 691 2024 prato
742 1954 845 2024 (α).
875 1953 1073 2009 Sedent
1108 1963 1164 2007 et
1212 1953 1509 2023 presbyteri
1559 1952 1798 2007 coronati

186 2048 377 2119 (Apoc.
411 2048 501 2112 ιγ,
529 2048 586 2116 4)
614 2065 625 2100 :
660 2046 955 2116 eodemque
997 2061 1126 2100 auro
1150 2054 1204 2099 et
1232 2045 1345 2114 ipse
1375 2044 1543 2099 Filius
1569 2043 1802 2099 hominis

184 2154 350 2210 sopra
380 2140 573 2194 nubem
606 2139 768 2194 micat
792 2137 971 2211 (Apoc.
993 2137 1131 2200 XIV,
1160 2136 1272 2206 14).
1295 2135 1353 2191 Si
1386 2136 1517 2190 tales
1541 2136 1801 2205 imagines

190 2234 244 2287 in
286 2233 496 2288 visione
516 2275 529 2296 ,
558 2234 743 2303 quales
778 2233 1031 2285 veritates
1058 2231 1109 2284 in
1135 2228 1655 2299 repraesentatione?
1682 2228 1801 2281 illas

186 2327 397 2396 aspice,
419 2325 537 2380 illas
565 2324 751 2380 odora.
782 2321 920 2391 Quid
946 2332 1106 2393 caput
1136 2320 1437 2392 strophiolo
1463 2330 1554 2375 aut
1582 2320 1804 2375 dracon-

1888 567 2040 621 reges
2086 566 2183 606 nos
2232 552 2343 606 Deo
2371 559 2426 605 et
2472 550 2614 605 Patri
2668 566 2766 606 suo
2797 552 2921 607 fecit
2959 552 3031 624 (c)
3062 552 3307 608 Christus
3331 553 3489 609 Jesus

1890 644 2072 715 (Apoc.
2122 644 2161 708 l,
2217 643 2288 707 6;
2344 643 2409 708 ν,
2461 643 2578 714 10).
2649 643 2785 711 Quid
2852 644 2947 700 tibi
2992 660 3113 700 cum
3178 645 3311 702 ﬂore
3365 661 3487 702 mo-

1890 740 2099 796 rituro?
2159 739 2331 795 [labes
2377 738 2564 795 ﬂorem
2603 754 2671 795 ex
2732 741 2878 811 virga
2921 738 3094 809 Jesse,
3125 755 3286 812 super
3329 756 3490 813 quem

1891 843 2000 889 tota
2063 832 2228 889 divini
2292 834 2510 904 spiritus
2560 832 2729 904 gratia
2782 834 3045 904 requievit
3098 831 3201 907 (Is.
3250 831 3345 901 XI,
3407 832 3487 905 l),

1891 928 2077 983 florem
2144 929 2547 998 incorruptum,
2617 926 3156 993 immarcescibilem,
3204 928 3493 997 sempiter-

1891 1038 2015 1077 num
2047 1038 2060 1076 :
2092 1036 2250 1091 quem
2302 1029 2357 1075 et
2410 1021 2582 1075 bonus
2634 1019 2789 1075 miles
2840 1018 2923 1091 (ri)
2967 1018 3231 1089 eligendo,
3288 1018 3342 1073 in
3377 1033 3494 1075 cce-

1893 1115 2012 1171 lesti
2071 1114 2441 1181 ordinatione,
2492 1113 2802 1185 dignatione
2865 1110 3111 1183 profecit.
3151 1111 3491 1179 Erubescite,

1894 1207 2292 1262 commilitones
2316 1205 2606 1276 ejus,jam
2650 1220 2755 1259 non
2784 1204 2852 1259 ab
2902 1204 3017 1273 ipso
3055 1202 3354 1275 iudicandi,
3398 1202 3497 1259 sed

1895 1302 1963 1357 ab
1988 1302 2168 1372 aliquo
2199 1301 2406 1355 Mithrae
2430 1300 2617 1362 milite,
2647 1300 2886 1369 quicum
2914 1297 3152 1352 iuitiatur
3181 1297 3233 1352 in
3276 1296 3495 1367 spelaea,

1898 1398 1949 1452 in
1977 1398 2166 1451 castris
2187 1411 2315 1450 vere
2356 1394 2716 1459 tenebrarum,
2758 1408 3013 1448 coronam
3040 1392 3356 1461 interposito
3379 1389 3498 1462 gla-

1900 1490 1989 1546 dio
2019 1491 2117 1546 sibi
2162 1490 2415 1553 oblatam,
2441 1488 2593 1558 quasi
2629 1488 2850 1541 mimum
2882 1485 3152 1558 martyrii,
3192 1483 3389 1540 dehinc
3411 1497 3501 1538 ca-

1900 1584 1994 1655 piti
2027 1597 2124 1636 suo
2153 1580 2631 1645 accommodatam,
2658 1589 2907 1634 monetur
2930 1577 3085 1633 obvia
3111 1574 3503 1645 manuacapite

1902 1676 2123 1745 pellere,
2156 1683 2210 1727 et
2240 1674 2291 1727 in
2320 1673 2629 1735 humerum,
2658 1671 2701 1724 si
2735 1668 2892 1737 forte,
2928 1668 3252 1735 transferre,
3316 1668 3503 1724 dicens

1902 1766 2147 1820 Mithram
2175 1779 2295 1819 esse
2324 1779 2576 1818 coronam
2610 1771 2956 1831 suam,atque
2983 1761 3178 1817 exinde
3210 1773 3503 1829 numquam

1905 1868 2212 1923 coronatur,
2240 1858 2398 1928 idque
2427 1857 2480 1912 in
2505 1857 2713 1927 signum
2734 1855 2896 1910 habet
2917 1854 2985 1910 ad
3004 1854 3372 1926 probationem
3395 1852 3501 1920 sui,

1906 1952 2071 2007 sicubi
2106 1960 2340 2007 tentatus
2368 1949 2527 2004 fuerit
2559 1948 2625 2003 de
2651 1955 3030 2003 sacramento:
3063 1946 3351 2016 statimque
3381 1958 3506 2000 creo

1903 2043 2047 2098 ditur
2095 2042 2303 2097 Mithrze
2345 2043 2521 2109 miles,
2550 2041 2594 2097 si
2634 2039 2894 2110 deiecerit
2926 2052 3207 2103 coronam,
3237 2039 3280 2092 si
3308 2051 3427 2093 eam
3454 2037 3508 2092 in

1906 2138 2017 2191 Deo
2062 2150 2161 2191 suo
2190 2149 2311 2191 esse
2336 2134 2554 2190 dixerit.
2610 2138 2979 2203 Agnoscamus
3029 2133 3242 2203 ingenia
3284 2130 3506 2198 diaboli,

1907 2230 2111 2285 ideirco
2135 2229 2378 2299 quaedam
2408 2229 2476 2283 de
2501 2226 2698 2282 divinis
2725 2226 3049 2295 all'eclantis,
3080 2236 3137 2282 ut
3162 2240 3261 2282 nos
3287 2224 3355 2281 de
3379 2237 3510 2281 suo-

1903 2338 2022 2376 rum
2048 2320 2153 2376 lide
2180 2320 2473 2376 confundat
2500 2328 2556 2376 et
2575 2319 2799 2391 judicet.

1567 2433 2122 2492 COMMENTARIUS.

192 2536 287 2607 qui
343 2533 483 2606 quod
545 2534 596 2587 in
640 2533 759 2607 lilio
806 2547 1073 2607 purpureo
1102 2572 1117 2595 ,
1161 2540 1440 2607 poetarum
1492 2530 1804 2607 hyacintho,

192 2602 389 2679 graccis
439 2606 828 2679 literisglcgitur
859 2604 1170 2679 inscriptum
1330 2602 1418 2679 Al,
1465 2603 1679 2679 nomina
1719 2619 1807 2679 re-

193 2673 324 2749 gum
377 2692 500 2733 esse
556 2673 925 2749 arbitrantur,
960 2673 1809 2749 pastorismVirgiliani“versiculo

195 2743 601 2803 Subintcllecta.
631 2746 747 2801 Rto.
778 2775 850 2785 —
884 2745 1120 2815 Utrisque
1142 2745 1261 2798 liliis
1289 2756 1333 2797 et
1374 2743 1604 2815 omnibus
1642 2746 1807 2797 violis.

194 2819 288 2875 Sic
318 2821 368 2873 in
414 2823 515 2872 line
548 2818 665 2872 libri
689 2820 751 2870 de
776 2813 1055 2887 Spectac.,
1087 2815 1390 2885 spectacula
1422 2813 1556 2868 dixit
1586 2823 1811 2885 utraque

195 2906 362 2945 cavea
392 2900 446 2944 et
466 2890 610 2942 omni
640 2888 813 2941 stadio
842 2890 1093 2956 gratiora.
1141 2886 1275 2940 Alba
1302 2887 1409 2940 lilia
1451 2893 1575 2939 sunt
1600 2888 1808 2941 confes-

200 2976 413 3023 sorum,
450 2969 711 3028 purpurea
743 2969 1059 3028 nuu'tyinm.
1094 2957 1211 3012 th.

270 3032 429 3087 CAP.
452 3026 735 3100 ’ΧΨ-(ει)
767 3026 974 3083 Etulius
1002 3030 1146 3081 iridis
1172 3027 1364 3100 ambitu
1388 3036 1596 3085 ornatus
1621 3026 1809 3081 caelesti

201 3116 373 3172 prato.
406 3102 495 3157 Sic
523 3101 683 3156 habet
711 3098 872 3172 vetus
906 3101 1196 3168 exemplar.
1232 3098 1518 3168 Eleganter
1547 3109 1722 3152 autem
1755 3109 1808 3153 et

202 3171 451 3244 apposite
464 3172 753 3242 Septimius
780 3171 966 3244 iridcm
997 3174 1318 3244 nuncupavit
1339 3171 1555 3244 tmlcste
1577 3180 1807 3239 pratum,
1837 3175 1881 3238 ρ

200 3241 293 3300 ob
318 3241 555 3315 speciem
597 3242 863 3309 smaragdi
909 3243 1076 3298 instar
1112 3241 1450 3295 viridantem.
1477 3241 1564 3294 Sic
1587 3246 1727 3295 enim
1760 3243 1809 3295 in

199 3316 850 3385 Apocal.describuntur:
873 3322 955 3367 uti
984 3320 1073 3383 ἶρις
1101 3320 1321 3366 κυκλόθεν
1356 3320 1436 3368 τοῦ
1476 3315 1635 3382 Optimi
1658 3320 1805 3380 ὃμοια.

200 3384 365 3456 ἐρίσει
400 3389 719 3455 σμαραγδινῷ.
755 3384 872 3438 lilG.

276 3460 361 3525 (li)
394 3451 563 3521 Caput
592 3458 641 3507 in
669 3451 949 3524 stropltialo
976 3463 1063 3507 aut
1084 3452 1427 3507 dracontario.
1452 3451 1804 3525 Tenniorihus

196 3523 416 3583 sciliCet
470 3528 685 3581 coronis
731 3523 1017 3580 utebantur
1058 3526 1283 3595 antiqui,
1340 3524 1511 3593 inquit
1563 3523 1801 3589 Plinius,

197 3599 451 3668 Strophia
478 3598 832 3669 appellantes,
870 3598 1009 3651 unde
1029 3598 1346 3665 strophiola.
1379 3596 1547 3669 Porro
1568 3595 1800 3651 dracon-

200 3666 407 3726 tarium
437 3666 645 3726 videtur
674 3670 792 3740 ejus
821 3670 1002 3723 sazculi
1036 3670 1358 3724 vocabulum
1383 3666 1546 3723 fuisse
1573 3682 1670 3736 pro
1714 3683 1802 3721 co-

1912 2530 2064 2585 rolla.
2096 2530 2270 2585 Rucn.
2297 2531 2491 2601 —Ego
2511 2544 2640 2586 vero
2670 2540 2797 2600 puto
2825 2530 3221 2588 dracontarium
3252 2545 3511 2588 coronam

1918 2603 2138 2671 intelligi
2171 2601 2492 2665 confectam,
2542 2612 2634 2656 aut
2661 2617 2727 2657 ex
2770 2602 3047 2657 dracontia
3076 2603 3237 2657 herba
3266 2603 3512 2658 antidoto

1915 2674 2172 2727 adversus
2204 2687 2432 2737 venena,
2472 2674 2624 2739 cujus
2671 2674 2915 2727 meminit
2944 2673 3148 2728 Plinius
3188 2673 3279 2727 lib.
3318 2672 3510 2740 XXIV.

1916 2758 2037 2815 cap.
2069 2744 2632 2815 l9,gautiexigenun_is
2656 2742 3022 2815 draeouilibus
3051 2744 3119 2799 de
3143 2743 3340 2815 quibus
3369 2744 3513 2800 idem

1920 2812 2001 2869 Pl.
2034 2816 2126 2870 lib.
2159 2812 2424 2879 XXXVII,
2450 2830 2499 2869 c.
2535 2813 2624 2869 10.
2658 2813 2796 2870 Pu.
2827 2844 2901 2857 -—
2930 2815 3029 2869 Aut
3055 2812 3398 2869 dracontario.
3421 2815 3514 2871 Ca-

1919 2888 2115 2940 tennla:
2142 2898 2267 2940 sunt
2292 2885 2631 2957 draconta‘ria
2659 2899 2732 2957 ex_
2757 2901 2890 2941 auro
2917 2895 3208 2957 argentove
3237 2886 3511 2957 autetiam

1914 2957 2021 3010 alia
2063 2957 2283 3011 materia
2337 2958 2388 3010 in
2437 2955 2653 3010 modum
2701 2955 2952 3011 draconis
2990 2955 3228 3012 'eflictie.
3292 2956 3515 3011 Manilia

1912 3037 2070 3082 vocat
2094 3028 2357 3101 dracones
2386 3026 2670 3093 Lucianus,
2710 3037 2814 3091 τοὺς
2841 3032 2946 3101 περὶ
2974 3035 3182 3100 annos;
3210 3033 3240 3087 ἣ
3266 3034 3513 3099 βράχησι,

1913 3101 2185 3169 δράκαντας.
2212 3098 2288 3153 LE
2318 3099 2409 3153 PR.

1990 3172 2063 3241 (c)
2094 3170 2232 3223 Nam
2252 3180 2297 3224 et
2324 3187 2461 3241 reges
2490 3185 2580 3224 nos
2606 3167 2715 3224 Deo
2740 3181 2786 3224 et
2817 3168 2964 3223 Patri
2984 3185 3075 3223 suo
3110 3168 3247 3241 fecit.
3279 3168 3392 3226 Hoc
3416 3186 3517 3225 sa:-

1917 3241 2134 3311 pissime
2177 3240 2738 3311 iugerit’Septimius,
2767 3242 3053 3296 sublimem
3094 3240 3401 3295 christiana:
3444 3241 3521 3296 fa-

1908 3312 2069 3366 milia:
2100 3313 2412 3381 dignitatem
2444 3353 2459 3377 ,
2488 3325 2645 3381 quam
2672 3325 2727 3368 et
2760 3312 3016 3380 praeclare
3046 3312 3235 3367 extulit
3269 3311 3519 3369 Justinus

1908 3386 2162 3436 adversus
2190 3383 2531 3452 Tryphonem
2560 3381 2685 3437 Jlld.
2720 3388 3058 3453 ἀρχιεριτικόν
3078 3384 3378 3453 τὸέὶληθινὸν
3394 3394 3517 3455 γένη

1907 3461 2042 3520 ευμεν
2076 3459 2158 3508 τοῦ
2191 3460 2327 3507 Θεοῦ.

1979 3524 2061 3596 (d)
2088 3528 2245 3589 Quem
2270 3535 2312 3577 et
2340 3524 2497 3577 bonus
2519 3524 2683 3577 miles.
2710 3523 2970 3593 Loquitur
2994 3522 3061 3579 de
3093 3523 3263 3580 milite
3300 3523 3407 3580 isto
3428 3526 3519 3595 qui

1909 3609 2162 3649 coronam
2196 3598 2246 3649 in
2278 3610 2437 3650 manu
2459 3636 2474 3661 ,
2504 3611 2609 3650 non
2640 3596 2694 3649 in
2717 3598 2914 3666 capite,
2945 3604 3270 3667 gestaverat,
3302 3596 3372 3653 ob
3397 3611 3519 3653 eam

1912 3682 2026 3722 rem
2057 3668 2107 3721 in
2141 3681 2411 3721 carcerem
2436 3678 2640 3738 raptus.
2674 3667 2850 3722 Rueu.

681 3927 1051 4016 QUINTI
1096 3924 1597 4000 SEPTIMII
1650 3923 2256 4000 FLOBENTIS
2302 3927 3062 4003 TERTULLIANI

214 4104 778 4237 LIBER
861 4103 1099 4230 DE
1188 4096 1707 4229 FUGA
1794 4097 1973 4228 IN
2063 4097 3517 4243 PERSECUTIONE.

1561 4300 2224 4343 ——-—@e———-

209 4401 616 4458 Aacuuearuu.
648 4428 720 4438 —
746 4396 905 4452 Liber
935 4395 997 4449 de
1034 4392 1185 4466 Fuga
1224 4393 1278 4447 in
1309 4391 1683 4463 persecutione,
1717 4392 1816 4447 hac

282 4495 399 4566 jam
428 4493 671 4548 fervente
691 4505 834 4547 anno
854 4490 963 4545 ’2οΞ
982 4490 1212 4561 scriptus
1234 4529 1248 4553 ,
1280 4486 1593 4543 Tertulliani
1616 4487 1817 4557 ingenii

1995 4409 2116 4448 nem
2146 4404 2421 4449 numerata
2465 4395 2687 4465 pecunia
2715 4395 3083 4454 redimendam
3110 4441 3126 4468 ,
3157 4400 3298 4457 inter
3325 4410 3523 4459 cmtera

2000 4487 2069 4541 ita
2111 4487 2421 4543 disserens:
2455 4487 2516 4544 Si
2541 4497 2742 4544 constat
2782 4507 2813 4544 a
2850 4508 2949 4558 quo
2979 4495 3264 4563 persecutio
3294 4494 3523 4562 eveniat,

290 4586 449 4641 valde
487 4584 755 4656 praefracti
801 4584 1092 4638 etiamnum
1123 4579 1330 4651 signum
1360 4588 1444 4635 est
1465 4622 1478 4645 ,
1513 4581 1564 4634 in
1593 4595 1699 4650 quo
1724 4580 1818 4634 l’a«
1847 4603 1900 4666 Ι)
1999 4595 2269 4647 possumus
2297 4581 2413 4647 jam
2447 4582 2871 4636 consultationem
2894 4592 3035 4638 tuam
3064 4585 3341 4653 inducere,
3369 4595 3416 4640 et
3445 4586 3528 4641 dc-

290 4680 552 4735 racletum
583 4677 818 4731 Montani
853 4675 1025 4746 palam
1073 4673 1338 4728 adstruit:
1375 4671 1612 4727 nondum
1645 4682 1820 4726 tamen

292 4771 348 4825 in
374 4768 682 4823 Catliolieos
716 4766 862 4822 velut
890 4765 1180 4838 Psycliicos
1225 4763 1466 4818 insultat.
1499 4762 1614 4817 Non
1642 4764 1825 4833 inepte

292 4864 629 4920 recentiores
650 4861 820 4917 critici
843 4861 1171 4915 arbitrantur
1200 4858 1341 4914 hunc
1370 4867 1649 4913 tractatum
1673 4872 1829 4913 eum-

294 4956 423 5012 dem
463 4970 581 5009 csse
623 4969 781 5023 quem
813 4953 867 5008 in
896 4953 989 5007 lib.
1031 4951 1096 5006 de
1122 4952 1356 5017 Corona,
1390 4965 1509 5020 cap.
1544 4951 1597 5017 1,
1630 4965 1689 5005 sc
1715 4948 1827 5003 edi-

297 5057 483 5103 turum
509 5046 752 5117 promisit
772 5045 835 5099 de
861 5043 1238 5112 Qurcstionibus
1269 5042 1656 5114 Coufessionum
1676 5083 1691 5109 ,
1721 5042 1825 5096 uti-

293 5156 403 5212 que
419 5148 603 5194 contra
630 5146 875 5209 pastores
893 5148 1133 5207 tempore
1156 5137 1590 5207 persecutionum
1610 5150 1826 5206 gregem

296 5248 458 5289 suum
503 5233 839 5289 deserentes.
883 5229 1014 5284 Orta
1059 5230 1197 5285 inter
1236 5228 1570 5284 Christianos
1608 5237 1829 5284 conten-

298 5327 450 5378 tione
496 5337 562 5377 an
609 5321 999 5393 persecutionis
1046 5330 1291 5391 tempore
1320 5318 1506 5389 fugere
1528 5360 1543 5383 ,
1572 5327 1663 5373 aut
1693 5333 1826 5373 auro

296 5425 590 5487 argentove
610 5414 943 5469 vexationem
964 5411 1232 5467 redimere
1264 5418 1333 5467 sit
1368 5410 1597 5476 licitum,
1633 5409 1832 5465 Tertul-

297 5509 471 5564 lianus
495 5548 511 5574 ,
534 5522 653 5561 cum
680 5506 748 5561 de
784 5504 885 5560 hac
912 5506 1210 5575 quaestione
1246 5520 1339 5559 ore
1385 5513 1538 5558 tenus
1569 5520 1673 5557 non
1700 5503 1832 5557 nihil

298 5602 624 5667 dissereret,
657 5601 1060 5669 iuterrogatusa
1098 5596 1259 5652 Fabio
1284 5599 1516 5669 quodam
1546 5596 1829 5665 familiari,

298 5694 518 5748 demum
547 5695 690 5746 hunc
715 5698 1001 5745 tractatum
1030 5691 1270 5745 exaravit
1298 5732 1312 5755 ,
1348 5691 1397 5744 in
1430 5705 1536 5760 quo
1566 5691 1670 5743 late
1697 5703 1829 5744 con-

306 5797 388 5840 tra
438 5782 771 5838 orthodoxos
818 5784 1046 5852 probare
1087 5791 1332 5849 conatur,
1362 5783 1621 5837 ministris
1655 5782 1746 5837 Dei
1779 5783 1831 5838 in

304 5875 680 5952 persecutione
706 5890 807 5935 nec
834 5873 1145 5947 fugiendum
1189 5889 1338 5944 esse,
1369 5889 1468 5933 nec
1506 5875 1832 5949 persecutio-

2001 4673 2273 4725 terminare
2302 4689 2363 4726 ea;
2386 4676 2481 4727 hoc
2508 4675 2621 4745 ipso
2671 4686 2983 4747 pertractata
3008 4679 3307 4748 fugiendum
3333 4680 3387 4733 in
3412 4696 3529 4751 per-

2001 4763 2260 4817 secutione
2288 4780 2389 4817 non
2421 4781 2546 4820 esse.
2581 4765 2644 4822 Si
2673 4769 2807 4821 enim
2842 4771 3125 4840 persecutio
3147 4787 3177 4824 a
3204 4769 3312 4826 Deo
3343 4774 3525 4827 evenit.

2006 4856 2149 4911 Sicut
2175 4857 2368 4925 duplex
2395 4861 2523 4913 ratio
2555 4859 2766 4927 oﬂendit
2784 4903 2799 4928 ,
2822 4862 2945 4931 quia
2972 4879 3131 4933 neque
3168 4865 3353 4919 debeat
3391 4864 3531 4920 devi-

2004 4951 2100 5003 tari
2129 4967 2286 5021 neque
2310 4953 2451 5006 evadi
2479 4954 2673 5023 possit,
2701 4956 2838 5024 quod
2862 4973 2895 5009 a
2922 4959 3032 5011 Deo
3064 4959 3247 5013 evenit.
3282 4957 3405 5014 Non
3439 4960 3531 5013 de-

2008 5044 2086 5097 bet
2129 5046 2379 5112 devitari,
2408 5046 2529 5116 quia
2572 5046 2769 5113 bonus;
2810 5065 3015 5104 necesse
3048 5058 3122 5104 est
3166 5052 3299 5106 enim
3344 5053 3529 5107 bonum

2006 5154 2111 5192 esse
2155 5154 2303 5193 omne
2336 5138 2471 5209 quod
2509 5139 2619 5194 Deo
2660 5142 2815 5198 visunt
2845 5151 2939 5197 est.
2965 5171 3039 5183 —
3057 5142 3262 5199 Caetera
3285 5186 3300 5210 ,
3323 5160 3444 5214 qua:
3473 5145 3530 5201 in

2005 5245 2118 5285 sua:
2149 5234 2429 5288 sententia:
2470 5234 2933 5290 confirmationem
2964 5236 3113 5291 addit
3142 5237 3380 5307 pluribus
3407 5251 3530 5307 per-

2008 5325 2157 5395 sequi
2201 5326 2380 5395 piget;
2411 5327 2640 5397 quisque
2682 5328 2825 5383 enim
2868 5327 3025 5384 facile
3064 5328 3351 5400 intelligit,
3385 5331 3523 5389 insa-

2010 5418 2125 5472 nire
2155 5417 2350 5473 ibidem
2392 5416 2767 5474 Tertullianum
2804 5428 2910 5475 tam
2952 5420 3130 5491 inepta
3174 5436 3530 5493 argumenta-

2011 5509 2183 5573 tione,
2215 5510 2297 5563 cui
2353 5509 2552 5565 (Ζιιι-ἱειί
2591 5513 2895 5581 exemplum
2926 5551 2941 5578 ,
2975 5520 3135 5583 atque
3182 5512 3530 5585 Evangelium

2013 5618 2120 5671 quo
2148 5603 2540 5673 persecutionis
2573 5614 2816 5677 tempore
2836 5604 2963 5677 fuga
2991 5607 3300 5679 praccipitur
3323 5618 3378 5664 et
3402 5623 3531 5665 san.

2012 5706 2219 5749 ciorum
2266 5696 2501 5754 virorum
2543 5697 2834 5755 auctoritas
2875 5700 3215 5773 apertissime
3241 5702 3533 5765 adversan-

2011 5798 2116 5846 tur.
2146 5788 2316 5846 Laur.
