4242 6492
753 357 859 414 105

1269 471 1496 530 CAPUT
1547 471 1830 530 PRIMUM.

829 651 1355 725 Quaesistiproxime,
1376 650 1504 706 Fabi
1529 651 1692 706 frater
1722 649 1822 721 (a),
1845 647 2152 718 fugiendum
2180 660 2351 700 necne

755 746 826 801 sit
855 746 908 801 in
939 746 1330 816 perseeutione,
1369 744 1511 813 qttod
1539 743 1720 799 nescio
1750 741 1876 812 quid
1916 742 2346 794 annuntiaretur.

755 837 956 893 Ibidem
998 851 1097 907 ego
1135 836 1416 892 oblocutus
1455 833 1652 904 aliquid
1700 849 1795 903 pro
1824 833 1941 887 loco
1978 846 2041 886 ac
2087 841 2348 899 tempore,

751 941 803 985 et
830 929 1178 1000 quarumdam
1205 943 1557 1000 personarum
1593 927 2015 995 importunitate.
2059 923 2341 978 semitrac-

749 1031 910 1076 tatam
939 1023 1218 1076 materiam
1244 1019 1437 1074 abstuli
1469 1034 1701 1082 mecum,
1731 1018 1937 1087 plenius
1963 1030 2080 1070 eam
2109 1013 2176 1068 de
2205 1013 2346 1083 stylo

747 1127 890 1169 nunc
916 1111 1341 1174 rettuntiaturus,
1373 1120 1555 1181 utpote
1575 1125 1734 1179 quam
1758 1107 1886 1162 mihi
1919 1106 1997 1178 (I)
2026 1116 2080 1161 et
2107 1115 2190 1160 tua
2216 1120 2343 1159 con-

745 1205 965 1260 sultatio
994 1203 1417 1266 commendarat,
1446 1213 1497 1256 et
1515 1201 1752 1256 conditio
1782 1211 2078 1269 temporum
2110 1215 2206 1252 suo
2232 1197 2341 1267 jam

746 1297 964 1352 nomine
996 1296 1318 1364 injunxcrat.
1346 1298 1556 1360 Quanto
1583 1294 1728 1348 enim
1757 1291 2143 1362 frequentiores
2168 1291 2343 1343 immi-

745 1396 876 1443 nent
903 1387 1328 1458 persecutiones,
1363 1394 1509 1440 tanto
1532 1385 1854 1439 examinatio
1881 1382 2208 1453 procuranda
2239 1394 2343 1448 εει,

745 1479 1014 1550 quomodo
1035 1495 1126 1535 eas
1147 1479 1397 1548 excipere
1422 1477 1554 1532 fides
1574 1477 1784 1531 debeat.
1807 1475 2143 1530 I’rocuranda
2167 1485 2343 1529 autem

744 1573 1067 1628 examinatio
1113 1587 1274 1642 penes
1307 1586 1420 1636 vos,
1451 1570 1540 1639 qui
1589 1570 1691 1640 (2).
1726 1572 1768 1622 si
1812 1568 1966 1630 forte,
2015 1567 2342 1620 I’aracletum

745 1681 852 1721 non
901 1665 1213 1735 recipiendo
1242 1664 1590 1718 deductorem
1639 1661 1814 1716 omnis
1845 1661 2108 1722 veritatis,
2154 1660 2344 1713 metito

744 1757 922 1812 adhuc
949 1756 1112 1811 etiam
1155 1755 1276 1810 aliis
1321 1754 1709 1825 quazstionibus
1740 1753 1955 1806 obnoxii
1995 1757 2141 1806 cstis.
2177 1751 2340 1822 Igitur

2179 346 2638 407 TERTULUANI
3962 349 4051 405 104

2386 472 2435 530 Λ
2469 470 2583 532 tati,
2616 484 2800 525 revera
2835 485 2940 524 non
2977 467 3237 524 adversus
3275 484 3491 525 carnem
3519 479 3572 525 et
3602 469 3944 539 sanguinem.
3974 467 4053 518 sed

2456 561 2716 617 adversus
2765 561 3024 630 Spiritalia
3075 560 3324 631 (Ephes,
3382 560 3466 626 γι,
3528 561 3624 630 19.)
3680 558 3957 627 ιιθιμιὶιὶκ.
3989 555 4052 609 Ita

2455 670 2715 725 agnosces
2757 655 2822 709 ad
2865 655 3112 710 euntdem
3141 653 3517 724 agonotbetam
3569 654 3843 723 pertinere
3893 663 4054 705 certa-

2457 750 2616 803 minis
2664 749 2966 812 arbitrium,
3021 748 3107 817 qui
3162 747 3349 800 invitat
3395 747 3458 800 ad
3512 747 3812 814 prrmium.
3869 743 4053 796 Totum

2453 840 2594 910 quod
2627 841 2799 910 agitur
2830 841 2880 894 in
2914 839 3310 911 persecutione,
3343 839 3512 908 gloria
3547 837 3637 890 Dei
3679 846 3762 889 est
3787 833 4054 902 probantis

2454 943 2508 988 et
2535 934 2891 1003 reprobantis,
2910 933 3242 1002 imponentis
3257 942 3312 987 et
3338 928 3852 1000 deponentisQuod
3885 940 4052 980 autem

2451 1025 2516 1080 ad
2559 1026 2784 1096 gloriam
2841 1025 2934 1079 Dei
2979 1026 3226 1094 pertinet,
3280 1027 3462 1092 utique
3507 1039 3574 1077 ex
3604 1024 3883 1075 voluntate
3927 1019 4056 1072 illius

2449 1120 2683 1174 eveniet.
2716 1118 2819 1174 Sed
2861 1118 3074 1189 quando
3109 1117 3247 1171 Deus
3279 1119 3448 1186 magis
3491 1115 3748 1174 creditur.
3795 1114 3897 1167 nisi
3941 1127 4053 1166 cum

2452 1211 2620 1282 magis
2667 1212 2915 1272 timetur,
2967 1209 3067 1263 nisi
3119 1209 3195 1276 (9)
3251 1210 3300 1263 Ill
3349 1217 3591 1276 tempore
3633 1203 4051 1276 persecutionis?

2450 1302 2600 1357 Tunc
2629 1301 2864 1356 Ecclesia
2896 1302 2948 1354 in
2977 1302 3202 1355 attonito
3241 1311 3357 1363 est;
3408 1311 3535 1354 tunc
3563 1312 3617 1352 et
3649 1298 3778 1353 fides
3810 1299 3863 1351 in
3895 1312 4049 1365 expe-

2455 1394 2658 1447 ditione
2733 1392 3016 1447 sollicitior
3066 1402 3120 1445 et
3177 1392 3567 1460 disciplittatior
3623 1392 3672 1443 in
3739 1389 3962 1459 jejuniis
4009 1398 4056 1443 ct

2454 1485 2797 1550 stationibus,
2843 1495 2897 1539 et
2926 1485 3280 1551 orationibus,
3327 1496 3379 1539 et
3427 1484 3746 1548 hmuilitate,
3808 1483 3859 1535 in
3889 1482 4050 1535 alter-

2449 1593 2569 1635 utra
2614 1580 2888 1650 diligentia
2915 1588 2969 1632 ct
3007 1579 3296 1632 dilectione
3325 1577 3422 1646 (c),
3451 1579 3499 1630 in
3547 1577 3832 1629 sanctitate
3873 1585 3930 1628 ct
3973 1591 4050 1628 ευ-

2450 1675 2693 1728 brietate.
2729 1671 2844 1725 Non
2890 1672 3030 1725 enim
3062 1679 3280 1724 vacatur
3313 1669 3414 1722 nisi
3448 1669 3624 1722 timori
3652 1679 3705 1722 et
3733 1668 3869 1735 spei.
3910 1666 4051 1720 Adeo

2447 1775 2500 1820 et
2529 1782 2593 1819 ex
2637 1764 2738 1818 hoc
2779 1764 2895 1832 ipso
2935 1763 3236 1817 ostenditur
3281 1762 3436 1816 nobis
3490 1776 3595 1815 non
3639 1776 3798 1830 posse
3841 1759 4051 1814 diabolo

743 1849 1124 1906 consultationi
1175 1858 1278 1903 tua:
1320 1849 1565 1903 ordinem
1617 1863 1830 1916 quoque
1878 1847 2168 1912 induimus,
2221 1847 2340 1900 ani-
2374 1831 2418 1889 B
2449 1855 2694 1927 deputari
2737 1831 2878 1921 (δοιῇ.
2925 1870 3043 1924 qua}
3082 1854 3336 1910 meliores
3375 1853 3543 1908 efﬁcit
3586 1851 3678 1906 Dei
3720 1867 3932 1906 son-05.

743 1943 1140 1999 madvertentcs
1201 1951 1328 1997 ante
1379 1941 1728 1996 determinari
1778 1949 2032 2009 Oportet-e
2083 1940 2152 1993 de
2201 1949 2340 1993 statu

744 2035 912 2106 ipsius
939 2034 1346 2106 persecutionis,
1380 2042 1556 2087 utrum
1587 2048 1616 2084 a
1647 2032 1756 2086 Deo
1787 2031 2038 2085 obveniat
2066 2031 2172 2099 (5),
2214 2046 2279 2084 an
2309 2047 2339 2084 a

743 2127 994 2192 diabolo,
1026 2142 1132 2196 quo
1175 2125 1383 2180 facilius
1421 2125 1488 2179 de
1518 2123 1666 2178 obitu
1713 2124 1829 2192 ejus
1855 2133 2107 2177 constare
2150 2122 2337 2191 possit.

741 2222 926 2277 Omnis
970 2223 1110 2275 enim
1152 2220 1229 2274 rei
1273 2217 1554 2288 inspectio,
1586 2227 1809 2273 auctore
1830 2218 2078 2286 cognito,
2104 2215 2332 2285 planior.

743 2315 887 2371 Satis
931 2324 1012 2370 est
1048 2312 1262 2384 quidem
1303 2311 1654 2382 praescribere
1682 2311 1762 2379 (4)
1793 2309 1923 2364 nihil
1955 2309 2068 2363 ﬁeri
2096 2309 2212 2361 sine
2243 2307 2334 2362 Dei

739 2407 1031 2462 voluntate.
1072 2406 1175 2461 Sed
1221 2421 1325 2458 non
1368 2404 1545 2459 statim
1589 2403 1689 2456 hac
1715 2401 1976 2456 sententia
2005 2401 2216 2456 creteris
2246 2415 2332 2454 re-

747 2496 1159 2567 tractatibus(5)
1187 2496 1363 2550 locum
1389 2494 1658 2559 dabimus,
1687 2508 1752 2547 ne
1781 2507 1808 2545 a
1831 2492 2079 2563 praesenti
2109 2491 2334 2546 articulo

737 2605 1048 2655 avocemur,
1071 2590 1248 2659 siquis
1264 2587 1634 2657 responderit:
1659 2586 1802 2656 Ergo
1830 2596 1884 2640 et
1909 2585 2108 2640 malum
2136 2600 2165 2638 a
2198 2586 2328 2650 Deo,

735 2693 792 2740 et
820 2683 1072 2740 delictum
1114 2699 1144 2737 a
1186 2684 1325 2746 Deo;
1356 2681 1486 2735 nihil
1510 2680 1620 2750 jam
1650 2679 1702 2734 in
1731 2680 1965 2744 diabolo,
1997 2679 2128 2733 nihil
2168 2679 2330 2733 etiam

735 2777 789 2832 in
828 2776 982 2832 nobis
1013 2775 1162 2845 ipsis.
1193 2775 1267 2830 De
1299 2772 1671 2845 persecutione
1700 2786 1840 2826 nunc
1870 2771 2146 2840 qtneritur.
2177 2769 2332 2825 Circa

733 2867 876 2924 hanc
910 2869 1120 2924 interim
1161 2866 1386 2923 dixerim
1427 2866 1560 2920 nihil
1601 2864 1716 2919 ﬁeri
1759 2863 1877 2919 sine
1908 2863 2004 2919 Dei
2034 2862 2330 2928 voluntate,

732 2961 1028 3031 reSpiciens
1057 2975 1175 3015 eam
1208 2960 1262 3013 in
1291 2957 1480 3028 primis
1504 2956 1720 3029 dignam
1753 2956 1861 3010 Deo
1897 2970 2038 3018 esse,
2067 2964 2141 3021 et,
2175 2964 2231 3008 ut
2260 2955 2328 3009 ita

730 3051 984 3117 dixerim,
1034 3050 1414 3114 necessariam,
1464 3047 1531 3102 ad
1573 3046 1941 3118 probationem
1971 3048 2179 3102 scilicet
2215 3061 2329 3101 ser-

730 3157 918 3198 vorum
941 3142 1061 3211 ejus
1098 3142 1212 3196 sive
1245 3141 1702 3210 reprobationem.
1729 3138 1859 3206 Quis
1884 3140 2128 3193 estenim
2156 3139 2329 3193 exitus
2357 3184 2402 3244 Ο

728 3233 1140 3305 persecutionis,
1168 3231 1290 3302 quis
1317 3230 1539 3286 effectus
1565 3229 1727 3296 alius,
1757 3229 1858 3283 nisi
1891 3230 2136 3298 probatio
2166 3240 2218 3283 et
2247 3245 2329 3284 re-

729 3323 976 3396 probatio
1004 3323 1148 3388 fidei,
1177 3340 1280 3394 qua
1313 3337 1440 3377 suos
1474 3321 1658 3391 utique
1690 3318 1943 3374 Dominus
1969 3319 2330 3374 examinavit?

727 3417 844 3473 Hoc
870 3432 1031 3473 omne
1063 3414 1140 3489 (6)
1167 3415 1425 3487 judicium
1453 3426 1533 3470 eSt
1562 3412 1864 3483 persecutio
1901 3428 1995 3482 per
2021 3428 2180 3482 quam
2209 3413 2328 3481 quis

727 3519 818 3564 aut
851 3511 1106 3580 probatus
1143 3518 1237 3563 aut
1275 3507 1593 3578 reprobatus
1627 3505 1917 3576 judicatur.
1963 3505 2132 3560 Porro
2181 3506 2324 3574 judi-

724 3602 868 3658 cium
913 3601 1012 3656 soli
1045 3601 1156 3656 Deo
1195 3597 1471 3669 competit.
1506 3597 1633 3652 ιιωο
1678 3597 1795 3665 pala
1839 3597 1926 3650 illa
1976 3595 2075 3666 (b),
2123 3612 2241 3665 qua:
2271 3607 2326 3652 et

725 3708 870 3749 nunc
914 3691 1244 3747 Dominicam
1293 3705 1472 3744 arcam
1505 3696 1714 3758 purgat,
1758 3687 2052 3741 Ecclesiam
2101 3689 2322 3754 scilicet,

724 3782 1006 3840 confusum
1058 3797 1306 3838 acervum
1356 3780 1596 3836 fidelium
1639 3780 1958 3845 eventilans,
1998 3777 2322 3837 frumentum

723 3883 1021 3948 martyrum
1062 3874 1142 3948 (7)
1191 3883 1244 3930 et
1290 3874 1471 3944 paleas
1513 3882 1844 3944 negatorum.
1880 3872 2005 3927 llaec
2045 3874 2186 3928 enirn
2220 3873 2321 3947 (8),

721 3968 882 4024 scala:
923 3983 1055 4039 quas
1092 3968 1323 4022 somniat
1368 3965 1554 4032 Jacob,
1599 3966 1718 4020 aliis
1763 3980 2043 4020 ascensum
2074 3965 2124 4019 in
2165 3982 2323 4036 supc-

721 4062 885 4125 riora,
929 4060 1048 4114 aliis
1089 4059 1408 4114 descensum
1453 4057 1518 4111 ad
1568 4057 1819 4112 inferiora
1864 4059 2317 4113 demonstrantes.

720 4151 811 4207 Sic
847 4161 901 4205 ct
940 4163 1166 4220 agonem
1213 4148 1434 4219 intelligi
1475 4147 1619 4216 capit
1649 4148 2095 4217 persecutionem.
2127 4150 2169 4202 Α
2215 4164 2320 4219 quo

724 4251 996 4298 certamen
1024 4241 1271 4306 edicitur,
1318 4241 1418 4296 nisi
1447 4257 1475 4295 a
1502 4256 1609 4310 quo
1635 4255 1836 4295 corona
1862 4251 1915 4294 et
1941 4241 2158 4311 praemia
2189 4258 2314 4312 pro.

720 4335 1028 4406 ponuntur?
1053 4334 1210 4405 Legis
1234 4333 1466 4390 edictum
1494 4333 1679 4404 agonis
1708 4333 1858 4387 istius
1887 4333 1937 4385 in
1971 4333 2316 4406 Apocalypsi,

723 4429 914 4500 quibus
943 4428 1176 4498 pratmiis
1194 4426 1261 4481 ad
1288 4425 1561 4481 victoriam
1595 4425 1802 4491 invitet,
1833 4425 1916 4480 vel
1943 4427 2173 4482 maxime
2200 4428 2319 4484 illos

3089 1987 3314 2043 CAPUT
3369 1986 3430 2041 ll.

2518 2125 2573 2180 Si
2617 2125 2758 2195 quod
2793 2124 2906 2196 (l0)
2953 2123 3209 2193 iniquitas
3240 2137 3269 2176 a
3304 2121 3414 2176 Deo
3443 2137 3546 2176 non
3576 2129 3678 2188 est,
3721 2121 3817 2176 sed
3866 2138 3897 2176 a
3943 2121 4047 2175 dia-

2445 2217 2586 2280 bolo,
2625 2217 2928 2284 pcrsecutio
2969 2224 3152 2270 autem
3198 2231 3261 2269 ex
3306 2215 3585 2284 iniquitate
3623 2215 3871 2268 consistit
3904 2216 4043 2286 (quid

2443 2310 2585 2364 enim
2619 2307 2855 2377 iniquius
2899 2323 3059 2377 quam
3092 2305 3203 2360 veri
3254 2305 3343 2361 Dei
3376 2307 3661 2367 antistites.
3713 2307 3892 2360 omnis
3936 2305 4042 2375 (il)

2441 2410 2738 2454 sectatores
2763 2400 3024 2464 veritatis,
3045 2398 3549 2452 nocentissimorum
3581 2413 3730 2452 more
3758 2398 4043 2468 tractari?),

2441 2490 2563 2545 ideo
2610 2490 2822 2545 videtur
2874 2491 3176 2559 persecutio
3231 2505 3258 2542 a
3310 2489 3528 2544 diabolo
3576 2491 3814 2554 evenire,
3858 2506 3890 2544 a
3948 2505 4044 2558 quo

2439 2582 2694 2653 iniquitas
2743 2584 2938 2654 agitur,
2993 2599 3056 2637 ex
3110 2597 3211 2652 qua
3263 2592 3472 2636 constat
3527 2583 3868 2650 persecutio:
3914 2583 4044 2637 scire

2440 2674 2718 2741 debemus,
2751 2684 3016 2745 quatenus
3047 2689 3147 2728 nec
3188 2674 3491 2742 persecutio
3513 2684 3597 2728 est
3624 2675 3740 2728 sine
3768 2673 4044 2743 iniquitate

2439 2767 2658 2834 diaboli,
2704 2783 2803 2823 nec
2851 2767 3098 2837 probatio
3144 2767 3263 2821 fidei
3313 2768 3431 2822 sine
3477 2768 3877 2837 persecutione,
3931 2784 4044 2837 pre-

2440 2872 2560 2931 pter
2586 2861 2956 2932 probationem
2992 2859 3113 2915 fidei
3158 2861 3517 2914 necessariam
3549 2859 3910 2929 iniquitatem,
3943 2874 4040 2914 non

2437 2953 2793 3024 patrocinium
2821 2960 3077 3022 przestare
3104 2950 3483 3021 pcrsecutioni,
3516 2949 3610 3005 sed
3640 2951 3998 3006 ministerium
4027 2970 4040 3016 ;

2436 3047 2740 3117 prtecedere
2779 3047 2922 3101 enim
2969 3043 3064 3099 Dei
3106 3045 3433 3098 voluntatem
3487 3045 3628 3099 circa
3678 3043 3803 3098 fidei
3849 3045 4042 3114 proba-

2438 3140 2661 3204 tionem,
2714 3154 2832 3208 qua:
2869 3147 2951 3192 est
2998 3141 3133 3191 ratio
3184 3137 3608 3205 persecutionis,
3659 3137 3812 3206 sequi
3867 3148 4042 3192 autem

2435 3228 2633 3284 diaboli
2685 3229 3018 3295 iniquitatem
3069 3226 3134 3280 ad
3182 3231 3598 3281 instrumentum
3632 3231 4040 3296 persecutionis,

2435 3345 2555 3399 quae
2583 3328 2717 3382 ratio
2731 3336 2814 3383 est
2831 3326 3180 3396 probationis.
3199 3324 3329 3378 Nam
3345 3325 3564 3388 etalias,
3584 3325 3634 3378 in
3651 3329 4039 3394 quantumjus-

2434 3425 2561 3476 tiliae
2589 3421 2841 3492 iniquitas
2862 3420 3052 3474 :emula
3069 3428 3168 3482 est,
3190 3421 3240 3472 itt
3267 3427 3469 3472 tantum
3487 3420 3709 3474 materia
3731 3426 3813 3472 est
3839 3419 3906 3472 ad
3944 3431 4043 3473 tes-

2430 3515 2650 3568 timoma
2677 3513 2812 3582 ejus,
2841 3515 2993 3580 cujus
3019 3521 3104 3567 est
3126 3510 3354 3575 :cmula;
3384 3520 3442 3564 ut
3487 3512 3565 3565 sic
3597 3511 3804 3580 justitia
3847 3513 3900 3566 in
3941 3513 4040 3566 ini-

2431 3607 2632 3674 quitate
2648 3604 2979 3673 perficiatur,
2997 3602 3268 3671 quomodo
3289 3603 3457 3656 virtus
3481 3604 3530 3654 in
3549 3602 3860 3657 infirmitate
3885 3605 4043 3671 perﬁ-

2433 3697 2574 3751 citur
2597 3697 2662 3766 (II
2685 3696 2825 3760 Con,
2852 3693 2965 3759 XII,
2995 3695 3071 3763 9).
3099 3692 3239 3747 Nam
3260 3694 3468 3757 inﬁrma
3494 3694 3671 3746 mundi
3694 3694 3856 3747 eiecta
3877 3705 3994 3748 sunt
4015 3711 4043 3746 a

2431 3787 2563 3852 Deo,
2593 3798 2646 3841 ut
2667 3787 3049 3856 confundantur
3075 3787 3267 3856 fortia;
3291 3795 3339 3838 et
3363 3786 3522 3839 stulta
3556 3787 3698 3853 ejus,
3726 3795 3781 3837 ut
3820 3786 4040 3854 confan-

2429 3883 2615 3935 duntur
2629 3881 2879 3950 sapientia
2901 3879 2942 3949 (Ι
2975 3877 3118 3943 Cor.,
3144 3877 3181 3942 Ι,
3205 3877 3321 3945 27).
3353 3877 3426 3931 Ita
3449 3886 3502 3931 et
3531 3876 3781 3947 iniquitas
3808 3877 4039 3932 adhibe-

2432 3987 2516 4029 tur
2546 3985 2602 4029 ttt
2639 3973 2843 4043 justitia
2878 3972 3153 4043 probetur,
3185 3970 3520 4025 confundens
3548 3969 3908 4039 iniquitatem.
3939 3971 4040 4041 lgi-

2430 4076 2515 4122 tur
2541 4065 2681 4136 quod
2733 4063 3086 4118 ministerium
3144 4078 3248 4116 non
3301 4071 3384 4117 est
3430 4060 3656 4126 arbitrii,
3690 4060 3786 4115 sed
3837 4064 4039 4117 servitii

2427 4155 2728 4228 (arbitrium
2783 4157 2928 4210 enim
2979 4153 3212 4217 Domini,
3266 4153 3585 4223 persecutio,
3643 4161 3867 4221 propter
3919 4153 4041 4207 fidei

2427 4250 2818 4323 probationem,
2851 4245 3334 4318 ministeriumUQ)
3354 4257 3530 4300 autem
3567 4245 3821 4315 iniquitas
3848 4246 4040 4302 diabo-

2427 4344 2481 4408 li,
2516 4351 2732 4413 propter
2775 4339 3164 4410 persecutionis
3191 4335 3658 4407 instructionem);
3688 4337 3758 4391 ita
3796 4353 3917 4392 eam
3945 4353 4040 4408 per

2425 4435 2717 4498 diabolum,
2745 4431 2791 4487 si
2833 4430 2993 4497 forte,
3023 4446 3131 4485 non
3160 4444 3189 4484 a
3220 4429 3436 4485 diabolo
3490 4431 3705 4485 evenire
3743 4430 4020 4484 credimus

719 4525 811 4598 qui
854 4525 1072 4597 proprie
1111 4524 1334 4580 vicerint
1371 4524 1425 4579 in
1462 4523 1859 4594 persecutione,
1895 4522 2160 4578 vincendo
2207 4524 2316 4579 luc-
2342 4518 2396 4578 D
2422 4526 2561 4582 Nihil
2597 4525 2809 4580 Satanae
2840 4523 2893 4578 in
2919 4537 3106 4578 servos
3130 4521 3222 4579 Dei
3251 4523 3360 4578 vivi
3387 4521 3590 4592 licebit,
3625 4521 3724 4576 nisi
3772 4523 4038 4592 permise-

1936 4634 2228 4692 LECTION
2237 4638 2317 4695 ES
2359 4638 2662 4696 VARIANT
2671 4638 2769 4694 ES.

786 4751 800 4814 [
809 4752 855 4816 ι)
890 4751 1043 4812 Quam
1067 4751 1115 4802 ei
1141 4749 1291 4803 Seml.
1311 4748 1508 4803 Oberth.
1525 4762 1670 4813 quam
1691 4748 1807 4798 mihi
1829 4753 1882 4798 et
1897 4746 2050 4800 Rhea.
2068 4764 2082 4810 ;
2101 4763 2245 4812 quam
2265 4761 2316 4802 et

715 4817 852 4939 ’⁸ῗὲ)
878 4878 971 4938 Qui
996 4875 1128 4927 deest
1155 4875 1300 4939 Sani.
1333 4873 1530 4926 Oberilt.

805 4938 856 4988 3')
881 4939 1096 4988 Obvenit
1126 4938 1278 4986 Fran.

805 4944 836 4988 ὖ
881 4944 1096 4988 Obvenit
1126 4944 1278 4986 Fran.

780 4944 856 5126 ii;
881 5000 1198 5049 Perscribere
1223 4998 1372 5049 Seml.
1401 4995 1595 5050 Obertlt.

781 5066 833 5121 (ὅ
896 5061 1288 5111 Retractavtmus
1347 5061 1497 5111 Sami.
1577 5063 1595 5112 (

805 5058 855 5123 ὅ)
896 5061 1288 5111 Retractavimus
1347 5061 1497 5111 Serui.
1577 5058 1775 5112 Obertlt.
1836 5058 2311 5123 Retractaverimus,

712 5135 864 5253 nidi
885 5185 1081 5236 Domini
1106 5185 1256 5235 Seml.
1280 5184 1472 5238 Obertlt.
1504 5186 1643 5247 Leop.
1670 5184 1859 5234 Nomen
1887 5182 2037 5235 Rhea.

2485 4753 2560 4815 (7)
2589 4751 2836 4815 Maturum
2861 4751 3012 4815 Rhea,

2485 4809 2559 4875 (δ)
2585 4814 2674 4863 liae
2700 4818 2846 4864 etiam
2874 4809 3024 4864 Seml.
3053 4810 3250 4864 Obertlt.
3283 4813 3423 4875 Leopi.

2578 4877 2686 4946 (Nisi
2710 4891 2819 4946 cum
2837 4903 2909 4946 —-_
2922 4877 3283 4946 persecutionis
3306 4870 3528 4925 Ecclesia
3553 4870 3707 4923 Latin.

2486 4941 2589 4998 (l0)
2617 4939 2856 4996 Quoniam
2885 4939 3038 4988 Latin.

2483 5001 2525 5060 (l
2543 5002 2585 5059 l)
2612 5001 2796 5049 OITIIII‘S
2821 5000 3027 5051 Scmler.
3057 4998 3252 5049 Obcrtlt.
3275 4999 3418 5061 Leop.

2485 5057 2502 5121 ζ
2510 5057 2586 5124 12)
2622 5065 2782 5112 Verba
2824 5064 3151 5124 ministerium
3174 5088 3235 5097 -—
3261 5057 3633 5124 instructionem
3657 5057 3819 5110 nescio
3841 5073 3940 5123 qua
3980 5063 4042 5113 de

2419 5119 2590 5174 caussa
2612 5125 2768 5176 omisit
2795 5127 2946 5176 Semt.
2972 5123 3172 5188 ejusque
3188 5134 3375 5186 sequax
3402 5119 3601 5174 Otrerth.

2063 5267 2617 5329 COMMENTARIUS.

785 5389 941 5444 CAP.
973 5385 1319 5460 I.—(a)Fabi
1342 5385 1519 5460 frater.
1552 5383 1839 5460 Communi
1879 5380 2304 5460 Christianorum

711 5461 932 5518 nomine
947 5453 1160 5516 fratrem
1185 5458 1270 5513 hic
1286 5453 1458 5512 vacat.
1477 5456 1604 5521 Quis
1620 5465 1796 5509 autem
1821 5453 2302 5579 [ιιει-ἰιΐιιρὲιιυιιι.

2048 5541 2078 5578 ε
2144 5543 2198 5578 n.

2048 5541 2198 5578 Ef'R.

792 5602 872 5675 (b)
903 5600 1031 5675 Ilwc
1068 5601 1188 5672 pata
1244 5601 1354 5654 illa.
1385 5599 1549 5675 Recte
1589 5596 1880 5675 Rhenanus
1932 5595 2314 5675 interpretatur

713 5667 885 5745 palatii
923 5667 1336 5745 instrumentum
1375 5669 1630 5745 rusticuln
1663 5667 1893 5745 :Aalludit
1915 5668 2064 5745 _cnim
2084 5667 2149 5745 ad
2180 5667 2307 5721 illud

716 5737 897 5799 Matth.
953 5743 1045 5810 III,
1095 5744 1243 5814 juxta
1286 5742 1513 5814 similem
1561 5739 1620 5794 Β.
1654 5737 1927 5814 Cypriani
1967 5740 2306 5802 versionem;

712 5818 835 5890 quia
860 5808 1041 5873 veniet
1080 5808 1329 5873 dominus
1369 5813 1543 5869 ferens
1584 5808 1758 5883 palam
1789 5808 1842 5865 iu
1883 5823 2043 5864 manu
2091 5825 2205 5878 sua,
2247 5819 2302 5866 et

2418 5388 2694 5443 mundabit
2737 5403 2917 5441 aream
2950 5402 3122 5442 suam.
3159 5385 3294 5440 Pu.

2490 5459 2565 5526 (c)
2598 5458 2664 5511 In
2703 5461 2952 5512 alterutra
2993 5457 3260 5527 diligentia
3303 5464 3359 5527 ei
3395 5455 3684 5510 dilectione.
3718 5453 3815 5510 His
3857 5458 4044 5511 verbis

2417 5525 2715 5599 signiﬁcat:
2760 5525 3111 5599 qua-eumque
3157 5536 3284 5581 sunt
3316 5525 3880 5599 citristianmpietatis
3905 5544 4041 5599 erga

2419 5597 2584 5655 Deum
2632 5611 2686 5654 et
2730 5597 3032 5670 proximum
3101 5600 3298 5663 ollicia,
3364 5598 3552 5665 quales
3625 5597 3860 5670 fidelium
3895 5597 4045 5654 inter

2415 5687 2494 5737 se,
2538 5669 2870 5743 diligentium
2902 5683 2955 5726 et
2991 5671 3307 5743 dilectarum
3330 5670 3588 5743 affectus,
3614 5669 3776 5743 etiam
3829 5672 4042 5727 ethnici

2415 5739 2722 5811 laudabant,
2758 5754 2814 5799 et
2844 5743 3196 5807 mirabantur,
3232 5741 3285 5796 in
3313 5739 3595 5812 Apologet.
3623 5739 3742 5795 llic.
