4242 6492
146 381 258 436 105

1313 378 1405 435 DE
1448 378 1631 436 FUGA
1671 376 1736 434 IN
1775 376 2315 437 PERSECL'TIONE.

3351 385 3458 440 106

144 496 221 548 rit
253 494 529 559 Dominus,
562 500 734 548 utaut
765 492 935 563 ipsum
964 491 1205 548 destruat
1248 508 1343 561 per
1369 493 1526 548 tidem
1556 495 1755 549 electo-
1780 494 1831 554 Α
1860 493 2086 548 traditur
2136 496 2183 549 ei
2231 501 2479 565 peccator
2529 495 2679 565 quasi
2733 496 2971 554 carniﬁci
3023 498 3076 553 in
3126 512 3358 569 pinnam,
3403 510 3459 555 ut

144 605 269 643 rutn
302 591 352 643 in
386 590 677 643 tentatione
705 590 978 643 victricem
1014 589 1090 657 (Ι)
1120 588 1339 655 :(a)aut
1369 588 1611 643 homines
1640 588 1755 655 ejus

142 682 318 737 fuisse
347 683 611 745 traducat,
637 685 725 753 qui
750 681 1041 736 defecerint
1065 682 1129 735 ad
1163 682 1334 735 illum.
1368 682 1542 737 llabes
1568 697 1753 737 exem-

142 776 295 844 plum
326 776 446 841 .lob,
476 778 559 831 cui
586 776 827 831 diabolus
860 777 1057 830 nullam
1110 778 1277 846 potuit
1308 777 1548 831 incutere
1586 787 1754 831 tenta-

140 869 372 933 tionem,
404 871 503 923 nisi
533 886 561 924 a
582 870 695 924 Deo
724 870 1016 940 accepisset
1047 880 1389 940 potestatem,
1420 886 1516 924 nec
1544 871 1595 924 in
1623 870 1756 923 sub-

140 964 400 1015 stantiam
428 961 643 1031 quidem
665 962 813 1031 ejus,
844 962 945 1016 nisi
975 963 1269 1028 Dominus,
1306 962 1465 1026 Ecce,
1501 963 1753 1028 dixisset,

140 1055 321 1107 omnia
350 1071 463 1122 quae
490 1064 609 1107 sunt
628 1055 693 1119 ci,
718 1056 770 1108 in
802 1071 955 1107 manu
978 1063 1066 1107 tua
1102 1056 1167 1109 do
1188 1098 1201 1116 ,
1232 1059 1283 1109 in
1309 1056 1475 1125 ipsum
1504 1066 1675 1111 autem
1695 1072 1759 1111 ne

138 1146 431 1199 cxtemlcris
462 1164 670 1200 manum
698 1144 840 1212 (Job,
874 1148 912 1213 Ι,
948 1148 1053 1219 12).
1076 1146 1315 1219 Denique
1347 1164 1443 1203 nec
1489 1149 1755 1213 extendit,

142 1240 246 1292 nisi
280 1250 623 1307 posteaquam
676 1248 729 1293 et
778 1240 877 1294 hoc
930 1242 1216 1311 pestulanti
1270 1242 1555 1308 Dominus,
1587 1241 1753 1305 Ecce,

140 1330 393 1395 dixisset,
426 1331 573 1384 trado
624 1333 713 1385 tibi
766 1334 932 1397 illam,
978 1344 1172 1388 tantum
1214 1334 1439 1387 animant
1492 1334 1607 1404 ejus
1669 1349 1758 1386 cu-

140 1426 279 1479 storli
320 1425 722 1496 (Jab,ll,6).
756 1428 844 1481 Sic
899 1437 953 1481 et
1006 1429 1055 1482 in
1106 1429 1389 1497 Apostolus
1456 1427 1755 1483 facultatem

141 1518 459 1572 tentationis
542 1520 869 1586 postulavit,
929 1536 1031 1573 non
1108 1520 1312 1574 habens
1364 1535 1483 1575 eam
1537 1521 1636 1574 nisi
1691 1537 1757 1576 ex

141 1611 435 1679 permissa.
492 1611 763 1680 Siquidem
819 1612 1081 1666 Dominus
1129 1613 1180 1665 in
1234 1612 1520 1682 Evangelia
1560 1614 1625 1666 ad
1672 1613 1759 1667 I‘e-

143 1713 289 1758 trum
321 1721 332 1754 :
368 1701 502 1757 Ecce
530 1744 542 1763 ,
580 1705 748 1771 inquit
770 1744 782 1763 ,
817 1705 895 1772 (b)
924 1704 1193 1773 postulavit
1224 1704 1448 1760 Satanas
1479 1707 1553 1758 uti
1580 1722 1756 1759 cerne-

141 1806 219 1849 ret
248 1813 335 1849 ros
361 1796 497 1848 velut
542 1799 853 1864 fulmentum
880 1810 895 1847 :
920 1811 1089 1848 verum
1135 1812 1226 1867 ego
1252 1798 1429 1866 rogavi
1467 1813 1559 1866 pro
1604 1807 1669 1859 te,
1698 1812 1760 1850 ne

143 1886 383 1953 deﬁceret
410 1887 539 1954 [ilics
566 1886 689 1957 tuo(
718 1886 845 1949 Luc,
878 1886 1037 1949 XXII,
1071 1888 1135 1942 5i
1170 1889 1186 1956 )
1221 1905 1232 1940 :
1260 1888 1311 1942 id
1333 1896 1435 1951 est,
1460 1903 1528 1943 ne
1554 1897 1758 1943 tantum
1788 1891 1836 1950 Β

143 1976 364 2033 diabolo
427 1978 843 2045 permitteretur,
904 1988 958 2031 ut
1006 1979 1136 2033 tides
1186 1980 1593 2048 periclitaretur.
1637 1979 1754 2047 Quo

143 2071 471 2137 ostenditur,
509 2083 789 2141 utrumque
816 2072 954 2143 apud
983 2072 1155 2129 Deum
1186 2087 1326 2137 esse,
1359 2083 1412 2127 et
1441 2074 1752 2127 concussio-

144 2179 271 2218 nem
298 2164 446 2227 lidei,
477 2175 526 2217 et
558 2167 960 2231 prolectionem,
997 2181 1116 2217 eum
1148 2174 1428 2232 utrumque
1458 2164 1525 2217 ab
1566 2180 1631 2219 eo
1658 2180 1753 2235 pe-

147 2257 297 2320 titur,
332 2258 618 2313 concussio
644 2273 675 2311 a
704 2256 939 2318 diabolo,
976 2256 1235 2325 protectio
1256 2270 1284 2308 a
1313 2254 1466 2310 Filio.
1494 2257 1756 2325 titulique

143 2365 269 2404 cum
306 2351 471 2405 Filius
509 2352 599 2404 Dei
630 2353 1016 2420 protectionem
1048 2350 1166 2403 lidei
1202 2349 1361 2404 habet
1389 2350 1439 2403 in
1466 2364 1568 2403 sua
1606 2360 1755 2418 pote-

146 2454 288 2498 state
315 2459 474 2511 quam
505 2460 532 2495 a
560 2442 719 2497 Patre
748 2444 1002 2512 postulat,
1036 2459 1066 2493 a
1095 2458 1192 2510 quo
1216 2457 1413 2495 omnem
1437 2442 1621 2511 accipit
1666 2458 1757 2511 po-

146 2546 384 2590 testatem
408 2537 461 2588 in
482 2536 618 2589 caelis
649 2547 694 2589 et
718 2537 769 2588 in
798 2537 942 2588 terris
970 2532 1180 2604 (Matth.
1203 2532 1441 2597 XXVIII,
1467 2532 1579 2601 18),
1600 2535 1757 2604 quale

147 2639 234 2683 est
286 2637 345 2680 ut
399 2626 804 2681 concussionem
848 2626 968 2681 lidei
1001 2625 1245 2681 diabolus
1277 2627 1328 2679 in
1360 2641 1518 2680 manu
1546 2642 1639 2681 sua
1665 2625 1757 2680 ba-

145 2720 315 2774 beat‘!
345 2719 417 2787 (c)
444 2720 545 2774 Sed
592 2719 645 2773 in
676 2720 907 2789 legitima
954 2720 1206 2774 Oratione
1251 2735 1374 2774 cmn
1416 2718 1644 2773 dicimus
1690 2719 1755 2773 ad

144 2812 370 2866 Patrem
390 2828 406 2864 :
428 2810 510 2865 Ne
532 2830 622 2867 nos
661 2813 874 2865 inducas
897 2813 946 2865 in
966 2814 1293 2867 tentationem
1310 2810 1521 2880 (Matth.
1557 2810 1640 2874 VI,
1665 2809 1757 2880 15)

147 2906 295 2975 (quae
322 2916 414 2957 aut
441 2906 612 2973 major
643 2908 866 2959 tentatio
899 2920 1057 2974 quam
1091 2904 1392 2975 persecutio
1409 2905 1481 2972 ης
1506 2904 1575 2959 ab
1602 2920 1667 2959 eo
1695 2904 1758 2957 il-

145 2994 258 3047 lam
284 2997 597 3063 prolitemur
625 2995 890 3059 accidere,
919 3011 948 3048 a
980 3011 1083 3068 quo
1120 2995 1326 3048 veniam
1354 2994 1472 3061 ejus
1499 2993 1757 3062 depreca-

145 3104 305 3141 mur:
335 3088 434 3141 hoc
456 3099 537 3141 est
566 3089 708 3141 enim
734 3087 873 3156 quod
897 3088 1169 3157 sequitur:
1200 3085 1307 3141 Sed
1333 3102 1451 3141 erue
1479 3102 1569 3139 nos
1593 3103 1625 3139 a
1644 3103 1756 3139 ma-

148 3182 293 3252 ligno
322 3180 527 3250 (ibid);
564 3182 613 3235 id
645 3192 757 3247 est,
792 3197 858 3236 ne
886 3197 982 3235 nos
1013 3181 1283 3236 induxeris
1310 3181 1753 3247 intentationem,

143 3276 517 3343 permittendo
546 3291 643 3330 nos
674 3276 917 3344 maligno.
956 3275 1103 3329 Tunc
1130 3278 1272 3330 enim
1299 3276 1538 3331 etuimur
1557 3273 1753 3329 diaboli
1782 3278 1827 3339 (ζ

144 3372 403 3426 manilms
426 3412 441 3436 ,
473 3386 594 3425 cum
627 3371 701 3424 illi
732 3385 838 3425 non
876 3370 1135 3424 tradinmr
1167 3371 1220 3423 in
1254 3372 1621 3425 tentationem.
1648 3369 1756 3425 Nec

146 3464 201 3517 in
236 3478 524 3530 porcorum
554 3478 769 3531 gregem
806 3462 1003 3517 diaboli
1034 3461 1170 3531 legio
1198 3460 1382 3515 habuit
1413 3473 1751 3531 potestatem,

148 3555 251 3607 nisi
284 3568 406 3609 eam
435 3553 501 3608 de
532 3553 641 3608 Deo
666 3554 1023 3623 impetrasset,
1050 3560 1256 3607 tantum
1284 3552 1436 3607 abest
1459 3561 1519 3607 ut
1543 3552 1595 3607 in
1626 3567 1753 3607 oves

145 3646 245 3702 Dei
280 3646 496 3701 habeat.
526 3645 750 3700 Possum
800 3644 1002 3711 dicere,
1042 3660 1325 3715 porcorum
1356 3659 1565 3715 quoque
1611 3654 1754 3699 setas

146 3749 280 3793 tunc
311 3748 620 3793 nunueratas
648 3737 789 3808 apud
840 3738 1004 3794 Deum
1057 3737 1254 3801 fuisse;
1299 3736 1492 3791 nedum
1531 3736 1754 3806 capillos

143 3843 484 3888 sanctorum.
519 3832 726 3887 Habere
778 3832 987 3885 videtur
1034 3831 1280 3884 diabolus
1338 3830 1607 3900 propriam
1640 3830 1751 3900 jam

146 3934 496 3996 potestatem,
525 3925 570 3979 si
616 3925 753 3980 forte
800 3926 851 3979 in
877 3940 971 3979 eos
1002 3925 1089 3993 qui
1129 3924 1195 3978 ad
1231 3924 1397 3979 Demu
1452 3940 1557 3978 non
1590 3925 1753 3994 perti-

146 4029 302 4084 nent,
328 4018 497 4073 semel
526 4018 576 4071 in
610 4018 801 4072 stillam
820 4018 992 4071 situm:
1017 4017 1117 4088 (Is.
1152 4016 1264 4083 XL,
1289 4018 1401 4089 I5),
1422 4027 1475 4071 et
1496 4019 1548 4072 in
1576 4018 1752 4086 pulve-

146 4127 258 4164 rem
308 4108 572 4180 arca:(d),
631 4119 682 4164 et
736 4110 789 4163 in
819 4110 1031 4163 salivam
1062 4110 1364 4165 nationibus
1424 4108 1751 4179 deputatisa

146 4202 287 4266 Deo,
319 4218 383 4258 ac
434 4218 528 4273 per
557 4202 659 4257 hoc
687 4202 899 4256 diabolo
948 4204 1207 4271 expositis
1255 4202 1307 4255 in
1358 4217 1579 4256 vacuam
1622 4215 1757 4271 quo.

147 4295 444 4351 dammodo
497 4297 910 4365 possessionem.
961 4294 1269 4358 Ceterum,
1325 4295 1377 4348 in
1427 4295 1753 4350 domesticos

148 4387 247 4443 Dei
276 4388 410 4443 nihil
440 4387 513 4441 illi
541 4386 664 4441 licet
701 4402 767 4442 ex
820 4388 1027 4456 propria
1058 4396 1355 4456 potestate;
1388 4388 1508 4457 quia
1539 4387 1751 4457 quando

146 4478 335 4544 liceat,
365 4479 415 4532 id
443 4489 544 4543 est,
571 4494 636 4533 ex
666 4479 855 4548 quibus
882 4478 1368 4551 c.iussis,esempla
1396 4479 1751 4549 inScripturis

144 4575 357 4645 signata
389 4573 776 4627 demonstrant.
797 4575 902 4627 Aut
927 4574 1068 4628 enim
1101 4587 1168 4627 ex
1205 4587 1393 4628 caussa
1425 4571 1751 4643 probationis

147 4666 468 4723 conceditur
489 4668 535 4721 ei
560 4666 648 4736 jus
680 4667 987 4721 teutationis
1016 4676 1304 4736 provocato
1338 4666 1423 4723 vel
1454 4680 1750 4737 provocan-
1778 4669 1833 4729 D

146 4759 210 4825 ti,
240 4768 298 4813 ut
344 4758 397 4813 in
445 4757 809 4828 superioribus
845 4776 858 4812 :
904 4765 996 4812 aut
1025 4774 1089 4812 ex
1134 4772 1321 4813 caussa
1360 4758 1748 4829 reprobationis

1859 586 1985 640 Saul
2017 603 2029 637 :
2064 585 2131 639 Et
2152 586 2409 651 abscessit,
2443 587 2634 658 inquit,
2658 589 2868 659 spiritus
2897 589 3100 644 Domini
3136 608 3167 644 a
3194 592 3375 657 Saule,
3412 605 3458 647 ct

1859 680 2168 732 concutiebat
2222 697 2334 734 eum
2378 681 2587 745 spiritus
2636 698 2852 752 nequam
2886 699 2915 735 a
2950 680 3190 747 Domino,
3216 693 3263 737 et
3291 682 3458 750 stt/fo-

1858 769 2004 823 cabat
2036 769 2105 835 (Il
2132 769 2258 843 Reg.
2288 771 2523 840 XVI,‘2).
2544 774 2646 826 Aut
2674 788 2740 827 ex
2771 788 2955 831 caussa
2982 774 3323 829 cohibitionis
3353 775 3455 847 (2),

1861 864 2229 933 utApostolns
2277 864 2438 921 refert
2489 865 2576 934 (ll
2622 864 2739 919 Cor.
2792 866 2894 932 I7,
2945 865 3000 937 7)
3032 868 3101 937 (e)
3132 867 3314 922 datum
3360 870 3457 924 sibi

1860 954 2045 1009 sudem
2094 957 2337 1027 angelum
2396 956 2607 1013 Satamn
2662 968 2719 1011 ut
2754 957 3117 1029 colaphizetur
3151 978 3163 1013 :
3197 946 3301 1015 nec
3324 960 3460 1017 hanc

1860 1052 2093 1120 Speciem
2140 1052 2609 1120 permittidiaholo
2635 1053 2685 1106 in
2718 1064 2931 1110 sanctos
2956 1053 3315 1111 humiliandos
3366 1071 3461 1127 per

1860 1144 2035 1198 carnis
2082 1145 2440 1209 vexationem,
2476 1146 2575 1199 nisi
2605 1146 2760 1199 simul
2786 1154 2844 1201 ut
2874 1156 2929 1202 et
2967 1148 3134 1203 virtus
3163 1149 3462 1206 tolerantia

1861 1238 2063 1293 scilicet
2094 1238 2145 1292 in
2203 1237 2509 1293 inﬁrmitate
2561 1238 2743 1309 perlici
2801 1240 3006 1309 possit;
3058 1256 3177 1296 nam
3238 1253 3292 1297 et
3348 1243 3460 1312 ipse

1861 1331 2151 1400 Apostolus
2182 1330 2475 1403 Pliigellmn
2520 1341 2573 1386 et
2603 1331 2992 1402 Hermogenem
3043 1334 3256 1390 tradidit
3309 1337 3461 1391 Sata-

1862 1440 1962 1488 nae,
1996 1426 2069 1478 uti
2094 1426 2440 1488 emendentur,
2469 1443 2531 1479 ne
2554 1426 2897 1495 blasphement
2924 1426 2989 1498 (II
3019 1425 3153 1485 Tim.
3176 1428 3211 1493 Ι,
3236 1428 3349 1503 I5).
3372 1430 3455 1483 Vi-

1862 1513 1957 1569 des
1978 1514 2087 1584 jam
2126 1524 2183 1570 et
2228 1532 2257 1569 a
2306 1517 2478 1572 servis
2528 1516 2618 1571 Dei
2668 1516 2874 1572 facilius
2911 1517 3182 1573 diabolmn
3216 1521 3462 1590 accipere

1865 1602 2529 1675 potestatem,tautoabe5t
2546 1617 2601 1662 ut
2618 1623 2734 1663 eam
2752 1624 2814 1663 ex
2833 1609 3155 1680 pmprietate
3169 1613 3459 1681 possideat.

2496 1721 2721 1778 CAPUT
2752 1721 2839 1777 III.

1934 1838 2065 1890 Cum
2094 1854 2223 1909 ergo
2253 1848 2305 1893 et
2333 1837 2446 1892 haec
2471 1839 2716 1908 exempla
2761 1839 2929 1911 magis
2976 1840 3029 1894 in
3076 1844 3463 1911 persecutioni-

1868 1929 1963 1984 lius
1989 1930 2256 1991 eveniant,
2291 1929 2554 1999 siquidem
2584 1930 2752 2000 magis
2782 1941 2908 1987 tunc
2932 1932 3221 2001 probamur
3259 1936 3341 1989 vel
3377 1953 3463 1991 re-

1862 2022 2169 2092 probamur,
2201 2034 2255 2077 et
2299 2024 2467 2092 magis
2518 2032 2642 2078 tunc
2691 2024 3033 2080 humilianmr
3083 2028 3164 2082 vel
3208 2031 3461 2085 emenda-

1860 2130 2002 2179 tnur,
2031 2115 2097 2168 ab
2119 2129 2183 2167 eo
2214 2116 2551 2184 permittatur
2582 2115 2663 2170 vel
2695 2117 2986 2185 imperetur
3008 2134 3229 2175 necesse
3258 2132 3340 2177 est
3372 2138 3463 2177 ca-

1862 2206 2059 2262 tholico
2091 2208 2202 2263 lieri
2236 2206 2368 2273 hinc,
2400 2223 2429 2262 a
2460 2223 2566 2277 quo
2597 2218 2650 2263 et
2692 2225 2758 2263 ex
2810 2220 2978 2279 parte,
3027 2212 3235 2269 scilicet
3268 2216 3334 2268 ali
3374 2216 3466 2270 illo

1859 2300 1949 2367 qui
1978 2298 2105 2353 dicit
2137 2320 2149 2351 :
2184 2298 2293 2369 Ego
2336 2316 2445 2353 sum
2498 2301 2585 2369 qui
2634 2302 2769 2371 facio
2819 2318 3010 2369 pacem,
3045 2314 3090 2357 et
3138 2306 3301 2358 condo
3328 2306 3466 2359 mala

1864 2391 1963 2463 (Is.
2000 2390 2161 2456 XLV,
2187 2392 2266 2461 7),
2292 2392 2341 2446 id
2366 2403 2448 2447 est
2472 2393 2688 2447 bellmn.
2726 2394 2837 2449 Hoc
2865 2405 2946 2449 est
2975 2396 3115 2450 enim
3135 2400 3462 2453 contrarimn

1863 2487 1999 2555 paci.
2030 2484 2234 2539 Nostra:
2281 2494 2459 2541 autem
2490 2486 2605 2556 paci
2638 2486 2763 2556 quid
2799 2486 2876 2557 (3)
2910 2498 2994 2542 est
3047 2488 3267 2556 bellum,
3301 2506 3462 2562 quam

1864 2576 2280 2647 persccutio?Si
2310 2579 2698 2647 persecutionis
2743 2579 2825 2633 vel
2867 2580 3100 2635 maxime
3148 2583 3321 2637 exitus
3374 2593 3467 2638 aut

1863 2672 2023 2727 vitam
2052 2672 2281 2727 alleruut
2334 2681 2423 2725 aut
2463 2682 2711 2739 mortem,
2742 2682 2832 2727 aut
2864 2673 3067 2744 plagam
3099 2686 3190 2730 aut
3226 2678 3464 2733 sanatio.

1864 2781 2008 2830 nem,
2066 2764 2230 2819 habes
2286 2774 2561 2819 auctorem
2617 2766 2857 2835 ejusdem
2888 2784 2901 2821 :
2929 2766 3039 2838 Ego
3076 2772 3378 2839 percutiam,
3419 2784 3466 2828 et

1860 2858 2075 2923 sonabo;
2096 2874 2187 2926 ego
2204 2859 2297 2911 vivi
2303 2857 2486 2926 ﬁcabo,
2507 2868 2554 2912 et
2568 2860 2882 2927 morti/icabo
2903 2859 3078 2931 (Deut.
3106 2863 3321 2929 XXXII,
3347 2866 3463 2929 39).

1866 2950 2045 3017 Urunt,
2082 2952 2249 3021 inquit
2269 2994 2282 3015 ,
2312 2952 2449 3014 illos,
2479 2952 2607 3007 sicut
2635 2954 2799 3006 uritur
2824 2966 3089 3025 argentum
3118 2958 3198 3027 (4)
3224 2974 3236 3021 ;
3263 2969 3310 3011 ct
3340 2977 3463 3029 pro-

1860 3041 2004 3105 babo,
2039 3041 2242 3110 iupuid,
2266 3042 2402 3106 illos,
2427 3044 2555 3097 sicut
2586 3045 2830 3113 probatur
2853 3063 3033 3099 auram
3085 3046 3105 3119 (
3131 3047 3293 3103 Zach.
3324 3050 3464 3113 XIII,

1860 3134 1938 3203 9).
1981 3132 2115 3188 Cum
2160 3134 2301 3187 enim
2343 3134 2618 3190 exurimur
2662 3139 3051 3206 persecutionis
3089 3140 3303 3207 ardore,
3340 3152 3465 3197 tunc

1862 3225 2151 3294 probamur
2194 3224 2262 3280 de
2312 3226 2433 3281 lidei
2486 3234 2694 3281 tenore.
2744 3226 2870 3283 Haec
2918 3240 3074 3285 erunt
3114 3231 3260 3301 ignea
3280 3234 3463 3303 jacala

1865 3317 2027 3389 (Eph.
2056 3316 2141 3388 lll)
2170 3317 2389 3383 diaboli,
2447 3334 2540 3389 per
2584 3334 2702 3389 qua:
2746 3319 2868 3375 lidci
2915 3322 3055 3376 ustio
3099 3332 3153 3377 et
3202 3324 3454 3379 conﬂatio

1860 3410 2262 3465 administratur
2288 3428 2301 3475 ;
2327 3427 2389 3465 ex
2437 3411 2526 3465 Dei
2561 3420 2738 3466 tamen
2767 3413 3059 3468 voluntate.
3094 3415 3168 3470 De
3212 3416 3313 3470 isto
3343 3418 3462 3487 quis

1858 3499 2105 3555 dubitare
2135 3502 2304 3570 possit
2329 3503 2532 3571 ignoro,
2561 3503 2659 3556 nisi
2706 3502 2860 3572 plane
2888 3503 3074 3558 frivola
3102 3516 3154 3560 et
3182 3504 3366 3577 frigida
3398 3510 3462 3562 li-

1857 3592 1975 3659 des,
2007 3592 2418 3662 deprehendens
2447 3609 2538 3650 cos
2565 3596 2651 3664 qui
2685 3596 2870 3650 timide
2901 3598 3224 3652 conveniunt
3252 3600 3302 3653 in
3352 3600 3458 3657 Ec-

1858 3683 2096 3739 clesiam.
2127 3684 2313 3739 Dicitis
2343 3684 2483 3739 enim
2519 3684 2626 3756 (5),
2659 3685 2921 3753 Quoniam
2964 3686 3232 3743 incondite
3256 3704 3456 3745 conve-

1860 3778 2056 3841 nimus,
2090 3775 2167 3849 (6)
2198 3776 2355 3830 simul
2381 3778 2727 3831 convenimus
2748 3820 2763 3839 ,
2797 3788 2850 3832 et
2892 3779 3191 3848 complures
3232 3795 3460 3836 concur.

1858 3870 2024 3923 rimus
2072 3870 2122 3922 iu
2174 3868 2512 3933 Ecclesium,
2572 3869 2865 3939 qumrimur
2918 3885 2947 3923 a
3006 3873 3352 3938 nationibus,
3405 3883 3459 3930 et

1859 3963 2107 4017 timemus
2166 3976 2232 4016 ne
2285 3962 2565 4016 turbentur
2606 3962 2871 4017 nationes.
2922 3964 3113 4018 Annon
3174 3964 3252 4036 (7)
3310 3968 3457 4022 scitis

1856 4054 1997 4125 quod
2032 4054 2171 4109 Deus
2221 4054 2459 4107 omnium
2506 4054 2575 4107 sit
2623 4053 2919 4109 Dominus?
2950 4054 3017 4110 Et
3051 4057 3095 4111 si
3136 4059 3261 4112 velit
3288 4056 3455 4126 Deus,

1858 4155 1983 4200 tunc
2029 4145 2452 4216 persecutionem
2483 4144 2737 4213 patieris;
2769 4146 2813 4199 si
2867 4161 2993 4201 vero
3037 4147 3287 4213 noluerit,
3322 4148 3454 4204 sile-

1858 4238 1989 4293 bunt
2042 4239 2306 4295 nationes.
2354 4237 2555 4292 Credas
2629 4241 2844 4309 utique;
2900 4239 2945 4293 si
2997 4250 3173 4296 tamen
3229 4259 3280 4297 in
3330 4260 3454 4298 eum

1860 4334 2025 4388 [)eum
2047 4332 2242 4394 credis,
2280 4332 2395 4385 sine
2422 4332 2573 4399 cujus
2619 4332 2894 4387 voluntate
2936 4348 3034 4388 nec
3078 4348 3261 4403 passer
3296 4337 3451 4392 unius

1856 4431 1989 4479 assis
2018 4425 2157 4481 cadit
2180 4424 2228 4476 in
2256 4438 2448 4477 terram
2476 4421 2688 4500 (Matth.
2710 4422 2778 4491 Χ,
2797 4423 2915 4495 29).
2941 4423 3048 4481 Nos
3066 4434 3267 4495 autem,
3302 4438 3449 4497 puto,

1858 4520 2036 4575 multis
2060 4517 2364 4589 passeribus
2384 4518 2725 4574 antistamus.

2479 4633 2704 4690 CAPUT
2740 4634 2826 4691 IV.

1930 4747 2090 4821 Igitur
2111 4745 2155 4800 si
2180 4754 2389 4802 constat
2434 4762 2465 4803 a
2509 4762 2617 4820 quo
2644 4748 2943 4820 persecutio
2981 4748 3224 4816 eveniat,
3258 4765 3449 4823 possu-

1380 4889 1761 4951 LECTIONES
1801 4882 2217 4950 VARIANTES.

212 5018 289 5078 (l)
326 5015 383 5065 In
404 5014 1021 5078 tentationemivictricem.
1049 5010 1196 5078 Seml.
1218 5009 1415 5063 Oberth.

216 5073 291 5143 (Ξ)
317 5076 696 5143 Cobabitationis
720 5073 1092 5143 Sepd._0be_rth.

220 5137 295 5203 (ὃ)
322 5139 460 5199 Quod
486 5142 626 5188 Pam.
656 5138 807 5188 Seml.
836 5137 1029 5189 Oberth.

214 5205 285 5270 (4)
316 5205 590 5265 Argentum
606 5214 711 5251 aur.
739 5210 943 5265 norica.

1938 5058 1985 5121 6i
2017 5058 2217 5116 Iit'add.
2247 5060 2389 5114 Seml.
2413 5058 2616 5113 Ubertlt.

1913 5006 1981 5129 (5)
2011 5002 2175 5076 linquit
2196 4999 2335 5053 addit
2352 4996 2529 5065 Rigalt.

1938 5067 1985 5121 6i
2017 5066 2077 5129 ht
2097 5064 2217 5129 add,
2247 5060 2389 5114 Seml.
2420 5061 2529 5113 Obet

1917 5127 1992 5193 (7)
2014 5128 2124 5179 Non
2160 5127 2311 5180 Rhea.

1528 5300 2082 5360 COMMENTARIUS.

228 5432 309 5501 (a)
338 5429 453 5501 Aut
480 5424 843 5501 homines_ejus
878 5423 1033 5501 fuisse
1058 5421 1323 5501 traducat.
1352 5418 1632 5501 Ostendat,
1661 5420 1752 5501 de-

146 5490 422 5559 mn‘nstret
443 5499 685 5552 homines
709 5490 1112 5559 lu'issc‘diaboli,
1142 5496 1229 5564 qui
1268 5492 1484 5548 deserto
1516 5492 1625 5546 Deo
1655 5490 1749 5545 de-

148 5574 376 5630 fecerint
402 5571 466 5624 ad
489 5568 779 5622 diabolum.
813 5565 931 5619 line.

229 5644 312 5716 (b)
347 5640 633 5716 Postulavit
657 5638 901 5700 Satanas,
936 5635 1007 5687 uti
1028 5633 1634 5716 certior-ctt'os._C_erpere
1658 5649 1753 5715 pro

152 5704 415 5779 cribrare,
443 5711 583 5783 quod
611 5724 707 5761 vox
740 5724 910 5779 graeca
952 5714 1207 5783 «iussu,
1225 5706 1355 5783 huc,
1381 5704 1565 5783 XXII_._
1584 5705 1752 5783 signi-

155 5788 299 5847 ﬁcat,
314 5776 476 5837 etiam
510 5782 677 5836 Plinio
696 5776 943 5831 usitatum
961 5788 1040 5831 est
1065 5779 1152 5829 lib.
1170 5776 1356 5839 XVIII,
1376 5792 1493 5845 cap.
1514 5776 1595 5847 ll.
1615 5776 1751 5829 Pan.

225 5846 300 5928 (ς)
325 5856 432 5911 Sed
473 5856 526 5907 in
564 5852 787 5928 legitima
826 5847 1434 5928 aratione._Orationem
1459 5846 1748 5928 legitimam

155 5918 303 5996 dicit,
330 5940 491 6000 quam
522 5918 676 5978 nobis
716 5920 933 5976 dictavit
964 5921 1208 5976 Christus
1233 5918 1468 5974 cwlestis
1500 5918 1633 5988 juris
1660 5933 1752 5989 pe-

438 6016 879 6079 Tza'wcuasr
937 6011 1016 6071 ll.

1861 5419 2011 5473 ritus.
2052 5415 2142 5472 Sic
2182 5428 2376 5484 precem
2403 5411 2678 5484 legitimam
2713 5407 2848 5465 dixit
2880 5411 3199 5481 Augustinus
3222 5453 3236 5477 ,
3270 5412 3449 5471 Serm.

1862 5489 1989 5550 1‘25,
2019 5487 2087 5541 de
2116 5486 2300 5553 Temp.
2336 5484 2455 5539 th.

1933 5559 2012 5629 (tl)
2046 5557 2115 5611 Et
2152 5558 2200 5609 in
2229 5556 2439 5629 salivam
2493 5554 2779 5609 nationibus
2822 5554 3097 5623 deputatis.
3146 5554 3453 5625 Despectim

1859 5628 2236 5697 conspucndis.
2275 5628 2389 5682 Ittc.

1935 5696 2009 5768 le)
2042 5698 2231 5752 Datum
2262 5699 2355 5751 sibi
2381 5697 2576 5768 sudem.
2600 5696 2781 5752 Palam
2801 5740 2815 5758 ,
2840 5701 3057 5751 Σκὸλοπα
3087 5711 3144 5768 τῇ
3170 5702 3331 5767 σαρκὶ,
3364 5697 3455 5753 Sic

1861 5774 1949 5828 lib.
1992 5763 2030 5825 Υ
2089 5771 2210 5824 adv.
2261 5768 2425 5825 Marc.
2457 5765 2740 5822 Creatorem
2789 5769 2913 5821 dicit
2960 5763 3197 5837 angelum
3236 5763 3456 5821 Salano:

1860 5841 2231 5913 colaplrizando
2270 5840 2501 5909 apostolo
2537 5856 2629 5891 suo
2657 5841 2981 5913 applicuisse.
3011 5841 3127 5894 Rm.
3158 5869 3227 5878 —
3264 5838 3457 5894 Datum

1853 5917 1947 5974 sibi
1973 5910 2165 5970 sudem.
2214 5914 2517 5977 Stimulum,
2548 5912 2775 5965 σκόλοπα.
2805 5910 2879 5965 Lr.
2915 5911 3009 5964 l’n.

2666 6001 2977 6083 (ρααινεοὶ
