4242 6492
816 343 918 398 107

814 546 1021 600 minare
1055 562 1119 601 ex
1157 546 1256 601 hoc
1289 547 1404 616 ipso
1435 557 1770 617 prmtractatu
1796 590 1809 613 ,
1843 546 2151 619 fugiendqu
2195 548 2245 601 in
2288 562 2407 617 per-

812 641 1087 695 secutione
1114 656 1218 695 non
1241 654 1379 696 esse.
1413 640 1467 696 Si
1493 641 1635 697 enim
1670 644 1968 711 persecutio
2007 658 2034 694 a
2065 642 2178 697 Deo
2204 642 2403 705 evenit,

814 734 959 787 nullo
999 734 1157 788 modo
1200 733 1507 804 fugiendum
1548 735 1649 789 erit
1677 735 1816 802 quod
1846 750 1874 789 a
1906 736 2013 789 Deo
2042 736 2236 789 evenit.
2261 734 2409 790 Sicut

813 825 1010 895 duplex
1032 826 1168 880 ratio
1192 825 1430 881 defendit
1464 824 1567 897 (1),
1598 827 1724 896 quia
1756 842 1931 896 neque
1972 826 2161 881 debeat
2200 826 2403 881 devita-

812 920 876 982 ri,
905 932 1076 988 neque
1105 919 1258 974 evndi
1286 920 1456 990 possit
1494 918 1634 989 quod
1664 934 1695 973 a
1743 919 1848 973 Deo
1878 919 2076 974 evenit.
2109 918 2224 973 Non
2248 918 2407 973 debet

809 1010 1198 1081 devitari,qttia
1227 1011 1445 1066 bonum.
1499 1010 1728 1066 NeeeSse
1771 1022 1853 1066 est
1890 1012 2032 1067 enim
2064 1011 2259 1067 bonum
2286 1026 2407 1067 esse

808 1116 969 1158 omne
1001 1102 1144 1172 quod
1175 1103 1286 1158 Deo
1318 1103 1492 1158 visum
1543 1112 1645 1159 est.
1678 1102 1746 1158 Et
1780 1104 2035 1174 numquid
2077 1103 2197 1159 ideo
2224 1104 2275 1158 in
2302 1103 2408 1159 Ge-

808 1196 923 1250 nesi
972 1196 1049 1251 sic
1101 1197 1330 1265 positum
1362 1204 1447 1251 est
1475 1214 1488 1249 :
1522 1194 1589 1250 Et
1618 1196 1739 1249 uidit
1767 1195 1906 1251 Deus
1933 1198 2055 1267 quia
2105 1196 2288 1251 bonum
2334 1206 2407 1252 est

809 1282 964 1360 (Gen.
1001 1287 1039 1351 l,
1098 1286 1296 1359 pass);
1330 1304 1436 1342 non
1494 1287 1635 1359 quod
1695 1290 1965 1359 ignoraret
2018 1289 2215 1344 bonum
2262 1304 2402 1356 esse,

805 1384 908 1438 nisi
965 1383 1223 1451 vidisset;
1257 1384 1351 1439 sed
1380 1392 1437 1438 ut
1482 1384 1583 1438 ltoc
1624 1400 1758 1439 sono
1815 1384 2155 1453 portenderet
2208 1384 2404 1439 bonum

804 1493 943 1543 esse,
980 1478 1121 1549 quod
1177 1479 1287 1533 Deo
1317 1479 1487 1533 visum
1516 1479 1633 1533 est?
1676 1477 1836 1533 Multa
1866 1478 2082 1544 quidem
2116 1487 2259 1543 sunt,
2288 1494 2406 1547 qua:

804 1590 832 1623 a
864 1572 973 1625 Deo
995 1572 1262 1637 eveniant,
1290 1579 1342 1625 et
1371 1569 1597 1640 alicujus
1647 1571 1788 1624 malo
1834 1572 2104 1626 eveniant.
2157 1569 2270 1625 [tuo
2308 1570 2405 1623 bo-

804 1679 930 1717 nutn
954 1673 1036 1718 est
1066 1663 1207 1728 ideo,
1239 1664 1361 1734 quia
1408 1679 1437 1717 a
1470 1664 1580 1718 Deo
1625 1663 1823 1728 evenit,
1855 1674 1910 1717 ut
1936 1662 2182 1717 divinum
2219 1672 2274 1716 et
2320 1679 2406 1716 ra-

800 1756 1017 1811 tionale.
1046 1755 1182 1824 Quid
1218 1757 1362 1811 enim
1403 1756 1640 1811 divinum
1690 1770 1795 1810 non
1848 1756 2130 1821 rationale,
2165 1771 2269 1811 non
2303 1755 2404 1809 bo-

2232 340 2696 399 TERTULLIANI

814 468 937 509 mus
962 454 1071 523 jam
1102 454 1178 526 (α)
1207 454 1655 511 consultationem
1685 465 1827 511 tuam
1860 455 2134 521 inducere,
2160 464 2215 512 et
2236 455 2407 512 deter-
2432 458 2484 516 A

4017 355 4132 411 108

3153 463 3379 523 CAPUT
3406 466 3471 521 Υ.

2584 551 2687 606 Sed
2708 594 2721 617 ,
2751 552 2904 620 Quod
2936 572 3114 613 meum
3141 569 3241 621 est,
3277 560 3477 630 inquit,
3510 562 3674 632 fugio,
3706 578 3771 620 ne
3809 580 4033 635 peream
4080 570 4128 622 si

2513 662 2806 716 negavero;
2840 650 2979 706 illius
3005 663 3126 720 est,
3158 656 3201 708 si
3231 656 3479 721 voluerit,
3511 659 3673 713 etiam
3704 658 3998 731 fugientem
4032 676 4129 716 me

2512 739 2768 797 reducere
2795 744 2846 798 in
2878 745 3134 801 medium.
3165 748 3276 803 lloc
3302 751 3430 803 milii
3474 752 3620 819 prius
3647 753 3912 823 respOnde
3939 773 3954 809 :
3988 754 4129 809 Cer-

2513 841 2597 887 tus
2617 850 2676 888 es
2708 846 2758 890 te
2786 846 3100 905 negaturum
3146 842 3189 894 si
3236 857 3341 896 non
3388 841 3611 912 fugeris,
3639 860 3708 899 an
3748 846 4035 902 incertus?
4063 846 4125 903 Si

2508 928 2651 981 enim
2704 940 2899 996 certus,
2930 932 3040 1001 jam
3089 937 3327 1004 negasti;
3355 937 3478 1008 quia
3528 941 3906 1008 praesumendo
3952 942 4035 1013 (9)
4068 950 4126 997 te

2511 1028 2847 1089 negaturum,
2893 1023 2945 1078 id
2983 1024 3411 1095 despopoudisti,
3451 1028 3520 1084 de
3549 1046 3655 1100 quo
3685 1032 4082 1102 pra-sumpsiSti
4104 1050 4121 1099 ;

2510 1122 2564 1165 et
2594 1128 2727 1168 vane
2748 1115 2861 1185 jam
2891 1118 3029 1188 fugis
3058 1135 3125 1175 ne
3153 1136 3339 1190 neges,
3375 1124 3463 1193 qui
3494 1124 3540 1180 si
3573 1134 3860 1196 negaturus
3889 1145 3971 1195 es,
4003 1132 4119 1199 jam

2510 1206 2737 1273 negasti.
2771 1207 2828 1262 Si
2860 1224 2988 1265 vero
3033 1211 3269 1268 incertus
3300 1230 3379 1279 es,
3409 1231 3507 1271 cur
3549 1233 3654 1273 non
3694 1236 3759 1275 ex
3808 1224 4123 1294 aequalitate

2511 1297 2699 1354 incerti
2735 1310 2909 1357 metus
2931 1303 3071 1359 inter
3100 1315 3388 1376 utrumque
3416 1323 3670 1365 eventum
3696 1356 3709 1379 ,
3738 1316 3898 1369 etiam
3945 1320 4122 1373 confi-

2512 1391 2609 1444 teri
2640 1399 2691 1445 te
2717 1408 2876 1463 posse
2926 1399 3207 1465 presumis
3228 1440 3241 1461 ,
3272 1409 3326 1454 et
3371 1402 3573 1457 salvum
3621 1406 3789 1473 magis
3835 1408 3950 1463 fieri
3978 1426 4120 1481 quo-

2511 1484 2689 1539 minus
2736 1486 2940 1557 fugias,
2970 1490 3110 1545 sicut
3138 1491 3253 1563 (lO)
3298 1503 3613 1563 negaturum
3641 1506 3690 1551 te
3722 1503 4025 1567 praesumis,
4061 1513 4122 1558 ut

2510 1576 2719 1647 fugias?
2741 1579 2858 1635 Jam
2901 1597 3041 1637 nunc
3071 1594 3159 1638 aut
3194 1586 3245 1639 in
3282 1586 3437 1641 nobis
3466 1600 3551 1643 est
3579 1598 3884 1661 utrumque,
3912 1605 4010 1648 aut
4036 1606 4122 1649 to-

2512 1679 2622 1724 ttun
2655 1670 2704 1724 in
2734 1672 2864 1728 Deo.
2903 1674 2957 1729 Si
2988 1676 3039 1728 in
3070 1677 3224 1731 nobis
3258 1687 3344 1733 est
3382 1680 3623 1736 confiteri
3655 1692 3748 1737 ant
3774 1701 3992 1755 negare,
4021 1704 4122 1744 cur

2513 1778 2617 1817 non
2649 1766 2697 1818 id
2730 1770 3105 1834 praesumimus
3132 1772 3274 1841 quod
3304 1783 3388 1828 est
3424 1775 3647 1840 melius,
3685 1778 3734 1833 id
3764 1790 3861 1843 est,
3895 1782 4120 1839 confes~

803 1848 969 1903 num?
995 1848 1131 1916 Quid
1172 1848 1374 1903 bonum
1420 1865 1526 1903 non
1581 1848 1863 1903 divinum?
1892 1849 1947 1903 Si
1995 1857 2168 1903 autem
2218 1847 2398 1902 sensui
2430 1854 2478 1913 B
2506 1871 2661 1911 suros
2702 1859 2837 1912 nos?
2863 1861 2985 1927 nisi,
3024 1863 3066 1917 si
3096 1864 3177 1919 vis
3220 1866 3497 1931 confiteri,
3528 1874 3636 1938 pati
3678 1886 3783 1925 non
3829 1875 3926 1928 vis.
3959 1875 4121 1932 Nolle

802 1944 1063 2012 cujusque
1089 1941 1325 2007 videtur,
1358 1958 1461 1997 non
1494 1958 1685 1997 sensus
1719 1943 1951 1998 hominis
1990 1943 2299 2013 pra‘judicat
2324 1942 2403 2014 (2)

799 2033 983 2097 statui,
1032 2033 1126 2089 sed
1174 2043 1344 2088 status
1394 2036 1596 2089 sensui.
1644 2035 1825 2089 Status
1872 2036 2016 2089 enim
2069 2034 2404 2103 uniuscujus-

799 2124 989 2195 que(3)
1014 2136 1218 2179 certum
1252 2125 1375 2193 quid
1408 2136 1527 2189 est,
1566 2134 1621 2179 et
1648 2125 1740 2181 dat
1780 2126 1858 2197 (4)
1900 2127 2078 2180 sensui
2111 2127 2303 2197 legem,
2333 2126 2403 2181 ita

798 2218 1060 2273 sentiendi
1093 2228 1314 2284 statum,
1355 2219 1507 2273 sicuti
1539 2228 1641 2273 est.
1691 2219 1744 2275 Si
1776 2229 1953 2274 autem
2002 2229 2141 2274 statu
2186 2221 2400 2290 quidem

794 2310 995 2365 bonum
1018 2311 1161 2381 quod
1181 2326 1211 2365 a
1238 2311 1345 2366 Deo
1367 2312 1507 2366 venit
1530 2311 1683 2381 (nihil
1704 2312 1843 2366 cnim
1866 2328 1893 2364 a
1924 2312 2032 2366 Deo
2050 2327 2155 2365 non
2178 2311 2397 2378 bonum,

795 2406 918 2475 quia
949 2407 1206 2469 divinum,
1240 2406 1362 2476 quia
1390 2406 1697 2473 rationale),
1732 2408 1910 2460 sensui
1934 2421 2061 2460 vero
2092 2406 2286 2457 malum
2315 2404 2399 2458 vi-

797 2496 976 2558 detur,
1011 2498 1114 2553 erit
1152 2506 1323 2550 status
1368 2496 1419 2549 in
1451 2504 1565 2550 toto
1595 2495 1699 2567 (5),
1747 2510 1939 2550 sensus
1966 2496 2015 2549 in
2070 2496 2217 2548 vitio.
2247 2494 2399 2549 Statu

800 2590 1005 2661 Optima
1046 2606 1130 2644 res
1184 2589 1434 2657 pudicitia
1459 2630 1472 2649 ,
1505 2599 1560 2643 et
1607 2588 1824 2647 veritas.
1873 2597 1928 2642 ct
1964 2586 2188 2657 justitia,
2218 2602 2337 2657 quae
2367 2602 2396 2641 a

798 2684 1085 2737 multorum
1114 2696 1276 2736 sensu
1303 2681 1606 2751 displicent.
1638 2680 1885 2750 Nunquid
1917 2680 2035 2735 ideo
2066 2689 2234 2734 status
2273 2696 2396 2734 scn-

793 2774 875 2829 sui
904 2772 1302 2828 addieitnr?lta
1346 2784 1401 2829 et
1444 2774 1745 2843 persecutio
1784 2781 1927 2828 statu
1960 2774 2096 2828 bona
2127 2783 2229 2839 est,
2273 2774 2394 2842 quia

792 2867 970 2922 divina
1016 2878 1070 2922 et
1119 2867 1395 2923 rationalis
1439 2866 1756 2937 dispositio;
1804 2868 1988 2923 sensui
2029 2882 2214 2921 eorum
2267 2882 2396 2921 vero

789 2978 1019 3033 quorum
1047 2962 1189 3019 malo
1218 2960 1390 3028 venit,
1419 2962 1687 3030 displicet.
1716 2960 1878 3016 Vides
1908 2961 2068 3015 etiam
2120 2959 2248 3014 illud
2279 2976 2393 3014 ma-

790 3053 900 3110 lum
929 3056 1189 3110 rationem
1215 3054 1293 3127 (6)
1326 3055 1464 3125 apud
1516 3055 1680 3109 Deum
1736 3054 1953 3118 habere,
2009 3070 2129 3108 cum
2170 3056 2289 3125 quis
2342 3054 2392 3108 in

790 3148 1166 3218 persecutione
1220 3150 1478 3203 evertitur
1532 3148 1601 3202 de
1634 3148 1838 3210 salute,
1868 3148 2006 3201 sicut
2046 3157 2099 3202 et
2139 3147 2266 3201 illud
2296 3148 2393 3201 bo-

2513 1960 2691 2005 antem
2722 1953 2987 2016 confiteri,
3024 1970 3218 2025 negare
3275 1968 3377 2013 est.
3427 1960 3482 2014 Si
3529 1976 3657 2016 vero
3706 1963 3757 2017 iu
3801 1965 3910 2021 Deo
3943 1976 4118 2024 totum

2510 2052 2612 2107 est,
2644 2058 2741 2097 cur
2768 2058 2873 2097 non
2908 2053 3076 2099 totum
3110 2048 3465 2117 relinquimus
3506 2052 3733 2108 arbitrio
3764 2058 3915 2124 ejus?
3941 2075 4118 2129 agno-

2508 2142 2720 2189 scentes
2750 2135 3001 2191 virtutem
3022 2146 3078 2192 et
3105 2149 3448 2207 potestatem,
3478 2144 3622 2213 quod
3650 2146 3815 2215 possit
3845 2165 3945 2204 nos
3973 2152 4122 2207 sicut

2508 2226 2768 2295 fugientes
2799 2228 3058 2285 reducere
3082 2231 3197 2303 (11)
3224 2234 3273 2287 in
3298 2237 3571 2301 medium;
3596 2239 3664 2292 ita
3689 2243 3742 2293 et
3770 2256 3872 2295 non
3905 2242 4118 2314 fugien-

2508 2325 2608 2383 tes,
2664 2319 2772 2372 imo
2810 2329 2865 2375 et
2906 2323 2956 2375 in
3012 2323 3195 2379 medio
3241 2328 3438 2397 populo
3482 2344 3867 2389 conversantes
3914 2340 4118 2393 obum-

2505 2408 2681 2465 brare.
2737 2412 2909 2480 Quale
2937 2425 3053 2481 est,
3098 2427 3156 2472 ttt
3202 2420 3268 2473 ad
3319 2420 3627 2489 fugiendum
3681 2424 3791 2481 Deo
3846 2428 4115 2487 honorem

2504 2502 2716 2569 reddas,
2744 2510 2831 2575 qui
2872 2510 3040 2577 poSsit
3082 2519 3133 2565 te
3175 2512 3336 2566 etiam
3383 2513 3671 2583 fugientem
3712 2520 4012 2589 producere
4056 2526 4115 2582 in

2503 2594 2759 2659 medium,
2788 2598 2853 2651 ad
2899 2604 3309 2659 contestandum
3341 2604 3455 2677 (12)
3481 2618 3659 2663 autem
3710 2612 4005 2670 inltonores
4050 2619 4115 2673 il-

2502 2682 2633 2750 ltun,
2686 2686 2978 2757 desperans
3058 2696 3352 2761 potentiam
3421 2702 3767 2767 protectioois
3848 2706 3917 2759 ab
3975 2708 4115 2763 illo?

2501 2776 2677 2841 Quare
2701 2779 2815 2853 (l5)
2841 2798 2944 2837 non
2969 2786 3156 2856 magis,
3180 2802 3246 2841 ex
3270 2788 3368 2843 hac
3394 2802 3541 2860 parte
3554 2797 3868 2851 constantiae
3896 2809 3949 2854 et
3969 2802 4115 2857 fidu-

2500 2870 2599 2924 ciae
2640 2872 2691 2925 in
2738 2872 2922 2938 Deum,
2970 2876 3104 2932 dicis
3138 2897 3151 2933 :
3185 2878 3316 2950 Ego,
3352 2884 3494 2953 quod
3543 2902 3719 2942 incum
3764 2899 3889 2957 est,
3941 2894 4110 2965 facio,

2501 2978 2605 3016 non
2625 2964 2872 3020 discedo:
2908 2968 3047 3025 Dens
3078 2971 3120 3024 si
3152 2974 3401 3041 voluerit,
3436 2979 3549 3047 ipse
3578 2996 3663 3037 me
3687 2994 3929 3056 proteget
3955 3004 3971 3043 :
4002 2964 4114 3046 hoc

2502 3056 2675 3122 potius
2702 3068 2940 3112 nostrum
2978 3072 3083 3127 est,
3108 3073 3255 3120 stare
3281 3068 3383 3121 sub
3414 3069 3504 3124 Dei
3540 3074 3783 3140 arbitrio,
3809 3094 3971 3146 quam
4014 3080 4109 3137 fu-

2497 3160 2622 3213 gere
2670 3148 2768 3201 sub
2820 3153 3046 3206 nostro?
3078 3153 3149 3224 (c)
3173 3154 3405 3212 Rutilius
3451 3166 3822 3222 sanetiSsimus
3872 3185 4108 3243 martyr,

790 3254 917 3292 num
963 3239 1170 3293 ratione
1213 3240 1546 3308 contingere.
1570 3255 1691 3293 cum
1744 3240 1861 3307 quis
1908 3255 1975 3292 ex
2022 3241 2392 3308 persecutione
2419 3244 2464 3306 C
2497 3252 2617 3293 cum
2658 3242 2851 3295 totiens
2878 3242 3098 3313 fugisset
3120 3252 3544 3315 persecutionem
3567 3255 3635 3310 de
3663 3257 3782 3313 loco
3822 3261 3872 3315 in
3897 3239 4109 3333 IOClt-ln;

791 3330 1003 3399 proﬁcit
1042 3332 1093 3385 in
1124 3331 1324 3386 salute?
1355 3329 1464 3385 Nisi
1493 3332 1536 3383 si
1568 3330 1946 3385 irrationaliter
1985 3330 2105 3401 quis
2138 3339 2229 3385 ant
2255 3332 2389 3399 perit

787 3423 927 3493 apud
986 3423 1305 3490 Dominum,
1354 3434 1445 3479 aut
1493 3425 1671 3478 salvus
1747 3433 1830 3480 est
1879 3444 1892 3479 :
1946 3425 1992 3479 is
2038 3442 2143 3479 uott
2195 3428 2389 3495 poterit

785 3519 1217 3586 persecutionem
1246 3517 1443 3571 malum
1470 3516 1684 3584 dicere,
1714 3532 1833 3588 qua:
1867 3518 2029 3573 etiam
2068 3519 2118 3572 in
2151 3518 2273 3572 mali
2310 3519 2386 3589 (7)

788 3617 940 3675 parte
964 3608 1161 3664 bonum
1180 3618 1263 3663 est
1287 3608 1391 3681 (8),
1413 3609 1539 3663 dum
1566 3610 1775 3665 ratione
1800 3608 2222 3664 administratur.
2246 3610 2320 3664 Ita
2342 3612 2387 3666 si

784 3702 986 3754 bonum
1020 3700 1323 3769 persecutio
1362 3716 1577 3771 quoquo
1608 3700 1789 3765 modo,
1821 3701 1945 3772 quia
1971 3701 2039 3757 de
2074 3712 2215 3758 statu
2254 3718 2385 3757 con-

787 3802 913 3858 stat,
947 3795 1138 3850 merito
1166 3793 1476 3860 definimus,
1513 3794 1655 3864 quod
1687 3794 1882 3849 bonum
1932 3804 2036 3861 est,
2085 3797 2239 3852 vitari
2280 3814 2383 3854 nou

786 3894 1039 3954 oportere
1066 3904 1079 3939 ε
1105 3886 1227 3955 quia
1260 3885 1511 3941 delictum
1543 3887 1633 3953 sit,
1665 3886 1806 3957 quod
1835 3887 2031 3941 bonum
2062 3898 2145 3943 est
2167 3904 2383 3945 recusa-

784 3990 877 4040 re;
909 3991 974 4032 eo
999 3978 1260 4047 amplius,
1284 3977 1429 4047 quod
1475 3978 1586 4032 Deo
1630 3979 1801 4033 visum
1830 3987 1915 4034 est
1944 3997 1958 4032 :
1986 3980 2097 4049 jam
2129 3996 2257 4036 vero
2287 3998 2386 4038 nec

785 4081 947 4138 posse
978 4070 1155 4133 vitari,
1210 4070 1332 4139 quia
1360 4085 1389 4122 a
1437 4069 1548 4124 Deo
1575 4070 1770 4136 evenit,
1796 4071 1953 4141 cujus
1981 4073 2231 4131 voluntas
2275 4092 2381 4133 non

788 4163 991 4232 poterit
1014 4162 1188 4218 evadi.
1221 4161 1295 4235 (ὁ)
1341 4161 1500 4233 Igitur
1550 4162 1642 4234 qui
1691 4173 1877 4233 putant
1922 4167 2259 4237 fugiendum,
2292 4180 2383 4226 aut

782 4254 985 4310 malum
1010 4256 1336 4327 exprobrant
1366 4255 1497 4321 Deo,
1540 4257 1585 4310 si
1619 4259 2042 4326 persecutionem
2080 4263 2155 4316 uti
2182 4264 2382 4320 malum

778 4344 1012 4417 fugiant;
1041 4347 1240 4403 bonum
1266 4348 1412 4404 enim
1452 4363 1611 4405 nemo
1640 4350 1882 4419 devitat;
1917 4363 2009 4409 aut
2035 4353 2285 4412 fortiores
2323 4372 2383 4413 se

778 4439 892 4495 Deo
915 4441 1244 4503 existimant,
1271 4443 1361 4510 qui
1391 4450 1576 4511 putant
1596 4460 1655 4499 se
1682 4446 1921 4503 evadere
1948 4462 2124 4517 posse,
2147 4450 2194 4504 si
2242 4450 2382 4506 Deus

780 4532 890 4591 tale
916 4533 1115 4605 aliquid
1148 4534 1381 4592 voluerit
1404 4535 1646 4592 evenire.

2492 3334 2651 3387 etiam
2676 3335 2965 3403 periculum
2990 3339 3073 3410 (ut
3097 3342 3339 3413 putabat)
3366 3349 3598 3403 nummis
3618 3350 3954 3419 redemisset,
3980 3370 4114 3428 post

2493 3434 2657 3481 totam
2700 3429 3038 3485 securitatem
3078 3448 3237 3501 quam
3265 3436 3364 3491 sibi
3410 3453 3793 3510 prospexerat,
3826 3463 3889 3502 ex
3922 3448 4114 3521 inopi-

2492 3529 2616 3571 nato
2640 3521 3027 3589 apprehensus,
3055 3535 3109 3579 et
3130 3529 3345 3594 prasidi
3374 3532 3604 3599 oblatus,
3630 3541 3907 3594 tormentis
3933 3542 4115 3599 dissi-

2493 3620 2665 3679 patus,
2693 3613 2858 3668 credo
2910 3630 3006 3684 pro
3045 3615 3183 3688 fuga:
3224 3622 3605 3692 castigatione,
3647 3627 3842 3685 dehinc
3882 3633 4114 3701 ignibus

2490 3702 2666 3797 datus,
2692 3705 3017 3776 passionem,
3045 3724 3205 3779 quam
3236 3712 3452 3781 vitarat,
3468 3719 3982 3797 misericordia”)
4003 3728 4114 3786 Dei

2490 3795 2689 3849 retulit.
2740 3797 2876 3865 Quid
2924 3798 3069 3855 aliud
3124 3802 3291 3858 voluit
3348 3805 3606 3865 Dominus
3653 3816 3807 3871 nobis
3861 3795 4114 3877 demon-

2488 3898 2661 3945 strare
2711 3890 2814 3946 hoc
2855 3891 3197 3964 documento,
3240 3914 3401 3968 quam
3434 3900 3739 3973 fugiendum
3782 3924 3889 3966 non
3937 3928 4111 3986 esse,

2488 3983 2612 4053 quia
2642 3984 2771 4038 nihil
2795 3986 2913 4056 fuga
2938 3987 3105 4056 prosit
3126 3989 3172 4043 si
3201 3989 3343 4046 Deus
3371 3994 3542 4050 nolit?

3112 4079 3343 4138 CAPUT
3371 4084 3457 4140 Vl.

2560 4168 2690 4232 lmo,
2738 4169 2929 4241 inquit,
2964 4171 3085 4240 quia
3140 4187 3466 4245 praeceptum
3522 4178 3853 4252 adimplevit,
3880 4184 4112 4261 fugiens

2485 4261 2554 4317 de
2578 4263 2791 4319 civitate
2820 4265 2874 4319 in
2900 4266 3193 4321 civitatem.
3230 4269 3320 4324 Sic
3346 4271 3490 4326 enim
3530 4274 3699 4330 voluit
3723 4278 3965 4348 quidam,
4000 4286 4110 4343 sed

2485 4363 2540 4408 et
2577 4354 2693 4424 ipse
2736 4354 2999 4425 fugitivus,
3034 4364 3417 4430 argumentari,
3440 4373 3495 4419 et
3520 4368 3609 4436 qui
3648 4371 3871 4437 proinde
3899 4375 4111 4434 nolunt

2484 4446 2783 4526 intelligere
2829 4463 3047 4506 sensum
3094 4451 3304 4510 Domini
3344 4456 3486 4513 illius
3530 4465 4012 4537 pronuntiationis,
4045 4484 4110 4530 ut

2484 4556 2601 4596 eam
2630 4541 2744 4614 (15)
2764 4542 2830 4599 ad
2857 4544 3219 4604 velamentum
3250 4549 3545 4611 timiditatis
3573 4571 3686 4613 sua:
3709 4570 3949 4631 utantur,
3969 4580 4109 4626 cum

2065 4652 2446 4715 LECTIONES
2485 4655 2897 4714 VARIANTES.

878 4762 920 4820 1)
949 4761 1197 4822 Dependit
1220 4762 1359 4813 Pam.
1384 4761 1535 4815 Seml.
1556 4762 1751 4816 Oberth.

869 4825 926 4885 2)
944 4824 1282 4887 lfrtejudicavit
1326 4833 1477 4887 Frgan.

868 4884 919 4949 3)
947 4884 1303 4949 Unusquisque
1339 4884 1493 4937 Rhea.

870 4946 918 5000 4)
944 4948 1043 4998 Sed
1066 4946 1149 4998 dat
1171 4946 1319 4999 Séml.
1341 4948 1538 5000 Oberth.

866 5010 919 5063 5)
960 5010 1017 5059 In
1040 5018 1140 5060 toto
1162 5011 1314 5062 Eheu.
1344 5011 1452 5063 Itia.
1483 5015 1651 5062 Venet.

864 5071 917 5134 6)
938 5071 1191 5134 Rationale
1216 5072 1368 5123 Seml.
1397 5071 1595 5124 Oberth.

865 5134 917 5198 7)
938 5134 1003 5198 Et
1016 5133 1117 5198 jam
1140 5136 1191 5183 in
1211 5134 1350 5198 malis
1370 5138 1513 5185 Pam.

867 5195 919 5261 8)
944 5196 999 5247 In
1019 5195 1159 5247 matis
1182 5209 1267 5259 par
1286 5197 1467 5249 bonum
1491 5202 1570 5248 est
1615 5195 1930 5253 Rhett.Seml.
1955 5202 2155 5257 Oberth.

2399 4776 2452 4836 D
2546 4770 2983 4843 l9l.P_E‘PS“meP€1°
3028 4775 3209 4843 Rigalt.

2569 4832 2648 4896 10)
2675 4836 2727 4884 Si
2749 4849 2855 4885 cum
2877 4837 3029 4888 Rhen.

2569 4842 2648 4896 10)
2675 4842 2727 4884 Si
2749 4849 2855 4885 cum
2877 4842 3029 4888 Rhen.
3090 4842 3093 4843 ⁷

2540 4842 2647 5019 git)
2676 4898 2897 4948 Educere
2922 4903 3063 4951 Pam.
3093 4904 3245 4954 Semf.

2569 4959 2626 5008 12
2671 4960 2742 5008 Ad
2764 4964 3079 5014 eonstandum
3104 4967 3238 5017 Rhet:

2569 4959 2646 5018 12)
2671 4960 2742 5008 Ad
2764 4964 3079 5014 eonstandum
3104 4967 3257 5018 Rhea.

2570 5021 2645 5080 t3)
2672 5021 2859 5080 Quanto
2883 5027 3031 5075 Rhea.

2568 5084 2647 5141 H)
2673 5084 2811 5134 Μίδαι
2826 5087 3025 5140 icordia.
3063 5089 3212 5141 Πήρη.

2566 5146 2645 5201 15)
2673 5146 2740 5199 Ea
2757 5148 2876 5199 Cod.
2913 5151 3097 5201 Wouw.

2125 5312 2686 5377 COMMENTARIUS.

1039 5418 1206 5496 IV.—
1232 5418 1308 5496 (τι)
1330 5420 1761 5496 ςρηεαιιαιὶοηεηι
1784 5433 1925 5478 tuam
1952 5427 2209 5496 inducere,
2256 5440 2361 5487 etc.

771 5490 1066 5566 lndnci_tnr_.
1112 5490 1295 5566 inquit
1330 5492 1533 5566 linem,
1570 5495 1783 5563 proprie
1821 5498 1962 5566 quod
2001 5490 2231 5566 deletur,
2278 5503 2365 5557 hic

772 5562 1221 5617 consulmtionem
1254 5563 1527 5628 inducere,
1557 5575 1635 5618 est
1667 5562 1853 5621 tollere
1889 5570 2107 5623 dubium
2146 5562 2362 5627 consul.

775 5635 988 5686 talionis
1024 5651 1035 5685 :
1069 5635 1288 5702 exponit
1329 5644 1509 5690 autem
1541 5635 1807 5703 svipsnm,
1831 5653 1953 5693 cum
1974 5640 2155 5698 addit.
2184 5654 2230 5697 et
2268 5645 2362 5697 de-

772 5706 1061 5830 let-minaria).
1090 5706 1154 5826 an
1184 5706 1535 5777 sequentibus
1562 5716 1643 5762 est
1691 5710 1899 5780 egregia
1946 5711 2188 5781 ejusdem
2215 5730 2363 5772 reco-

772 5786 954 5830 multo.
1053 5791 1097 5830 Δγ
1132 5815 1145 5830 .

771 5783 954 5843 guttto.
1010 5783 1145 5831 I’AM.

2544 5433 2624 5509 (1))
2657 5433 2824 5509 Igitur
2869 5439 2956 5507 qui
2995 5449 3175 5509 putant

3220 5443 3537 5516 fugiendum.
3570 5451 3625 5507 lu
3670 5458 3858 5517 codice
3895 5459 4095 5522 Divio-

2471 5494 2646 5597 pensi,
2664 5494 2852 5597 ᾉῘῖοῇαά
2881 5494 3053 5580 igitdr.
3077 5494 3465 5589 Ibidemque
3486 5494 3881 5597 'Iiisigiﬁz'fo
3896 5494 4100 5597 :23};

2467 5587 2561 5639 est,
2579 5579 2727 5633 adeo.
2758 5576 2877 5637 Βία.
2901 5576 2919 5580 ⁷
3297 5576 3315 5589 ⁸
3572 5576 3734 5597 "om
3756 5576 3772 5597 ’
3791 5576 3875 5584 -”
3908 5576 4016 5600 ﬂ"

2541 5648 2695 5741 CAP;
2716 5650 2885 5741 ’ΥΕ-ν
2904 5652 2978 5741 (c)
3006 5653 3229 5741 {iutilius
3250 5664 3599 5741 sanctissimus
3629 5681 3843 5741 martyr.
3876 5672 4097 5739 Passus

2465 5720 2632 5822 ᾕρει
2668 5719 2983 5822 Afrieacutu
3010 5726 3225 5822 Silvano
3248 5719 3592 5822 etnMa'ximo,
3614 5719 4097 5822 δίε

2464 5788 2605 5861 logio
2646 5802 2814 5864 patet,
2857 5795 2909 5851 in
2938 5812 3045 5867 quo
3074 5799 3243 5867 male,
3279 5788 3740 5868 Bunkerii—Dav.
