4242 6492
146 346 253 406 109

1275 338 1369 395 DE
1408 337 1591 394 FUGA
1633 334 1699 391 IN
1738 333 2282 393 PERSECUTIONE.

3348 333 3454 389 ΗΟ

142 470 199 516 et
220 472 478 530 personas
497 472 621 512 suas
646 454 894 511 habuerit
920 462 974 509 et
1001 461 1240 523 tempora
1270 459 1325 507 et
1353 463 1599 507 caussas:
1618 448 1748 504 Cum
1773 448 1829 510 Α
1852 449 2127 521 discipulis
2158 462 2480 520 magnopere
2523 447 2962 520 deprecantibus,
2993 461 3063 503 ne
3101 461 3161 502 se
3198 446 3448 501 Hieroso-

141 551 407 620 cteperint,
440 550 644 622 inquit,
674 548 906 616 persequi
943 563 1049 611 vos,
1078 547 1237 617 fugite
1262 544 1327 599 de
1347 544 1547 598 civitate
1584 543 1637 596 in
1670 544 1749 596 ci-

141 645 350 697 vitatem
377 641 593 712 (Matth.
642 625 712 706 Χ,
760 638 877 711 23).
909 638 1021 694 Hoc
1048 637 1099 692 in
1128 651 1386 707 personas
1426 634 1506 706 (I)
1539 636 1750 704 proprie

142 736 549 806 Apostolorum,
573 744 625 789 et
653 735 707 789 in
739 744 999 803 tempora,
1029 734 1155 785 etin
1182 744 1397 785 caussas
1417 744 1599 784 eorum
1632 742 1747 796 per-

142 831 319 886 tinere
348 828 709 893 defendimus,
752 826 935 896 sicut(
969 824 1333 894 praecedentes
1364 820 1441 893 (2)
1488 820 1587 892 et)
1618 819 1750 875 sub-

142 933 435 994 sequentes
462 936 652 977 sensus
682 919 1000 989 probabunt,
1026 917 1116 988 qui
1148 914 1359 970 nonnisi
1393 915 1443 968 in
1470 912 1754 983 Apostolos

144 1022 461 1084 competunt
486 1029 499 1065 :
528 1011 597 1065 In
630 1011 765 1065 viam
803 1009 1072 1063 nationum
1102 1025 1165 1061 ne
1192 1005 1372 1070 ieritis,
1400 1016 1448 1060 et
1490 1005 1543 1057 in
1574 1004 1754 1057 civita-

146 1116 249 1160 tem
274 1104 721 1161 Samaritanorum
770 1117 832 1155 ne
871 1100 1201 1164 introieritis;
1230 1097 1319 1152 sed
1362 1097 1429 1150 ite
1479 1096 1645 1166 potius
1688 1095 1756 1148 ad

146 1213 264 1252 ores
310 1196 534 1266 perditas
576 1194 755 1248 domus
804 1191 1016 1247 Israelis
1056 1190 1269 1263 (Matth.
1296 1188 1367 1256 Χ,
1402 1188 1459 1254 5,
1489 1186 1568 1259 6).
1597 1186 1757 1241 Nobis

147 1297 331 1343 autem
359 1296 413 1341 et
435 1288 514 1339 \I'J
546 1286 821 1340 nationum
853 1294 1021 1355 patet,
1042 1284 1093 1338 in
1123 1298 1226 1354 qua
1248 1292 1300 1337 et
1322 1280 1523 1336 inventi
1550 1295 1756 1347 sumus,

147 1388 204 1435 et
219 1392 391 1449 usque
410 1378 462 1432 in
482 1377 640 1432 linem
660 1377 954 1431 incedimus
972 1391 987 1439 ;
1003 1384 1056 1429 et
1068 1375 1209 1429 nulla
1222 1374 1408 1429 civitas
1421 1386 1642 1440 excepta
1656 1382 1754 1436 ρει,

149 1489 253 1545 qua
276 1488 371 1543 per
393 1480 560 1525 totum
583 1470 766 1525 orbem
789 1470 1141 1541 praedicamus
1165 1485 1177 1533 ;
1213 1467 1307 1523 sed
1339 1481 1439 1521 nec
1459 1480 1585 1521 cura
1609 1465 1762 1520 nobis

153 1567 375 1623 Israelis
397 1565 633 1635 injuncta
669 1572 753 1619 est
785 1572 933 1618 extra
963 1563 1227 1627 ordinem,
1252 1561 1352 1615 nisi
1383 1575 1485 1628 qua
1512 1568 1565 1615 et
1591 1559 1762 1613 omni-

156 1658 260 1711 lms
294 1657 542 1727 gentibus
570 1656 860 1725 praedicare
888 1654 1165 1709 debemus.
1211 1653 1429 1707 Etiamsi
1456 1653 1760 1721 apprehen-

156 1748 388 1812 datnur,
421 1763 528 1801 non
557 1748 611 1801 in
652 1745 877 1802 concilia
926 1760 1112 1801 eorum
1171 1746 1547 1814 perducemur,
1583 1757 1682 1797 nec
1712 1742 1764 1795 in

1854 542 1996 613 Iyma
2043 542 2428 607 committeret,
2460 556 2713 612 passurus
2762 541 2868 597 illic
2894 556 3013 611 qua:
3056 539 3270 610 Agabus
3316 553 3448 611 pro-

1856 636 2189 708 phetaverat,
2226 633 2576 692 sollicitudini
2607 650 2795 691 eorum
2828 649 2933 689 non
2969 633 3322 700 subscripsit;
3353 630 3451 687 sed

1857 748 1888 788 e
1915 730 2188 787 contrario
2219 750 2231 782 :
2266 730 2425 797 Quid,
2456 730 2647 799 inquit,
2685 729 2855 800 facitis
2886 729 3226 799 lucrymnntes
3253 734 3297 779 et
3325 741 3448 778 ton-

1860 823 2121 878 turbantes
2170 838 2258 877 cor
2320 839 2485 878 meum
2516 822 2543 875 ?
2572 820 2686 892 Ego
2740 821 2872 876 enim
2902 837 3003 873 non
3044 818 3195 872 modo
3251 818 3453 871 uincula

1860 915 1969 985 pati
2009 915 2309 977 optaverim.
2358 914 2448 968 sed
2477 914 2629 968 etiam
2674 914 2804 967 mori
2838 911 3209 982 Hierosolymis
3238 926 3330 979 pro
3358 925 3453 962 no-

1860 1009 1995 1061 mine
2024 1006 2230 1060 Domini
2276 1006 2371 1059 mti
2395 1006 2521 1060 Iesu
2552 1005 2741 1060 Christi
2774 1045 2787 1059 .
2834 1010 3005 1075 Atque
3038 1003 3107 1058 ita
3139 1017 3324 1058 ntnnes
3349 1002 3460 1055 aie-

1862 1109 2032 1155 runt:
2087 1098 2209 1153 Fiat
2256 1099 2493 1154 voluntas
2532 1098 2739 1153 Domini
2786 1098 2923 1167 (Act.
2978 1096 3121 1154 XXI.
3172 1096 3282 1165 I7).
3331 1093 3462 1161 Qua:

1863 1202 1980 1246 erat
2026 1192 2273 1247 voluntas
2308 1191 2557 1245 Domini?
2591 1192 2771 1260 utique
2802 1206 2907 1243 non
2940 1187 3172 1259 fugiendi
3200 1187 3310 1257 jam
3339 1202 3462 1257 per-

1864 1286 2220 1341 secutiontun.
2256 1286 2564 1350 Caeterum,
2596 1293 2843 1354 poterant.
2870 1291 2925 1336 et
2969 1283 3201 1352 priorem
3252 1281 3460 1337 Domini

1867 1378 2192 1434 voluntatem
2225 1377 2577 1449 proposuisse
2616 1392 2717 1446 qua
2752 1375 2937 1445 fugere
2977 1374 3343 1439 mandaverat,
3373 1374 3463 1442 qui

1868 1470 2017 1525 illum
2060 1470 2494 1541 persecutionem
2522 1470 2721 1524 vitasse
2764 1468 3082 1522 maluerant.
3130 1465 3314 1536 Igitur,
3344 1481 3465 1519 cum

1869 1566 2031 1620 etiam
2096 1564 2197 1619 sub
2224 1563 2498 1634 Apostolis
2543 1564 2672 1633 ipsis
2721 1562 3015 1631 temporale
3045 1560 3297 1631 fuitfugze
3327 1576 3467 1630 prte-

1870 1670 2108 1730 ceptum,
2137 1659 2275 1713 sicut
2303 1667 2359 1713 ct
2382 1658 2709 1727 reliquorum
2744 1656 3207 1726 praescriptorum,
3238 1669 3345 1710 non
3375 1670 3469 1725 po-

1874 1761 1979 1808 test
2008 1753 2145 1824 apud
2186 1767 2286 1807 nos
2319 1765 2665 1822 perseverare
2696 1749 2837 1819 quod
2879 1749 3020 1821 apud
3051 1749 3304 1804 doctores
3342 1763 3470 1803 nos-

158 1842 451 1912 srnnsosis
496 1840 706 1895 illorum
754 1838 1179 1910 ﬂagellnbimur.
1231 1838 1325 1892 sed
1357 1836 1618 1892 Romanis
1650 1836 1749 1889 ιιιί-
1786 1852 1841 1913 Β
1870 1854 1982 1900 tros
2005 1844 2477 1907 concessavit,etsi
2502 1859 2606 1896 non
2629 1842 2843 1911 proprie
2869 1841 2933 1893 ad
2962 1840 3295 1895 illosfuisset
3311 1840 3474 1895 emis-

158 1948 269 2003 que
296 1932 646 2003 potestatibus
663 1940 718 1985 et
737 1930 1090 1985 tribunalibus
1109 1928 1445 1999 objiciemur.
1462 1926 1551 1984 Sic
1568 1925 1647 1998 (5)
1673 1927 1761 1997 igi-

165 2039 256 2082 tur
288 2036 342 2081 et
373 2024 510 2097 ingre
540 2033 866 2095 prmeeptum
914 2022 1296 2092 Apostolorum
1334 2020 1575 2076 conditio
1617 2019 1765 2074 desi-

165 2116 426 2182 derabat,
477 2115 730 2187 quoniam
763 2115 936 2183 primo
969 2113 1365 2183 praedicandum
1411 2121 1527 2167 erat
1558 2110 1627 2165 ad
1655 2126 1770 2164 oves

184 2211 420 2282 perditas
464 2211 645 2265 domus
686 2207 919 2263 lsraelis.
952 2206 1025 2264 Ut
1073 2222 1203 2278 ergo
1248 2207 1595 2276 perficeretur
1637 2220 1774 2276 prte—

173 2305 405 2372 dicatio,
427 2304 564 2373 apud
589 2318 724 2373 quos
749 2301 827 2375 (4)
846 2302 1051 2372 priores
1070 2300 1249 2371 perlici
1274 2300 1577 2370 Oportebat,
1596 2299 1672 2353 uti
1696 2314 1779 2369 pa.

185 2414 318 2452 nem
358 2406 481 2451 ante
507 2398 600 2450 filii
646 2412 805 2465 quam
835 2410 998 2450 canes
1032 2405 1337 2459 sumerent,
1367 2394 1486 2449 ideo
1510 2394 1614 2449 illis
1640 2393 1783 2465 fuge-

178 2508 244 2547 re
267 2500 394 2546 tunc
409 2491 470 2544 ad
488 2501 695 2560 tempus
715 2490 984 2560 praecipit:
1005 2504 1109 2544 non
1127 2499 1346 2560 propter
1362 2487 1683 2543 eludendum
1701 2486 1780 2559 (5)

185 2583 489 2657 periculum
524 2587 741 2653 proprio
774 2581 851 2654 (6)
886 2583 1103 2637 nomine
1142 2582 1528 2651 persecutionis
1565 2580 1786 2650 (atquin

194 2674 603 2747 persecutiones
651 2689 747 2729 eos
776 2688 1028 2744 p»ssnros
1072 2671 1429 2743 prtedicabat,
1478 2682 1531 2727 et
1556 2671 1790 2726 toleratio

190 2767 293 2822 das
319 2765 569 2835 docebat)
595 2782 609 2831 ;
641 2765 737 2822 sed
768 2775 986 2836 propter
1014 2764 1310 2835 proiectum
1342 2764 1787 2829 annuntiationis,

180 2876 280 2925 ne,
307 2860 485 2914 statim
506 2858 584 2931 (7)
602 2859 895 2929 oppresais,
912 2858 1188 2928 Evangelii
1202 2872 1414 2929 quoque
1426 2858 1794 2912 disseminatio

196 2955 577 3022 perimeretur.
630 2952 816 3023 Neque
858 2953 1000 3007 enim
1045 2952 1195 3021 quasi
1253 2953 1409 3007 tat-ite
1454 2951 1507 3005 in
1563 2952 1792 3021 aliquam

178 3044 458 3098 civitatem
492 3043 952 3114 transfugiendum
988 3053 1102 3099 erat
1122 3083 1137 3105 ,
1167 3041 1262 3099 sed
1288 3044 1439 3114 quasi
1475 3044 1671 3113 ubique
1700 3058 1792 3097 an-

187 3134 543 3201 nuntiaturis,
573 3144 704 3191 etex
731 3136 833 3190 hoc
862 3135 1059 3204 ubique
1083 3136 1490 3206 persecutiones
1517 3136 1795 3201 subituris,

1873 1954 1990 1993 sum
2022 1954 2035 1991 ε
2063 1944 2158 1991 aut
2180 1937 2225 1991 si
2252 1950 2597 2005 perseverare
2637 1934 2766 1988 illud
2809 1932 3066 1987 Dominus
3109 1931 3300 1997 voluit,
3337 1931 3477 1987 deli-

1874 2039 2102 2101 querunt
2128 2028 2207 2101 (9)
2233 2026 2479 2099 Apostoli
2522 2028 2611 2098 qui
2644 2041 2751 2082 non
2788 2040 2958 2097 usque
2997 2025 3051 2079 in
3104 2025 3266 2080 linem
3296 2025 3481 2095 fugere

1878 2128 2222 2180 curaverunt.

2452 2212 2682 2270 CAPUT
2748 2212 2859 2269 VII.

1960 2309 2248 2365 Videamus
2273 2323 2415 2363 nunc
2461 2322 2528 2363 an
2556 2316 2612 2363 et
2650 2316 2845 2362 cretera
2874 2305 3087 2362 Domini
3135 2305 3311 2362 edicta
3352 2321 3489 2363 con-7

1886 2414 2081 2473 gruant
2103 2415 2360 2474 perpetuo
2391 2402 2527 2474 fugae
2561 2410 2853 2473 prmeepto.
2885 2401 3066 2457 Primo
3102 2402 3316 2471 quidem
3338 2443 3354 2469 ,
3387 2403 3432 2457 si
3458 2418 3489 2457 a

1892 2496 2004 2552 Deo
2031 2496 2332 2564 persecutio
2358 2503 2462 2560 est,
2486 2493 2644 2564 quale
2671 2503 2753 2548 est
2781 2504 2841 2548 ut
2867 2492 3008 2548 idem
3036 2492 3346 2564 fugiendam
3368 2510 3487 2550 eam

1893 2586 2129 2650 mandet.
2162 2587 2329 2656 quiet
2355 2584 2553 2640 infert?
2594 2599 2753 2656 quam
2781 2584 2826 2639 si
2872 2583 3024 2638 evadi
3072 2585 3253 2652 vellet,
3300 2586 3491 2641 melius

1895 2696 1999 2734 non
2030 2679 2363 2744 immitteret,
2393 2693 2463 2732 ne
2496 2676 2775 2730 voluntate
2821 2676 3162 2745 prevaricari
3193 2676 3489 2731 videretur.

1898 2775 2001 2828 Aut
2032 2775 2137 2843 pati
2159 2772 2301 2827 enim
2344 2785 2441 2826 nos
2472 2770 2636 2825 voluit
2681 2768 3133 2839 persecutionem,
3166 2779 3253 2823 aut
3285 2768 3489 2839 fugere.

1899 2867 1957 2923 Si
1986 2868 2186 2938 fugere,
2234 2863 2507 2937 quomodo
2548 2864 2657 2935 pati
2679 2864 2703 2916 ‘t
2727 2863 2772 2916 si
2799 2864 2929 2933 pati,
2968 2865 3239 2934 quomodo
3268 2862 3498 2934 fugere?

1900 2958 2018 3015 Jam
2052 2974 2178 3013 vero
2228 2964 2425 3027 quanta
2464 2954 2801 3025 inaequalitas
2838 2956 3221 3011 sententiarum
3258 2955 3500 3025 iubentis

1903 3053 2105 3124 fugere,
2136 3060 2192 3106 et
2225 3050 2501 3105 invitantis
2521 3048 2588 3105 ad
2618 3050 2950 3121 passionem,
2982 3049 3309 3104 contrariam
3338 3049 3500 3120 fuga}?

1909 3146 2011 3212 Qui
2038 3147 2297 3214 confessus
2329 3142 2482 3214 fuerit
2509 3142 2564 3195 in
2586 3158 2684 3205 me,
2713 3150 2757 3195 et
2788 3157 2880 3212 ego
2923 3139 3201 3209 conﬁtebor
3227 3141 3281 3194 in
3302 3141 3392 3194 illo
3418 3157 3505 3195 co-

178 3226 363 3282 donec
422 3227 693 3297 replerent
734 3227 979 3282 doctrina
1023 3242 1119 3281 sua
1153 3225 1256 3298 (8).
1291 3227 1527 3297 Denique
1560 3224 1788 3300 (Matth.
1819 3246 1867 3311 ρ
1901 3254 2012 3293 mm
2048 3235 2203 3291 Patre
2243 3250 2353 3290 meo
2396 3232 2620 3305 (Matth.
2648 3232 2721 3300 X,
2752 3231 2869 3303 3|).
2903 3232 3184 3299 Quomodo
3221 3232 3503 3288 conﬁtebi.

182 3319 258 3387 Χ,
291 3317 384 3391 35)
422 3337 434 3373 :
470 3317 593 3372 Non
623 3318 1058 3381 consummabilis,
1091 3318 1281 3387 inquit,
1306 3318 1531 3372 civitates
1559 3317 1790 3374 lsraelis.

181 3414 348 3469 Adeo
403 3412 542 3466 intra
578 3413 838 3466 terminos
887 3410 1087 3466 Juda‘ae
1138 3422 1466 3480 praeceptum
1503 3410 1641 3481 fugae
1667 3426 1798 3466 con-

180 3507 483 3562 tinebatur.
532 3504 696 3561 Nobis
741 3515 922 3561 autem
948 3504 1093 3560 nulla
1116 3504 1317 3560 Indicae
1342 3504 1626 3575 prazfiuitio
1649 3521 1797 3561 com-

185 3600 335 3670 petit
371 3597 808 3671 praedicationis,
857 3598 912 3652 in
957 3612 1172 3653 onmem
1216 3597 1326 3667 jam
1364 3612 1581 3652 carnem
1627 3596 1797 3654 effuso

181 3690 403 3762 Spiritu
449 3688 669 3746 Sancto.
739 3688 925 3758 Itaque
992 3688 1222 3755 Paulus,
1274 3698 1331 3744 et
1388 3690 1629 3759 Apostoli
1672 3690 1795 3760 ipsi,

182 3798 467 3840 memores
509 3782 760 3853 prtecepti
787 3781 1074 3848 dominici,
1103 3789 1475 3837 contestantur
1504 3782 1634 3838 illud
1656 3784 1798 3853 apud

191 3874 392 3941 Israel,
449 3890 608 3945 quem
631 3874 743 3945 jam
780 3873 1029 3931 doctrina
1084 3889 1177 3929 sua
1220 3876 1607 3946 impleverant:
1650 3877 1800 3933 Vobis

1904 3339 1992 3383 tur
2020 3327 2251 3397 fugiens?
2278 3325 2550 3395 quomodo
2576 3324 2744 3394 fugiet
2770 3324 3078 3378 confitens?
3110 3322 3210 3388 Qui
3259 3340 3338 3377 me
3384 3340 3507 3379 con-

1903 3422 2049 3491 fusus
2070 3418 2242 3488 fuerit,
2274 3425 2321 3470 et
2348 3431 2438 3486 ego
2460 3413 2750 3483 confundor
2777 3430 2891 3467 eum
2908 3429 3079 3467 coram
3107 3416 3281 3467 Patre.
3308 3413 3500 3484 (Marc.

1903 3509 2038 3573 VIII,
2056 3509 2146 3572 58;
2162 3507 2289 3562 Luc.
2308 3506 2455 3572 XIX,
2470 3503 2586 3578 26).
2616 3505 2672 3562 Si
2696 3505 2876 3560 devito
2897 3505 3222 3574 passionem,
3237 3503 3509 3559 confundo

1902 3607 2321 3664 confessionem.
2378 3600 2576 3657 Felices
2604 3601 2689 3671 qui
2722 3600 3120 3669 persecutionem
3157 3600 3294 3668 passi
3320 3600 3509 3671 fuerint

1903 3717 2088 3755 caussa
2116 3698 2336 3754 nominis
2364 3695 2463 3750 mei
2501 3693 2721 3766 (Matth.
2752 3692 2813 3757 V,
2841 3693 2954 3763 II).
2993 3689 3239 3747 Infelices
3261 3706 3393 3764 ergo
3418 3693 3511 3761 qui

1904 3788 2155 3862 fugiendo
2183 3802 2250 3843 ex
2284 3795 2557 3857 praecepto
2590 3800 2695 3839 non
2720 3792 2880 3838 erunt
2906 3782 3067 3851 passi.
3116 3780 3217 3846 Qui
3246 3783 3501 3838 sustinue-

1903 3885 1968 3939 rit
1994 3884 2049 3938 in
2078 3882 2254 3951 ﬁnem,
2282 3880 2376 3935 iste
2404 3875 2681 3933 sulaabitur
2711 3875 2924 3943 (Hatth.
2947 3870 3017 3937 Χ,
3041 3872 3157 3943 22).
3180 3872 3320 3943 Quid
3350 3885 3505 3944 ergo,

186 3968 429 4039 Oportuit
455 3967 706 4039 imprimis
748 3984 1031 4022 sermonem
1056 3966 1153 4023 Dei
1203 3970 1360 4026 tradi.
1413 3970 1519 4026 Sed
1560 3971 1803 4042 quoniam
1906 3991 1995 4033 me
2018 3976 2212 4045 jubens
2238 3974 2445 4045 fugere,
2479 3973 2560 4025 vis
2589 3970 2639 4025 in
2674 3968 2835 4025 finem
2875 3965 3187 4022 sustinere?
3214 3965 3383 4021 Tanta
3412 3964 3501 4021 di-

190 4061 473 4134 repulistis
501 4078 647 4126 eum,
682 4078 773 4116 nec
811 4062 993 4132 dignos
1032 4078 1119 4117 vos
1160 4074 1348 4118 aeterna
1386 4064 1489 4119 vita
1536 4065 1801 4120 existima-

184 4158 317 4223 stis,
345 4171 461 4210 ecce
478 4155 816 4210 convertimus
847 4172 939 4210 nos
963 4156 1033 4210 ad
1071 4158 1301 4212 nationes
1346 4157 1488 4228 (Act.
1516 4158 1654 4226 XIII,
1681 4158 1801 4232 46).

184 4252 386 4320 Atque
414 4247 610 4304 exinde
636 4247 883 4303 conversi
914 4256 967 4303 et
995 4248 1119 4318 ipsi,
1157 4248 1295 4305 sicut
1320 4258 1693 4307 antecessores
1724 4253 1805 4306 in-

187 4342 531 4405 stituerant,
564 4338 617 4392 in
664 4338 805 4393 viam
832 4338 1109 4394 nationum
1138 4340 1418 4406 abierunt,
1450 4351 1505 4398 et
1542 4342 1595 4397 in
1621 4344 1805 4399 civita-

188 4444 291 4490 tes
340 4431 799 4486 Samaritanorum
844 4432 1199 4499 introierunt;
1245 4444 1299 4488 ut
1325 4435 1377 4488 in
1420 4443 1575 4489 totam
1617 4436 1809 4491 scilicet

188 4537 398 4579 terram
426 4523 584 4577 exiret
622 4540 782 4577 sonus
807 4540 1013 4592 eorum,
1061 4535 1109 4579 et
1136 4526 1191 4579 in
1222 4527 1464 4582 terminos
1505 4528 1641 4583 orbis
1666 4543 1810 4583 voces

1907 4068 2137 4123 versitas
2156 4062 2545 4121 sententiarum
2565 4062 2609 4116 si
2630 4077 2734 4115 non
2757 4060 3003 4130 congruit
3022 4058 3218 4116 divina
3234 4057 3505 4129 gravitati,

1908 4169 2129 4233 apparet
2153 4174 2219 4215 ex
2251 4158 2335 4213 his
2377 4168 2592 4227 quoque
2618 4164 2948 4224 praeceptum
3017 4150 3156 4222 fuga:
3180 4166 3331 4206 suam
3374 4160 3504 4206 tunc

1912 4254 2165 4310 habuisse
2188 4252 2455 4307 rationem
2482 4262 2645 4320 quam
2689 4246 3047 4304 ostendimus.
3082 4244 3189 4300 Sed
3219 4245 3507 4299 infirmita-

1917 4356 2052 4410 tem,
2081 4342 2275 4414 inquit,
2307 4339 2663 4413 quorumdam
2694 4338 3029 4409 prospiciens
3076 4335 3358 4399 Dominus,
3407 4348 3503 4404 pro

1913 4453 2010 4496 sua
2043 4434 2373 4493 humanitate
2402 4433 2752 4489 nihilominus
2780 4440 2834 4485 et
2880 4438 3093 4502 portum
3123 4429 3258 4499 fugat:
3286 4427 3510 4483 demon-

1915 4532 2103 4589 stravit
2131 4550 2145 4587 :
2176 4546 2283 4585 non
2322 4528 2465 4584 enim
2496 4527 2723 4582 idoneus
2754 4533 2873 4581 erat
2900 4524 3061 4580 etiam
3107 4524 3223 4577 sine
3252 4522 3370 4591 fuga
3401 4529 3511 4577 tam

189 4630 385 4672 eorum
424 4612 556 4685 (Ps.
590 4613 789 4682 XVIII,
824 4614 914 4687 1).
939 4616 995 4671 Si
1026 4631 1155 4687 ergo
1184 4620 1414 4674 cessavit
1434 4622 1680 4693 exceptio
1708 4623 1810 4677 vite
1835 4641 1892 4704 D
1920 4623 2057 4695 turpi
2091 4631 2147 4678 et
2175 4621 2414 4693 indigno,
2448 4628 2504 4675 et
2530 4616 2714 4673 servili
2749 4616 2999 4686 praesidio
3026 4615 3204 4670 salvos
3233 4613 3411 4670 facere
3456 4616 3511 4671 in

190 4707 532 4775 nationum,
584 4716 639 4762 et
664 4707 915 4764 introitus
956 4709 1008 4763 in
1036 4710 1282 4767 civitates
1324 4711 1809 4782 Samaritanorum,

188 4817 311 4859 cur
338 4814 446 4855 non
477 4801 773 4856 cessaverit
809 4810 866 4856 et
890 4800 1026 4873 fuga:
1059 4814 1384 4875 praeceptum
1425 4807 1625 4876 pariter
1651 4807 1813 4863 emis-

189 4893 382 4951 sum?
416 4892 653 4963 Denique
694 4910 761 4949 ex
798 4909 905 4965 quo
955 4904 1194 4951 satttrato
1240 4896 1439 4955 lsraele
1468 4902 1711 4971 Apostoli
1760 4903 1813 4957 in

196 4984 471 5042 nationes
515 4987 874 5052 transierunt,
908 5001 1006 5042 nec
1036 4986 1284 5058 fugerunt
1312 4989 1381 5045 de
1419 4990 1635 5047 civitate
1665 4993 1717 5049 in
1747 4994 1815 5049 ci-

192 5081 477 5142 vitatem,
522 5092 622 5132 nec
666 5079 775 5149 pati
821 5079 1222 5137 dubitaverunt.
1276 5084 1472 5155 Atquin
1513 5094 1568 5141 et
1598 5087 1814 5152 Paulus,

192 5171 309 5245 qui
340 5185 402 5225 se
430 5184 525 5240 per
553 5187 763 5226 murum
804 5184 1150 5230 concesserat
1187 5177 1427 5245 expediri
1461 5178 1528 5234 de
1562 5195 1814 5250 persecu-

1920 4718 2315 4788 persecutione,
2349 4728 2482 4785 quos
2508 4713 2670 4769 sciret
2691 4712 2955 4766 infirmos.
2988 4711 3183 4780 Atquin
3215 4721 3323 4764 non
3349 4708 3509 4773 fovet,

1919 4810 2013 4866 sed
2046 4817 2257 4866 recusat
2286 4820 2501 4876 semper
2524 4804 2800 4866 infirmos;
2825 4803 3056 4873 primum
3076 4801 3276 4856 docens
3301 4816 3403 4854 non
3432 4798 3515 4854 fu-

1918 4904 2140 4977 giendos
2168 4918 2287 4958 esse
2319 4910 2713 4973 persecutores,
2743 4895 2839 4951 sed
2870 4897 3048 4967 potius
3081 4910 3186 4950 non
3220 4894 3513 4955 timendos.

1923 4998 2100 5055 Nolite
2140 4999 2314 5051 timere
2357 5010 2441 5050 eos
2471 4994 2559 5063 qui
2586 5007 2773 5061 corpus
2800 4990 3029 5046 occidere
3078 4999 3307 5061 possunt,
3333 4988 3519 5043 anima:

1922 5100 2090 5147 autem
2116 5089 2244 5144 nihil
2274 5088 2438 5141 valent
2462 5089 2647 5157 facere.
2678 5082 2786 5139 Sed
2809 5083 2974 5135 timete
3001 5096 3115 5134 eum
3155 5080 3240 5151 qui
3262 5088 3309 5134 et
3335 5094 3522 5148 corpus

1924 5195 1970 5240 et
1999 5183 2224 5237 animam
2251 5182 2460 5250 perdere
2480 5186 2641 5250 potest
2663 5178 2715 5229 in
2743 5174 3023 5246 gehennam
3054 5171 3271 5242 (Matth.
3302 5170 3368 5233 Χ.
3399 5170 3519 5241 28).

197 5266 372 5321 tione
396 5303 412 5329 ,
463 5277 565 5331 qua
607 5262 675 5318 ad
712 5264 813 5320 hoc
850 5276 1062 5336 tempus
1096 5272 1523 5340 eratpraecepti;
1552 5272 1692 5328 idem
1713 5272 1823 5343 jam
1926 5278 2101 5347 Atque
2130 5272 2327 5329 exinde
2354 5286 2473 5342 qua:
2501 5266 2703 5324 timidis
2735 5265 2997 5335 prmfinit?
3031 5262 3132 5329 Qui
3162 5263 3321 5335 pluris
3349 5264 3523 5333 fecerit

198 5358 270 5415 in
331 5353 578 5410 clausula
623 5354 810 5426 officii,
857 5359 998 5414 etin
1036 5362 1500 5421 consummatione
1543 5368 1819 5437 przecepti,

1927 5369 2153 5423 animam
2187 5380 2334 5420 suam
2361 5378 2516 5434 quam
2562 5376 2661 5429 me,
2689 5375 2793 5414 non
2834 5368 2905 5415 est
2931 5374 3009 5414 me
3046 5358 3263 5427 dignus;
3293 5365 3387 5412 et:
3425 5354 3526 5425 Qui

1476 5478 1858 5542 LECTIONES
1894 5476 2313 5540 VARIANTES.

389 5581 614 5660 1.7%?“
627 5585 782 5660 2‘1"."
814 5584 966 5660 Me".-

284 5645 367 5758 (Ξ)
396 5645 555 5759 g‘erg’a
574 5647 711 5698 uncis
732 5648 921 5701 inclusa
941 5650 1133 5702 Pamel.
1155 5653 1351 5707 addidit
1374 5658 1650 5724 recepitque
1666 5658 1777 5727 Rig.

284 5707 371 5829 ᾗ)
399 5721 652 5829 AlputIeti‘os
677 5782 837 5825 Venet.

288 5771 371 5829 μ»
399 5771 541 5882 apud
560 5785 652 5821 nos
677 5782 837 5825 Venet.

288 5834 369 5899 (5)
396 5831 435 5884 In
457 5833 704 5887 tuendum.
734 5838 885 5891 Ithen.
906 5838 1053 5892 Scml.
1076 5847 1167 5894 etc.

2022 5651 2072 5706 7)
2098 5656 2287 5706 Statum
2315 5651 2463 5704 Rhea.
2489 5653 2610 5701 Jun.

2024 5715 2075 5767 8)
2104 5717 2382 5767 Doctrinam
2407 5727 2542 5764 suam
2566 5715 2707 5763 Pam.

2017 5592 2067 5646 6)
2093 5592 2191 5643 Pro
2221 5591 2421 5641 nomine
2456 5596 2569 5639 Jun.

2017 5595 2047 5646 6
2093 5592 2191 5643 Pro
2221 5592 2421 5641 nomine
2456 5596 2569 5639 Jun.

2022 5658 2046 5704 7
2098 5656 2287 5706 Statum
2315 5651 2463 5704 Rhea.
2489 5653 2610 5701 Jun.

2024 5719 2054 5767 8
2104 5717 2382 5767 Doctrinam
2407 5727 2542 5764 suam
2566 5715 2707 5763 Pam.

2027 5783 2057 5831 9
2105 5779 2495 5843 Dereliquerunt
2517 5773 2714 5841 quidam
2735 5772 2878 5826 οηαιι.
