4242 6492
766 392 867 449 111

2189 380 2651 441 TERTULLIANI

3968 383 4076 442 “2

766 523 870 561 non
898 506 1027 561 tollit
1056 520 1253 560 crucem
1293 519 1440 559 suam
1462 511 1511 558 et
1542 502 1768 572 sequitur
1806 514 1904 563 me,
1937 514 2035 551 non
2066 507 2224 567 potest
2251 512 2359 551 esse
2386 498 2435 556 A
2466 497 2608 551 velut
2632 495 2769 551 ﬁlios
2798 494 2950 561 lucis,
2982 510 3086 550 non
3113 494 3265 565 jubet
3303 496 3425 567 luga
3451 494 3703 551 abscondi
3737 507 3796 552 ut
3821 496 3961 552 filios
3992 508 4069 551 te-

767 614 909 654 meus
934 596 1216 667 discipulus
1246 595 1398 665 (Luc.
1426 592 1572 656 XIV,
1591 590 1710 662 26).
1754 590 2054 654 Postremo,
2078 588 2130 644 in
2156 590 2363 661 Apoca-

763 690 903 761 lypsi
934 706 1039 745 non
1070 689 1245 754 fugam
1280 687 1481 743 timidis
1505 685 1681 749 offert,
1724 684 1818 740 sed
1850 685 1989 739 inter
2021 694 2249 739 creteros
2282 696 2364 737 re-

765 780 964 851 probus
1006 780 1315 851 particulam
1346 781 1397 834 in
1430 790 1619 849 stagno
1650 775 1927 847 sulphuris
1957 785 2012 831 et
2036 775 2192 847 ignis,
2222 773 2363 845 quod

763 884 852 932 est
886 890 1032 931 mors
1058 873 1292 931 secunda
1325 872 1481 945 (Cttp.
1513 872 1657 937 XXI,
1691 871 1771 942 8).

1331 964 1558 1021 CAPUT
1602 962 1731 1017 VIII.

836 1060 910 1131 (a)
927 1059 1138 1131 Refugit
1166 1068 1221 1115 et
1251 1059 1367 1128 ipse
1393 1057 1500 1111 vim
1527 1054 1927 1119 interdum,sed
1948 1052 2133 1108 eadem
2156 1052 2363 1107 ratione

761 1168 864 1223 qua
885 1152 1156 1223 Apostolis
1186 1151 1372 1221 fugere
1397 1158 1729 1220 praeceperat
1754 1165 1768 1213 ;
1801 1147 1974 1203 donec
1998 1146 2203 1202 scilicet
2229 1146 2361 1200 doc.

760 1245 955 1299 trinam
998 1257 1150 1298 suam
1199 1242 1468 1312 impleret;
1524 1256 1627 1310 qua
1673 1248 2064 1303 consummata,
2107 1253 2213 1292 non
2239 1236 2363 1292 dico

758 1334 923 1399 stetit,
958 1333 1053 1389 sed
1081 1348 1179 1387 nec
1205 1332 1458 1387 auxilium
1490 1347 1519 1385 a
1544 1331 1701 1389 Patre
1727 1331 2040 1400 angelorum
2087 1328 2361 1384 exercitu-

761 1440 850 1479 um
881 1424 1226 1491 desideravit,
1260 1423 1524 1495 increpito
1550 1424 1712 1479 etiam
1738 1422 1879 1477 Petri
1909 1420 2110 1491 gladio,
2155 1421 2363 1491 profes-

757 1532 851 1574 sus
892 1519 1109 1590 quidem
1156 1529 1211 1574 et
1248 1520 1363 1588 ipse
1398 1528 1482 1573 est
1524 1518 1759 1571 animam
1819 1517 2031 1571 anxiam
2083 1530 2251 1586 usque
2292 1514 2361 1570 ad

758 1624 985 1667 mortem
1011 1621 1067 1667 et
1092 1626 1312 1667 carnem
1344 1610 1611 1664 infirmam
1647 1625 1663 1675 ;
1692 1618 1751 1663 ut
1779 1609 1871 1664 tibi
1895 1608 2228 1674 ostenderet,
2259 1608 2361 1678 pri-

755 1720 867 1769 mo,
900 1705 951 1757 in
981 1718 1041 1759 se
1072 1713 1352 1773 utramque
1374 1702 1728 1756 substantiam
1757 1701 2048 1756 humanam
2080 1700 2267 1768 fuisse,
2292 1716 2358 1755 ex

754 1796 1084 1867 proprietate
1106 1795 1389 1850 anxietatis
1417 1795 1633 1859 animae,
1668 1804 1723 1848 et
1746 1794 2130 1849 imbecillitatis
2149 1801 2351 1854 carnis;

2463 588 2781 644 crebrarum.
2808 588 2964 644 Stare
2989 589 3295 645 immobiles
3312 590 3571 661 praecipit,
3603 591 3789 661 utique
3820 606 3923 647 nec
3946 590 4072 661 fuga

2472 680 2718 745 mobiles,
2782 690 2835 735 et
2879 682 3168 745 accinctos,
3223 682 3276 735 in
3326 680 3504 752 fugam
3544 699 3611 737 au
3664 683 3717 737 in
3773 698 4071 739 occursum

2472 774 2786 844 Evangelii?
2826 775 2989 829 Arma
3020 790 3230 845 quoque
3278 774 3631 843 demonstrat,
3664 792 3783 847 qua:
3811 776 4069 847 fugituris

2472 882 2577 921 non
2615 877 2800 921 essent
2848 869 3171 931 necessaria,
3224 868 3363 922 inter
3405 884 3527 938 qua:
3568 878 3624 923 et
3665 869 3944 941 clypeum,
3971 884 4073 939 quo

2472 960 2674 1027 possitis
2704 959 2802 1012 tela
2842 959 3035 1013 diaboli
3060 960 3360 1030 extinguere
3392 959 3413 1032 (
3439 959 3573 1031 Eph.
3599 960 3686 1028 VI,
3720 961 3788 1018 I6
3811 960 3861 1033 ),
3910 961 4079 1016 resis-

2472 1063 2645 1106 tentes
2687 1051 2806 1106 sine
2846 1051 3029 1115 dubio,
3062 1063 3115 1106 et
3142 1053 3477 1123 excipientes
3517 1068 3732 1109 omnem
3763 1053 3875 1107 vim
3899 1052 4071 1108 illius.

2471 1144 2702 1199 Proinde
2749 1154 2802 1199 et
2858 1143 3092 1199 Joannes
3146 1160 3242 1214 pro
3303 1141 3557 1201 fratribus
3598 1160 3812 1217 quoque
3862 1146 4077 1199 animas

2471 1238 2744 1309 ponendas
2772 1238 2928 1294 docet
2957 1238 3017 1310 (Ἰ
3039 1239 3195 1293 Joan.
3224 1238 3311 1305 III,
3340 1239 3410 1295 16
3436 1237 3455 1312 )
3479 1280 3494 1306 ,
3536 1240 3729 1295 nedum
3757 1255 3856 1311 pro
3885 1240 4075 1294 Domi-

2471 1348 2560 1386 no.
2596 1331 2708 1387 Iloc
2731 1346 2760 1386 a
2792 1330 3117 1401 fugientibus
3147 1347 3252 1386 non
3284 1340 3463 1403 potest
3492 1332 3795 1403 adimpleri.
3828 1332 4075 1403 Denique

2471 1439 2680 1479 memor
2723 1424 3074 1495 Apocalypsis
3113 1440 3243 1489 sua),
3290 1424 3343 1479 in
3366 1440 3469 1496 qua
3510 1425 3817 1480 timidorum
3866 1426 4072 1481 exitum

2468 1516 2728 1579 audierat,
2756 1515 2824 1570 de
2851 1530 3012 1570 sensu
3034 1516 3285 1571 admonet
3324 1526 3378 1571 et
3406 1517 3518 1587 ipse
3548 1516 3795 1573 timorem
3818 1516 4071 1587 rejicien-

2468 1611 2617 1667 dum.
2664 1610 2855 1675 Timor,
2895 1612 3086 1681 inquit,
3130 1629 3229 1667 non
3272 1622 3345 1666 est
3382 1613 3433 1666 iu
3483 1614 3771 1669 dilectione.
3822 1613 4074 1670 Sedeuius

2469 1708 2691 1775 perfecta
2718 1703 2921 1758 dilectio
2948 1708 3085 1773 foras
3113 1705 3264 1758 mittit
3295 1706 3555 1771 timorem;
3588 1708 3709 1776 quia
3753 1707 3920 1762 timor
3945 1724 4073 1777 sup-

2470 1795 2867 1865 pliciamentum
2900 1793 3081 1859 habet,
3111 1794 3293 1866 utique
3322 1796 3499 1866 ignem
3531 1798 3724 1868 stagni.
3749 1796 3851 1865 Qui
3892 1809 4073 1855 autem

750 1905 821 1944 ne
846 1890 1003 1944 aliam
1040 1888 1135 1961 (ut
1164 1888 1377 1961 quidam
1408 1903 1552 1944 nunc
1596 1888 1923 1944 induxerunt
1961 1888 2099 1960 )aut
2124 1904 2343 1943 carnem
2383 1898 2431 1959 Β
2461 1892 2633 1955 timet,
2677 1904 2782 1942 non
2822 1898 2904 1944 est
2934 1889 3204 1959 perfectus
3230 1930 3245 1955 ,
3299 1890 3350 1943 in
3386 1889 3672 1947 dilectione
3696 1891 3789 1947 Dei
3840 1892 4071 1950 scilicet.

750 1992 845 2039 aut
869 1984 1103 2040 animam
1133 1983 1333 2038 Christi
1368 1984 1839 2053 interpretareris;
1896 1982 2115 2051 dehinc,
2146 1991 2203 2037 ut
2252 1982 2354 2037 de-

751 2075 1063 2130 monstratis
1088 2072 1491 2129 conditiouibus
1518 2090 1725 2140 earum,
1752 2074 1917 2129 scires
1953 2074 2072 2129 illas
2100 2073 2231 2129 nihil
2254 2088 2350 2128 va-

752 2167 864 2222 lere
896 2182 991 2237 per
1025 2167 1343 2235 semetipsas
1385 2166 1503 2221 sine
1532 2165 1746 2235 spiritu.
1822 2166 1889 2220 Et
1918 2164 2039 2221 ideo
2065 2166 2351 2236 prmponit,

751 2257 981 2327 Spiritus
1023 2266 1286 2327 promptus
1320 2255 1544 2329 (Matth.
1577 2255 1771 2321 XXVI,
1803 2255 1898 2326 Η)
1924 2297 1937 2320 ,
1972 2264 2028 2311 ιιι
2068 2266 2355 2328 utramque

750 2348 1115 2404 conditionem
1143 2348 1460 2405 subsuntim
1488 2349 1771 2419 utriusque
1798 2349 2115 2420 respiciens,
2152 2350 2353 2405 intelli-

747 2456 844 2509 gas
873 2441 925 2494 in
958 2450 1008 2496 te
1034 2454 1155 2497 esse
1186 2441 1344 2495 etiam
1375 2440 1741 2496 fortitudinem
1773 2441 2017 2510 spiritus,
2074 2442 2353 2511 quomodo

747 2542 805 2589 et
834 2534 1197 2589 infirmitatem
1227 2534 1405 2589 carnis
1430 2550 1445 2599 ;
1477 2548 1541 2588 ac
1564 2534 1677 2603 jam
1718 2533 1843 2588 hinc
1884 2535 2021 2588 scias
2046 2534 2176 2604 quid
2208 2535 2352 2591 unde

746 2626 933 2693 facias,
964 2636 1020 2683 et
1047 2625 1175 2697 quid
1204 2626 1291 2683 cui
1332 2626 1615 2696 subjicias;
1648 2625 1916 2681 infirmum
1969 2627 2175 2682 scilicet
2205 2626 2348 2682 forti:

746 2736 835 2787 ne,
869 2730 926 2775 ut
951 2735 1091 2774 nunc
1116 2718 1267 2785 facis,
1318 2718 1384 2774 de
1413 2720 1590 2775 carnis
1626 2720 1846 2791 quidem
1877 2720 2190 2777 infirmitate
2222 2736 2351 2776 cau-

746 2813 903 2879 seris,
926 2810 994 2866 de
1020 2812 1239 2882 spiritus
1268 2820 1448 2867 autem
1479 2812 1731 2869 firmitate
1754 2812 2085 2869 dissimules.
2116 2812 2353 2870 Postula-

746 2907 826 2962 vit
868 2918 923 2963 et
954 2908 1065 2978 ipse
1113 2922 1143 2961 a
1190 2907 1383 2963 Patre:
1411 2907 1475 2962 Si
1516 2908 1627 2976 fieri
1656 2916 1837 2977 posset,
1889 2908 2126 2963 transiret
2154 2909 2216 2961 ab
2258 2908 2349 2962 illo

744 2999 883 3053 calix
924 2999 1194 3070 passionis.
1245 2998 1464 3054 Postula
1507 3009 1561 3054 et
1590 3008 1666 3063 tu,
1691 2998 1786 3054 sed
1825 3008 1973 3053 stans
2001 3009 2057 3053 ut
2098 2999 2223 3063 ille,
2253 2999 2348 3054 sed

742 3092 1017 3162 postulans
1042 3101 1267 3158 tantum,
1297 3090 1392 3146 sed
1430 3090 1758 3163 subjungens
1786 3102 1839 3147 et
1877 3090 2083 3161 reliqua
2112 3108 2126 3145 :
2162 3089 2349 3146 Verum

742 3202 845 3240 non
878 3185 1013 3255 quod
1030 3200 1120 3256 ego
1160 3184 1296 3251 volo,
1343 3184 1432 3239 sed
1470 3184 1606 3255 quod
1654 3196 1707 3237 tu
1744 3182 1957 3255 (:llattlt.
1992 3182 2196 3250 XXVI,
2224 3184 2344 3254 9.9).

2461 1982 2647 2049 Porro,
2681 1982 2802 2052 quis
2843 1981 3009 2052 fugiet
3060 1981 3515 2051 persecutionem,
3566 1982 3669 2038 nisi
3700 1983 3790 2054 qui
3824 1984 4074 2040 timebit?

2459 2073 2589 2141 Quis
2619 2070 2847 2137 timebit,
2881 2071 2983 2126 nisi
3022 2070 3112 2141 qui
3155 2086 3259 2125 nnn
3286 2073 3529 2127 amavit?
3572 2072 3833 2143 Spiritum
3866 2090 3998 2130 vero
4027 2075 4071 2129 si

2459 2166 2730 2232 consulas,
2772 2164 2901 2235 quid
2954 2165 3124 2235 magis
3166 2178 3416 2220 sermone
3459 2166 3553 2221 illo
3578 2167 3807 2237 Spiritus
3835 2168 4071 2239 probat?

2458 2256 2699 2327 Namque
2727 2270 2917 2312 omnes
2945 2271 3082 2325 pene
3110 2256 3179 2312 ad
3218 2258 3533 2329 martyrium
3577 2258 3923 2325 exhortatur,
3953 2277 4065 2318 non

2456 2350 2524 2404 ad
2555 2349 2757 2421 fugam,
2810 2359 2867 2403 ut
2915 2361 2970 2405 et
2995 2350 3136 2405 illius
3175 2365 3705 2409 commemoremur:
3737 2354 4065 2421 Publicaris,

2456 2442 2647 2515 inquit,
2700 2440 2899 2496 bonum
2941 2442 3033 2496 tibi
3060 2449 3162 2496 est.
3208 2442 3309 2509 Qui
3342 2444 3487 2498 enim
3530 2460 3639 2499 non
3680 2445 3991 2516 publicatur
4019 2450 4072 2505 in

2457 2534 2785 2600 hominibus,
2832 2533 3132 2603 publicator
3177 2535 3227 2589 in
3279 2535 3529 2591 Domino.
3570 2536 3651 2593 Ne
3688 2537 4070 2608 confundaris,

2451 2626 2656 2696 justitia
2681 2637 2732 2683 te
2753 2625 3003 2696 producit
3031 2627 3080 2680 in
3105 2626 3362 2683 medium.
3387 2629 3524 2697 Quid
3544 2630 3921 2697 confunderis,
3949 2634 4075 2689 Ian-

2456 2719 2577 2775 dem
2606 2720 2830 2775 serens?
2870 2720 3115 2776 Potestas
3144 2720 3221 2789 fit,
3267 2737 3390 2777 cum
3419 2725 3753 2795 conspiceris
3794 2726 3865 2781 ab
3892 2726 4075 2782 homi-

2456 2811 2631 2865 nibus.
2657 2810 2745 2867 Sic
2766 2821 2821 2867 et
2842 2812 2967 2866 alibi
2991 2831 3002 2865 :
3031 2812 3205 2867 Nolite
3232 2813 3283 2867 in
3316 2813 3547 2881 lectulis,
3573 2831 3672 2871 nec
3699 2817 3753 2871 in
3774 2817 4076 2876 aborsibus

2453 2916 2507 2959 et
2538 2902 2773 2959 febribus
2816 2904 3069 2959 mollibus
3108 2917 3295 2976 optare
3336 2907 3507 2976 exire,
3536 2908 3632 2964 sed
3661 2909 3713 2964 in
3743 2912 4065 2983 martyr-iis;

2456 3003 2512 3049 ut
2541 2994 2873 3064 glorificetur
2903 2995 2993 3066 qui
3026 3007 3112 3051 est
3143 3012 3330 3065 passus
3361 3013 3460 3069 pro
3484 3000 3658 3055 vobis.

3054 3088 3287 3145 CAPUT
3320 3089 3390 3144 X.

2521 3178 2627 3233 Sed
2658 3180 2871 3235 omissis
2897 3180 3111 3251 quidam
3137 3182 3336 3237 divinis
3375 3183 3863 3252 exhortationibus,
3899 3188 4068 3245 illum

741 3279 980 3350 Fugiens
999 3288 1178 3333 autem
1200 3277 1469 3348 quomodo
1491 3277 1591 3331 hoc
1621 3277 1932 3347 posmlabis,
1958 3277 2071 3347 ipse
2093 3276 2185 3331 tibi
2212 3294 2346 3347 pm.
2374 3291 2420 3355 ρ
2454 3271 2623 3339 magis
2672 3270 2918 3326 Crrecum
2965 3274 3290 3328 versiculum
3334 3277 3613 3332 sazcularis
3644 3280 3928 3334 sententia:
3965 3283 4079 3337 sibi

743 3380 893 3428 stans
941 3370 1127 3427 calicis
1172 3370 1604 3438 translationem,
1630 3384 1731 3425 nec
1759 3368 1902 3441 quod
1935 3368 2094 3425 Pater
2131 3370 2241 3424 vult
2264 3369 2347 3426 fa-

741 3466 915 3533 ciens,
942 3465 1037 3521 sed
1064 3464 1207 3537 quod
1231 3465 1324 3521 tu?

1390 3578 1617 3635 CAPUT
1644 3578 1737 3635 IX.

815 3674 1009 3730 Omnia
1030 3673 1273 3745 Apostoli
1302 3672 1599 3728 secundum
1625 3673 1790 3727 Deum
1814 3673 1999 3743 utique
2023 3671 2344 3739 docuerunt,

744 3768 926 3826 omnia
956 3768 1323 3843 evangelizare
1352 3764 1432 3838 (Ι)
1467 3766 1770 3821 voluerunt.
1826 3764 1927 3822 Ubi
1962 3766 2081 3823 illos
2106 3768 2347 3823 ostendis

744 3868 1072 3933 praceptum
1102 3857 1339 3930 fugiendi
1368 3857 1436 3913 de
1464 3857 1680 3914 civitate
1720 3858 1771 3913 in
1816 3858 2085 3916 civitatem
2133 3870 2343 3916 restau-

740 3954 925 4010 rasse?
956 3952 1079 4024 quia
1103 3966 1203 4007 nec
1230 3951 1529 4022 potuissent
1558 3950 1663 4007 tale
1702 3950 1831 4021 quid
1874 3952 2203 4008 constituere
2235 3963 2343 4009 tam

744 4047 1075 4104 contrarium
1116 4045 1378 4115 exemplis
1405 4045 1538 4113 suis,
1564 4054 1621 4099 ut
1648 4046 1825 4116 fugam
1870 4045 2223 4113 mandarent;
2254 4050 2345 4118 qui

744 4156 867 4197 cum
894 4140 1127 4195 maxime
1158 4138 1227 4194 de
1267 4138 1493 4193 vinculis
1525 4137 1610 4194 vel
1641 4137 1853 4207 insulis,
1901 4138 2094 4210 quibus
2121 4140 2191 4195 ob
2212 4156 2345 4197 con-

742 4235 1059 4303 fessionem,
1091 4250 1198 4290 non
1225 4234 1295 4290 ob
1317 4232 1494 4305 fugam
1525 4234 1781 4297 nominis,
1820 4234 2251 4302 continebantur,
2278 4236 2345 4292 ad

751 4328 1021 4384 Ecclesias
1045 4326 1372 4383 scribebant.
1403 4324 1649 4382 lnlirmos
1670 4327 1937 4381 sustinere
1958 4326 2111 4395 jubet
2129 4327 2342 4396 Paulus;

754 4424 941 4493 utique
974 4423 1116 4477 enim
1143 4436 1251 4476 non
1282 4418 1546 4490 fugientes
1602 4417 1622 4491 (
1648 4418 1917 4490 quomodo
1948 4420 2089 4475 enim
2116 4421 2347 4478 sustine-

747 4517 945 4573 bantur
971 4514 1265 4571 absentes?
1292 4513 1337 4584 ).
1368 4515 1447 4567 An
1499 4512 1751 4583 patientia
1810 4512 1942 4568 dicit
1978 4514 2344 4583 sustinendos,

742 4608 912 4665 sicubi
944 4623 1038 4677 per
1084 4604 1450 4661 infirmitatem
1492 4603 1613 4659 fidei
1636 4619 1749 4659 sum
1791 4603 2147 4661 offenderint?
2176 4606 2263 4662 Sie
2295 4617 2348 4662 et

2456 3360 2745 3418 adhibent:
2782 3363 2882 3429 Qui
2912 3364 3169 3436 fugiebat,
3213 3383 3389 3422 rursus
3424 3370 3739 3438 pra'liabitur
3770 3371 3876 3443 (c);
3914 3382 3982 3427 ut
4018 3381 4081 3429 et

2455 3470 2641 3511 rursus
2658 3454 2879 3511 forsitan
2905 3456 3091 3528 fugiat.
3109 3459 3174 3513 Et
3187 3459 3401 3530 quando
3417 3460 3614 3528 vincet,
3643 3463 3756 3533 qui,
3776 3478 3896 3519 cum
3912 3463 4079 3536 fuge.

2452 3546 2540 3613 rit,
2572 3548 2745 3603 victus
2763 3548 2888 3604 est?
2914 3549 3120 3603 Bonum
3140 3552 3371 3608 militem
3389 3553 3604 3610 Christo
3624 3556 3941 3627 imperatori
3966 3575 4081 3615 suo

2452 3648 2690 3709 prmstat,
2741 3641 2829 3710 qui
2865 3650 2970 3695 tam
3019 3643 3177 3713 plene
3225 3644 3293 3698 ab
3340 3646 3602 3715 Apostolo
3643 3659 3903 3715 armatus,
3936 3652 4078 3707 tuba

2452 3732 2841 3802 persecutionis
2876 3733 3074 3801 audita,
3098 3734 3240 3790 diem
3266 3736 3467 3793 deserit
3494 3741 3918 3810 persecutionis?
3953 3742 4076 3800 Re-

2449 3826 2728 3896 spondebo
2756 3837 2811 3883 et
2835 3821 2935 3898 ego
2962 3827 3029 3883 de
3055 3830 3256 3886 sarculo
3289 3830 3492 3903 aliquid
3518 3851 3532 3887 :

2700 3916 2868 3983 Usque
2891 3920 3083 3974 adeone
3107 3923 3229 3971 mori
3253 3924 3492 3973 miserum
3519 3924 3634 3974 est?

3228 3983 3395 4050 (Virg.
3426 3988 3535 4035 ιεη.
3563 3986 3683 4046 xu.
3705 3987 3847 4053 sto.)

2453 4061 2707 4120 Moriatur
2731 4080 2946 4136 quoquo
2973 4068 3154 4133 modo,
3206 4079 3299 4124 aut
3329 4070 3523 4138 victus,
3554 4082 3648 4127 aut
3672 4073 3868 4130 victor.
3918 4074 4075 4143 Nam

2451 4159 2551 4214 etsi
2602 4160 2846 4232 negando
2886 4163 3179 4231 ceciderit,
3207 4180 3331 4220 cum
3378 4167 3662 4224 tormentis
3704 4176 3882 4226 tamen
3912 4186 4076 4241 pra:-

2453 4254 2632 4310 liatus.
2677 4255 2814 4311 Malo
2842 4256 3205 4317 miserandum
3238 4275 3399 4329 quam
3444 4260 3889 4317 erubescendum.
3924 4262 4073 4320 Pul-

2451 4345 2637 4402 chrior
2668 4358 2751 4403 est
2772 4349 2927 4404 miles
2958 4350 3009 4405 in
3042 4352 3225 4421 praello
3247 4352 3499 4419 amissus,
3524 4368 3683 4423 quam
3714 4354 3768 4408 in
3794 4354 3911 4426 fuga
3946 4357 4079 4411 sal-

2450 4453 2571 4493 vus.
2596 4438 2777 4495 Times
2806 4442 3109 4510 hominem,
3139 4443 3452 4510 christiano,
3485 4460 3646 4516 quem
3674 4446 3853 4501 timeri
3890 4460 4077 4519 opor-

2453 4540 2530 4587 tet
2578 4531 2646 4587 ab
2691 4534 2935 4606 angelis,
2976 4535 3239 4606 siquidem
3290 4538 3515 4609 angelos
3566 4539 3897 4609 iudicaturus
3940 4518 4072 4609 es;

2452 4640 2611 4695 quem
2645 4626 2820 4683 timeri
2853 4638 3063 4699 oportet
3094 4645 3124 4684 a
3146 4629 3458 4697 damoniis,
3485 4631 3753 4702 siquidem
3782 4643 3838 4690 et
3863 4633 3919 4689 in
3951 4636 4075 4691 da:-

745 4698 1117 4770 pusillanimes
1165 4695 1482 4796 consolati.
1504 4710 1608 4751 non
1642 4704 1821 4752 tamen
1842 4788 1852 4796 -
1876 4699 1928 4751 in
1960 4695 2138 4796 fugam
2182 4697 2341 4752 mitti.
2370 4688 2425 4749 D
2452 4688 2640 4773 n'mnas
2664 4688 2915 4788 accepis‘}
2942 4730 3290 4791 pomum“;
3318 4688 3476 4794 (μιαί,
3520 4688 4075 4796 ιίηιθΙ-ίόρὸηει-ξι)

747 4791 855 4848 Sed
882 4806 1004 4846 cum
1027 4789 1283 4845 admonet
1310 4807 1323 4843 :
1352 4787 1435 4843 Ne
1463 4788 1629 4843 locum
1649 4789 1789 4843 malo
1818 4788 1994 4844 demus
2016 4787 2230 4861 (Ep/tes.
2254 4790 2344 4861 IV,

738 4881 852 4955 27)
880 4924 894 4947 ,
927 4897 1034 4937 non
1058 4880 1193 4953 fuga
1213 4881 1449 4952 suggerit
1471 4880 1782 4947 consilium,
1810 4880 1905 4935 sed
1936 4882 2225 4939 iracundia:
2245 4882 2340 4939 do-

739 4984 829 5031 cet
869 4984 1375 5045 temperamentum.
1412 4970 1550 5027 Etsi
1590 4972 1941 5027 redimendum
1982 4982 2180 5043 tempus
2217 4975 2347 5031 dicit

746 5069 765 5140 (
792 5068 981 5140 Ephes.
1011 5066 1075 5133 ν,
1109 5066 1216 5138 16)
1242 5108 1257 5134 ,
1288 5069 1409 5138 quia
1435 5065 1541 5120 dies
1568 5083 1784 5138 nequam
1822 5077 1973 5132 sunt;
2005 5084 2109 5123 non
2138 5084 2237 5139 per
2264 5074 2341 5124 fu-

741 5178 882 5235 gam,
935 5161 1031 5217 sed
1078 5176 1171 5231 per
1198 5160 1517 5231 sapientiam
1562 5162 2006 5226 conversationis,
2035 5162 2110 5234 (b)
2144 5165 2339 5222 lucrari

738 5268 841 5310 nos
867 5254 980 5309 vult
1003 5263 1386 5311 commeatum.
1420 5252 1708 5317 Caeterum,
1740 5253 1830 5325 qui
1859 5254 2037 5310 lucere
2063 5271 2161 5311 nos
2183 5256 2338 5326 jubet

2452 4808 2703 4865 universo
2732 4811 2930 4866 mundo
2950 4854 2965 4880 ,
2998 4814 3260 4883 siquidem
3285 4815 3412 4870 etin
3442 4825 3493 4871 te
3509 4815 4071 4887 mundusjudieatur.

2450 4898 2720 4957 Christum
2772 4903 2988 4960 indutus
3016 4920 3097 4971 es,
3138 4906 3403 4977 siquidem
3444 4908 3497 4963 in
3541 4906 3810 4963 Christum
3854 4908 4075 4969 tinctus

2450 5007 2529 5048 es.
2559 4992 2658 5062 Qui
2689 4994 2827 5066 fugis
2852 4996 3147 5065 diabolum,
3192 5000 3515 5070 depreciasti
3546 5000 3839 5068 Christum,
3868 5004 3971 5072 qni
4014 5006 4074 5064 in

2450 5093 2503 5139 te
2555 5096 2658 5141 est.
2708 5087 3009 5159 Fugitivnm
3061 5106 3183 5145 cum
3226 5091 3441 5148 diabolo
3484 5101 3539 5149 te
3580 5090 3883 5151 reddidisti.
3946 5094 4071 5154 Sed

2456 5175 2741 5235 Dominum
2793 5179 3026 5252 fugiens,
3078 5182 3375 5252 exprobras
3422 5182 3674 5240 omnibus
3699 5183 3946 5254 fugitivis
3977 5187 4071 5244 sui

2442 5270 2735 5326 vanitatem
2756 5274 2989 5329 consilii.
3037 5274 3268 5347 Fugerat
3289 5286 3344 5333 et
3368 5276 3586 5349 quidam
3618 5277 3891 5336 animosas
3928 5296 4071 5351 pro-

1994 5342 2371 5408 LECTIONES
2411 5354 2823 5419 VARIANTES.

808 5441 879 5505 (l)
909 5439 1161 5505 Evangelii
1187 5437 1507 5491 revolverunt
1522 5436 1616 5489 Ed.
1637 5439 1683 5488 1.
1712 5437 1865 5489 Ritett.
1890 5436 2030 5502 prob.
2054 5440 2178 5490 Jun.

2090 5523 2652 5599 COMMENTARIUS.

806 5620 964 5676 CAP.
983 5598 1188 5673 vuf.—
1209 5617 1284 5691 (a)
1319 5618 1524 5691 Refugit
1551 5618 1730 5691 eljpse
1749 5618 1847 5691 vim
1871 5617 2143 5691 interdum.
2180 5619 2349 5679 Variis

736 5692 1033 5747 rationibus
1045 5701 1097 5746 et
1116 5687 1404 5761 exemplis,
1415 5687 1574 5761 etiam
1588 5687 1787 5745 Christi
1805 5689 2011 5744 Domini
2028 5690 2167 5761 fuga,
2182 5708 2341 5761 quam

737 5764 1011 5832 eleganter
1031 5762 1257 5832 explicat
1273 5760 1612 5832 ,Afugiendum
1648 5775 1753 5815 non
1773 5774 1892 5815 esse
1916 5760 2126 5831 probat.
2148 5760 2223 5818 Li;
2241 5763 2338 5821 Pu.

853 5832 959 5890 AP.
991 5830 1157 5887 IX.-l—
1172 5830 1251 5904 (b)
1275 5830 1487 5885 Lucrari
1522 5848 1613 5886 nos
1644 5833 1749 5885 vult
1776 5830 2143 5886 commeatum?
2178 5835 2337 5891 Com-

739 5914 976 5960 meatum
1006 5908 1190 5963 saeculi
1216 5904 1367 5971 dicit,
1391 5916 1595 5959 moram
1628 5904 1679 5957 in
1711 5904 1910 5959 saeculo
1942 5913 2199 5960 nostram.
2229 5906 2331 5966 Lu-

2458 5634 2596 5714 crari
2618 5645 2795 5714 autem
2824 5651 2922 5714 nos
2948 5638 3058 5693 vult
3085 5650 3469 5709 commeatum,
3493 5640 3595 5699 hoc
3618 5652 3734 5710 est,
3764 5657 3863 5714 pro
3890 5639 4066 5707 lucro

2450 5704 2606 5788 nobis
2654 5707 2792 5788 poni
2821 5709 2984 5774 diem,
3013 5726 3402 5788 quemcumque
3443 5704 3781 5788 innocenter:
3819 5717 3966 5786 sive,
4001 5704 4067 5778 ut

2448 5782 2543 5843 ait,
2571 5782 2795 5849 sapienti
2831 5784 3274 5851 conversatione,
3308 5782 3672 5857 transigimus.
3737 5786 3860 5843 th.

2520 5867 2593 5939 (ε)
2618 5881 2747 5943 Ανὶρ
2766 5893 2789 5921 a
2819 5878 2991 5945 φεύγων
3021 5878 3102 5930 καὶ
3131 5882 3275 5930 πάλιν
3301 5891 3611 5946 μαχήσεταις
