4242 6492
159 413 264 467 HS

1278 401 1367 457 DE
1410 400 1590 456 FUGA
1633 400 1695 454 IN
1735 396 2276 455 PERSECUTIONE.

3353 398 3460 454 1M

153 527 346 598 phctes
371 524 674 588 Dominum,
706 521 989 591 trajecerat
1017 521 1084 574 ab
1107 517 1276 588 .Ioppc
1306 517 1555 579 Tarsum,
1599 515 1750 584 quasi
1783 515 1826 572 .-\
1857 515 2144 585 dispersum
2192 530 2392 585 gregem
2445 513 2638 585 faciant
2683 513 2738 568 in
2787 513 3019 584 praedam
3075 529 3181 569 esse
3227 514 3461 570 omnibus

153 636 184 677 a
218 623 328 677 Deo
357 617 763 679 transfretaret',
802 615 894 670 sed
918 613 1066 669 illum
1108 629 1212 668 non
1241 611 1362 667 dico
1387 612 1438 665 in
1469 610 1600 665 mari
1625 609 1750 663 etin

154 723 322 776 terra,
375 727 560 767 verum
607 710 658 764 in
685 717 836 764 utero
872 707 1034 761 etiam
1066 705 1252 761 bestiae
1283 705 1513 767 invenio,
1569 704 1620 755 in
1647 716 1752 770 quo

152 821 259 860 nec
283 803 420 858 mori
450 818 545 872 per
566 799 799 856 triduum
825 799 1015 868 potuit.
1045 812 1144 852 nec
1160 795 1246 851 vel
1265 795 1342 850 sic
1364 795 1531 849 Deum
1563 792 1754 847 evade-

152 910 239 951 re.
267 895 479 961 Quanto
505 891 696 946 melius
727 890 820 944 Dei
850 889 1074 944 servus?
1113 888 1200 956 qui
1227 886 1339 941 sive
1381 885 1629 940 inimicus
1663 883 1752 938 Dei

153 987 425 1052 imminet,
456 999 560 1037 non
586 981 720 1052 fugit
747 996 902 1043 eum;
933 979 1025 1034 sed
1069 978 1246 1048 potius
1269 978 1590 1039 contemnit,
1615 989 1750 1030 con-

154 1080 331 1134 lidens
361 1077 568 1132 scilicet
593 1075 660 1129 dc
691 1074 851 1128 tutela
883 1071 1091 1126 Domini
1117 1088 1132 1136 ;
1164 1073 1276 1125 sive
1302 1070 1466 1124 Deum
1495 1068 1747 1123 reformi«

155 1171 272 1236 dat,
299 1179 500 1241 quanto
527 1168 697 1238 magis
717 1167 816 1221 sub
843 1165 1012 1220 oculis
1033 1165 1148 1232 ejus
1176 1163 1364 1223 astitit,
1395 1161 1580 1216 dicens
1607 1181 1618 1216 :
1649 1163 1754 1215 Do-

154 1265 339 1319 minus
376 1271 480 1325 est,
539 1269 730 1328 potens
771 1268 852 1313 est
885 1278 896 1312 :
928 1257 1105 1311 omnia
1157 1255 1299 1310 illius
1343 1263 1468 1309 sunt
1498 1273 1509 1306 :
1537 1254 1622 1308 nhi
1667 1255 1754 1308 ubi

154 1355 336 1418 fuero,
365 1355 416 1409 in
440 1369 601 1408 manu
629 1352 746 1422 ejus
789 1366 938 1416 sum;
975 1349 1130 1404 faciat
1160 1347 1304 1418 quod
1336 1349 1467 1412 vult,
1493 1364 1598 1402 non
1647 1347 1757 1401 disc

156 1448 325 1511 cedo;
355 1457 408 1502 et
435 1447 476 1500 si
509 1446 684 1515 perire
714 1459 798 1500 me
825 1444 985 1508 volet,
1019 1443 1132 1512 ipse
1160 1457 1244 1496 me
1278 1441 1486 1512 perdat,
1515 1441 1642 1494 dum
1672 1457 1757 1496 me

153 1557 258 1612 ego
279 1555 438 1595 servo
461 1539 554 1593 illi.
584 1538 721 1592 IlIan
744 1536 996 1592 invidiam
1027 1537 1077 1592 ei
1106 1536 1284 1592 facere
1313 1553 1406 1606 per
1429 1537 1754 1591 voluntatem

155 1633 330 1702 ipsius
359 1629 654 1702 pereundo,
699 1645 855 1702 quam
885 1629 1066 1690 bilem.
1115 1644 1212 1700 per
1243 1643 1418 1685 meam
1457 1628 1753 1686 evadendo.

783 1719 1010 1777 CAPUT
1041 1718 1132 1774 XI.

230 1815 344 1871 lloc
392 1815 593 1870 sentire
629 1821 686 1869 et
727 1813 903 1868 lacere
952 1827 1166 1868 omnem
1216 1825 1432 1867 servum
1462 1811 1556 1866 Dei
1595 1827 1757 1882 opor-

153 1923 263 1977 tet,
319 1911 478 1966 etiam
525 1909 748 1966 minoris
786 1908 924 1974 loci,
974 1915 1030 1962 ut
1071 1906 1146 1980 (a)
1187 1906 1405 1975 majoris
1452 1907 1566 1961 fieri
1617 1923 1714 1977 pos

1859 605 2028 659 bestiis
2058 606 2188 675 agri,
2213 607 2334 658 dum
2375 621 2476 659 non
2521 615 2593 660 est
2639 614 2815 675 pastor
2837 605 2962 660 illis.
2991 603 3144 673 Quod
3187 620 3460 676 nunquam

1861 697 2030 767 magis
2098 697 2185 761 ﬁt,
2238 713 2396 766 quam
2437 712 2560 752 cum
2610 699 2664 752 in
2717 698 3092 768 persecutione
3154 699 3464 754 destituitur

1862 789 2105 844 Ecclesia
2136 805 2164 843 a
2193 788 2373 844 Clero.
2411 791 2465 844 Si
2513 799 2568 844 et
2610 791 2867 860 Spiritum
2898 792 3019 861 quis
3045 795 3341 862 agnoverit,
3371 807 3467 846 au-

1859 881 1970 936 diet
2026 891 2079 936 et
2146 881 2402 952 fugitivos
2463 881 2832 937 denotantem.
2881 882 3083 949 Porro,
3131 884 3174 938 si
3231 899 3326 939 eos
3374 883 3466 954 qui

1859 976 2004 1048 gregi
2034 986 2292 1046 prtesunt,
2323 975 2530 1046 fugere,
2561 991 2682 1030 eum
2728 977 2836 1047 lupi
2884 977 3114 1042 irruunt,
3143 994 3241 1032 nec
3285 979 3465 1042 decet,

1861 1073 1969 1127 imo
2001 1085 2099 1126 nec
2124 1070 2249 1126 licet
2278 1070 2408 1141 (qui
2430 1070 2572 1125 enim
2609 1071 2767 1126 talem
2796 1079 3068 1142 pastorem
3101 1071 3302 1125 malum
3342 1085 3468 1141 pro-

1863 1167 2144 1230 nuntiavit,
2165 1165 2348 1234 utique
2373 1163 2667 1227 damnavit,
2691 1179 2855 1220 omne
2879 1175 3059 1220 autem
3081 1164 3221 1235 quod
3243 1164 3467 1218 damna-

1863 1270 1966 1318 tur.
2002 1259 2244 1313 illicitum
2277 1258 2470 1312 factum
2503 1266 2586 1312 est
2616 1256 2734 1312 sine
2760 1256 2974 1326 dubio),
3005 1257 3127 1312 ideo
3153 1257 3469 1327 praepositos

1864 1351 2120 1407 Ecclesia:
2145 1352 2196 1405 in
2239 1350 2613 1421 persecutione
2641 1349 2828 1420 fugere
2852 1365 2957 1405 non
2987 1350 3278 1420 oportebit.
3299 1349 3470 1405 Caete-

1862 1462 2004 1511 rum,
2037 1445 2080 1499 si
2103 1460 2236 1515 grex
2271 1443 2457 1514 fugere
2477 1443 2719 1507 deberet,
2752 1459 2858 1497 non
2886 1443 3107 1498 deberet
3151 1444 3472 1514 praepositus

1860 1540 2040 1611 gregis
2073 1549 2238 1604 stare,
2267 1540 2382 1594 sine
2409 1553 2596 1594 caussa
2627 1547 2862 1593 staturus
2890 1539 2968 1610 (6)
2995 1538 3061 1594 ad
3091 1537 3312 1592 tutelam
3351 1552 3480 1607 greo

1863 1633 1964 1703 gis.
2010 1645 2168 1701 quam
2203 1646 2336 1702 grex
2383 1644 2489 1687 non
2536 1630 2899 1696 desideraret,
2950 1647 3014 1687 ex
3072 1630 3286 1686 licentia
3337 1629 3475 1700 fuga:

1864 1726 2096 1782 scilicet.

2470 1858 2700 1917 CAPUT
2746 1859 2862 1914 XII.

153 2008 245 2070 sit,
277 2007 325 2061 si
359 2020 517 2076 quem
570 2003 790 2074 gradum
819 2018 886 2058 ex
917 2001 1305 2071 persecutionis
1349 2000 1626 2056 tolerantia
1669 2017 1755 2055 as-
1785 1983 1832 2042 Β
1931 1997 2084 2066 Quod
2120 1997 2406 2068 pertineat,
2452 1994 2640 2060 frater,
2669 1996 2736 2051 ad
2778 2004 2927 2051 tuum
2957 1994 3231 2067 problema
3253 2035 3270 2062 ,
3301 1993 3468 2050 habes

149 2101 420 2157 cenderit.
453 2099 525 2170 (b)
557 2097 662 2154 Sed
701 2112 824 2154 cum
865 2097 965 2166 ipsi
1006 2105 1274 2160 auctores,
1305 2095 1355 2150 id
1400 2105 1515 2161 est,
1547 2094 1618 2167 (ε)
1659 2096 1758 2164 ipsi

148 2193 414 2256 diaconi,
478 2190 776 2261 presbyteri
824 2197 878 2242 ct
916 2189 1152 2258 episcopi
1197 2188 1440 2258 fugiunt,
1490 2188 1760 2258 quomodo

149 2284 327 2339 laicus
403 2283 699 2350 intelligere
795 2281 1032 2350 poterit,
1100 2295 1202 2350 qua
1273 2281 1485 2335 ratione
1557 2279 1757 2334 dictum

147 2374 370 2447 (Matth.
415 2373 485 2437 X,
523 2373 641 2443 23),
696 2371 884 2443 Fugite
925 2373 988 2427 de
1013 2373 1216 2426 civitate
1251 2372 1303 2426 in
1337 2373 1630 2427 civitatem?
1661 2373 1762 2426 Ita-

149 2484 257 2539 que
297 2467 377 2538 (d)
425 2482 546 2521 curn
578 2465 745 2520 duces
767 2463 998 2534 fugiunt,
1027 2465 1146 2533 quis
1172 2465 1240 2520 de
1271 2465 1517 2535 gregario
1538 2478 1763 2519 numero

145 2559 441 2617 susunehit
467 2558 532 2613 ad
563 2556 786 2629 gradum
815 2558 866 2611 in
894 2557 1008 2610 acie
1039 2557 1306 2626 tigendum
1335 2557 1623 2612 suadentes
1645 2555 1763 2628 (l)?

149 2653 315 2709 Certe
336 2652 550 2720 quidem
580 2650 752 2706 bonus
781 2658 964 2720 pastor
980 2651 1217 2704 animam
1246 2664 1343 2718 pro
1363 2649 1646 2720 pecoribus
1674 2664 1768 2718 p0-

156 2748 280 2811 nit;
313 2755 370 2800 ut
399 2745 634 2816 Moyses,
666 2759 772 2799 non
804 2743 1031 2798 Domino
1060 2743 1236 2798 adhuc
1258 2741 1473 2796 Christo
1503 2742 1762 2805 revelato,

147 2843 316 2898 etiam
360 2841 413 2894 in
438 2856 496 2894 se
525 2838 772 2907 ﬁgurato,
807 2839 878 2891 ait
903 2836 1098 2908 (Exod.
1128 2835 1349 2901 XXXII,
1378 2834 1470 2906 ’52)
1501 2853 1513 2888 :
1547 2836 1608 2890 Si
1653 2851 1766 2904 per-

150 2935 237 2989 dis
281 2934 418 2986 hunc
447 2931 715 3001 populum,
748 2930 938 2998 inquit,
965 2939 1011 2982 et
1051 2945 1129 2982 me
1183 2931 1373 2997 pariter
1399 2945 1514 2982 cum
1561 2944 1618 2982 eo
1664 2929 1770 2980 dis-

152 3026 335 3098 perde.
386 3023 674 3086 C:cterum,
703 3020 920 3076 Christo
965 3021 1321 3076 confirmautc
1382 3022 1578 3090 tiguras
1621 3036 1767 3084 suas,

147 3117 323 3171 malus
365 3125 539 3184 pastor
567 3125 662 3180 est,
713 3115 803 3182 qui
848 3114 954 3168 viso
996 3115 1118 3184 lupo
1147 3115 1368 3185 fugit,et
1417 3129 1600 3182 pecora
1643 3114 1771 3168 diri-

151 3209 346 3282 pienda
372 3209 672 3277 derelinquit
695 3206 874 3280 (Joau.
908 3207 977 3273 X,
1011 3207 1100 3278 12)
1137 3226 1148 3262 :
1186 3207 1496 3278 projicietur
1532 3207 1600 3262 de
1651 3208 1772 3262 villa

151 3311 342 3374 pastor
381 3300 722 3370 hujusmodi:
760 3298 828 3369 (e)
862 3299 1244 3354 detinebuntur
1272 3301 1346 3354 illi
1393 3300 1662 3356 missionis
1693 3300 1770 3371 (9.)

152 3409 270 3450 suae
301 3391 578 3447 mercedes
607 3389 687 3462 (3)
720 3392 770 3444 in
803 3392 1294 3460 compensationem
1325 3392 1435 3460 (4);
1471 3394 1578 3446 imo
1605 3403 1658 3447 et
1693 3392 1761 3446 de
1789 3379 1833 3441 C

154 3487 342 3558 priore
383 3484 592 3556 peculio
636 3484 754 3552 ejus
789 3484 1033 3554 exigetur
1059 3483 1364 3538 detrimenti
1395 3485 1649 3540 dominici
1679 3502 1767 3541 re-

156 3581 388 3638 stitutio.
421 3580 635 3634 Etenim
664 3579 748 3648 qui
776 3578 944 3642 habet,
969 3579 1174 3633 dabitur
1196 3580 1276 3645 ei;
1304 3580 1366 3633 ab
1411 3597 1468 3635 eo
1493 3591 1660 3634 autem
1683 3582 1769 3650 qui

159 3690 266 3728 non
335 3673 514 3735 habet,
577 3672 730 3726 etiam
787 3672 922 3741 quod
993 3673 1191 3727 videtur
1263 3673 1446 3733 habere
1513 3679 1772 3745 auferetur

163 3765 383 3836 (Matth.
419 3762 556 3828 XIII,
584 3762 698 3833 12).
729 3762 817 3817 Sic
843 3763 1131 3819 Zacharias
1164 3764 1322 3835 (XIII,
1362 3765 1417 3835 7)
1472 3767 1770 3821 commina-

161 3870 254 3915 tur
282 3876 295 3911 :
334 3856 564 3925 Exsurge
588 3857 852 3923 romphtea
878 3857 930 3909 in
950 3868 1198 3925 pastores,
1229 3867 1274 3910 et
1303 3859 1498 3912 evellite
1522 3875 1655 3920 oves.
1683 3876 1773 3913 su-

161 3949 442 4021 perdacam
489 3963 695 4000 manum
737 3963 901 3999 meam
949 3949 1001 4000 in
1030 3957 1274 4017 pastores.
1310 3947 1365 4001 In
1396 3964 1530 4018 quos
1551 3960 1603 4003 et
1634 3950 1769 4005 Eze-

163 4040 310 4098 chiel
345 4038 563 4112 (Ezech.
595 4038 836 4104 XXXIV,
863 4037 918 4109 ἓ)
955 4049 1008 4094 et
1033 4039 1329 4096 Hieremias
1373 4040 1558 4096 iisdem
1613 4042 1773 4096 minis

161 4142 443 4206 perorant,
481 4133 622 4202 quod
651 4150 754 4185 non
781 4141 977 4184 tantum
1005 4132 1067 4186 de
1105 4133 1366 4200 pecoribus
1393 4133 1617 4203 improbe
1661 4150 1772 4187 ves-

164 4237 374 4294 cantur,
421 4234 680 4296 pascentes
727 4225 896 4293 potius
950 4225 1266 4294 semetipsos,
1307 4241 1480 4280 verum
1526 4227 1661 4296 quod
1692 4226 1770 4298 (5)

1861 2094 2142 2149 sententia:
2189 2100 2388 2146 nostras
2451 2091 2860 2160 responsionem
2913 2098 2967 2145 et
3010 2088 3464 2144 exhortationem.

1863 2188 2055 2254 Porro,
2076 2187 2166 2257 qui
2192 2186 2387 2257 quaerit
2405 2227 2418 2252 ,
2439 2200 2506 2240 an
2528 2185 2831 2254 persecutio
2856 2184 3101 2256 fugienda
3124 2185 3212 2250 sit,
3243 2197 3475 2254 sequen-

1863 2290 1971 2335 tem
1998 2295 2214 2347 quoque
2244 2278 2596 2347 quaestionem
2617 2278 2731 2348 jam
2763 2277 3054 2346 prospiciat
3080 2291 3305 2332 necesse
3343 2287 3422 2332 est
3443 2318 3458 2342 ,

1864 2389 1954 2439 an,
1998 2373 2042 2427 si
2086 2372 2329 2443 fugienda
2375 2386 2481 2427 non
2513 2381 2617 2434 est,
2651 2369 2960 2426 redimenda
3007 2379 3154 2425 certe
3183 2370 3272 2424 sit.
3305 2369 3463 2426 Ultro

1865 2468 2025 2538 igitur
2055 2476 2110 2521 et
2137 2466 2204 2521 de
2242 2467 2344 2521 hoc
2378 2467 2472 2522 tibi
2501 2480 2804 2536 suggeram,
2833 2464 3099 2519 definiens
3129 2465 3460 2532 persecutio-

1868 2575 2012 2620 nem.
2037 2573 2194 2629 quam
2219 2567 2428 2614 constat
2470 2572 2575 2612 non
2597 2573 2717 2612 eSse
2751 2556 3077 2627 fugiendam,
3118 2556 3344 2628 proinde
3372 2571 3471 2612 nec

1869 2651 2257 2708 redimendam.
2299 2651 2532 2707 Pretium
2579 2651 2819 2705 interest.
2871 2649 3162 2716 Cancrum,
3193 2651 3328 2704 sicut
3353 2649 3474 2720 fuga

1869 2747 2169 2815 redemptio
2199 2745 2428 2816 gratuita
2445 2755 2560 2810 est,
2590 2745 2660 2798 ita
2692 2744 2995 2814 redemptio
3023 2746 3319 2800 nummaria
3348 2745 3468 2814 fuga

1871 2847 1970 2892 est.
1995 2837 2154 2893 Certe
2173 2847 2228 2892 et
2250 2837 2405 2907 hujus
2437 2835 2732 2890 timiditatis
2766 2835 2845 2906 (7)
2875 2837 3157 2891 consilium
3185 2845 3286 2890 est.
3320 2836 3474 2905 Quod

1871 2931 2049 2994 times,
2089 2929 2500 2999 rcdimis;ergo
2541 2928 2697 2999 fugis.
2727 2929 2808 3000 (Ῑ)
2858 2929 3090 2985 Pedibus
3120 2931 3336 2995 stetisti,
3384 2947 3479 2984 cu-

1873 3023 2088 3077 curristi
2146 3021 2399 3076 nummis.
2457 3020 2570 3076 Hoc
2619 3022 2792 3091 ipsum
2847 3021 2988 3090 quod
3038 3022 3232 3077 stetisti
3282 3037 3346 3076 ex
3391 3039 3480 3076 re-

1873 3115 2206 3186 demptione,
2235 3113 2435 3186 fugisti.
2471 3113 2538 3170 Ut
2568 3123 2745 3169 autem
2766 3114 2997 3170 redimas
3023 3115 3298 3171 hominem
3329 3125 3476 3171 tuum

1878 3209 2129 3270 tnumnis.
2159 3223 2316 3278 quem
2345 3207 2603 3278 sanguine
2630 3223 2728 3263 suo
2753 3207 2981 3263 redemit
3009 3206 3276 3273 Christus,
3315 3224 3474 3277 quam

1880 3300 2154 3370 indignum
2190 3300 2300 3354 Deo
2325 3308 2378 3353 ct
2405 3300 2761 3369 dispositione
2789 3300 2927 3369 ejus,
2956 3300 3044 3370 qui
3069 3301 3210 3354 Filio
3253 3316 3344 3354 suo
3375 3317 3476 3354 non

1869 3395 2090 3461 pepercit
2142 3409 2236 3460 pro
2272 3402 2338 3456 te,
2371 3402 2430 3446 ut
2453 3392 2605 3446 ﬁeret
2632 3393 2972 3447 maledictum
3002 3408 3098 3462 pro
3123 3393 3315 3457 nobis;
3355 3394 3481 3463 quia

1870 3486 2169 3541 maledictus
2195 3485 2281 3553 qui
2331 3484 2628 3554 pependerit
2657 3485 2709 3537 in
2741 3485 2916 3555 ligno;
2954 3486 3043 3556 qui
3083 3495 3328 3556 tauquam
3375 3487 3482 3541 ovis

1871 3579 1939 3632 ad
1967 3578 2223 3631 victimam
2250 3576 2432 3630 ductus
2455 3586 2550 3642 est,
2576 3586 2622 3630 et
2647 3585 2891 3646 tanquam
2921 3593 3088 3648 agnus
3124 3587 3242 3631 ante
3270 3578 3482 3632 tandem

1877 3682 1997 3737 tem,
2025 3673 2096 3725 sic
2118 3687 2220 3725 non
2249 3671 2448 3739 aperuit
2471 3688 2527 3724 os
2548 3688 2563 3733 ;
2586 3671 2675 3724 sed
2694 3670 2859 3741 posuit
2886 3671 3094 3724 dorsum
3121 3687 3272 3724 suam
3303 3672 3354 3724 in
3382 3672 3486 3740 ﬂa-

1876 3765 2030 3836 gella,
2073 3763 2312 3816 maxillas
2350 3773 2518 3815 autem
2546 3763 2598 3814 in
2631 3764 2849 3830 palmas,
2873 3772 2921 3814 et
2948 3761 3135 3830 {aciem
3176 3778 3276 3814 non
3304 3761 3483 3814 avertit

1877 3873 1908 3911 a
1930 3855 2322 3925 sputaminibus,
2347 3864 2392 3906 et
2415 3855 2544 3906 inter
2572 3853 2774 3923 iniquos
2792 3851 3068 3920 deputatus
3095 3863 3167 3906 est
3188 3851 3290 3925 (Is.
3317 3851 3482 3920 LIII),

1876 3946 1928 4004 et
1955 3950 2170 4002 traditus
2199 3957 2271 4003 est
2297 3949 2349 4001 in
2373 3957 2605 4011 mortem,
2640 3956 2851 4001 mortem
2892 3957 3059 4001 autem
3084 3948 3244 4002 crucis
3270 3963 3288 4002 :
3313 3957 3486 4003 totum

1877 4041 2000 4106 hoc,
2031 4049 2088 4094 ut
2116 4055 2214 4094 nos
2241 4056 2268 4094 a
2292 4040 2522 4110 peccatis
2549 4039 2880 4094 lucraretur!
2919 4037 2995 4108 (g)
3015 4037 3106 4093 Sol
3138 4040 3302 4093 cessit
3335 4037 3482 4094 diem

1878 4135 2165 4205 emptionis
2196 4145 2413 4188 nostrae.
2447 4133 2601 4202 Apud
2654 4131 2852 4186 inferos
2891 4131 3251 4200 emancipatio
3299 4140 3485 4188 nostra

1880 4237 1982 4294 est,
2029 4237 2081 4281 et
2118 4225 2392 4295 stipulatio
2441 4233 2624 4279 nostra
2678 4223 2732 4278 in
2789 4221 2962 4279 caelis.
3026 4222 3316 4279 Subtevata:
3370 4231 3489 4278 sunt

1430 4337 1816 4397 LECTIONES
1853 4336 2269 4395 VARIANTES.

343 4495 603 4544 Messionis
648 4494 800 4543 Latin.

263 4499 292 4543 Ξ
343 4499 603 4544 Messionis
648 4499 729 4543 Lat

259 4499 314 4683 Si
340 4557 434 4606 Vel
455 4555 601 4630 inser.
633 4557 732 4605 Lat.

259 4623 290 4683 ﬁ
340 4620 523 4670 Summ
543 4632 732 4682 contper

264 4431 310 4496 l)
324 4431 548 4482 Suadere
569 4429 718 4483 Rhea.
742 4429 953 4482 Semler.
979 4431 1222 4495 llgendam
1245 4432 1458 4482 suadere
1483 4433 1622 4481 Pam.

263 4497 314 4543 2)
343 4495 603 4543 Messionis
648 4494 800 4543 Latin.

264 4432 290 4484 1.

263 4497 290 4543 Ξ

259 4562 290 4607 3

262 4623 290 4670 4

340 4620 454 4669 Sua:
475 4621 523 4670 iu
543 4620 937 4682 contpensatione
957 4620 1098 4668 Pam.

1966 4435 1994 4482 5
2041 4431 2098 4480 Et
2129 4429 2279 4480 Semt.
2316 4427 2466 4482 Rhen.

1944 4432 2018 4616 g6)
2047 4493 2249 4567 Debere
2274 4507 2464 4556 praepos

1971 4558 2022 4616 7)
2057 4555 2309 4606 Timiditas
2332 4555 2442 4607 cod.

1805 4549 1860 4608 D

1967 4493 2018 4554 6)
2047 4493 2249 4556 Debere
2274 4495 2560 4556 praepositos
2577 4507 2629 4556 g.
2654 4507 2695 4542 s.
2721 4507 2762 4543 s.
2785 4507 2829 4545 c.
2851 4499 3064 4545 staturos
3088 4495 3238 4546 Rhea.

1971 4558 2022 4618 7)
2057 4555 2309 4606 Timiditas
2332 4555 2442 4607 cod.
2482 4555 2667 4607 Wouw.

1541 4703 2098 4762 COMMENTARIUS.

251 4819 410 4876 CAP.
445 4817 537 4873 XI.
566 4848 638 4860 -—-
667 4817 741 4888 (a)
772 4816 838 4872 Ut
858 4819 1066 4889 majoris
1089 4818 1183 4872 loci
1204 4817 1313 4885 fieri
1336 4819 1508 4886 possit.
1543 4818 1633 4874 Sic
1655 4819 1790 4873 libro

178 4893 249 4948 de
277 4891 575 4960 Baptismo,
606 4891 823 4958 majores
849 4889 975 4943 dicit
1004 4905 1118 4952 eos,
1149 4889 1237 4958 qui
1265 4889 1317 4943 in
1348 4889 1589 4944 ordinem
1616 4891 1790 4945 eccle-

182 4963 461 5018 siasticum
489 4970 610 5016 sunt
639 4960 850 5014 adlecti.
889 4960 1008 5016 llic.

262 5034 343 5107 (b)
379 5033 486 5107 sed
509 5048 618 5086 cum
655 5031 1036 5107 ipsiauctores.
1079 5033 1338 5086 Auctores
1363 5031 1487 5086 dicit
1527 5031 1784 5107 Ecclesize

227 5103 510 5173 repositos
557 5112 611 5156 et
633 5104 936 5172 magistros.
993 5119 1129 5170 quos
1187 5117 1350 5171 penes
1399 5114 1482 5157 est
1525 5103 1783 5159 Ecclesia:

227 5121 510 5173 reposuos
557 5121 936 5172 etmagtstros.
993 5121 1129 5170 quos
1187 5121 1350 5171 penes
1399 5121 1482 5157 ess
1525 5121 1778 5159 tacetesun

188 5121 452 5231 riabendaa
482 5174 792 5228 auctoritas.
833 5174 896 5228 Et
925 5177 974 5227 in
1003 5173 1206 5230 Glossis
1239 5174 1534 5240 Philoxeni,
1568 5175 1778 5241 Auctor,

195 5254 424 5317 ἀρχηγὸς,
457 5250 701 5307 αὖ9ξντης,
733 5255 787 5300 et
815 5247 868 5300 in
897 5247 1334 5317 Agritncnsortun
1365 5245 1512 5299 Iihris
1536 5256 1784 5317 auctores

195 5315 443 5386 τιῡεωιιιιε
471 5326 740 5384 ponuntur
761 5331 858 5386 pro
878 5315 1186 5371 doctoribus
1212 5327 1267 5370 et
1302 5317 1589 5386 magistris.
1617 5316 1736 5372 llic.

274 5386 350 5459 (e)
389 5384 502 5455 Ipsi,
519 5387 740 5459 diaconi,
763 5384 1043 5457 presbyteri
1057 5397 1114 5459 iet
1156 5384 1631 5459 episcOpi'fugiunt.
1680 5389 1790 5443 Hoc

203 5456 443 5515 dedecus
468 5456 756 5526 exprobrat
799 5459 891 5512 lib.
922 5456 988 5512 de
1030 5458 1236 5514 Corona
1266 5478 1277 5511 :
1321 5456 1456 5511 Novi
1485 5470 1529 5511 et
1563 5469 1792 5526 pastores

205 5527 489 5599 eorumtin
514 5544 636 5599 pace
661 5529 846 5592 leones,
871 5529 922 5580 in
946 5530 1122 5597 praelia
1143 5546 1330 5586 cervos.
1361 5529 1478 5584 Βία.

277 5600 358 5670 ((1)
388 5597 521 5654 Cum
560 5598 712 5652 duces
760 5600 977 5670 fugiunt.
1011 5602 1120 5655 lloc
1144 5613 1224 5656 est
1275 5612 1524 5662 auctores,
1555 5607 1614 5654 ut.
1639 5600 1797 5655 modo

204 5674 376 5734 dixit,
402 5679 456 5724 et
484 5680 747 5740 pastores,
766 5673 855 5740 qui
886 5673 936 5724 in
963 5685 1094 5740 pace
1119 5674 1318 5736 leones,
1350 5673 1400 5725 in
1445 5671 1626 5740 praclio
1655 5673 1802 5727 cervi

207 5758 332 5800 esse
365 5743 577 5812 solent,
605 5751 661 5794 ut
687 5742 973 5812 exprobrat
1000 5742 1068 5798 de
1095 5743 1217 5798 Cor.
1252 5743 1362 5797 mil.
1392 5757 1443 5796 c.
1488 5741 1526 5796 Ι.
1562 5742 1640 5796 Ad
1667 5757 1803 5812 quos

211 5814 427 5869 adduco
454 5810 585 5886 illud
615 5811 1016 5886 Aristophanis:
1039 5820 1176 5868 07m
1196 5827 1279 5882 μὲν
1302 5821 1496 5876 λέοντες,
1523 5821 1568 5867 ἰν
1758 5818 1804 5867 δὲ

215 5891 487 5948 ἀλώπεκες.
526 5883 673 5938 Domi
687 5885 888 5954 quidem
911 5887 1096 5952 leones,
1126 5888 1176 5939 in
1199 5903 1368 5957 pugna
1394 5887 1585 5956 vulpes.
1607 5886 1682 5940 LE
1707 5883 1803 5940 PR.

1968 4821 2043 4891 (e)
2073 4821 2438 4875 Detinebuntar
2463 4821 2540 4874 illi
2579 4820 2834 4891 missionis
2859 4837 2966 4875 sua
2992 4824 3245 4877 mercedes
3267 4823 3322 4877 in
3349 4840 3493 4878 com-

1895 4890 2256 4962 pensationem.
2298 4891 2512 4965 Peeoris
2530 4890 2738 4965 scilicet
2759 4907 2787 4945 τι
2819 4892 2942 4965 lupo
2968 4891 3162 4965 direpti
3201 4908 3297 4965 per
3327 4897 3501 4965 negli-

1892 4966 2122 5031 gentiam
2137 4973 2226 5016 ant
2240 4962 2514 5036 perfidiam
2533 4964 2780 5030 pastoris,
2796 4963 2948 5036 cujus
2962 4962 3084 5018 lldei
3099 4962 3499 5036 vigilantiaeque

1891 5038 2236 5090 commissum
2265 5032 2436 5087 fuerat
2459 5044 2608 5102 pacta
2639 5034 3036 5090 commissionis
3066 5032 3334 5090 mercede.
3374 5032 3495 5093 B'tc.

1959 5105 2112 5160 CAP.
2148 5104 2263 5158 XII.
2289 5135 2359 5142 —
2385 5104 2450 5172 (Γ)
2477 5103 2700 5158 Pedibus
2727 5106 2927 5165 stetisti.
2954 5107 3222 5158 cucurristi
3255 5111 3499 5164 uurnmis.

1889 5176 2014 5232 Ilaec
2042 5187 2255 5245 propter
2273 5175 2611 5230 Lihellaticos
2635 5177 2723 5246 qui
2746 5176 3008 5245 iudicibus
3037 5178 3272 5231 libellum
3304 5177 3502 5237 ollare-

1892 5249 2048 5312 bant,
2079 5263 2188 5319 quo
2217 5261 2273 5300 se
2299 5247 2618 5301 christianos
2659 5261 2781 5301 esse
2821 5246 3236 5319 profitebantur.
3259 5249 3503 5319 adeoque

1894 5319 1994 5372 sibi
2013 5317 2116 5373 non
2145 5318 2308 5374 licere
2329 5319 2667 5388 profanorum
2694 5317 2863 5371 sacris
2884 5319 3264 5388 contaminari;
3285 5317 3502 5388 pinnam

1897 5405 2029 5444 vero
2083 5399 2359 5444 numerata
2405 5389 2628 5458 pecunia
2662 5389 3018 5444 redimebant.
3053 5387 3122 5442 Iis
3170 5387 3346 5445 autem
3389 5408 3500 5447 non

1900 5462 2067 5516 multo
2095 5461 2272 5530 mitior
2294 5460 2391 5514 fuit
2418 5459 2650 5514 Ecclesia
2677 5474 2834 5529 quam
2860 5459 3045 5530 lapsis,
3062 5459 3175 5516 sive
3199 5466 3500 5519 επιτεουκοσι

1902 5537 2127 5592 clauim.
2161 5529 2236 5584 LE
2287 5531 2380 5584 PR.

1978 5605 2052 5673 (g)
2088 5601 2183 5656 Sol
2219 5604 2365 5656 cessit
2402 5601 2533 5655 diem
2577 5601 2846 5669 emptionis
2891 5612 3096 5657 nostra.
3130 5603 3283 5672 Apud
3313 5605 3505 5672 inferos

1905 5674 2241 5741 emancipatio
2272 5683 2466 5735 nostra,
2497 5682 2544 5727 et
2573 5673 2834 5739 stipulatio
2864 5685 3035 5727 nostra
3061 5675 3113 5726 in
3140 5675 3296 5728 caelis.
3321 5673 3506 5730 Solem

1907 5745 2036 5799 dicit
2061 5754 2475 5814 reprtnsenutsse
2515 5744 2801 5811 emptionis
2847 5756 3040 5798 nostra:
3079 5743 3242 5810 diem,
3276 5760 3384 5812 quo
3410 5747 3502 5801 die

1907 5815 2154 5870 Christus
2198 5815 2452 5869 Dominus
2488 5815 2722 5886 surrexit
2766 5830 2795 5868 a
2841 5816 3084 5870 mortuis.
3128 5815 3306 5886 Itaque
3336 5818 3500 5876 cessit

1911 5887 2026 5942 dies
2091 5887 2231 5942 Solis
2295 5886 2345 5940 in
2399 5886 2540 5940 diem
2593 5885 2974 5956 redemptionis
3028 5885 3242 5944 nostrae.
3298 5887 3499 5944 Christi
