4242 6492
770 402 876 460 H5

2161 404 2624 464 TERTUI.LIANI

3978 414 4085 471 146

768 528 930 591 portat
943 520 1283 591 sempiternae,
1312 530 1367 576 ut
1389 520 1622 577 introiret
1643 537 1736 577 rex
1755 521 1950 593 gloria,
1982 520 2235 577 Dominus
2257 521 2362 575 vir-
2388 522 2442 581 Α
2466 522 2578 592 quit
2600 519 2814 595 (Matth.
2850 520 2937 594 ν),
2968 539 3181 593 regnum
3208 524 3470 592 caelorum,
3502 526 3592 596 qui
3620 526 3692 599 (c)
3713 527 3954 584 animam
3993 546 4086 585 so-

766 623 931 667 tutum
959 614 979 685 (
1012 609 1106 668 Ps.
1136 611 1343 680 XXIII,
1370 612 1427 683 9)
1453 655 1468 679 ,
1504 613 1777 670 hominem
1801 613 1867 669 de
1921 615 2111 678 terris,
2155 614 2263 667 imo
2293 612 2362 668 ab

766 707 974 774 inferis,
1006 718 1273 765 mercatus
1299 708 1352 764 in
1383 709 1573 766 ctelos.
1606 708 1739 776 Quis
1776 718 1863 766 est
1888 724 2029 764 nunc
2050 710 2138 778 qui
2167 707 2360 763 adver-

764 813 859 853 sus
882 799 1028 854 illum
1058 799 1370 867 reluctatur,
1404 799 1479 871 (a)
1503 800 1612 855 imo
1640 800 1912 872 dopretiat
1943 800 2047 873 (l),
2078 808 2134 856 et
2157 813 2362 856 merce-

766 892 891 947 dem
918 892 1037 962 ejus
1064 902 1168 947 tant
1201 908 1394 963 magno
1418 904 1807 963 comparatam,
1837 893 2228 964 pretiosissimo
2252 894 2360 948 sci-

769 985 896 1041 licet
920 987 1201 1057 sanguine,
1232 988 1623 1045 commaculat?
1643 987 1760 1043 tam
1787 1003 1916 1060 ergo
1961 988 2153 1043 melius
2174 986 2363 1059 fugere

765 1091 925 1147 quam
955 1076 1068 1133 ﬁeri
1095 1078 1363 1145 viliorem,
1392 1078 1437 1133 si
1464 1095 1573 1133 non
1598 1088 1746 1134 tanto
1770 1078 1872 1133 sibi
1890 1078 2155 1133 constabit
2176 1078 2360 1146 homo,

765 1169 951 1238 quanti
993 1170 1235 1223 constitit
1286 1168 1533 1225 Domino.
1565 1172 1631 1225 Et
1671 1171 1929 1225 Dominus
1956 1170 2169 1240 quidem
2212 1172 2360 1226 illum

765 1262 1015 1326 redemit,
1057 1264 1124 1319 ab
1153 1263 1359 1335 angelis
1388 1264 1885 1320 munditenentibus
1923 1265 2298 1336 potestatibus,
2331 1280 2362 1321 a

765 1354 1099 1424 spiritalibus
1143 1356 1416 1427 nequitias,
1440 1373 1469 1411 a
1500 1357 1737 1413 tenebris
1768 1358 1929 1428 hujus
1953 1361 2071 1425 aevi,
2104 1374 2133 1412 a
2159 1358 2363 1430 judicio

766 1458 991 1515 mterno,
1024 1465 1051 1503 a
1075 1459 1249 1505 morte
1276 1459 1553 1521 perpetua.
1580 1449 1661 1506 'l‘u
1683 1461 1863 1506 autem
1893 1465 1990 1522 pro
2027 1466 2095 1507 eo
2125 1452 2363 1522 pacisce-

765 1540 842 1594 ris
895 1556 1017 1596 cum
1061 1542 1322 1604 delatore,
1371 1544 1453 1598 vel
1496 1542 1689 1610 milite,
1730 1544 1813 1597 vel
1856 1544 2139 1599 furunculo
2185 1544 2364 1615 aliquo

766 1634 1032 1702 praeside,
1064 1636 1163 1691 sub
1186 1637 1362 1691 tunica
1404 1644 1461 1692 et
1498 1637 1617 1690 sinu
1659 1634 1822 1719 (quod
1850 1634 2020 1709 aiunt)
2060 1647 2118 1692 ut
2144 1636 2361 1705 furtivo,

765 1740 928 1795 quem
980 1741 1163 1781 coram
1194 1736 1307 1781 toto
1334 1726 1535 1782 mundo
1560 1724 1805 1783 Christus
1841 1729 1991 1790 emit,
2021 1727 2130 1783 imo
2158 1737 2213 1785 et
2253 1745 2365 1783 ma-

765 1834 836 1872 ntt
856 1818 1032 1873 misit!
1062 1819 1213 1875 Hunc
1235 1835 1362 1891 ergo
1386 1820 1612 1875 liberum
1636 1822 1809 1890 pretio
1825 1820 2137 1887 aestimabis,
2162 1832 2213 1875 et
2239 1836 2365 1891 pre-

767 1907 844 1966 tio
874 1912 1198 1982 possidebis,
1232 1913 1333 1968 nisi
1363 1912 1585 1980 eodem,
1619 1922 1820 1983 quanto
1858 1914 1939 1981 (ut
1971 1911 2227 1984 diximus)
2263 1914 2365 1968 Do-

766 2005 915 2058 mino
941 2004 1202 2069 constitit,
1228 2004 1489 2074 sanguine
1511 2017 1610 2058 suo
1631 2003 1872 2059 scilicet?
1901 2004 1975 2075 (ὸ)
2006 2002 2073 2060 Ut
2094 2003 2219 2074 quid
2239 2019 2368 2075 ergo

766 2095 835 2150 de
859 2094 1074 2151 homine
1100 2094 1372 2151 Christum
1400 2096 1622 2151 redimis
1652 2096 1704 2151 in
1736 2096 1975 2163 homine,
2005 2097 2057 2151 in
2084 2111 2190 2166 quo
2211 2096 2368 2153 Chri-

762 2197 879 2241 stus
895 2188 1001 2242 est?
1015 2188 1131 2242 Non
1146 2189 1302 2243 aliter
1316 2198 1369 2244 et
1393 2188 1577 2243 Simon
1604 2190 1779 2243 facere
1798 2192 2041 2249 tentavit,
2059 2203 2179 2243 cum
2203 2205 2367 2259 pecu-

764 2279 910 2333 niam
936 2279 1207 2348 Apostolis
1237 2280 1431 2335 obtulit
1449 2296 1542 2348 pro
1567 2279 1989 2350 spiritnChristi.
2011 2279 2207 2336 Audiet
2236 2296 2369 2353 ergo

763 2383 818 2424 et
832 2372 952 2433 iste,
968 2372 1055 2441 qui
1069 2386 1128 2426 se
1142 2371 1432 2437 redimens,
1451 2371 1649 2427 Christi
1667 2371 1911 2441 spiritum
1930 2372 2182 2428 redemit:
2202 2372 2370 2430 Pecu-

765 2462 852 2513 nia
877 2470 965 2515 tua
988 2465 1155 2515 tecum
1168 2464 1232 2515 sit
1254 2464 1305 2516 in
1323 2463 1843 2532 interitum,quoniam
1862 2463 2081 2533 gratiam
2105 2462 2195 2517 Dei
2208 2467 2367 2533 pretio

764 2556 1164 2625 consequendam
1200 2558 1388 2627 putasti
1420 2556 1557 2628 (Act.
1590 2572 1679 2624 ap.
1705 2552 1842 2618 VIII,
1883 2553 1997 2625 ΩΟ).
2025 2554 2156 2623 Quis
2205 2555 2366 2611 talem

764 2649 1147 2719 abnegatoretn
1171 2659 1391 2719 spernat
1417 2649 1498 2721 (‘2)
1520 2649 1541 2701 ?
1558 2649 1693 2717 Quid
1712 2649 1855 2703 enim
1880 2647 2010 2702 dicit
2030 2648 2118 2703 i|.e
2143 2663 2367 2705 concus-

766 2742 898 2795 sor?
920 2742 993 2796 Da
1018 2741 1165 2796 mihi-
1194 2743 1498 2812 pecuniam.
1527 2742 1690 2798 Certe
1725 2757 1791 2797 ne
1817 2756 1939 2796 eum
1969 2742 2175 2807 tradat;
2205 2745 2369 2815 siqui-

766 2833 891 2888 dem
922 2849 1027 2889 non
1056 2834 1200 2889 aliud
1228 2834 1491 2897 venditat,
1530 2849 1690 2905 quam
1722 2834 1866 2906 quod
1906 2846 2257 2905 priestaturus
2286 2848 2370 2895 est

766 2926 994 2995 praemio
1037 2937 1146 2981 tuo.
1192 2926 1324 2982 Cum
1365 2928 1483 2989 das,
1516 2930 1702 2999 utique
1746 2945 1813 2984 ne
1860 2930 2085 2986 tradaris
2133 2933 2365 2987 voluisti.

765 3016 884 3073 Non
928 3018 1157 3075 traditus
1181 3030 1362 3077 autem
1395 3020 1498 3093 (ὅ),
1528 3020 1734 3076 traduci
1776 3021 2032 3079 habebas.
2060 3023 2203 3093 Ergo
2240 3025 2366 3081 dum

767 3109 1004 3166 nolendo
1034 3111 1172 3166 tradi
1204 3127 1311 3167 non
1341 3113 1422 3168 vis
1462 3112 1695 3175 traduci.
1724 3112 1959 3168 nolendo
1981 3116 2204 3185 negasti,
2225 3117 2365 3187 quod

770 3209 825 3255 te
853 3215 975 3257 esse
1004 3202 1207 3256 traduci
1231 3203 1463 3257 noluisti.
1486 3202 1614 3264 lmo,
1650 3203 1986 3275 inquis,duin
2018 3208 2140 3258 nolo
2161 3208 2365 3263 traduci

2466 610 2570 669 lam
2618 616 2670 670 in
2738 614 3031 672 conﬁscato
3079 617 3299 674 habent.
3353 618 3408 675 Si
3461 636 3569 676 non
3625 638 3917 691 possumus
3972 625 4081 680 Deo

2466 708 2669 762 servire
2725 717 2780 763 et
2833 724 3154 764 mammona:
3197 753 3211 775 ,
3278 726 3560 781 possumus
3623 729 3655 769 a
3703 712 3819 772 Deo
3888 718 4085 773 redimi

2466 811 2520 856 et
2544 816 2572 855 a
2595 804 2934 857 mammona?
2960 802 3090 871 Quis
3116 805 3259 859 enim
3292 806 3459 874 magis
3500 809 3694 863 serviet
3726 824 4081 879 mammonae,

2466 910 2623 964 quam
2672 911 2831 966 quem
2891 912 3227 952 mammonas
3274 898 3545 953 redemit?
3592 898 3880 955 Postremo
3908 942 3925 965 ,
3970 918 4077 973 quo

2466 986 2712 1056 exemplo
2767 988 2932 1042 uteris
2968 989 3019 1042 in
3066 990 3486 1059 redemptionem
3531 991 3831 1047 traditionis
3858 993 3885 1046 *ἔ
3944 996 4089 1065 Apo-

2466 1080 2589 1133 stoli
2638 1079 2719 1151 (4)
2775 1080 3235 1151 persecutionibus
3307 1082 3488 1152 agitati
3546 1081 3690 1154 (ά),
3742 1085 3966 1154 quando
4029 1102 4086 1141 se

2468 1172 2689 1240 pecunia
2730 1181 3023 1227 tractantes
3062 1172 3145 1243 (5)
3200 1173 3607 1229 liberaverunt?
3661 1192 3781 1245 qua:
3832 1178 3943 1232 illis
3987 1180 4088 1233 uli-

2466 1276 2570 1331 que
2630 1278 2735 1315 non
2796 1261 3020 1328 deerat,
3072 1279 3136 1319 ex
3191 1265 3515 1333 prcediorum
3559 1268 3742 1334 pretiis
3801 1269 3869 1323 ad
3924 1269 4088 1338 pedes

2466 1368 2652 1408 eorum
2716 1353 3021 1423 depositis;
3080 1366 3225 1411 certe
3280 1358 3462 1411 multis
3524 1357 3892 1428 locupletibus
3962 1376 4085 1416 cre-

2466 1445 2719 1500 dentibus
2749 1446 2877 1500 viris
2904 1460 2967 1500 ac
3003 1444 3258 1513 fmminis,
3315 1450 3403 1517 qui
3435 1448 3519 1503 his
3570 1452 3733 1504 etiam
3796 1452 4083 1523 refrigeria

2467 1538 2965 1593 subministrabant.
2985 1538 3211 1607 Quando
3222 1539 3611 1610 Onesipltonus,
3632 1550 3723 1596 aut
3743 1544 3965 1614 Aquila,
3996 1557 4086 1600 aut

2468 1630 2772 1699 Stephanus
2796 1671 2810 1694 ,
2857 1631 2959 1685 hoc
3009 1631 3170 1686 modo
3198 1632 3277 1686 eis
3304 1632 3356 1685 iti
3388 1635 3769 1701 persecutione
3799 1650 4087 1692 succurre-

2468 1725 2631 1781 runt?
2670 1724 2867 1779 Paulus
2913 1724 3151 1795 quidem,
3195 1740 3317 1779 cum
3370 1724 3522 1780 Felix
3574 1742 3775 1797 praeses
3827 1732 4088 1799 pecunias

2468 1830 2821 1890 accepturum
2851 1833 2910 1873 se
2940 1834 3035 1886 pro
3065 1834 3132 1872 eo
3174 1833 3201 1871 a
3230 1818 3507 1888 discipulis
3558 1830 3853 1889 Sperasset,
3886 1823 3957 1878 dc
3982 1840 4085 1894 quo

2394 1916 2444 1977 Β
2471 1920 2527 1966 et
2556 1912 2671 1983 ipse
2699 1914 2750 1966 in
2779 1921 2990 1967 secreto
3017 1912 3264 1967 tractavit
3287 1927 3408 1967 cum
3438 1914 3574 1984 ipso,
3620 1930 3798 1985 neque
3841 1919 3962 1988 ipse
3994 1935 4088 1987 pro

2471 2018 2553 2069 se,
2604 2019 2780 2075 neque
2823 2005 3070 2075 discipuli
3120 2020 3218 2075 pro
3269 2021 3336 2059 eo
3367 2017 3740 2063 numerarunt.
3785 2008 3866 2063 Illi
3904 2012 4086 2081 utique

2471 2097 2744 2167 discipuli,
2788 2097 2879 2167 qui
2935 2097 3125 2153 ﬂentes
3175 2096 3318 2167 quod
3360 2097 3442 2168 (6)
3473 2099 3907 2171 Hierosolymam
3966 2112 4086 2157 ten-

2471 2187 2601 2243 dere
2623 2197 3017 2258 perseveraret,
3051 2199 3105 2243 et
3160 2191 3567 2258 persecutiones
3614 2193 3940 2261 praedicatis
3980 2195 4086 2250 illic

2473 2293 2580 2333 non
2612 2288 2955 2347 pra-caveret,
2992 2288 3264 2346 postremo
3304 2280 3550 2351 inquiunt
3580 2300 3593 2333 :
3628 2282 3699 2353 (e)
3737 2282 3857 2337 Fiat
3896 2287 4081 2339 volun-

2474 2380 2551 2425 tas
2582 2369 2677 2424 Dei
2704 2372 2843 2442 (Act.
2876 2371 3022 2433 XXI,
3054 2370 3165 2441 14).
3196 2373 3327 2441 Qurc
3360 2375 3456 2427 ista
3486 2374 3772 2430 voluntas?
3802 2377 4005 2447 Utique
4034 2390 4088 2434 ut

2474 2473 2747 2533 pateretur
2784 2480 2882 2541 pro
2909 2465 3127 2520 nomine
3176 2465 3406 2526 Domini,
3441 2481 3545 2519 non
3592 2478 3645 2518 ut
3698 2468 4083 2524 redimeretur.

2472 2555 2697 2627 Oportet
2723 2558 2889 2621 enim,
2913 2557 3167 2627 quomodo
3200 2556 3435 2611 Christus
3476 2559 3706 2612 animam
3736 2576 3887 2613 suam
3917 2564 4087 2631 posuit

2473 2667 2567 2719 pro
2588 2651 2729 2705 nobis
2756 2650 2800 2723 (Ι
2829 2650 3023 2706 Joann.
3054 2650 3143 2714 III,
3177 2651 3291 2719 16),
3325 2652 3397 2703 ita
3425 2652 3536 2719 ﬁeri
3564 2670 3659 2722 pro
3680 2669 3736 2705 eo
3766 2664 3812 2707 et
3843 2672 3877 2706 α
3902 2658 4084 2716 nobis;

2473 2759 2573 2798 nec
2606 2754 2810 2797 tantum
2835 2758 2933 2813 pro
2962 2744 3102 2811 ipso,
3126 2744 3233 2797 imo
3255 2745 3415 2798 etiam
3450 2762 3542 2812 pro
3586 2746 3832 2812 fratribus
3863 2758 4085 2818 propter

2472 2835 2669 2905 ipsum.
2718 2835 2870 2902 Quod
2916 2834 3151 2890 Joannes
3193 2835 3419 2902 docens,
3466 2852 3570 2889 non
3603 2847 3657 2890 et
3689 2839 3955 2892 fratribus
3982 2856 4079 2893 nu-

2474 2926 2812 2988 merandum.
2882 2928 2976 2982 sed
3042 2928 3380 2983 moriendum
3445 2929 3625 2999 potius
3683 2932 4079 2999 pronuntiavit.

2474 3018 2614 3073 Nihil
2648 3020 2907 3084 interest,
2960 3020 3191 3089 siquem
3242 3020 3594 3074 christianum
3654 3022 3928 3077 redimere
3976 3040 4083 3080 non

2472 3109 2694 3172 debeas,
2726 3120 2816 3163 aut
2860 3125 3062 3165 emere.
3110 3111 3173 3165 Et
3220 3110 3355 3165 adeo
3405 3112 3650 3165 voluntas
3706 3112 3797 3166 Dei
3846 3114 3929 3169 sic
3975 3126 4080 3171 est.

2472 3201 2772 3270 Astiice(7)
2822 3216 3108 3271 regnorum
3158 3211 3213 3255 et
3267 3203 3616 3269 imperiorum
3670 3204 3859 3273 utique
3890 3220 3919 3258 a
3970 3205 4083 3261 Deo

767 3289 911 3360 quod
939 3306 1081 3355 sum,
1113 3306 1234 3347 sum
1265 3291 1547 3348 confessus
1576 3292 1626 3347 id
1659 3308 1780 3347 esse
1807 3295 1949 3363 quod
1981 3296 2106 3349 nolo
2138 3298 2362 3366 traduci,
2396 3308 2440 3370 ρ
2475 3292 2789 3360 dispositum
2859 3300 3055 3345 statum
3114 3290 3216 3364 (8).
3274 3293 3329 3345 in
3390 3294 3537 3362 cuius
3590 3309 3746 3347 manu
3804 3311 3897 3348 cor
3950 3298 4083 3367 regis

767 3381 822 3436 id
845 3393 960 3447 est,
991 3383 1366 3438 christianum.
1400 3384 1557 3439 Potes
1594 3384 1771 3455 itaque
1798 3394 1850 3440 te
1874 3396 2162 3459 martyrem
2196 3389 2366 3445 vindi-

766 3476 933 3528 care?
973 3483 1285 3530 constanter
1347 3474 1651 3531 ostendisse
1695 3476 2004 3532 Christum?
2050 3478 2363 3548 Redimens,

769 3579 877 3620 non
918 3566 1218 3623 ostendisti.
1272 3567 1423 3638 Apud
1469 3584 1630 3622 unum
1673 3570 1716 3622 si
1765 3570 1903 3625 forte
1952 3574 2231 3627 confessus
2282 3590 2363 3641 es,

769 3672 901 3727 ergo
932 3668 987 3712 et
1025 3660 1163 3727 apud
1214 3660 1393 3729 plures
1422 3660 1657 3714 nolendo
1687 3660 1953 3726 conﬁteri,
1989 3665 2215 3733 negasti.
2246 3664 2363 3733 Ipsa

768 3748 916 3804 salus
966 3749 1229 3819 iudicabit
1298 3751 1572 3805 hominem
1622 3752 1928 3820 excidisse,
1984 3753 2112 3808 dum
2162 3755 2358 3809 evadit.

771 3839 989 3895 Excidit
1015 3857 1143 3912 ergo
1173 3843 1263 3912 qui
1313 3843 1772 3899 maluitevasisse.
1820 3844 2039 3916 Negatio
2078 3856 2160 3901 est
2200 3848 2360 3903 etiam

698 3932 701 3939 ’
768 3934 1014 4006 martyrii
1038 3935 1321 3993 recusatio.
1352 3935 1690 3991 Christianus
1717 3939 1939 4007 pecunia
1966 3939 2145 3993 salvus
2170 3950 2285 4004 est;
2308 3950 2363 3995 et

768 4029 824 4081 in
868 4027 971 4083 hoc
1020 4044 1269 4084 nummos
1318 4030 1478 4085 habet
1527 4047 1593 4084 ne
1638 4032 1891 4101 patiatur,
1939 4032 2065 4087 dum
2109 4034 2365 4088 adversus

770 4120 940 4175 Deum
963 4121 1065 4175 erit
1094 4122 1262 4177 dives.
1291 4122 1502 4176 Atenim
1533 4121 1781 4178 Christus
1802 4125 2062 4193 sanguine
2089 4124 2187 4179 fuit
2216 4125 2367 4181 dives

768 4226 870 4282 pro
898 4214 985 4269 illo
1012 4231 1024 4268 :
1056 4213 1254 4269 Felices
1276 4216 1455 4287 itaque
1494 4232 1762 4287 pauperes,
1790 4217 1909 4286 quia
1935 4217 2141 4272 illarum
2160 4228 2253 4283 est,
2282 4220 2367 4273 iu-

2475 3385 2683 3459 (I’rov.,
2717 3383 2861 3449 XXI,
2894 3385 2947 3449 i)
2974 3404 2987 3439 :
3017 3394 3159 3439 tanta
3196 3384 3437 3455 quotidie
3465 3386 3655 3439 aerario
3690 3387 3941 3457 augendo
3967 3403 4083 3457 pro-

2469 3480 2767 3549 Spiciuntur
2813 3478 3049 3535 remedia
3091 3494 3376 3543 censuum,
3437 3479 3805 3548 vectigalium,
3837 3480 4083 3535 collatio-

2470 3587 2619 3636 nunt,
2648 3570 3037 3638 stipendiorum
3073 3586 3086 3621 :
3121 3568 3191 3640 (f)
3243 3584 3341 3623 nec
3389 3585 3621 3638 unquam
3677 3586 3847 3641 usque
3906 3571 4083 3628 adhuc

2468 3678 2532 3717 ex
2558 3663 2879 3715 Christianis
2905 3662 3009 3715 tale
3057 3659 3259 3731 aliquid
3313 3671 3653 3729 prospectum
3696 3671 3802 3725 est,
3857 3662 3961 3717 sub
3986 3664 4083 3717 ali-

2467 3771 2625 3827 quam
2662 3756 3086 3826 redemptionem
3126 3757 3211 3825 (9)
3241 3756 3436 3825 capitis
3462 3767 3515 3810 et
3542 3744 3703 3810 secta:
3742 3756 4078 3828 redigendis,

2468 3862 2590 3902 cum
2617 3856 2775 3901 tanta:
2802 3847 3163 3901 multitudinis
3194 3847 3395 3902 nemini
3430 3847 3625 3917 ignota:
3656 3848 3863 3903 fructus
3892 3849 4080 3920 ingens

2466 3945 2591 3997 meti
2624 3951 2819 4011 posset.
2851 3941 3120 4011 Sanguine
3149 3943 3336 4009 empti,
3357 3943 3616 4010 sanguine
3645 3944 3913 3998 munerati
3934 3944 4077 4016 (ιθ),

2470 4037 2671 4090 nullum
2713 4050 2993 4089 nummum
3042 4050 3139 4103 pro
3188 4035 3362 4103 capite
3407 4033 3707 4100 debemus;
3756 4036 3881 4106 quia
3921 4047 4082 4106 caput

2472 4139 2715 4184 nostrum
2754 4127 3004 4182 Chrisms
3035 4138 3138 4182 est.
3185 4125 3301 4181 Non
3342 4126 3497 4182 decet
3538 4126 3811 4182 Christum
3854 4129 4081 4197 pecunia

2472 4229 2742 4276 constare.
2794 4219 3076 4287 Quomodo
3102 4228 3158 4275 et
3183 4223 3436 4292 martyrio
3468 4219 3587 4276 ﬁeri
3628 4230 3852 4292 possent
3882 4222 3936 4277 in
3968 4222 4080 4295 glo-

1975 4332 2262 4391 LECTION
2270 4333 2352 4391 ES
2391 4333 2807 4391 VARIANTES.

836 4428 911 4555 $1;
942 4424 1021 4477 De
1043 4429 1203 4489 pretio
1228 4424 1377 4478 Seml.

858 4492 888 4539 Ξ
934 4490 1119 4540 Tamen
1138 4492 1377 4555 abnegato

934 4488 1119 4540 Tamen
1138 4492 1493 4554 abnegatorem
1512 4488 1664 4543 Rhea.
1692 4492 1835 4540 Pam.
1867 4490 2015 4542 Semt.
2046 4491 2109 4543 ab
2132 4497 2372 4554 negatore

770 4549 997 4616 rem'Lat.
1019 4549 1458 4616 spernawr'staitt.

838 4617 909 4675 (5)
942 4615 1018 4665 Ne
1048 4613 1212 4665 ‘addit.
1241 4615 1394 4664 Latin.

836 4672 910 4739 (4)
946 4677 1238 4729 'l'ractantes
1258 4675 1380 4739 add.
1401 4672 1555 4739 Rhea.
1584 4672 1735 4739 Seml.

836 4736 911 4801 (5)
945 4739 1237 4789 'I‘ractantes
1279 4738 1359 4790 hic
1381 4737 1515 4789 abest
1536 4736 1689 4790 Rhen.
1715 4736 1857 4788 sentt.

2395 4454 2449 4515 D

2536 4427 2603 4489 (_6l
2645 4426 2823 4489 Neque
2846 4425 2967 4477 add.
2993 4424 3138 4477 Rhea.
3165 4429 3305 4477 sentt.
3335 4424 3532 4477 Oberth.

2538 4487 2612 4610 ρ)
2638 4490 2716 4561 Ab
2736 4487 2874 4552 apice
2896 4493 3041 4545 Pam.
3070 4490 3231 4541 Paris.
3260 4490 3410 4540 Fran.
3524 4549 3534 4558 _

2560 4556 2610 4610 8)
2644 4552 2891 4610 Disposito
2913 4558 3041 4602 statu
3068 4554 3209 4603 Pam.
3234 4553 3384 4601 Fran.
3412 4552 3534 4600 Part

2560 4552 2610 4613 8)
2644 4552 2891 4615 Disposito
2913 4558 3041 4602 statu
3068 4554 3209 4603 Pam.
3234 4553 3384 4615 Fran.
3412 4552 3577 4615 Paris.

2560 4611 2612 4677 9)
2634 4611 2807 4677 Aliqua
2834 4616 3174 4677 redemptione
3198 4614 3355 4677 Rhen.
3375 4611 3517 4677 senti.
3543 4611 3744 4665 Oberth.

2562 4672 2638 4743 10)
2676 4672 2925 4728 Numerati
2948 4672 3101 4730 Rhea.
3126 4676 3269 4731 sentt.
3296 4672 3493 4727 Obertlt.

2132 4845 2689 4905 COMMENTARIUS;

768 4970 945 5016 morte
970 4958 1325 5027 emancipatio
1352 4967 1533 5013 nostra
1572 4956 1835 5013 celebrata
1880 4966 1983 5012 est.
2028 4957 2252 5028 Emptor
2281 4959 2361 5014 fa-

771 5032 934 5110 milia:
983 5032 1230 5110 Christus
1289 5030 1817 5110 mtiriens.h§3mptor
1864 5029 1977 5110 ipse
2015 5032 2359 5110 et__pretinm.

771 5103 921 5158 Merit
958 5112 1013 5158 et
1058 5104 1252 5155 familia
1303 5102 1485 5155 homo.
1548 5098 1840 5169 Stipulator
1888 5098 1941 5154 in
1996 5100 2149 5157 caelis
2203 5102 2360 5156 Deus.

769 5174 1074 5242 Eutptionis
1117 5182 1311 5229 nostra:
1359 5186 1586 5239 Sponsor
1628 5182 1681 5225 et
1719 5170 1951 5242 pretium
2002 5170 2246 5227 Christus
2297 5172 2363 5227 ad

768 5243 1016 5370 Ρειῖηξιιὲἰ
1011 5243 1339 5313 regrediens,
1366 5258 1591 5299 summa:
1622 5241 1783 5298 totius
1801 5241 2159 5299 arrhabonem
2192 5244 2368 5299 intulit

773 5329 857 5370 ca:
878 5331 933 5370 ο.
1021 5330 1089 5370 ιε,

773 5316 933 5371 casto.
969 5316 1089 5371 Rue.

846 5389 923 5455 (a)
951 5386 1065 5441 lmo
1085 5386 1333 5453 depretiat
1361 5400 1593 5439 mercem.
1623 5384 1856 5455 Cupiens
1880 5384 2213 5455 redemptam
2245 5386 2367 5441 vili-

770 5456 872 5512 bus
918 5458 1171 5512 numinis.
1200 5456 1499 5511 Mercedem
1529 5465 1684 5511 vocat
1708 5456 1982 5512 hominem
2008 5456 2207 5512 Christi
2247 5474 2370 5514 san-

769 5532 932 5598 guine
971 5528 1325 5595 redemptum.
1361 5528 1477 5584 Ilio.

844 5599 923 5668 (ιι)
954 5598 1021 5655 Ut
1048 5599 1172 5668 quid
1191 5614 1308 5669 ergo
1341 5599 1403 5652 dc
1430 5599 1631 5653 homine
1655 5596 1908 5653 Christum
1936 5599 2147 5655 redimis
2180 5601 2233 5655 in
2272 5602 2367 5656 ho-

770 5671 907 5726 mine
948 5670 1001 5724 in
1045 5686 1143 5738 quo
1174 5671 1401 5725 Christus
1444 5670 1560 5725 est?
1601 5670 1712 5726 Hoc
1755 5672 1854 5726 sibi
1887 5672 1995 5725 vult
2039 5672 2359 5739 Septimius:

772 5740 908 5806 Quid
940 5740 1008 5796 ab
1037 5740 1253 5796 homine
1277 5744 1511 5801 etlinico.
1548 5742 1784 5798 delatore
1811 5743 2014 5798 st-ilicet
2036 5747 2119 5799 vel
2172 5744 2359 5807 milite,

771 5813 857 5869 vel
876 5814 1163 5867 furunculo
1190 5814 1417 5881 preside
1452 5814 1755 5868 christiana
1781 5825 1941 5869 secta:
1972 5815 2237 5869 licentiam
2266 5816 2357 5870 tibi

771 5882 990 5954 redimis
1014 5925 1029 5947 ,
1067 5885 1191 5946 tibi,
1216 5886 1428 5953 inquam
1450 5927 1465 5951 ,
1496 5885 1787 5940 christiano
1807 5926 1819 5948 ,
1848 5886 1937 5954 qui
1963 5887 2006 5938 si
2039 5885 2360 5941 christianus

770 5965 851 6021 es,
878 5952 1147 6008 Christum
1180 5956 1232 6009 in
1260 5952 1309 6010 te
1334 5958 1516 6023 habes,
1539 5955 1666 6026 quid
1694 5952 1913 6025 pecunia
1940 5957 2159 6015 redimis
2197 5958 2357 6029 spiri-

2466 4970 2579 5015 tum
2622 4959 2841 5026 ChriSti,
2885 4960 2987 5015 hoc
3014 4967 3114 5019 est,
3139 4967 3196 5013 ut
3231 4957 3324 5011 tibi
3349 4958 3529 5013 vivere
3558 4958 3716 5013 liceat
3746 4956 4083 5015 chrisﬁano?

2467 5032 2648 5101 Itaque
2700 5047 2825 5087 mox
2871 5033 3011 5086 dicet
3052 5031 3343 5101 Septimius
3385 5046 3399 5083 :
3443 5029 3558 5083 Non
3604 5029 3760 5084 decet
3804 5029 4085 5086 Christum

2470 5105 2692 5174 pecunia
2714 5113 2982 5158 constare.
3020 5102 3140 5158 th.

2541 5176 2615 5245 (c)
2652 5176 2888 5228 Animam
2912 5174 3075 5229 solam
3111 5174 3164 5226 in
3194 5171 3471 5245 conﬁscato
3500 5171 3705 5225 habent.
3739 5171 3918 5245 Verbo
3958 5190 4086 5227 con-

2474 5244 2706 5315 fiscatum
2733 5262 2859 5300 usus
2879 5254 2963 5301 est
2990 5244 3300 5304 Suetonius,
3332 5244 3419 5298 ubi
3447 5245 3726 5315 pecuniam
3745 5244 3934 5297 dicens
3951 5260 4085 5299 con-

2476 5314 2713 5373 liscatam
2733 5318 2976 5387 intelligit
3004 5325 3331 5371 asservatam
3362 5316 3412 5368 in
3451 5315 3611 5369 liscis.
3658 5314 3733 5368 LE
3765 5316 3865 5368 Pa.

2544 5387 2628 5461 (tl)
2653 5389 2881 5457 Apostoli
2903 5400 3193 5453 tractantes,
3208 5387 3646 5461 _;_terse§utionib_us
3662 5387 3844 5461 agitati
3855 5388 4077 5461 quando

2473 5475 2527 5513 se
2547 5456 2760 5529 pecunia
2785 5461 3117 5514 liberaverunt
3137 5461 3162 5513 ?
3206 5457 3330 5511 Haec
3359 5456 3432 5529 ita
3461 5458 3776 5529 restituebat
3807 5456 4076 5526 Pithmus,

2475 5532 2706 5599 Apostoli
2765 5530 3193 5596 persecutionibus
3240 5528 3455 5598 agitati,
3499 5528 3705 5596 quando
3757 5544 3812 5582 se
3863 5533 4081 5598 pecunia

2472 5611 2744 5656 tractantes
2765 5602 3141 5656 liberaverunt?
3166 5601 3285 5656 Βία.

2544 5674 2619 5743 (e)
2674 5672 2792 5751 Fiat
2834 5674 3065 5751 uoluntas
3100 5672 3235 5751 Dei,
3260 5670 3523 5751 Justinus,
3553 5670 3811 5751 Anpologia
3859 5669 3925 5737 II,
3982 5686 4077 5742 pro

2464 5741 2683 5800 Clll‘lSl.:
2717 5741 2754 5799 ὁ
2780 5747 2910 5812 φίλον
3014 5752 3135 5812 Θςῷ,
3165 5750 3298 5799 reare
3323 5750 3540 5813 Τνξσρομ
3580 5741 3696 5795 ηις.

2536 5818 2553 5887 (
2562 5816 2600 5884 f)
2624 5815 2729 5872 Nec
2748 5804 2983 5885 unquam.
2996 5804 3150 5883 usque
3179 5804 3347 5867 adhuc
3359 5830 3425 5887 εις
3436 5810 3739 5887 Christianis
3763 5812 3863 5869 tale
3874 5814 4075 5887 ntiquid

2464 5878 2805 5957 praspectum,
2830 5878 2935 5944 etc.
2953 5878 3243 5957 Sed'paulo
3265 5894 3386 5953 post
3406 5885 3599 5940 factum
3614 5878 3783 5957 fuisse
3800 5878 4071 5957 colligitur

2463 5954 2527 6014 ex
2543 5954 2625 6025 iis,
2642 5975 2755 6029 qua:
2769 5958 2909 6028 apud
2923 5954 3245 6029 Cyprianum
3261 5957 3510 6022 leguntur
3522 5957 3590 6011 de
3604 5955 3925 6012 libellaticis.
3943 5954 4065 6012 Rus.
