4242 6492
144 410 249 469 H7

1300 410 1387 466 DE
1427 409 1612 467 FUGA
1655 410 1716 464 IN
1758 409 2297 467 PERSECUTIONE.

3342 419 3441 477 I18

141 534 282 587 riam
314 532 544 597 Domini,
571 530 616 587 si
642 529 841 586 tributo
867 527 1139 585 licentiam
1169 536 1334 583 sectae
1360 540 1741 596 compensare-
1769 525 1820 584 A
1846 542 1985 579 scam
2006 536 2051 579 et
2073 527 2333 581 inimicum
2362 526 2467 601 (5).
2491 527 2596 584 Sed
2619 528 2910 585 inimicitia:
2930 529 3065 587 alios
3095 529 3293 603 habent
3318 535 3443 588 titu-

142 626 307 680 mus?
328 624 508 696 Itaque
527 624 619 692 qui
646 638 764 676 eam
800 621 1021 691 prmmio
1048 620 1336 690 paciscitur
1356 662 1370 686 ,
1400 618 1738 688 dispositioni

142 718 342 771 divime
393 718 732 771 adversatur.
786 714 918 769 Cum
971 714 1131 785 igitur
1182 712 1311 767 nihil
1359 713 1512 766 nobis
1561 711 1740 765 Ctesar

142 808 399 863 indixerit
420 809 471 863 in
497 808 639 862 hunc
667 808 883 863 modum
913 804 1275 876 stipendiariae
1306 816 1486 867 sectae,
1520 803 1614 857 sed
1642 817 1740 857 nec

140 901 309 959 indici
360 918 591 972 unquam
626 901 729 955 tale
774 898 899 970 quid
948 899 1136 967 possit,
1164 896 1240 969 (a)
1276 895 1605 951 Antichristo
1630 894 1741 965 jam

141 996 398 1058 instante,
441 1007 492 1050 et
538 995 589 1048 in
634 994 968 1063 sanguinem,
1026 1007 1130 1046 non
1163 991 1214 1044 in
1263 990 1519 1059 pecunias
1562 988 1742 1043 hiante

138 1089 595 1149 Christianorum,
640 1086 909 1157 quoumdo
940 1084 1068 1139 mihi
1115 1098 1412 1154 proponere
1458 1091 1632 1152 potest
1664 1081 1741 1151 (l)

139 1182 473 1252 Scripturam
504 1197 662 1238 esse:
700 1181 913 1235 Reddite
941 1195 1054 1251 qua:
1101 1188 1217 1233 sunt
1257 1178 1471 1233 Ctesaris
1510 1175 1743 1231 Cwsari?

142 1274 296 1330 Miles
340 1290 446 1337 me,
479 1274 563 1328 vel
606 1272 835 1335 delator,
893 1274 973 1325 vel
1028 1271 1273 1325 inimicus
1322 1270 1578 1332 concutit,
1611 1266 1742 1321 nihil

140 1368 347 1423 Cmsari
370 1367 611 1436 exigens,
634 1368 741 1421 imo
762 1374 947 1420 contra
977 1364 1199 1429 faciens,
1226 1378 1346 1417 cum
1366 1363 1739 1424 christianum,

142 1462 354 1532 legibus
406 1460 654 1514 humanis
698 1474 870 1525 reum,
924 1455 1171 1512 mercede
1200 1454 1439 1511 dimittit.
1482 1455 1630 1508 Alius
1660 1460 1745 1507 cst

140 1554 419 1618 denarius,
448 1569 605 1625 quem
632 1551 830 1608 Carsari
870 1552 1063 1615 debeo,
1096 1551 1187 1621 qui
1230 1551 1296 1604 ad
1338 1566 1458 1603 cum
1489 1549 1740 1618 pertinet,

143 1647 211 1702 de
233 1663 342 1718 quo
366 1657 489 1701 tunc
515 1646 794 1717 agebatur,
826 1646 1173 1710 tributarius;
1204 1659 1235 1698 a
1263 1643 1557 1697 tributariis
1600 1642 1744 1696 scili-

141 1750 249 1804 cet,
283 1757 389 1795 nou
418 1757 448 1795 a
480 1740 663 1795 liberis
689 1741 921 1795 debitus.
954 1741 1058 1795 Aut
1084 1738 1357 1810 quomodo
1383 1738 1600 1795 reddam
1624 1754 1743 1805 qua:

140 1843 269 1889 sunt
298 1834 388 1887 Dei
422 1832 568 1887 Deo?
592 1832 787 1900 Utique
821 1831 1043 1901 proinde
1060 1831 1140 1902 (ὁ)
1168 1831 1451 1899 imaginem
1482 1840 1535 1883 et
1561 1846 1744 1885 mone-

1846 618 1945 673 Ios.
1969 619 2082 673 Non
2102 630 2279 675 tamen
2299 623 2431 677 dixit
2453 624 2786 691 traditorem,
2806 637 2897 681 aut
2914 638 3333 697 persecutorem,
3348 640 3444 684 aut

1844 728 2249 769 concussorem.
2279 714 2409 769 Nam
2439 715 2560 771 huic
2581 727 2780 787 quanto
2805 719 2972 789 magis
2998 719 3263 776 carbones
3289 736 3443 777 acer-

1845 805 1982 856 vabo
2013 820 2175 875 super
2199 816 2377 877 caput,
2410 807 2453 862 si
2482 824 2586 862 nou
2624 824 2708 863 me
2740 808 3053 864 redemero?
3084 811 3333 876 Proinde,
3365 813 3444 866 in-

1845 896 1978 967 quit,
1994 898 2078 967 qui
2095 898 2181 951 tibi
2199 902 2421 952 tunicam
2434 900 2713 966 sustulerit,
2724 900 2798 955 vel
2810 902 2959 954 etiam
2973 903 3186 971 pallium
3201 906 3438 969 concede,

1846 986 1913 1041 ad
1941 1003 2061 1042 eum
2106 990 2357 1058 pertinet,
2385 1006 2475 1059 qni
2504 1006 2641 1055 rem,
2687 1006 2793 1044 non
2825 991 2912 1060 qui
2941 990 3098 1047 ﬁdem
3139 1009 3313 1047 meam
3338 998 3445 1047 cri-

1850 1097 1974 1150 pere
2019 1082 2311 1151 quaesierit.
2344 1082 2645 1136 Concedam
2702 1093 2756 1138 et
2814 1084 3029 1153 pallium
3076 1100 3179 1139 non
3221 1086 3445 1140 minanti

1850 1174 2214 1229 traditionem.
2247 1174 2301 1227 Si
2330 1176 2563 1231 minatus
2592 1177 2781 1241 fuerit,
2810 1178 2971 1231 etiam
2997 1179 3229 1232 tunicam
3257 1194 3445 1248 repos-

1848 1282 1988 1326 Cam.
2026 1268 2276 1321 Omnium
2312 1268 2420 1337 jaut
2454 1285 2595 1324 nunc.
2626 1270 3015 1324 duminicarum
3046 1272 3439 1340 pronuntiatio-

1850 1376 1973 1414 num
2001 1360 2081 1432 (ti)
2106 1362 2184 1414 sui
2212 1360 2287 1431 (7)
2316 1370 2443 1414 sunt
2463 1373 2513 1413 et
2536 1377 2740 1417 caussa:
2763 1371 2814 1416 et
2845 1362 3045 1431 regulae
3076 1363 3312 1428 termini,
3336 1377 3443 1416 non

1850 1454 1901 1507 in
1932 1452 2220 1517 inﬁnitum,
2249 1468 2345 1507 nec
2375 1452 2440 1505 ad
2481 1454 2658 1507 omnia
2692 1462 2956 1523 spectant.
2988 1454 3163 1523 Atque
3193 1456 3326 1510 adeo
3354 1457 3443 1524 qui

1851 1550 1994 1602 omni
2026 1548 2225 1617 potenti
2246 1547 2362 1600 dari
2383 1546 2533 1617 jubet
2559 1589 2571 1609 ,
2615 1548 2725 1617 ipse
2758 1549 2969 1618 signum
3000 1550 3308 1619 petentibus
3336 1564 3442 1604 non

1849 1642 1960 1697 dat.
1992 1642 2239 1712 Alioquin
2351 1642 2602 1697 omnibus
2642 1644 2838 1713 passim
2874 1644 3178 1713 petentibus
3208 1644 3444 1699 dandum

1852 1745 2028 1806 putas,
2074 1744 2127 1788 tu
2176 1734 2304 1788 mihi
2332 1734 2551 1797 videris,
2588 1751 2691 1789 non
2728 1735 2848 1789 diro
2879 1737 3055 1789 vinum
3087 1734 3445 1803 febricitanti,

1850 1830 1943 1883 sed
1972 1830 2134 1882 etiam
2163 1844 2451 1893 venenum,
2482 1837 2575 1883 aut
2602 1829 2834 1899 gladium
2864 1839 3092 1884 mortem
3113 1830 3428 1885 desiderant.

141 1936 251 1981 tam
276 1927 464 1996 ipsius,
500 1927 809 1994 inscriptam
844 1926 1059 1980 nomine
1092 1926 1230 1995 ejus,
1261 1925 1312 1979 id
1336 1934 1440 1989 est,
1474 1925 1742 1977 hominem
1775 1928 1822 1986 Β
1852 1922 2094 1979 daturus.
2154 1921 2333 1976 Facite
2385 1934 2555 1976 autem
2606 1924 2743 1977 vobis
2793 1924 2985 1977 amicos
3042 1926 3104 1976 de
3154 1940 3447 1979 mammona

144 2022 524 2077 christianum.
567 2021 704 2088 Quid
742 2030 919 2074 autent
954 2021 1063 2075 Deo
1090 2020 1281 2084 debeo,
1307 2020 1445 2073 sicut
1468 2018 1745 2073 denarium

143 2112 368 2177 (Σεβέῃ-Ὺ,
403 2114 499 2166 nisi
533 2112 870 2181 sanguinem,
920 2126 1077 2181 quem
1132 2125 1229 2180 pro
1274 2125 1359 2164 me
1396 2108 1563 2164 Filius
1614 2107 1749 2162 fudit

144 2207 350 2277 ipsius?
371 2206 523 2274 Quod
554 2207 598 2261 si
643 2207 753 2261 Deo
782 2204 996 2274 quidem
1025 2204 1323 2269 hominem,
1354 2211 1409 2256 et
1433 2202 1746 2269 sanguinem

144 2314 329 2353 meum
361 2299 565 2363 debeo;
596 2313 737 2375 nunc
772 2297 849 2369 (2)
890 2312 1018 2351 vero
1051 2297 1105 2350 in
1145 2311 1211 2351 eo
1240 2312 1357 2349 sum
1392 2303 1659 2363 tempore,
1692 2301 1751 2347 ut

146 2392 291 2462 quod
347 2392 457 2445 Dm
510 2392 683 2447 debeo
723 2391 1067 2460 espostuler;
1121 2391 1306 2461 utique
1351 2387 1595 2444 fraudem
1641 2388 1749 2444 Deo

148 2482 309 2547 facio,
338 2482 387 2537 id
419 2498 604 2553 agens,
629 2499 697 2539 ne
741 2483 885 2555 quod
918 2483 1091 2539 debeo
1129 2482 1532 2551 solvam._Beue
1557 2481 1747 2537 obser—

149 2576 269 2629 vavi
301 2586 648 2645 preceptum,
681 2576 880 2631 Caesari
917 2575 1150 2631 reddens
1188 2590 1307 2646 qua:
1347 2582 1473 2630 sunt
1499 2572 1747 2640 Caesaris,

152 2668 264 2724 Deo
290 2684 422 2725 vero
450 2684 568 2739 qua:
594 2680 719 2724 sunt
747 2669 842 2724 Dei
871 2668 1179 2739 abnegans?

746 2760 975 2817 CAPUT
1014 2759 1152 2815 XIII.

223 2850 333 2909 Sed
361 2862 416 2907 et
444 2854 583 2908 omni
612 2855 798 2923 petenti
842 2869 928 2909 me
959 2854 1089 2908 dabo
1125 2853 1361 2927 (Matth.,
1417 2854 1482 2922 V,
1526 2853 1645 2926 42).
1695 2853 1752 2909 1η

150 2959 344 3000 caussa
385 2946 765 3018 eleemosynze,
817 2961 920 3000 non
967 2946 1020 3000 in
1084 2962 1449 3003 concussum.
1525 2945 1750 3015 Petenti,

151 3037 347 3107 inquit.
380 3037 571 3102 Porro,
604 3038 694 3108 qui
720 3039 958 3093 concutit
988 3037 1088 3111 (3),
1123 3055 1228 3093 non
1260 3041 1411 3110 petit.
1454 3038 1557 3108 Qui
1598 3055 1751 3097 com-

149 3130 406 3189 minatur.
449 3129 493 3183 si
526 3145 630 3184 non
672 3130 975 3200 acceperit,
1014 3146 1119 3185 non
1150 3132 1406 3201 postulat,
1440 3132 1534 3187 sed
1578 3143 1755 3188 extor-

148 3231 301 3294 quet.
356 3221 472 3277 Non
505 3224 902 3296 eleemosynam
923 3234 1219 3294 exspectat,
1242 3227 1331 3297 qui
1362 3242 1465 3281 non
1495 3227 1753 3283 miseran-

1854 2012 2175 2083 (Luc.XVI),
2211 2014 2481 2083 quomodo
2496 2014 2901 2085 intelligendum
2920 2016 3010 2082 sit,
3030 2016 3289 2087 parabole
3308 2034 3447 2088 prm-

1854 2110 2015 2164 missa
2057 2108 2272 2167 doceat.
2306 2110 2372 2162 ad
2408 2110 2659 2180 pupulum
2700 2111 2974 2179 judaicum
3000 2110 3165 2175 dicta,
3187 2112 3277 2185 qui
3300 2126 3451 2166 com-

1852 2201 2072 2256 missam
2104 2201 2203 2255 sibi
2235 2203 2498 2257 rationem
2523 2203 2733 2257 Domini
2758 2220 2880 2258 cum
2912 2206 3050 2259 male
3077 2204 3447 2260 administras-

1853 2304 1957 2362 sct,
2011 2294 2232 2350 deberet
2275 2293 2345 2350 de
2406 2311 2727 2352 mammona:
2781 2296 3106 2362 hominibus,
3164 2298 3305 2367 quod
3350 2312 3450 2352 nos

1854 2402 2087 2454 eramus,
2117 2389 2320 2443 amicos
2348 2389 2449 2443 sibi
2482 2390 2657 2459 potius
2700 2392 3032 2460 prospicere,
3064 2406 3225 2461 quam
3270 2392 3447 2445 inimi-

1853 2498 1981 2549 cos;
2011 2495 2064 2538 et
2092 2484 2339 2539 revelare
2386 2498 2486 2538 nos
2526 2499 2555 2537 a
2602 2483 2800 2538 debitis
2848 2493 3211 2553 peccatorum,
3245 2485 3445 2557 quibus

1857 2575 1968 2630 Deo
2007 2576 2401 2641 detinebamur,
2430 2576 2473 2630 si
2504 2575 2661 2631 nobis
2689 2574 2757 2629 de
2788 2575 3055 2631 dominica
3087 2577 3299 2633 ratione
3321 2592 3451 2630 con-

1856 2668 2089 2733 ferrent;
2121 2678 2178 2723 ut
2202 2684 2323 2724 cum
2348 2668 2603 2738 coepisset
2628 2668 2695 2723 ab
2722 2667 2880 2738 hujus
2900 2668 3136 2724 deﬁcere
3167 2671 3358 2740 gratia,
3382 2669 3449 2723 ad

1856 2770 2092 2815 nostram
2120 2760 2280 2815 ﬁdem
2315 2760 2669 2831 refugientes,
2705 2762 3075 2831 reciperentur
3109 2762 3160 2816 in
3192 2762 3447 2817 taberna-

1855 2853 1975 2909 cula
2005 2863 2223 2909 aeterna.
2249 2854 2503 2921 Quamvis
2529 2869 2668 2909 nunc
2694 2866 2822 2925 puta
2851 2854 3011 2909 aliam
3042 2845 3447 2924 interpretatio-

1857 2961 1979 3000 nem
2011 2944 2282 3016 parabolae
2329 2954 2385 3000 et
2430 2948 2714 3001 sententia:
2746 2946 2899 3001 istius
2921 2989 2934 3010 ,
2968 2946 3097 3001 dum
3138 2947 3278 3001 scias
3305 2946 3451 3006 veri-

1857 3037 2032 3092 simile
2060 3052 2165 3091 non
2197 3052 2319 3093 esse
2362 3047 2419 3092 ut
2461 3052 2820 3094 concussores
2850 3039 3022 3094 nostri
3067 3039 3120 3093 in
3162 3039 3451 3093 amicitiam

1857 3132 2061 3188 redacti
2086 3148 2180 3203 per
2202 3146 2589 3195 mammouam,
2616 3131 2885 3201 recipiant
2916 3143 3041 3187 tunc
3062 3135 3163 3188 nas
3196 3130 3247 3186 in
3274 3130 3453 3185 taber-

1861 3225 2047 3292 nacula
2076 3234 2300 3279 mterna.
2337 3222 2442 3279 Sed
2478 3223 2605 3294 quid
2633 3239 2740 3278 non
2770 3223 3028 3279 timiditas
3058 3221 3443 3295 persuadebit?

146 3314 274 3377 dus.
298 3316 392 3370 sed
416 3317 682 3371 timendus
705 3318 870 3372 venit.
893 3318 1039 3374 Dabo
1060 3320 1218 3389 igitur
1235 3319 1619 3377 misericordiae
1644 3321 1746 3395 (4),
1777 3319 1822 3383 C
1856 3320 2006 3388 quasi
2030 3328 2083 3373 et
2107 3316 2293 3389 fugere
2316 3315 2592 3389 Scriptura
2622 3316 2919 3386 permittat,
2946 3326 3000 3370 et
3026 3316 3290 3371 redimere
3320 3331 3451 3386 pra:-

146 3422 258 3462 non
281 3406 578 3462 timiditatis
600 3423 735 3463 mere
766 3410 1018 3476 nomine;
1048 3411 1133 3464 ubi
1164 3414 1252 3481 qui
1308 3414 1533 3483 accepit,
1584 3414 1748 3469 Deum

146 3497 408 3565 honorat,
476 3508 529 3553 et
577 3500 1004 3556 benedictionem
1050 3502 1177 3556 mihi
1237 3502 1445 3570 reddit;
1498 3520 1604 3560 non
1661 3505 1751 3561 ubi

146 3591 387 3660 amplius
412 3605 471 3645 se
495 3590 833 3646 benefactum
863 3594 1175 3663 prtestitisse
1197 3595 1385 3661 credit,
1418 3606 1471 3651 et
1514 3595 1585 3670 (c)
1616 3613 1753 3666 pra:-

146 3683 275 3739 dam
299 3699 451 3739 suam
478 3684 745 3755 aspiciens
765 3684 895 3741 dicit
938 3705 949 3740 :
988 3706 1007 3737 (
1047 3686 1119 3741 De
1159 3700 1310 3743 reatu
1337 3698 1440 3744 est.
1482 3708 1501 3741 ι
1536 3687 1616 3761 (d)
1650 3688 1754 3751 Pa.

1856 3410 2039 3481 cipiat.
2074 3410 2265 3464 Parum
2296 3405 2528 3481 denique
2565 3418 2665 3471 est,
2689 3408 2733 3463 si
2760 3422 2899 3463 unus
2920 3416 3015 3463 aut
3038 3407 3176 3463 alius
3204 3410 3276 3462 ita
3308 3410 3452 3463 erui-

1857 3514 1965 3561 tur.
2000 3502 2071 3577 (e)
2101 3501 2399 3557 Massaliter
2433 3511 2559 3555 totze
2594 3500 2837 3556 ecclesia
2878 3500 3136 3555 tributum
3179 3499 3282 3553 sibi
3314 3500 3449 3554 irro-

1856 3604 2138 3669 gaverunt.
2195 3594 2391 3651 Nescio
2438 3592 2730 3650 dolendum
2775 3608 2842 3648 an
2891 3592 3320 3647 erubescendum
3357 3592 3447 3657 sit,

1858 3705 1978 3747 cum
2030 3690 2083 3745 in
2129 3687 2439 3744 matricibus
2496 3686 2566 3759 (f)
2606 3685 3070 3743 beneficiariorum
3117 3694 3172 3739 et
3217 3684 3457 3741 curioso-

1379 3802 1755 3860 LECTIONES
1790 3802 2205 3859 VARIANTES.

242 3910 291 3962 1)
326 3909 477 3961 Potes
497 3913 617 3962 Jun.

326 3910 832 4047 ξιῗῗιῗέρῗέῗίιιοβειπι-
859 3973 1011 4047 Bien-

240 4034 295 4163 ὃ)
331 4035 508 4109 Incutit
532 4034 727 4111 Obertlt.
755 4038 899 4089 semt.
917 4042 1059 4091 Pam.
1087 4038 1241 4092 Rhea.

241 4099 272 4146 4
328 4098 712 4151 misericordiam
758 4101 910 4153 Rhea.

1918 3920 1991 3987 (ξ)
2012 3918 2097 3987 _I_ta
2121 3915 2221 3981 Rig.
2240 3918 2467 3987 de_re_atu
2489 3917 2668 3987 irascar
2692 3917 3029 3987 etipimicum.
3049 3917 3237 3987 Pamel.

1916 3979 1987 4051 (6)
2012 3980 2073 4029 γ.
2102 3979 3027 4051 ρῷιιψλῑίδιὶοῃιιφ,ἱῃεςνκὶιᾚὶρᾳζι.;
3063 3982 3196 4033 abest
3241 3994 3274 4033 a
3308 3983 3452 4034 Pam.

1857 4040 2010 4096 Men.
2034 4040 2289 4107 cogitando
2309 4040 2525 4105 suppleri
2547 4040 2709 4106 iubet:
2735 4040 3111 4093 sententiarum.

1922 4106 1996 4169 (7)
2030 4106 2144 4156 Sua:
2167 4107 2311 4156 Pam.

1510 4208 2075 4268 COMMENTARIUS.

228 4326 313 4399 (a)
334 4324 644 4399 Antichristo
651 4327 768 4399 jam
795 4326 1035 4399 instante.
1065 4324 1213 4380 Haud
1256 4323 1409 4399 aliter
1431 4321 1596 4399 Iudas
1616 4338 1750 4399 Opus

154 4396 315 4454 suum
340 4399 390 4450 iu
421 4396 782 4452 hebdomadas
811 4397 1047 4454 Danielis
1069 4411 1237 4466 usque
1266 4396 1330 4449 ad
1356 4396 1620 4450 decimum
1647 4396 1746 4451 Se-

151 4470 271 4525 veri
323 4484 520 4523 annum
591 4469 921 4537 producens,
980 4471 1266 4523 adventum
1325 4467 1642 4522 Antichristi
1682 4481 1750 4521 eo

153 4551 403 4606 tempore
426 4540 737 4610 praedixisse
777 4540 1004 4596 videtur.
1036 4540 1241 4596 Refert.
1279 4538 1341 4594 B.
1404 4538 1758 4610 Hieronymus

152 4590 411 4667 sabaia.
427 4590 746 4680 ’ὲὲνῖρῐΪῖι
790 4590 1187 4681 Νἷὲἑᾷἱιζξὶῖὗξ
1210 4590 1313 4671 ’νῖ
1329 4590 1377 4664 δ.
1405 4590 1519 4664 ’δέζ
1540 4590 1624 4681 ἰιῖ
1643 4590 1757 4681 an
1783 4590 1836 4651 D

158 4682 359 4755 (inquit
408 4682 537 4755 ibid.
586 4683 647 4739 Β.
700 4680 965 4753 Hieron.),
995 4685 1197 4739 erroris
1237 4683 1504 4755 arguitur;
1530 4680 1623 4735 sed
1656 4680 1757 4736 hoc

157 4753 284 4810 ideo
313 4754 549 4823 scripsit,
586 4755 707 4826 quia
737 4755 1043 4826 magnitudo
1087 4753 1472 4824 persecutionis
1524 4766 1759 4822 prasen-

162 4837 274 4881 tem
300 4826 483 4880 mundi
512 4828 813 4881 minabatur
839 4843 1109 4882 occasum.
1134 4826 1268 4881 Pint.

235 4896 320 4970 (ιι)
347 4896 632 4970 Imaginem
682 4910 728 4951 et
770 4910 1019 4953 monetam
1072 4899 1254 4970 ipsius,
1278 4897 1331 4949 id
1373 4906 1466 4964 est,
1508 4895 1762 4970 [neminem

160 4960 516 5022 christianum.
558 4968 788 5031 Iguatius
814 4972 969 5037 epist.
1002 4969 1067 5023 ad
1093 4960 1461 5037 Magu'esianos'
1493 4986 1503 5021 :
1538 4960 1577 5023 ὀ
1603 4970 1762 5020 οεοσι-

157 5047 526 5110 εὶς-ἄνθρωπε,
555 5043 777 5108 stipis/sev
798 5046 887 5094 ὑπὸ
910 5051 993 5095 τοῦ
1016 5044 1121 5094 eis;
1151 5045 1389 5109 χαραχ9ιν
1442 5040 1561 5095 RIG.

233 5108 326 5166 CA
355 5107 392 5163 ⁷.
424 5110 561 5165 XIII.
605 5107 671 5152 4—
698 5110 771 5183 (c)
806 5110 1043 5183 Prtcdam
1079 5107 1223 5163 suam
1247 5112 1495 5177 aspiciens
1520 5109 1656 5173 dicit,
1690 5107 1771 5163 De

159 5193 310 5237 reatu
340 5193 432 5235 est.
465 5182 767 5243 Concussur
811 5182 1016 5237 scilicet
1050 5184 1313 5249 aspiciens
1358 5196 1625 5244 nummus,
1649 5184 1769 5250 qui-

162 5255 269 5309 bus
295 5256 528 5322 acceptis
548 5254 895 5308 christianum
927 5256 1029 5317 jam
1058 5253 1505 5320 coriipreliensuin
1531 5252 1761 5308 dimisit:

162 5324 281 5380 Hoc
309 5326 376 5378 de
401 5335 544 5381 reatu
571 5336 673 5390 est,
702 5326 890 5394 inquit.
926 5325 1051 5379 Haec
1097 5338 1321 5389 merces,
1351 5324 1538 5393 inquit,
1566 5324 1769 5376 dimissi

161 5411 194 5449 a
235 5412 331 5467 me
377 5399 641 5452 scelerati.
696 5396 807 5451 Hoc
866 5397 1091 5467 pretium
1136 5412 1268 5451 mea:
1324 5394 1773 5464 prawaricationis

162 5466 441 5539 perfidiagq
450 5483 533 5521 ue.

238 5538 325 5609 (d)
375 5536 592 5593 Pascam
648 5548 696 5593 et
750 5539 1027 5592 inimicum.
1088 5538 1259 5594 Verba
1311 5546 1434 5592 sunt
1488 5537 1766 5592 christiani

161 5612 445 5664 tractaturi
536 5625 699 5679 super
784 5611 1154 5678 redemptione
1223 5610 1645 5678 persecutionis,
1713 5618 1767 5663 et

166 5682 400 5735 oblaturi
450 5697 698 5737 nummos
743 5682 919 5746 militi,
974 5683 1055 5735 vel
1095 5682 1347 5745 delatori,
1401 5684 1485 5735 vel
1545 5680 1761 5735 inimico

164 5753 517 5823 concutienti.
555 5753 677 5807 Hmc
718 5764 893 5806 autem
936 5763 1088 5806 antea
1133 5762 1287 5808 erant
1330 5751 1755 5823 corruptissima.

166 5821 523 5879 Resutuimus
551 5840 617 5879 es
644 5824 736 5878 lib.
777 5823 977 5880 Ursini.
1012 5825 1128 5881 llic.

244 5893 323 5966 (ε)
356 5894 650 5951 Massaliter
674 5906 793 5951 totae
820 5896 1044 5951 ecclesiw
1080 5896 1319 5951 tributum
1358 5895 1453 5950 sibi
1496 5895 1756 5964 irrogave-

1851 4333 1991 4396 runt.
2042 4323 2196 4380 Serio
2244 4323 2491 4396 capitum,
2532 4322 2713 4396 juncta
2746 4333 2978 4396 massam
3001 4323 3452 4396 fecerevectiga-

1852 4394 1980 4450 lium
2012 4392 2442 4451 cbristiauorum.
2467 4395 2556 4449 Sic
2585 4393 2826 4464 Optatus,
2883 4394 2973 4449 lib.
3000 4392 3066 4459 ll,
3118 4394 3220 4450 sub
3251 4392 3406 4449 linem
3432 4415 3447 4453 :

1855 4464 1923 4521 Et
1943 4479 2109 4521 tamen
2136 4468 2229 4520 has
2252 4467 2419 4535 plebes
2448 4466 2680 4536 coegistis
2711 4468 2912 4535 ﬂectere
2940 4476 2985 4520 et
3016 4467 3262 4522 inclinare
3292 4468 3456 4521 cervi-

1866 4555 1967 4606 ces,
1998 4549 2044 4593 et
2070 4538 2196 4591 serie
2215 4537 2440 4606 capitum
2463 4538 2637 4605 iuncta
2662 4554 2881 4591 massam
2901 4538 3242 4603 penitentiam
3266 4541 3456 4607 facere.

3194 4610 3311 4665 llic.

1938 4680 2003 4753 (Γ)
2037 4680 2490 4753 Beneficiariorum
2536 4689 2597 4753 et,
2618 4681 2950 4734 curiosorum.
2985 4679 3323 4753 Beneﬁciarii
3370 4680 3456 4753 di:-

1864 4750 2122 4808 cebantur
2177 4750 2371 4807 milites
2432 4752 2693 4806 beneﬁcio
2759 4752 3021 4821 Principis
3069 4752 3329 4820 assumpti
3386 4750 3454 4805 ad

1867 4823 2040 4879 ofﬁcia
2071 4840 2166 4879 seu
2197 4824 2489 4878 ministeria
2519 4832 2683 4877 certa.
2730 4823 2913 4892 Itaque
2939 4824 3268 4894 apparebant
3296 4822 3453 4877 Prin-

1867 4897 1991 4964 cipi,
2023 4896 2285 4950 mundatis
2306 4894 2679 4963 exsequendis.
2702 4893 2777 4949 Ex
2800 4893 2984 4949 eorum
3014 4894 3201 4948 schola
3218 4910 3313 4950 seu
3333 4910 3457 4950 cor-

1870 4981 2001 5036 pore
2052 4977 2205 5021 eraut
2253 4968 2473 5029 curiosi,
2514 4980 2705 5020 cursus
2751 4965 2944 5034 publici
2982 4979 3125 5019 cura;
3166 4966 3459 5035 prapositi,

1913 5040 1962 5090 ui
1994 5048 2047 5091 et
2070 5040 2365 5091 stationarii
2397 5036 2712 5091 dicebantur
2736 5078 2749 5099 ,
2785 5052 2877 5102 per
2902 5036 3163 5091 stationes
3192 5037 3456 5105 dispositi.

1874 5054 1962 5162 Epit
1994 5054 2047 5091 et
2070 5054 2365 5091 Stationem
2397 5054 2712 5091 dicebantur
2736 5078 2749 5099 ,
2785 5054 2877 5102 per
2902 5054 3163 5091 srauones
3192 5054 3455 5105 utsposut.

1900 5124 1941 5161 IS
1965 5120 2141 5162 autem
2164 5109 2302 5162 inter
2322 5110 2631 5164 cmterahoc
2656 5108 2890 5160 numeris
2919 5106 3138 5177 iniungit
3164 5110 3241 5164 lett
3264 5107 3455 5177 prima,

1876 5182 1935 5235 C.
1965 5181 2030 5235 de
2059 5179 2326 5241 Curiosis,
2357 5190 2409 5231 ut
2440 5179 2654 5231 crimina
2696 5178 2947 5247 iudicibus
2975 5178 3462 5231 nuntianda~memi-

1876 5252 2065 5306 nerint.
2098 5252 2237 5321 Ergo
2266 5265 2481 5323 reorum
2501 5252 2738 5323 nomina
2766 5250 3129 5323 requirebant,
3155 5264 3216 5323 ac
3247 5248 3457 5323 defere—

1876 5324 2023 5384 bant,
2056 5318 2201 5391 ipSos
2225 5337 2345 5377 reos
2371 5320 2631 5391 sistebant
2659 5318 3007 5375 tribunalibus
3030 5334 3080 5374 et
3104 5318 3323 5391 judicio.
3357 5318 3460 5371 Ve-

1876 5402 1959 5447 tus
1991 5386 2210 5448 historia
2252 5393 2514 5461 passionis
2532 5390 2809 5446 Frucutosi
2841 5392 3073 5458 episcopi
3104 5386 3117 5441 ἐ
3152 5386 3457 5441 Direxerunt

1876 5464 2188 5532 beneﬁciarii
2213 5460 2265 5517 in
2291 5465 2496 5517 domum
2521 5464 2664 5531 ejus;
2694 5472 2747 5515 et
2774 5462 2931 5525 patilo
2962 5470 3080 5529 post
3114 5479 3124 5513 :
3151 5460 3243 5515 Cui
3276 5463 3460 5515 milites

1873 5538 2105 5589 dixerunt
2130 5554 2146 5588 :
2186 5535 2309 5590 Veni
2331 5578 2355 5597 μ
2383 5533 2578 5587 Prteses
2605 5544 2651 5588 te
2674 5535 2907 5595 accersit,
2937 5541 3039 5587 etc.
3074 5533 3313 5603 SCl’lpltll‘
3332 5545 3462 5587 ano-

1871 5622 2064 5678 nymus
2087 5610 2206 5661 vita
2227 5605 2596 5677 Chrysostomi
2618 5604 2755 5672 apud
2802 5604 3024 5678 Suidarn
3050 5621 3061 5655 :
3094 5608 3335 5669 ἰλχὸμννος
3369 5610 3459 5678 ora

1866 5674 1957 5735 τὸν
1987 5678 2255 5749 Κουρίςρσων
2276 5674 2357 5741 et}
2384 5679 2586 5737 πόλεωςζ
2617 5689 2663 5730 et
2698 5676 2835 5743 apud
2865 5674 3066 5730 Euseb.
3095 5680 3272 5726 Ilistur
3287 5675 3459 5730 eccle-

1864 5752 2015 5805 siast.
2047 5751 2137 5805 IlI).
2172 5750 2255 5811 ΙΧ,
2304 5765 2353 5804 C.
2390 5749 2424 5803 9
2458 5767 2469 5801 :
2502 5756 2861 5817 Βενῳικιαρίων
2913 5751 3061 5816 ὕϐρεις
3109 5768 3189 5797 καί
3239 5752 3457 5811 nupsi;

1862 5819 2166 5891 Imjusmodi
2212 5830 2388 5875 autem
2433 5817 2606 5872 ofﬁcia
2639 5822 2850 5891 tandem
2894 5818 2943 5871 in
2994 5817 3458 5891 praevaricationes

1860 5905 1913 5949 et
1932 5886 2150 5965 iapinas
2181 5903 2235 5949 et
2278 5891 2661 5947 concussiones
2706 5889 3121 5959 degeneravere,
3152 5886 3451 5941 conniven-
