4242 6492
782 393 887 449 119

2212 390 2667 449 TERTULLIANI

3988 396 4089 452 ηο

783 525 925 575 rum,
958 507 1033 580 (α)
1068 509 1205 564 iutcr
1228 506 1582 574 tabernarios,
1614 506 1879 573 ctlauios,
1904 516 1957 562 et
1987 506 2059 578 (b)
2094 505 2238 563 fures
2271 508 2382 560 bal-
2416 516 2461 573 Α
2492 506 2748 561 adversus
2772 521 2912 561 eam.
2941 504 3057 562 Non
3084 516 3233 576 potes
3257 508 3559 563 discurrere
3588 522 3685 578 per
3711 508 3995 578 singulos:
4022 515 4091 566 sit

781 619 1026 670 nearnm,
1058 604 1380 668 ctaleoncs,
1435 610 1492 657 et
1539 602 1780 667 lenones,
1830 600 2117 656 Christiani
2169 617 2381 671 quoque

784 698 1074 769 vectigales
1125 696 1489 752 continentur.
1567 696 1713 749 llanc
1768 696 2096 766 episcopatui
2156 694 2380 750 fortnam

784 790 1026 859 Apostuli
1075 789 1441 859 providentius
1481 787 1837 843 condiderunt
1866 788 1937 859 (c)
1981 799 2037 842 ut
2078 803 2243 857 regno
2284 802 2384 843 suo

780 882 955 936 securi
985 880 1086 936 frui
1112 880 1439 951 possentsnb
1463 880 1683 936 obtentu
1701 879 2018 950 procurandi
2039 878 2139 952 (I).
2162 878 2385 934 Scilicet

782 974 926 1029 enim
953 973 1031 1045 (tl)
1064 972 1221 1028 talem
1245 987 1431 1042 pacem
1456 970 1703 1027 Christus
1724 971 1790 1025 ad
1811 971 2020 1026 Patrem
2048 970 2380 1041 regrediens,

788 1063 1064 1119 mandavit
1090 1078 1121 1117 a
1152 1062 1413 1119 militibus
1439 1078 1536 1133 per
1562 1061 1893 1117 saturnalitia
1921 1061 2307 1118 redimendam.

1376 1152 1608 1210 CAPUT
1647 1152 1791 1209 XIV.

856 1247 930 1320 (ε)
975 1247 1081 1304 Sed
1113 1247 1385 1318 quomodo
1430 1248 1788 1318 colligemus,
1842 1248 2017 1317 inquis
2047 1289 2062 1314 ,
2113 1249 2384 1318 quomodo

783 1340 1051 1397 dominica
1099 1339 1359 1396 solemnia
1406 1340 2056 1411 celebrabitnus?Utiqne
2112 1341 2383 1411 quomodo

783 1444 839 1488 et
889 1433 1163 1503 Apostoli;
1220 1432 1345 1496 ﬁde,
1379 1447 1484 1487 non
1536 1432 1761 1503 pecunia
1801 1433 1930 1497 tuti;
1987 1449 2105 1503 quae
2151 1434 2285 1489 ﬁdes
2336 1434 2380 1488 si

784 1535 1024 1581 montem
1102 1526 1396 1580 transferre
1461 1536 1678 1594 potest,
1758 1524 1927 1581 multo
1999 1526 2169 1595 magis
2246 1525 2383 1580 mili-

785 1627 916 1674 tetu.
948 1619 1076 1675 Esto
1102 1617 1389 1690 sapientia,
1432 1635 1537 1673 non
1584 1622 1803 1688 prtemio
1844 1628 2053 1676 cautus.
2101 1621 2168 1691 (ί)
2202 1619 2384 1691 Neque

789 1712 934 1766 enim
966 1714 1150 1766 Statim
1181 1723 1235 1767 et
1265 1727 1292 1765 a
1334 1711 1531 1782 popqu
1561 1712 1671 1767 eris
1706 1722 1871 1777 tutus,
1902 1715 1947 1766 si
1985 1714 2158 1768 cilicia
2189 1713 2384 1768 milita-

786 1804 862 1858 ria
920 1805 1236 1859 redemeris.
1294 1803 1407 1860 Una
1456 1820 1586 1877 ergo
1614 1805 1709 1859 tibi
1736 1815 1790 1859 et
1818 1804 1943 1869 fide,
1986 1814 2042 1860 ct
2083 1806 2379 1876 sapientia,

2489 598 2580 651 tibi
2624 609 2677 653 et
2721 600 2771 653 in
2814 599 2983 653 tribus
3013 599 3273 655 Ecclesia.
3309 599 3387 671 (li)
3420 599 3610 655 Melius
3638 611 3720 656 est
3747 604 3945 657 turbas
3975 614 4090 659 tuas

2487 690 2777 759 aliquando
2822 704 2928 745 n0n
2984 690 3185 755 videas,
3219 705 3375 759 quam
3407 691 3647 747 adtlicas.
3674 692 3841 748 Serva
3877 696 4092 751 Christo

2487 784 2749 853 virginem
2776 799 3047 853 sponsam.
3082 783 3253 839 Nemo
3282 796 3547 853 qua:stum
3568 788 3633 840 de
3657 802 3717 839 ea
3744 788 3928 842 faciat.
3960 788 4083 844 Ilzec

2489 875 2604 939 tibi,
2648 875 2831 941 frater,
2866 878 2999 931 dura
3033 875 3252 930 forsitan
3305 888 3357 931 ct
3407 877 3764 933 intolerabilia
3816 880 4087 935 videntur.

2487 969 2594 1024 Sed
2623 971 2792 1025 recita
2828 970 2997 1025 Deum
3022 970 3223 1025 dixisse
3257 990 3268 1023 ε
3307 971 3406 1037 Qui
3447 973 3617 1040 capit,
3643 973 3816 1042 capiat
3860 973 4085 1042 (Manli.

2488 1062 2682 1127 XXIX,
2716 1062 2827 1132 12);
2853 1062 2904 1119 id
2932 1074 3033 1129 est,
3058 1064 3148 1133 qui
3180 1081 3284 1118 non
3302 1066 3463 1134 capit,
3490 1064 3751 1121 discedat.
3774 1067 3893 1121 Non
3917 1077 4097 1137 potest

2486 1155 2579 1226 qui
2620 1157 2727 1227 pati
2769 1158 2941 1221 timet,
2972 1158 3089 1226 ejus
3115 1171 3236 1212 esse
3260 1159 3348 1228 qui
3380 1173 3568 1226 passus
3598 1169 3703 1214 est.
3734 1161 3803 1213 At
3844 1163 3940 1231 qui
3986 1162 4094 1230 pati

2490 1263 2594 1303 tton
2625 1249 2816 1313 timet,
2844 1248 2942 1303 iste
2975 1247 3249 1319 perfectus
3297 1251 3401 1304 erit
3442 1251 3493 1304 in
3537 1252 3862 1321 dilectione,
3911 1254 4095 1323 utique

2490 1340 2602 1395 Dci.
2631 1338 2867 1411 Perfecta
2895 1340 3029 1394 enim
3050 1341 3255 1394 dilectio
3286 1346 3427 1411 foras
3450 1342 3602 1395 mittit
3632 1344 3874 1397 timorem
3903 1345 4090 1415 (Joan.

2486 1432 2577 1499 IV,
2612 1432 2723 1503 18).
2755 1432 2817 1485 Et
2834 1433 2948 1489 ideo
2965 1434 3113 1487 multi
3135 1435 3488 1503 t'ocati.pauci
3504 1436 3648 1489 electi
3662 1436 3880 1505 (Matth.
3920 1437 4090 1505 XXII,

2489 1525 2602 1594 14).
2634 1524 2753 1579 Non
2779 1527 3027 1596 quaeritur
3064 1528 3151 1596 qui
3195 1528 3354 1581 latam
3409 1528 3541 1581 viam
3571 1530 3711 1597 sequi
3742 1540 3958 1598 paratus
4005 1531 4091 1595 sit,

2485 1621 2574 1676 sed
2610 1621 2697 1691 qui
2721 1610 2988 1691 angustam
3014 1620 3225 1691 (Matth.
3262 1620 3368 1686 \‘ll,
3396 1622 3501 1686 15;
3534 1620 3686 1685 Luc.,
3718 1621 3857 1682 XIII.
3890 1622 4006 1691 ‘24).
4030 1624 4097 1679 Et

2488 1714 2611 1769 ideo
2660 1712 2967 1768 Paracletus
3017 1714 3358 1767 necessarius
3388 1712 3651 1767 deductor
3682 1716 3928 1769 omnium
3956 1718 4097 1771 veri-

2489 1815 2679 1870 tatum,
2712 1804 3027 1860 exhortator
3046 1806 3286 1859 omnium
3317 1806 3722 1862 tolerantiarum
3758 1826 3770 1860 :
3809 1823 3977 1878 quem
4007 1810 4098 1879 qui

784 1895 853 1951 ad
884 1894 1105 1953 tutelam
1124 1910 1257 1965 opus
1276 1905 1361 1951 est
1388 1914 1399 1949 :
1428 1896 1624 1964 quibus
1648 1910 1753 1951 non
1776 1895 2051 1961 adhibitis,
2072 1896 2384 1967 ctredemp-
2414 1912 2463 1971 Β
2492 1910 2807 1969 receperunt
2827 1940 2843 1965 ,
2874 1914 3047 1969 neque
3075 1898 3260 1968 fugere
3293 1901 3771 1969 persecutionem,
3806 1918 3985 1976 neque
4017 1921 4099 1958 re-

786 1995 987 2045 tioncm
1019 1998 1162 2044 tuam
1195 1999 1348 2060 potes
1381 1988 1643 2058 perdere;
1669 1988 1946 2056 adhibitis,
1980 1988 2118 2043 haud
2143 1990 2385 2063 redemp-

787 2082 986 2136 tionem
1009 2079 1338 2147 desiderare.
1366 2079 1648 2135 Postremo
1670 2080 1714 2135 si
1735 2081 1994 2151 colligere
2022 2083 2258 2139 interdiu
2276 2099 2382 2138 non

783 2182 960 2243 potes,
988 2172 1066 2245 (g)
1105 2172 1274 2229 habes
1306 2181 1538 2239 noctem,
1580 2172 1700 2229 luce
1743 2169 1945 2230 Christi
1988 2176 2251 2232 luminosa
2297 2176 2377 2249 (ἓ)

2490 1992 2696 2047 dimere
2727 2001 3012 2057 noverunt,
3045 1991 3304 2046 habentes
3327 1991 3502 2061 ipsum
3532 1992 3623 2061 qui
3656 2008 3753 2061 pro
3787 1993 3944 2048 nobis
3972 1996 4097 2060 erit,

2490 2088 2627 2141 sicut
2651 2084 2928 2141 locuturus
2952 2084 3002 2139 in
3031 2083 3480 2155 interrogatione,
3506 2084 3878 2155 itajuvaturns
3907 2086 3961 2141 in
3989 2103 4104 2159 pas-

2488 2193 2660 2234 SIODC.

1996 2293 2375 2352 LECTIONES
2414 2293 2830 2351 VARIANTES.

847 2412 930 2478 (t)_
955 2412 1265 2465 A.Nemuler
1288 2410 1417 2478 conj.
1456 2425 1501 2465 υ.
1530 2424 1702 2473 pacem
1738 2411 1819 2463 hic
1864 2410 2107 2467 excidisse
2143 2428 2201 2466 ac
2246 2412 2385 2465 resti-

781 2474 1013 2525 tuendam
1036 2487 1156 2527 esse.

2561 2413 2633 2478 (2)
2677 2413 2809 2463 Luce
2833 2412 3009 2478 Christi
3035 2411 3260 2478 luminosi
3289 2408 3434 2459 alien.
3466 2408 3745 2460 —Noctem
3778 2408 3891 2459 luce
3913 2408 4104 2460 Christi

2494 2474 2782 2527 lutiiinosatn
2806 2474 2915 2526 cod.
2950 2477 3121 2526 Urs.et
3152 2476 3335 2525 Wouw.

2140 2581 2701 2641 COMMENTARIUS.

782 2693 924 2749 tibus
941 2696 1251 2766 plerumque
1268 2693 1545 2756 hominum
1565 2696 1919 2763 pessimorum
1940 2697 2261 2766 improbitati
2287 2697 2373 2754 be-

784 2766 1074 2821 neliciariis
1098 2777 1150 2821 et
1188 2767 1437 2821 curiosis.
1465 2766 1595 2821 Nam
1619 2774 1674 2822 et
1696 2767 1793 2835 ipsi
1816 2768 2160 2837 pensionibus
2179 2771 2373 2824 annuis

783 2846 878 2909 aut
920 2838 1209 2893 menstruis
1251 2839 1521 2909 corrupti,
1556 2838 2003 2903 tabernariornm,
2033 2855 2331 2909 ganeunum
2354 2883 2369 2905 ,

782 2908 981 2971 furum,
1018 2909 1270 2963 lenonum
1298 2908 1501 2964 scelera
1541 2909 1949 2965 dissimulabant
1982 2929 1995 2974 ;
2033 2908 2101 2966 ita
2140 2921 2199 2966 ut
2227 2912 2372 2966 domi

784 2990 1067 3051 servarent
1105 2980 1412 3051 matriculas
1435 2980 1665 3048 turpium
1710 2982 2011 3050 hnjusntodi
2046 2985 2371 3051 pactionum.

781 3048 918 3105 Cum
949 3050 1105 3125 igitur
1130 3062 1184 3105 et
1215 3051 1265 3105 in
1295 3050 1629 3125 Christianos
1656 3048 1901 3106 mandata
1937 3048 2231 3125 principum
2262 3055 2375 3108 sive

786 3121 1168 3189 proconsulum
1214 3133 1307 3176 aut
1360 3122 1646 3190 praesidum
1677 3121 2016 3190 tanquam—iu
2048 3121 2380 3180 facinorosos

785 3194 985 3247 atrocia
1016 3203 1463 3265 exsequerentur,
1496 3194 1708 3247 tandem
1728 3204 1781 3247 et
1801 3196 1919 3250 istis
1944 3194 2386 3265 Cbristiauiquo-

783 3278 888 3330 que
919 3265 1172 3333 pecunias
1195 3263 1361 3333 pactis
1390 3265 1737 3331 pensionibus
1765 3281 2051 3320 numerare
2080 3263 2379 3332 cmperitnt.

783 3332 899 3388 lloc
921 3332 1219 3402 Septimius
1251 3335 1454 3388 nomini
1483 3335 1777 3406 christiano
1804 3346 1959 3406 turpe
1987 3352 2051 3391 ac
2077 3337 2379 3406 pudendum

784 3419 909 3459 esse
935 3407 1040 3467 ait,
1086 3407 1136 3459 in
1180 3406 1494 3461 matricibus
1522 3405 1990 3461 beneficiariorinu
2041 3405 2094 3463 et
2139 3410 2382 3464 curioso-

784 3491 930 3542 rum,
961 3477 1099 3532 inter
1127 3491 1401 3547 ganeones
1420 3488 1475 3531 et
1501 3476 1666 3544 fures,
1690 3489 1745 3533 et
1768 3479 2123 3546 tabernarios,
2152 3490 2205 3535 et
2231 3480 2376 3537 leuo-

786 3561 905 3615 nes,
937 3547 1272 3604 Christianos
1299 3564 1513 3619 quoque
1546 3550 1838 3620 vectigales
1864 3552 2096 3605 censeri.
2131 3551 2249 3605 lite.

861 3641 936 3713 (a)
970 3641 1115 3695 Inter
1151 3642 1496 3707 tabernarios,
1522 3650 1569 3695 et
1598 3643 1782 3696 lanios.
1826 3642 2112 3697 Lauiornm
2146 3643 2380 3698 tabernae

786 3712 840 3766 in
872 3712 1195 3781 scriptorum
1240 3713 1587 3766 monimentis
1611 3715 1971 3781 reperiuntur.
2021 3714 2087 3769 Et
2116 3715 2285 3769 lanios
2324 3715 2377 3769 itt

782 3785 1066 3841 matricnla
1099 3786 1529 3856 tabernariorttm
1550 3787 1786 3840 ceusitos
1814 3800 1972 3840 nemo
1997 3786 2236 3856 ambigit.
2270 3786 2375 3841 Ita-

782 3870 887 3924 que
917 3856 1235 3911 mendosum
1280 3870 1400 3910 esse
1448 3854 1712 3916 videatur,
1765 3856 1907 3926 quod
1950 3858 2037 3913 hic
2082 3854 2372 3927 separatim

782 3935 1056 3998 notantur.
1101 3929 1258 3983 Certe
1307 3929 1357 3981 in
1403 3927 1803 3996 exemplaribus
1853 3930 2088 3998 antiquis
2113 3930 2370 3997 scriptum

779 3996 947 4052 fuisse
962 3999 1146 4067 janeos
1171 4009 1231 4069 et
1246 4000 1453 4065 juueos,
1487 4007 1712 4053 testatur
1734 3996 2059 4065 Rhenanus;
2092 3996 2243 4068 quasi
2271 4015 2366 4069 ga-

782 4083 915 4139 neas
940 4070 1159 4139 dixerit
1213 4068 1505 4139 Septimius
1559 4084 1657 4137 pro
1697 4070 2048 4137 ganeouibus.
2090 4070 2182 4126 Sic
2224 4068 2367 4126 enim

780 4138 874 4193 lib.
910 4138 953 4193 ll
980 4141 1044 4193 ad
1081 4138 1347 4203 Uxorem,
1384 4142 1619 4194 taberne
1641 4141 2118 4210 adjunxitganeam
2141 4160 2153 4196 :
2179 4142 2369 4197 Audiat

779 4226 922 4271 sane.
954 4212 1142 4281 inquit,
1175 4212 1350 4265 audiat
1386 4211 1581 4279 aliquid
1610 4211 1672 4264 de
1694 4227 1843 4266 scena
1866 4253 1881 4278 ,
1922 4212 1985 4266 de
2025 4214 2263 4276 taberna,
2306 4214 2369 4268 de

778 4299 960 4351 ganea.
1000 4284 1140 4352 quod
1190 4284 1243 4337 in
1293 4283 1524 4352 vulgatis
1551 4283 1877 4339 editiouibus
1901 4283 2247 4353 depravatum
2279 4300 2369 4339 an-

782 4366 864 4408 tea
913 4353 1222 4424 legebatur,
1281 4354 1350 4408 de
1397 4370 1609 4424 geenna.
1658 4353 1723 4424 Et
1768 4355 2039 4409 Ammiaui
2078 4355 2367 4411 Marcellini

779 4424 874 4478 lib.
909 4423 1147 4488 XXVIII,
1181 4426 1268 4479 ubi
1299 4423 1511 4494 legitur,
1539 4441 1630 4493 per
1651 4423 1815 4479 lanas
1846 4436 1890 4480 et
1921 4428 2034 4495 [ora
2082 4427 2363 4492 clamitant,

777 4495 1102 4566 legendum,
1136 4512 1223 4562 per
1271 4512 1458 4565 ganeas
1516 4506 1563 4549 et
1608 4500 1741 4566 fora.
1786 4495 2169 4553 Verumtamen
2198 4541 2213 4563 ,
2243 4514 2364 4553 cum

777 4565 922 4621 illius
964 4566 1063 4621 invi
1093 4566 1429 4621 Christianos
1462 4565 1662 4620 tantum
1695 4568 1763 4619 ab
1804 4570 2064 4637 sanguine
2091 4579 2147 4624 et
2173 4585 2368 4624 cruore

776 4638 1125 4693 abhorruisse
1171 4640 1429 4701 sciamus,
1485 4647 1544 4691 ut
1595 4639 1756 4692 etiam
1814 4640 2011 4695 botulis
2066 4650 2119 4695 et
2156 4642 2367 4695 caeteris

776 4707 1080 4776 hujusmodi
1138 4710 1330 4763 eduliis
1373 4708 1764 4763 studiosissime
1807 4711 2163 4778 abstinerent,
2212 4712 2367 4766 facile

775 4778 907 4831 tnibi
944 4779 1255 4848 persuaderi
1283 4782 1474 4849 patiar,
1498 4778 1891 4834 Tertullianuut
1920 4781 2023 4836 hoc
2040 4782 2162 4836 loco
2194 4783 2365 4837 lanios

772 4851 843 4903 ab
890 4852 1128 4920 generali
1182 4852 1607 4907 tabernariorum
1659 4852 2019 4920 appellatione
2063 4853 2360 4918 exemisse,

2481 2703 2561 2754 καὶ
2586 2706 2670 2761 τὰς
2692 2705 2846 2761 nstruit;
2869 2715 2956 2753 τῶν
2979 2697 3467 2765 ὶματιιρυ).αιττὸντων
3483 2698 3796 2755 χαίταισι-ὕας,
3813 2693 3939 2762 quid
3958 2699 4069 2764 refe
4084 2726 4099 2738 -

2481 2788 2589 2824 ram
2626 2779 2869 2838 praeterea
2897 2769 3182 2837 paltcstras,
3219 2778 3263 2819 et
3295 2782 3585 2838 communes
3605 2766 3966 2838 capsariorum
3998 2784 4096 2835 ap-

2482 2837 2717 2911 paratus?
2734 2840 2945 2907 Legnnt
2971 2840 3056 2911 hic
3084 2837 3743 2911 nonnnl“balneariorum,
3766 2837 3912 2905 quod
3947 2838 4095 2892 idem

2480 2908 2584 2977 est,
2607 2929 2766 2983 quam
2792 2913 2925 2965 visin
2953 2910 3130 2967 Gloss.
3153 2908 3239 2963 fur
3262 2908 3586 2976 balnearins,
3602 2911 4093 2979 {adiuvetuxlixtnp

2484 2983 2559 3039 LE
2594 2985 2687 3037 Ρη.

2561 3056 2635 3126 (ν)
2671 3054 2738 3109 Ut
2761 3070 2916 3126 regno
2946 3070 3039 3109 suo
3066 3054 3231 3108 securi
3257 3053 3359 3120 frui
3382 3060 3586 3122 possent
3617 3050 3708 3104 sub
3737 3050 3949 3126 obtentu
3982 3068 4099 3121 pro-

2486 3123 2727 3179 curandi.
2760 3125 2877 3180 Jaut
2906 3127 3249 3193 epist-opulus
3276 3125 3325 3177 in
3358 3138 3581 3190 regnum
3600 3123 3876 3189 surgebat,
3905 3124 3956 3175 si
3983 3139 4100 3177 cre-

2486 3196 2663 3251 dimus
2706 3196 2967 3265 Septimio
2990 3236 3005 3255 .
3040 3197 3301 3265 adversus
3330 3194 3626 3248 Ecclesiam
3658 3207 3942 3265 romanam
3974 3195 4096 3248 sive

2485 3262 2808 3323 catholicam
2838 3267 3117 3321 scribenti.
3142 3264 3283 3320 Sine
3312 3265 3652 3318 Amtniamun
3707 3262 4094 3317 Marcellinum

2488 3340 2708 3393 minime
2736 3338 3011 3403 audirem,
3050 3338 3244 3391 talibus
3269 3346 3386 3390 orta
3417 3334 3691 3403 principiis
3715 3333 3856 3387 libro
3886 3333 4096 3388 XXVII

2487 3419 2818 3474 narrantem,
2872 3409 2973 3464 nisi
3027 3408 3248 3477 Sulpicii
3294 3406 3482 3463 Severi
3531 3407 3795 3472 supremis
3828 3404 4097 3462 Historia:

2487 3497 2652 3537 sacrtc
2683 3484 2858 3534 verbis
2884 3483 3046 3535 etiam
3077 3479 3341 3533 atrociora
3366 3477 3727 3532 traderentur.
3762 3476 3882 3531 “t6.

2560 3554 2637 3623 (tl)
2670 3551 2847 3605 Talem
2878 3568 3053 3622 pacem
3082 3549 3316 3623 Christus
3356 3550 3621 3623 mandavit
3648 3565 3685 3623 a_
3705 3548 3958 3602 militibus
4004 3568 4099 3617 per

2487 3617 2812 3677 saturnalitia
2857 3617 3226 3675 redimendam.
3292 3621 3400 3673 Ant
3440 3617 3779 3672 scribendum
3832 3629 4096 3673 saturna-

2486 3695 2577 3757 lia,
2637 3703 2732 3747 aut
2772 3693 3054 3747 dicendum
3101 3692 3434 3745 saturnalitia
3484 3705 3703 3744 munera
3760 3690 4093 3757 significari,

2482 3781 2603 3835 quae
2635 3764 2985 3818 saturnalitia'.
3010 3763 3343 3818 celebritatis
3364 3760 3651 3835 occasione
3677 3761 3946 3835 militibus
3968 3763 4093 3835 sive

2480 3830 2655 3892 ofticia
2685 3837 2779 3891 lib.
2812 3835 3145 3905 procnusulis
3178 3844 3269 3889 aut
3298 3831 3540 3903 pratsidis
3581 3830 3871 3905 Christiani
3896 3834 4096 3890 mitte—

2479 3907 2608 3962 bant
2635 3949 2650 3971 ,
2684 3918 2742 3962 ut
2770 3904 2865 3963 eus
2895 3907 3156 3962 haberent
3182 3909 3451 3976 :equiorcs
3498 3914 3553 3958 et
3576 3904 4092 3976 elementioresuu

2478 3979 2780 4034 Saturnalia
2813 3994 3096 4033 munerum
3136 3987 3191 4032 et
3222 3973 3527 4033 strenarum
3556 3974 3672 4030 dies
3700 3973 3870 4029 fuere.
3928 3975 4095 4031 Unde

2473 4051 2600 4109 illud
2625 4049 2897 4112 Martialis,
2926 4048 2993 4102 IV
3034 4064 3049 4103 :

2690 4135 2964 4185 Saturnalia
2988 4134 3302 4185 fructuosiora

2690 4200 2847 4249 Annis
2869 4211 2969 4247 non
2990 4199 3160 4247 habuit
3176 4196 3352 4247 decem
3375 4193 3621 4245 Sabellus.

2542 4283 2697 4340 CAP.
2731 4281 3027 4355 Xlll.—(e)
3058 4282 3163 4355 Sed
3188 4281 3440 4355 quomon
3479 4281 3808 4355 colligemus?
3836 4289 3951 4344 Πῶς
3981 4309 4091 4338 συν-

2469 4364 2670 4425 έξομςν;
2694 4357 2929 4417 Ιτίηίιθυε,
2954 4352 3043 4408 lib.
3062 4354 3286 4422 lll,cap.
3310 4355 3374 4409 3:
3398 4352 3765 4421 Confundimus
3792 4370 3984 4409 omnes
4006 4374 4091 4409 eos

2470 4432 2555 4498 qui
2582 4445 2781 4501 quoquo
2804 4428 2955 4501 modo
2978 4427 3052 4479 vel
3080 4442 3169 4501 per
3195 4426 3274 4478 sui
3302 4426 3608 4501 placentium
3632 4425 3838 4501 malam,
3879 4428 3971 4479 vel
4002 4444 4093 4480 ra-

2472 4496 2843 4568 nam‘gloriam,
2860 4500 2937 4553 vel
2949 4515 3037 4569 per
3050 4498 3322 4569 cwcitatent
3340 4506 3384 4549 et
3398 4496 3585 4569 malam
3599 4497 3896 4569 sententiam
3909 4538 3926 4560 ,
3947 4516 4091 4565 prie.

2472 4564 2698 4639 terqu‘am
2739 4564 3236 4638 Oportet'collignnt.
3268 4566 3493 4639 Optatus
3530 4567 3622 4620 lib.
3646 4566 3690 4620 ll
3724 4584 3734 4618 :
3771 4564 3897 4620 Non
3945 4564 4089 4623 enim

2469 4638 2597 4712 grex
2630 4652 2716 4694 aut
2745 4642 2965 4711 populus
3010 4639 3308 4708 appellandi
3344 4638 3563 4712 fuerant
3612 4639 3781 4712 pauci,
3814 4640 3910 4712 qui
3948 4641 4089 4712 inter

2471 4709 2822 4781 quadraginta»
2843 4722 2890 4765 et
2917 4713 3055 4780 quod
3081 4712 3303 4764 excurrit
3334 4710 3592 4775 basilicas,
3622 4710 3787 4763 locum
3812 4709 3899 4762 ubi
3929 4711 4089 4765 calli-

2471 4796 2645 4853 gerent
2667 4801 2766 4836 non
2790 4784 3055 4836 habebant.
3092 4781 3211 4837 th.

2545 4854 2609 4927 (I)
2643 4854 2820 4927 Neque
2840 4856 2973 4927 enim
2995 4854 3164 4907 statim
3196 4864 3248 4927 e_t_
3270 4850 3810 4927 ηᾲρορυΙα-ιιιωε-ενξε
3834 4894 3847 4915 ,
3886 4853 3942 4905 si
3967 4856 4087 4925 σπῖ-

772 4935 880 4990 quo
909 4922 1077 4994 magis
1104 4923 1325 4993 negotii,
1349 4922 1417 4977 de
1446 4938 1554 4994 quo
1580 4922 1774 4993 agitur,
1800 4920 2097 4979 foeditatem
2138 4924 2363 4981 cxtolle-
2392 4934 2444 4994 1)
2470 4920 2563 4979 cia‘
2578 4920 2823 4979 militaria
2855 4926 3147 4979 redemeris.
3210 4924 3325 4978 Etsi
3356 4924 3590 4977 nuntmis
3617 4924 3810 4977 oblatis
3836 4920 4089 4981 concus-

771 5001 873 5045 ret.
914 4993 1033 5050 llic.

847 5063 925 5135 (b)
960 5064 1124 5121 Fures
1169 5065 1466 5120 balnearum
1498 5082 1514 5120 :
1544 5065 1699 5135 Apol.
1732 5065 1801 5121 44
1821 5107 1836 5132 ,
1874 5065 2126 5121 dicuntur
2174 5068 2354 5122 lavan-

771 5134 1209 5208 ιὶιιιηρνωιίοηεε.
1235 5136 1454 5192 Infantis
1488 5134 1788 5193 habebatur
1807 5138 1969 5208 Amiles
1992 5138 2045 5193 in
2069 5137 2213 5193 furto
2242 5140 2328 5195 bal
2343 5171 2358 5181 ο

772 5206 957 5261 neario
984 5208 1382 5275 deprehensus.
1411 5209 1448 5263 l.
1486 5210 1578 5264 lin.
1614 5210 1673 5263 D.
1704 5209 1770 5262 de
1797 5206 1903 5263 fur.
1928 5220 2077 5264 noct.
2109 5210 2191 5264 vel
2213 5212 2353 5266 balu.

768 5276 967 5351 Contra
1005 5279 1122 5333 illas
1152 5280 1375 5351 injurias
1405 5278 1795 5335 adhibebantur
1833 5282 1972 5334 servi
2014 5282 2102 5351 qui
2126 5279 2357 5350 Capsarii

769 5346 1287 5421 sitiet/«mgnus;
1317 5349 1587 5421 dicuntur,
1616 5352 1815 5421 quique
1839 5352 1959 5407 aliis
1978 5346 2139 5406 etiam
2174 5346 2356 5409 usibus

767 5420 1098 5493 serviebant.
1139 5421 1333 5485 Pattll.,
1363 5421 1400 5475 1.
1435 5420 1522 5487 111,
1546 5422 1613 5477 de
1635 5420 1728 5477 off.
1760 5422 1913 5493 pnef.
1944 5426 2046 5493 vig.
2073 5421 2225 5480 Unde
2252 5423 2355 5479 Lu-

764 5494 951 5549 cianus
975 5492 1185 5565 Hippia,
1204 5500 1271 5547 Τί
1296 5498 1354 5547 ἄν
1378 5515 1455 5551 act
1494 5497 1574 5549 ἐπὶ
1597 5492 2011 5565 “ﬁrmabat/At,
2034 5501 2351 5567 παλαίστρας,

2474 5012 2625 5052 sores
2657 4998 2775 5051 illos
2803 5038 2816 5059 ,
2848 4995 3215 5051 beneficiarios
3240 5005 3296 5050 et
3321 4996 3565 5049 curiosos
3595 4994 3899 5063 placaveris
3932 5037 3948 5058 ,
3989 5014 4087 5065 pzt-

2463 5083 2691 5137 cemquc
2742 5070 2810 5121 ab
2862 5069 2923 5122 iis
2975 5067 3291 5138 redemeris,
3348 5082 3453 5121 non
3496 5067 3675 5121 statim
3728 5074 3783 5119 ct
3816 5081 3845 5118 a
3884 5070 4085 5138 populi

2464 5136 2692 5194 furentis
2716 5140 2863 5194 rabie
2896 5148 3038 5193 tutus
3066 5139 3193 5193 eris.
3230 5136 3349 5192 th.

2540 5210 2615 5283 (tt)
2653 5210 3047 5283 Ilabesnoctent
3074 5210 3184 5263 luce
3207 5206 3400 5283 Christi
3423 5209 3745 5263 luminosam.
3792 5206 3900 5283 Sic
3932 5211 4082 5265 liber

2465 5280 2665 5338 Ursnti.
2698 5282 2853 5349 Quod
2880 5283 3145 5351 sequitur,
3166 5281 3410 5335 adversus
3439 5297 3569 5346 eam,
3607 5295 3765 5350 prave
3791 5280 4080 5338 insertum

2459 5352 2667 5409 detrahi
2700 5355 2876 5409 velim.
2905 5354 3024 5409 Ric.

2533 5425 2615 5495 (lt)
2645 5424 2828 5478 Melius
2849 5435 2921 5478 est
2942 5425 3116 5479 turbas
3138 5433 3249 5478 tuas
3270 5423 3545 5492 aliquando
3568 5438 3668 5495 non
3694 5423 3894 5492 videas,
3912 5443 4079 5495 quam

2458 5493 2689 5551 addicat.
2722 5494 2923 5568 Nempe
2953 5496 3244 5553 tributaritc
3274 5496 3537 5551 servituti.
3571 5493 3693 5551 th.

2070 5751 2716 5781 ρ-ὒ-κ.
