4242 6492
252 357 359 417 121

1283 356 1652 414 ADVERSUS
1691 352 2068 414 GNOSTICOS
2104 353 2503 414 SCORPIACE.

3459 360 3565 417 ηε

208 493 3582 523 ᾖ

716 617 1085 704 QUINTI
1145 617 1631 689 SEPTIMII
1675 617 2304 693 FLORENTIS
2365 622 3112 698 TERTULLIANI

355 814 1217 924 ADVERSUS
1353 812 1845 923 GNOSCI

1954 814 2248 924 'COS
2372 819 3253 933 SCORPIACE
3334 827 3413 898 (⁸)

1699 1028 2177 1070 -οοο-.-

855 1144 1249 1198 Ancum-2mm.

257 1233 534 1292 Cnosticos
577 1236 839 1303 adoritur,
903 1238 989 1306 qui
1043 1237 1344 1308 martyrium
1392 1236 1669 1291 tollebant:
1721 1236 1862 1291 illius

334 1328 601 1381 utilitatem
662 1328 1101 1398 necessitatemque
1171 1328 1371 1397 probat.
1422 1326 1698 1399 Scorpiace
1760 1329 1863 1382 sive

334 1420 672 1489 Scorpiacam
717 1419 841 1473 liber
884 1421 965 1473 hic
994 1431 1232 1486 vocatur,
1259 1421 1498 1490 quoniam
1529 1419 1862 1489 Scorpiorum

329 1513 382 1566 in
414 1529 603 1566 morem
649 1512 862 1567 latenter
905 1513 1298 1585 simplicioribus
1341 1513 1675 1584 imponerent,
1719 1514 1858 1568 dice-

337 1609 555 1675 bantque
581 1606 743 1661 Deum
769 1608 1072 1679 sanguinem
1117 1607 1521 1662 Christianorum
1551 1623 1652 1660 non
1697 1608 1856 1676 sitire,

331 1717 421 1755 nec
449 1699 706 1756 Christum
735 1701 797 1754 de
823 1711 983 1755 morte
1007 1709 1180 1754 nostra
1200 1701 1415 1754 salutem
1437 1709 1745 1768 exspectare.

1314 1791 1472 1846 Ent'r.
1508 1791 1716 1847 Vester.

803 1892 1036 1950 CAPUT
1085 1892 1375 1950 PRIMUM.

325 1991 574 2061 Magnum
604 1990 671 2046 de
706 1990 918 2046 modico
961 1991 1158 2046 malum
1209 1991 1287 2061 (ὁ)
1317 1991 1557 2061 scorpios
1597 1995 1613 2061 (
1628 1991 1678 2064 1)
1719 2002 1857 2050 terra

247 2093 553 2156 suppurat:
597 2093 677 2139 tot
713 2098 916 2139 venena
941 2126 955 2151 ,
999 2093 1131 2153 quot
1183 2098 1379 2152 genera
1415 2083 1531 2153 (2);
1563 2089 1643 2139 tot
1675 2086 1856 2155 perni-

245 2178 402 2241 cies,
432 2183 562 2245 quot
607 2185 662 2231 et
714 2175 963 2246 species;
1015 2183 1093 2230 tot
1145 2175 1392 2242 dolores,
1442 2185 1570 2246 quot
1614 2187 1667 2233 et
1705 2179 1856 2232 colo-

245 2284 339 2323 res
387 2266 481 2339 (ε),
515 2266 779 2323 Nicander
805 2269 993 2322 scribit
1019 2277 1072 2322 et
1103 2269 1270 2339 pingit
1295 2287 1308 2325 :
1337 2278 1390 2323 et
1418 2278 1591 2325 tamen
1619 2269 1697 2342 (d)
1721 2287 1858 2328 unus

245 2361 489 2416 omnium
514 2361 781 2416 violentias
798 2373 978 2432 gestus
1008 2375 1202 2416 nocere
1227 2360 1294 2415 de
1319 2361 1484 2416 cauda
1508 2379 1521 2426 ;
1546 2377 1664 2432 qua:
1689 2364 1859 2419 cauda

248 2454 396 2519 erit,
459 2452 834 2522 quodcumque
897 2452 963 2509 de
1040 2461 1288 2523 postumo
1354 2453 1597 2525 corporis
1669 2471 1862 2527 propa-

248 2558 440 2616 gatur,
479 2557 532 2602 et
584 2546 854 2602 verberat.
885 2546 1116 2602 Proinde
1165 2545 1250 2618 (5)
1303 2547 1499 2618 scorpii
1547 2549 1714 2606 series
1772 2550 1857 2604 illa

1887 1143 1940 1203 Λ
1967 1151 2125 1199 enato
2157 1144 2358 1214 impetu
2381 1158 2606 1216 surgens
2638 1144 2733 1216 (e),
2766 1145 3015 1202 hamatile
3042 1146 3307 1218 spiculum
3338 1149 3390 1204 in
3420 1165 3570 1205 sum.

1969 1252 2059 1292 mo
2107 1238 2356 1293 tormenti
2406 1240 2610 1294 ratione
2637 1240 2704 1314 (f)
2749 1241 3009 1311 stringit;
3043 1242 3183 1298 unde
3227 1252 3279 1296 et
3319 1241 3565 1298 bellicam

1970 1332 2271 1388 machinam
2297 1373 2309 1395 .
2342 1341 2575 1388 retracta
2607 1333 2707 1388 tela
2749 1345 3082 1404 vegetantem
3112 1335 3189 1408 (g)
3210 1377 3225 1403 ,
3256 1336 3324 1390 de
3353 1337 3566 1407 scorpio

1969 1425 2265 1479 nominant.
2299 1424 2352 1480 Id
2412 1425 2675 1494 Spiculum
2725 1427 2842 1497 (h),
2883 1437 2938 1482 et
2989 1427 3163 1484 fistula
3212 1437 3333 1493 est,
3390 1429 3566 1498 patula

1971 1520 2229 1574 tenuitate
2253 1519 2306 1573 in
2336 1517 2413 1588 (4)
2444 1519 2634 1574 vulnus
2657 1529 2710 1574 et
2736 1520 2879 1576 virus
2900 1563 2914 1586 ,
2946 1536 3049 1592 qua
3081 1521 3196 1591 figit
3223 1521 3446 1577 cll‘undit
3476 1521 3562 1590 (i).

1969 1613 2255 1669 Familiare
2309 1614 2527 1684 periculi
2583 1624 2792 1686 tempus
2860 1627 3020 1670 testas
3075 1615 3206 1687 (5);
3265 1617 3462 1670 Austro
3509 1624 3566 1672 et

1973 1708 2160 1763 Africo
2207 1708 2410 1763 saevitia
2467 1708 2700 1764 velificat
2756 1708 2856 1781 (6).
2916 1709 2971 1764 111
3003 1710 3258 1767 remediis
3304 1709 3565 1765 naturalia

1973 1803 2196 1872 plurima
2249 1803 2363 1875 (7);
2418 1803 2616 1874 aliquid
2669 1813 2724 1858 et
2779 1804 2951 1875 magia
2998 1804 3354 1874 circumligat,
3399 1803 3566 1858 medi-

1968 1896 2086 1950 cina
2114 1910 2235 1951 cum
2266 1894 2408 1950 ferro
2435 1906 2487 1950 et
2527 1896 2721 1966 poculo
2749 1898 3000 1951 occurrit.
3049 1896 3180 1952 Nam
3209 1906 3263 1953 et
3311 1897 3393 1969 (8)
3422 1912 3564 1967 pra:—

1966 1988 2154 2046 bibuot
2177 1986 2390 2058 quidam
2425 1987 2503 2060 (9)
2529 2029 2542 2052 ,
2574 1986 2877 2044 festinando
2924 1989 3140 2044 tutelam
3170 2006 3191 2055 ;
3220 1989 3314 2044 sed
3362 2005 3567 2045 concu-

1964 2079 2106 2134 bitus
2156 2078 2403 2134 cxhaurit
2444 2079 2553 2153 (i),
2618 2087 2671 2134 et
2729 2079 2909 2135 denuo
2955 2081 3160 2136 sitiunt.
3214 2080 3380 2136 Nobis
3435 2081 3567 2138 fides

1962 2173 2308 2244 prtcsidium,
2337 2173 2382 2227 si
2425 2188 2533 2227 non
2560 2180 2613 2229 et
2651 2173 2761 2242 ipsa
2802 2172 3096 2243 percutitur
3147 2173 3443 2229 diffidentia
3494 2175 3568 2230 si-

1962 2266 2160 2337 gnandi
2189 2266 2369 2321 statim
2419 2275 2471 2321 et
2521 2264 2802 2335 adjurandi
2833 2263 2910 2338 (k)
2936 2307 2952 2331 ,
2981 2275 3037 2320 et
3086 2266 3306 2336 urgendi
3351 2265 3414 2338 (ι)
3448 2265 3563 2338 (10)

1966 2361 2151 2416 bestiae
2189 2360 2390 2415 calcem
2422 2376 2435 2412 :
2467 2357 2570 2413 hoc
2595 2357 2823 2428 denique
2869 2356 3031 2413 modo
3067 2357 3161 2429 (ut)
3210 2359 3368 2413 etiam
3391 2359 3566 2413 ethni-

1966 2453 2045 2509 cis
2074 2467 2218 2524 szepe
2246 2450 2594 2507 subvenimus
2619 2467 2632 2515 ;
2661 2450 2841 2505 donati
2872 2466 2902 2505 a
2935 2451 3046 2505 Deo
3074 2467 3134 2506 ea
3167 2460 3428 2520 potestate
3458 2450 3564 2524 (η),

1967 2560 2124 2617 quam
2182 2543 2475 2614 Apostolus
2525 2542 2791 2598 dedicavit
2853 2542 3046 2614 (Ach,
3104 2541 3385 2615 XXVIII),
3439 2559 3565 2601 cum

251 2637 559 2705 nodorum,
615 2647 874 2694 venenata
926 2639 1248 2695 intrinsecus
1277 2640 1465 2694 venula
1492 2641 1735 2702 subtilis.
1763 2638 1930 2698 ar-B
1960 2656 2194 2698 morsum
2246 2640 2446 2712 vipera:
2493 2637 2714 2710 sprevit.
2768 2637 2904 2706 Quid
2958 2652 3086 2709 ergo
3132 2638 3396 2709 promittit
3448 2648 3564 2710 sty-

1476 2731 1768 2791 LECTION
1777 2737 1855 2794 ES
1894 2732 2308 2793 VARIANTES.

314 2823 388 2894 (1)
415 2826 668 2894 S_eorpi_um
689 2828 832 2894 _Pam.
859 2823 1007 2894 Rhea.
1032 2823 1180 2894 femi.

311 2887 388 2951 (2)
432 2887 652 2951 Ingenia,
683 2891 822 2938 Pam.
845 2887 996 2940 Ithen.
1022 2887 1170 2938 Semt.
1213 2896 1266 2938 et
1286 2901 1494 2951 genera,
1535 2890 1671 2940 Petr.
1708 2888 1850 2942 Ciac-

246 2948 421 3002 conius
445 2948 509 2999 ei
537 2953 558 2999 l
566 2948 745 3001 sidoro.

337 3015 390 3076 ὃ)
420 3013 638 3076 Perinde
663 3022 715 3061 ut
738 3009 889 3076 Rhen.
921 3011 1068 3062 Seml.
1094 3013 1297 3075 proinde
1322 3014 1527 3076 scorpiis
1549 3016 1671 3065 Jun.

340 3075 390 3125 ι’)
416 3075 468 3123 Id
492 3073 644 3125 Rhea.
669 3074 812 3125 seml.

338 3136 391 3197 5)
420 3136 584 3186 rEsltts
607 3140 754 3187 Pam.
777 3138 988 3197 Fraueq.

337 3199 391 3265 t5)
424 3199 713 3250 Velttleabat.
758 3210 907 3251 Fran.

2019 2830 2092 2889 (7)
2126 2825 2374 2892 Naturalia
2413 2825 2676 2889 plurimum
2707 2826 2865 2876 Pam.‘
2887 2835 3035 2877 Frau.
3078 2825 3368 2876 naturalium
3413 2827 3562 2892 pluri-

1956 2888 2088 2940 mum
2111 2888 2252 2939 Seml.

2021 2951 2224 3015 (8)1am
2247 2955 2299 3015 et
2314 2952 2438 3001 Jun.

2019 3013 2097 3073 (9)
2131 3013 2362 3073 Quaedam
2395 3023 2578 3064 Wouw.

2020 3081 2036 3132 l
2049 3079 2124 3138 10)
2164 3076 2387 3140 Ungendi
2414 3074 2554 3127 seml.
2579 3075 2825 3139 Signando
2849 3076 3014 3126 statim
3034 3079 3088 3127 et
3109 3076 3373 3141 adjurando
3397 3081 3449 3126 et
3468 3089 3558 3126 un-

1956 3141 2120 3205 gendo
2142 3141 2250 3191 cod.
2284 3149 2463 3190 Wouw.

1637 3307 2200 3366 COMMENTARIUS.

322 3416 401 3485 (a)
434 3417 728 3492 Scorpi/tce.
770 3418 826 3473 In
852 3417 1038 3492 codice
1075 3419 1165 3472 illo
1199 3418 1502 3492 Agobardi,
1546 3418 1737 3474 librum
1779 3421 1846 3475 de
1873 3421 1918 3481 C
1955 3434 2148 3492 uymus
2178 3418 2439 3492 protentio
2471 3418 2522 3492 in
2554 3417 2759 3472 Joelem
2790 3435 2802 3470 :
2831 3416 3074 3492 Ipsurgat
3099 3416 3213 3473 licet
3242 3419 3472 3489 scorpio,
3507 3428 3556 3473 et

243 3490 656 3558 Ptzeseriptione
679 3489 1048 3545 ILI'I'CliCOrtIm
1073 3491 1313 3559 proxime
1333 3489 1572 3560 sequitur
1593 3491 1846 3561 Scorpio-

242 3578 341 3626 ce,
374 3563 460 3629 qui
492 3563 622 3616 ltbt-r
650 3563 701 3616 itt
734 3562 962 3632 vulgatis
1009 3561 1332 3616 editionibus
1363 3563 1698 3625 inscribitur,
1732 3563 1844 3617 Ad-

244 3649 438 3687 versus
465 3632 750 3688 Guostieos
779 3633 1125 3701 Scorpiacum
1146 3675 1160 3698 ,
1191 3635 1258 3706 de
1288 3635 1424 3687 bono
1448 3634 1702 3706 Martyrii.
1737 3634 1844 3689 Nos

246 3716 461 3758 veteres
501 3706 841 3760 membranas
879 3706 1045 3758 secuti
1077 3704 1460 3773 appellavimus
1481 3704 1802 3775 Sco'rpiaceu
1825 3749 1840 3772 ,

241 3779 363 3830 sive
391 3776 459 3830 de
505 3777 812 3844 Scorpiace.
861 3775 992 3829 Nam
1040 3788 1093 3828 et
1124 3776 1194 3827 ita
1243 3776 1568 3837 inscribitur,
1622 3786 1716 3841 ut,
1762 3777 1839 3831 De

246 3847 652 3917 praescriptione
682 3849 1055 3902 Itmreticorum
1085 3863 1095 3896 :
1127 3855 1207 3909 et,
1243 3846 1315 3899 De
1332 3847 1700 3901 exhortatione
1716 3863 1835 3902 cas-

244 3919 445 3981 titatis;
490 3933 609 3972 cum
649 3919 827 3989 teipsa
862 3918 930 3989 sit
981 3927 1036 3971 et
1066 3917 1380 3985 Scorpiacc,
1408 3919 1838 3989 ctﬂPratscriplio

245 3989 644 4048 luet-eticorutn.
698 4000 752 4043 et
792 3987 1112 4042 Exhortatio
1164 3989 1444 4042 casutatis.
1477 3987 1836 4045 Tertullianus

241 4060 371 4114 huic
421 4060 710 4129 Opuscnlo,
763 4074 892 4114 sane
936 4059 1187 4130 eleganti,
1242 4061 1448 4115 titulum
1500 4058 1623 4116 fecit
1675 4063 1836 4116 Scor-

241 4134 428 4200 piacen
451 4172 463 4194 ,
498 4131 804 4186 Graecorum
838 4147 985 4186 more
1011 4173 1024 4196 ,
1061 4137 1148 4200 ιιιιί
1181 4140 1233 4186 et
1262 4144 1555 4200 axsptt'taxiv
1597 4138 1836 4190 ἀντίδοτον

239 4201 450 4257 dicunt.
478 4203 630 4274 Apud
655 4203 1074 4274 Hieronymum,
1119 4203 1177 4274 in
1204 4204 1428 4270 vulgatis
1464 4204 1677 4273 quidem
1717 4207 1833 4258 edi-

242 4273 750 4342 tiouibus,’legitur
787 4273 1125 4342 Scorpiacum
1168 4273 1261 4326 lib.
1303 4274 1560 4329 adversus
1599 4275 1836 4345 Vigilant-

239 4345 375 4399 tium
400 4363 412 4399 :
449 4344 635 4417 Sc_ribi_t
661 4347 925 4417 adversam
958 4347 1186 4400 hteresiut
1206 4355 1364 4408 tuam,
1393 4362 1507 4416 qua;
1534 4347 1653 4399 olint
1673 4344 1840 4417 erupit

238 4427 421 4470 contra
495 4415 797 4477 Ecclesium,
847 4414 1226 4479 Tertulliauus,
1296 4417 1370 4468 vir
1407 4414 1838 4483 eruditis-simas,

239 4488 440 4557 insigne
490 4488 754 4550 volumen,
811 4488 946 4556 quod
993 4488 1326 4557 Scorpiacum
1382 4499 1522 4540 vocat
1567 4489 1842 4542 rectissimo

239 4556 464 4614 nomine.
498 4562 614 4627 quia
643 4569 854 4613 arcuato
885 4561 1087 4613 valuere
1116 4560 1168 4612 in
1198 4556 1444 4612 Ecclesia:
1488 4576 1672 4628 corpus
1699 4577 1845 4615 vene-

237 4647 307 4683 na
336 4628 563 4696 diﬂudit.
592 4630 710 4686 RIG.

313 4692 467 4756 CAP.
499 4701 693 4773 I.--(b)
726 4701 966 4770 Scorpios
995 4709 1127 4754 terra
1155 4711 1425 4772 suppurat.
1457 4701 1580 4758 Ilaec
1628 4701 1695 4756 dc
1745 4703 1839 4757 ali.
1867 4692 1919 4754 D

235 4782 422 4828 mento
443 4772 775 4844 scorpiorum
796 4789 826 4828 e
850 4786 988 4828 terra
1012 4772 1324 4828 eductorum
1351 4775 1688 4844 intelligenda
1711 4775 1840 4828 tttilti

238 4858 348 4898 n0n
365 4844 832 4900 videnturNerunt
859 4860 922 4898 ex
951 4859 1015 4898 eo
1036 4845 1348 4914 explicanda
1369 4855 1511 4909 sunt,
1533 4847 1674 4914 quod
1693 4860 1841 4900 scor-

237 4917 312 4986 pii
337 4932 441 4969 non
464 4916 624 4970 modo
642 4932 704 4969 ex
733 4931 852 4969 sese
873 4928 1217 4984 generentur.
1249 4916 1342 4969 sed
1365 4920 1523 4970 etiam
1556 4932 1838 4985 procreen-

231 4993 330 5041 ‘tur
375 5002 406 5042 e
444 4987 756 5056 putredine,
802 4987 956 5056 lignis
990 4986 1296 5057 putrefactis
1345 4999 1398 5040 et
1439 4996 1579 5041 terra
1635 4989 1836 5057 etiam;

237 5057 381 5112 unde
407 5057 659 5113 Nicandri
687 5057 1000 5112 seltoliastes
1024 5061 1072 5111 in
1099 5058 1260 5112 Ther.
1284 5075 1295 5110 :
1331 5063 1608 5113 Γίνςντσιιδξ
1635 5069 1676 5114 οἱ
1702 5067 1840 5130 σκόρ-

237 5153 347 5182 πιῡι
370 5135 423 5184 ob
440 5134 577 5197 μένεν
592 5135 642 5195 ἔξ
663 5135 899 5194 cultius,
918 5135 1044 5183 ἀλὶᾶ
1059 5135 1141 5182 καὶ
1165 5135 1262 5183 ἀπὸ
1283 5136 1738 5198 σεσημμένωνξὺὶων
1759 5137 1838 5187 καὶ

235 5207 488 5270 παιμὺρων
521 5218 535 5254 :
568 5201 868 5255 Nascuntur
908 5204 1218 5270 scorpiones
1272 5217 1376 5255 non
1409 5215 1610 5255 tantum
1643 5204 1731 5256 alii
1775 5221 1838 5257 ex

235 5273 380 5399 guis,
421 5288 604 5397 varum
655 5273 814 5326 etiam
867 5272 1174 5340 putrefactis
1204 5272 1364 5343 lignis
1413 5282 1468 5328 et
1500 5277 1728 5328 cancris.
1763 5273 1839 5328 LE

283 5359 334 5398 11,
367 5355 419 5397 ct
495 5359 581 5397 nn.

283 5359 334 5398 11.
367 5355 419 5397 Cl
450 5355 581 5397 ISDD.

314 5414 388 5486 (c)
421 5415 554 5486 Quot
585 5415 794 5470 colores.
831 5413 1023 5486 Plures
1044 5423 1167 5467 sunt
1201 5417 1536 5485 scorpiorum
1583 5417 1791 5482 species
1820 5458 1835 5480 ,

235 5484 416 5555 quaee
444 5484 624 5540 colore
644 5487 977 5554 potissimum
995 5484 1440 5552 tlenominantur;
1467 5489 1561 5543 bas
1574 5487 1838 5544 Nicander

234 5558 290 5612 iu
323 5556 596 5613 Tlteriacis
623 5567 744 5611 octo
764 5568 1060 5612 enumerat.
1093 5555 1170 5610 Ls.
1202 5557 1298 5611 Ρη.

313 5629 394 5701 (d)
441 5628 586 5701 Unus
622 5633 844 5682 omnium
871 5629 1121 5682 violentia:
1149 5640 1317 5699 gestus
1348 5647 1526 5685 nocere
1554 5631 1616 5684 de
1642 5632 1828 5686 cauda.

235 5699 444 5754 Plinius
467 5743 484 5766 ,
531 5699 747 5769 Semper
766 5703 928 5752 cauda
955 5703 1006 5753 in
1038 5701 1138 5752 ictu
1162 5711 1232 5753 est
1264 5716 1281 5753 :
1310 5703 1551 5768 nulloque
1581 5715 1830 5758 momento

235 5772 472 5824 meditari
501 5781 701 5837 cessat,
747 5787 809 5824 ne
837 5772 1040 5841 quando
1069 5773 1317 5827 occasioni
1345 5776 1492 5828 desit.
1525 5774 1646 5830 Ittc.

311 5845 385 5912 (e)
412 5845 631 5897 Arcuato
650 5846 836 5913 impetu
860 5859 1091 5913 surgens.
1119 5844 1228 5900 Hoc
1256 5844 1492 5900 imitatus
1523 5855 1604 5901 est
1633 5845 1823 5902 Hiero-

1952 3488 2162 3545 arcuato
2181 3488 2396 3544 uulnere
2422 3490 2573 3560 ferire
2597 3499 2822 3543 conetur.
2854 3488 2978 3544 th.

2024 3564 2088 3634 (1)
2124 3561 2382 3616 Tormenti
2407 3563 2624 3615 ratione.
2656 3561 2770 3616 Hoc
2797 3571 2880 3617 est
2905 3604 2920 3629 ,
2950 3561 3003 3616 in
3034 3559 3250 3688 modit‘m
3276 3563 3551 3617 tormenti.

3212 3649 3282 3688 to.

3212 3649 3282 3689 IG.

2022 3705 2099 3779 (g)
2124 3705 2271 3761 Unde
2300 3715 2346 3758 et
2365 3705 2603 3779 bellicam
2634 3705 2921 3779 machinam
2949 3705 3295 3779 τριταίῳ-ρξ’ρᾳ
3321 3716 3555 3779 uegetan-

1949 3773 2173 3832 teniTEa
2200 3776 2524 3832 describitur
2549 3777 2615 3830 ab
2642 3778 2922 3829 Ammiano
2941 3817 2956 3840 ,
2985 3776 3078 3829 111).
3108 3773 3302 3830 XXIII.
3331 3773 3455 3831 11111.

2020 3849 2100 3920 (11)
2133 3848 2199 3901 1d
2225 3847 2476 3914 spiculum
2502 3847 2753 3920 eti/istttla
2782 3856 2872 3920 est.
2898 3846 2988 3900 Sic
3033 3847 3101 3901 de
3122 3847 3311 3920 pulice
3333 3889 3349 3912 ,
3381 3849 3553 3920 tubam

1946 3916 2136 3989 pariter
2157 3929 2202 3974 et
2234 3921 2460 3972 lanceam
2488 3959 2502 3982 ,
2543 3919 2634 3971 lib.
2673 3917 2741 3972 de
2770 3917 2958 3972 Anima
2984 3959 2999 3984 ,
3035 3929 3090 3973 et
3121 3917 3213 3971 lib.
3261 3917 3303 3971 I.
3336 3916 3550 3973 advers.

1944 3993 2105 4046 Male.
2143 3991 2258 4045 th.

2019 4064 2080 4133 (i)
2114 4063 2240 4130 Qua:
2266 4061 2395 4133 figit,
2425 4059 2660 4127 e/I'undtt.
2687 4061 2810 4116 lltec
2839 4061 3010 4130 attigit
3030 4059 3262 4114 Isidorus
3287 4075 3434 4116 more
3455 4077 3555 4116 suo

1944 4139 2322 4205 negligenter:
2373 4133 2588 4201 Scorpio
2629 4145 2699 4186 est
2753 4135 2939 4205 sagitta
2985 4143 3228 4186 venenata
3254 4174 3268 4196 ,
3315 4149 3438 4185 arcu
3476 4135 3553 4188 vel

1944 4203 2204 4260 tormentis
2237 4221 2446 4259 excussa
2477 4246 2490 4266 ,
2521 4221 2633 4272 qua:
2665 4205 2787 4257 dum
2814 4203 2881 4257 ad
2912 4204 3167 4258 hominem
3211 4205 3399 4257 venerit
3426 4246 3440 4269 ,
3470 4205 3550 4258 vi-

1945 4295 2030 4331 rus
2055 4278 2190 4348 quod
2219 4277 2349 4344 ﬁgit,
2375 4275 2622 4348 infundit.
2655 4276 2726 4328 Ita
2755 4274 2819 4348 ad
2843 4276 3086 4348 sagittam
3109 4275 3397 4348 transtulit,
3429 4290 3551 4346 quae

1947 4348 2014 4403 de
2058 4346 2304 4403 machina
2327 4357 2382 4400 et
2405 4347 2620 4399 animali
2652 4346 2942 4414 Septimius
2974 4347 3202 4400 dixerat.
3235 4346 3355 4402 Hic.

2023 4419 2086 4489 (ᾗ)
2121 4419 2224 4473 Sed
2261 4417 2550 4471 concubitus
2583 4418 2837 4471 exhaurit.
2867 4417 3019 4483 Quod
3050 4418 3256 4472 scilicet
3285 4417 3550 4489 prtebibe-

1951 4488 2080 4544 runt
2128 4491 2353 4544 remedii
2381 4533 2394 4550 ,
2447 4490 2657 4543 veneris
2691 4489 2883 4544 ardore
2911 4489 3245 4544 exhauritur.
3279 4488 3550 4543 Perstrin-

1951 4578 2076 4631 gcre
2108 4561 2319 4632 videtur
2352 4559 2637 4632 Psychjcos
2681 4575 2808 4614 suos
2835 4562 3100 4631 prurigas,
3129 4560 3197 4616 de
3222 4560 3415 4631 quibus
3442 4561 3548 4616 iui-

1944 4630 2019 4688 tio
2051 4634 2138 4686 lib.
2169 4632 2233 4685 de
2266 4630 2477 4701 Monog.
2509 4630 2634 4687 th.

2023 4703 2101 4774 (It)
2140 4703 2432 4772 Diﬁideutia
2459 4703 2698 4775 signandi
2724 4703 2895 4756 statim
2921 4713 2968 4756 et
2991 4703 3287 4775 adjuraudi.
3316 4703 3549 4772 Expres-

1946 4777 2114 4829 simus
2163 4780 2480 4843 scripturam
2510 4774 2729 4828 codicis
2769 4775 3115 4843 Agobardini.
3167 4774 3280 4828 Etsi
3324 4775 3545 4831 minime

1946 4847 2227 4914 displiceat
2256 4847 2397 4917 quod
2444 4847 2494 4900 111
2530 4845 2726 4900 Ursino
2755 4845 2983 4914 legitur:
3018 4845 3180 4900 Nobis
3211 4849 3338 4913 ﬁdes
3367 4849 3545 4915 prtesi-

1947 4920 2123 4982 dium,
2171 4919 2213 4971 si
2244 4935 2342 4971 non
2383 4927 2428 4970 et
2470 4919 2582 4986 ipsa
2622 4920 2900 4984 percutitur
2939 4918 3257 4988 diffidentia,
3294 4919 3543 4988 signando

1945 4991 2114 5043 statim
2135 5000 2179 5041 et
2205 4988 2513 5061 adjurando.
2543 4998 2646 5042 etc.
2680 4988 2796 5041 lito.

2021 5062 2080 5132 (I)
2124 5058 2350 5132 Urgeudi
2395 5060 2566 5132 bestia'
2608 5061 2821 5132 calcem.
2849 5058 2904 5113 111
2940 5059 3280 5132 Agobardiuo
3309 5059 3540 5128 legitur,

1946 5131 2224 5203 unguendt.
2268 5133 2480 5187 Manum
2511 5131 2828 5186 Tertulliani
2858 5131 3138 5200 scripsisse
3169 5142 3324 5200 puto,
3353 5148 3540 5201 urgen-

1946 5206 2018 5256 di.
2066 5203 2268 5274 Urgere
2317 5204 2500 5274 bestiae
2545 5205 2780 5266 calcent,
2838 5203 2978 5256 idem
3016 5211 3099 5256 est
3146 5214 3313 5274 atque
3350 5218 3540 5274 urgere

1946 5272 2170 5330 bestiam
2200 5277 2368 5330 calce.
2407 5273 2522 5343 Ipse
2552 5291 2674 5328 mox
2699 5274 2873 5328 dicet:
2903 5274 2968 5325 At
2999 5284 3050 5326 tu
3071 5316 3086 5338 ,
3118 5275 3246 5339 ﬁdes
3273 5273 3315 5326 si
3332 5272 3536 5344 uigilat,

1943 5347 2124 5400 ibidem
2165 5347 2366 5414 scorpio
2417 5363 2508 5415 pro
2557 5348 2695 5400 solea
2746 5347 3018 5398 anathema
3066 5345 3274 5398 illidito.
3326 5343 3538 5400 Illidere

1943 5421 2156 5488 scorpio
2181 5417 2383 5472 soleam
2409 5431 2749 5488 ,esturgere
2774 5417 2954 5472 bestiae
2985 5416 3208 5470 calcem.
3243 5416 3324 5469 Ait
3357 5426 3536 5470 autem

1942 5487 2208 5552 Christus,
2241 5489 2397 5543 Luca:
2425 5487 2493 5542 X:
2519 5488 2650 5542 Ecce
2680 5488 2796 5540 dedi
2828 5489 2960 5541 vobis
2988 5498 3282 5557 potestatem
3305 5488 3538 5540 calcandi

1941 5576 2096 5630 supra
2121 5570 2374 5626 serpentes
2395 5571 2439 5615 et
2478 5561 2786 5630 scorpiones.
2825 5559 2942 5614 Ittc.

2010 5636 2108 5704 (In)
2166 5631 2276 5686 Hoc
2311 5633 2524 5702 denique
2567 5632 2714 5704 modo
2752 5634 2902 5704 etiam
2937 5630 3149 5685 ethnicis
3193 5629 3534 5684 sttbvenimus.

1932 5702 2204 5775 Signando
2231 5705 2407 5760 statim
2437 5717 2487 5758 et
2516 5703 2831 5773 adjurando.
2865 5703 2983 5775 lite.

2004 5773 2087 5847 (tt)
2127 5777 2315 5830 Donati
2338 5793 2370 5828 a
2401 5775 2508 5829 Deo
2537 5786 2882 5847 eapotestate.
2913 5773 3166 5831 Calcandi
3194 5774 3526 5844 scorpiones,

1927 5845 2148 5918 urgendi
2180 5847 2378 5904 bestias
2406 5847 2574 5903 calce.
2604 5845 2722 5900 1116.
