4242 6492
667 373 774 429 193
2079 368 2541 428 TERTULLIA‘NI
3880 373 3983 428 1%

671 487 756 545 lus
784 487 886 543 iste
912 527 931 556 ,
961 485 1007 544 si
1036 483 1170 545 ﬁdes
1204 485 1274 543 de
1299 500 1399 545 suo
1427 494 1537 545 tuta
1564 487 1692 544 est?
1720 486 1791 544 Ut
1819 495 1875 544 et
1904 486 1984 560 (ι)
2018 486 2151 541 alias
2192 486 2261 542 de
2289 487 2339 547 Α
2364 485 2498 540 citas
2527 487 2643 550 ista,
2678 484 2773 541 sed
2802 486 3009 543 vanitas
3031 526 3046 553 ,
3078 486 3184 542 imo
3221 486 3512 554 dementia,
3535 503 3637 560 pro
3663 490 3777 547 Deo
3820 492 3984 545 mori.

669 597 770 639 suo
830 590 940 637 tuta
993 582 1099 647 sit,
1136 582 1213 656 (tt)
1266 598 1387 637 cum
1441 597 1569 638 suos
1620 584 1861 652 scorpios
1915 582 1993 655 (9.)
2049 583 2263 650 patitur.
2373 578 2475 632 Et:
2510 577 2639 646 Quis
2664 594 2751 635 me
2777 578 2981 634 salvum
3016 579 3172 634 faciat
3198 580 3263 650 (ι)
3292 622 3306 644 ,
3336 582 3379 635 si
3413 582 3457 637 is
3486 583 3727 649 occidet,
3759 583 3853 653 qui
3904 583 3987 654 (6)

670 675 878 734 Acerba
911 675 1251 731 mediocritas
1276 685 1332 731 et
1362 674 1478 730 istis
1509 674 1583 747 (ὁ)
1612 717 1627 741 ,
1657 684 1708 731 et
1746 689 1914 746 genus
1950 676 2190 737 varium,
2216 683 2270 728 et
2372 674 2579 727 salvum
2640 674 2814 728 facere
2856 672 3113 729 debebit?
3159 673 3338 729 Semel
3392 673 3641 731 Christus
3689 691 3787 746 pro
3828 676 3989 730 uobis

672 783 781 825 uno
826 768 986 834 modo
1014 779 1309 832 armantur,
1343 766 1415 841 (r)
1445 778 1499 823 et
1524 776 1673 823 certo
1702 777 1941 837 tempan
1967 768 2271 822 subornan-
2372 766 2528 827 obiit,
2556 765 2725 821 semel
2749 766 2961 821 occisus
2990 776 3074 821 est
3096 782 3162 821 nc
3178 766 3571 822 occideremur.
3603 768 3657 822 Si
3692 768 3868 823 vicem
3902 783 3990 821 re-

681 872 803 929 tur,
855 876 955 916 nec
993 861 1100 915 alio
1143 876 1302 930 quam
1352 859 1578 915 ardoris.
1628 859 1737 914 lloc
1768 859 1907 939 apud
1938 858 2273 914 Christianos
2376 860 2547 929 petit,
2593 876 2740 915 nunc
2782 871 2835 915 et
2880 861 2967 916 ille
2993 860 3221 916 salutem
3254 860 3323 915 dc
3353 877 3469 917 mea
3500 877 3632 918 nece
3654 872 3940 933 exspectat
3965 862 3991 914 ?

678 952 982 1024 persecutio
1029 963 1132 1006 est.
1186 952 1319 1006 Cum
1373 952 1530 1021 igitur
1561 949 1692 1005 litles
1729 960 1955 1009 :estnat.
1999 960 2050 1005 et
2085 950 2272 1005 Eccle—
2376 956 2456 1008 An
2489 954 2626 1007 Deus
2651 952 2927 1007 hominum
2952 952 3131 1008 mundi
3156 953 3471 1023 sanguinem
3501 953 3715 1023 ﬂagitat.
3754 955 3992 1009 maxime

674 1045 752 1100 sia
781 1047 1024 1100 esttritnr
1051 1044 1304 1115 deligunt
1338 1044 1484 1109 rubi,
1520 1052 1643 1099 tunc
1669 1043 1909 1100 Gnostici
1946 1053 2271 1113 erumpunt,

678 1149 805 1194 tunc
829 1137 1188 1194 Valentiniani
1238 1149 1589 1209 proserpunt,
1624 1148 1749 1193 tunc
1781 1138 1860 1210 (ά)
1911 1154 2098 1194 omnes
2142 1155 2277 1195 mar-

676 1230 937 1301 tyriorum
992 1229 1346 1301 refragatores
1399 1230 1699 1296 ebulliunt,
1744 1230 1848 1302 (e)
1900 1230 2136 1286 calentes
2194 1230 2273 1303 (5)

677 1329 733 1377 et
778 1320 876 1391 ipsi
907 1320 1184 1377 oﬂ'endere
1205 1363 1221 1388 ,
1256 1321 1439 1393 figere,
1474 1322 1736 1378 occidere.
1769 1322 1901 1377 Nam
1931 1322 2074 1391 quod
2104 1323 2279 1378 sciant

678 1412 874 1469 multos
890 1413 1160 1483 simplices
1180 1427 1244 1468 ac
1274 1412 1452 1478 rudes,
1483 1424 1591 1467 tum
1623 1413 1883 1477 infirmos,
1907 1412 1977 1485 (f)
2002 1414 2279 1484 plerosque

676 1519 810 1561 vero
859 1504 911 1559 in
962 1513 1201 1571 ventum,
1251 1513 1305 1559 et
1355 1503 1433 1576 (4)
1488 1505 1531 1558 si
1585 1504 1873 1573 placuerit,
1928 1505 2271 1569 christianos,

677 1610 951 1667 nunquam
1001 1596 1168 1667 magis
1207 1593 1482 1650 adeundos
1539 1596 1754 1663 sapiunt
1798 1592 1873 1667 (g)
1902 1637 1917 1661 ,
1948 1611 2107 1665 quam
2161 1611 2281 1651 eum

678 1689 858 1745 aditus
883 1691 1075 1744 animae
1115 1686 1346 1743 formido
1390 1687 1627 1753 laxavit;
1659 1686 1955 1757 prmsertim
2007 1703 2129 1742 cum
2182 1688 2279 1742 ali-

681 1798 786 1854 qua
818 1783 1074 1837 atrocitas
1105 1780 1262 1837 (idem
1295 1792 1589 1853 martyrum
1616 1781 1910 1836 coronavit.
1962 1781 2144 1853 Itaque
2176 1784 2285 1851 pri-

2377 1046 2422 1100 si
2458 1057 2720 1099 taurorum
2744 1057 2791 1101 et
2820 1046 3073 1099 hircorum
3098 1044 3245 1113 (Ps.,
3279 1046 3415 1110 LIX,
3453 1048 3545 1117 13)
3569 1048 3807 1103 recusat?
3829 1048 3995 1103 Certe

2380 1140 2653 1209 peccatoris
2694 1140 3039 1207 paenitentiam
3085 1139 3277 1193 mavult
3320 1156 3473 1209 quam
3518 1151 3734 1195 mortem
3762 1139 3992 1211 (Ezech.

2370 1230 2541 1287 'XVlll
2592 1230 2664 1287 2'6
2685 1230 2725 1301 ).
2760 1232 2826 1286 Et
2860 1232 3128 1298 quomodo
3158 1246 3264 1285 non
3298 1240 3635 1301 peccatorum
3664 1231 3744 1303 t7)
3776 1232 3995 1286 deside-

2382 1335 2458 1380 rat
2492 1336 2717 1379 mortem
2748 1324 2938 1389 illisae,
2959 1334 3015 1380 et
3042 1324 3085 1377 si
3116 1339 3221 1393 qua
3248 1324 3352 1379 alia
3382 1324 3477 1394 (tu)
3500 1324 3748 1379 admenta
3773 1324 3858 1397 (8)
3886 1324 3999 1384 ha-

2382 1418 2670 1472 reticorum
2717 1432 3079 1479 venenorum,
3125 1430 3283 1486 quem
3330 1431 3436 1471 non
3477 1415 3557 1470 vel
3599 1416 3650 1469 in
3680 1416 3998 1482 scrupulum

2385 1507 2588 1578 ligant,
2637 1510 2681 1564 si
2730 1525 2835 1565 non
2885 1510 2935 1563 in
2991 1509 3210 1562 exitium
3259 1506 3425 1580 (9)?
3468 1507 3551 1563 vel
3605 1508 3657 1561 in
3713 1507 3915 1571 bilem,
3951 1509 3998 1562 si

2392 1617 2497 1655 non
2547 1602 2599 1656 in
2651 1602 2928 1656 mortem?
2972 1603 3040 1657 At
3104 1606 3158 1657 tu
3190 1642 3203 1663 ,
3254 1599 3385 1655 ﬁdes
3426 1600 3474 1657 si
3525 1601 3747 1670 vigilat,
3790 1600 3993 1656 ibidem

2386 1694 2599 1762 scorpio
2640 1709 2738 1763 pro
2763 1694 2915 1749 solea
2964 1693 3245 1747 anathema
3294 1692 3482 1747 illidito
3507 1736 3520 1755 ,
3554 1703 3608 1747 et
3630 1693 3922 1763 relinquito
3946 1693 4000 1746 iu

2386 1800 2485 1838 suo
2513 1800 2707 1853 sopore
2733 1784 2849 1857 (l0)
2882 1784 3221 1839 morientem.
3255 1782 3543 1845 Ceterum,
3575 1783 3653 1853 (η)
3699 1785 3743 1837 si
3787 1784 4002 1859 plagam

682 1889 773 1931 mo
810 1872 891 1947 (Ιι)
942 1874 1215 1928 trahentes
1258 1872 1434 1927 adhuc
1482 1872 1705 1927 caudam
1754 1872 1823 1928 de
1870 1872 2149 1929 affectibus
2190 1890 2286 1944 ap-
2314 1885 2362 1944 B
2389 1876 2682 1942 satiaverit,
2710 1877 2916 1931 intimat
2941 1877 3107 1941 virus,
3140 1885 3194 1930 et
3222 1884 3471 1944 properat
3513 1876 3564 1929 in
3603 1876 3855 1932 viscera:
3889 1886 4002 1929 sta-

684 1968 883 2041 plicant
909 1966 997 2040 (i),
1030 1978 1120 2021 aut
1147 1967 1298 2037 quasi
1360 1967 1411 2020 in
1444 1981 1664 2020 vacuum
1708 1965 1999 2036 ﬂagellant.
2032 1967 2099 2037 (Ι)
2133 1966 2284 2021 ll:ec-

681 2062 802 2119 cine
829 2063 934 2132 pati
968 2062 1212 2116 homines
1246 2061 1605 2115 innocentes?
1638 2069 1695 2114 ut
1722 2070 1875 2130 putes
1920 2059 2004 2133 (5)
2038 2064 2279 2125 fratrem,

685 2164 775 2209 aut
803 2153 872 2209 de
898 2152 1213 2210 melioribus
1240 2152 1560 2208 ethnicum?
1589 2152 1801 2207 Siccine
1831 2153 2045 2208 tractari
2078 2166 2280 2207 sectam

684 2246 887 2305 netniui
925 2246 1249 2303 molestam?
1281 2245 1486 2301 Dehinc
1509 2245 1761 2316 adigunt,
1805 2246 1980 2316 perire
2036 2246 2283 2302 homines

685 2340 802 2395 sine
843 2354 1054 2394 caussa.
1088 2338 1272 2393 Perire
1292 2338 1457 2403 enim,
1498 2347 1552 2392 et
1594 2338 1709 2392 sine
1763 2352 1951 2393 caussa
1984 2337 2080 2411 (k),
2110 2340 2279 2409 prima

687 2427 883 2488 ﬁxura.
913 2430 1117 2488 Exinde
1159 2431 1268 2502 jam
1310 2429 1541 2486 caedunt.
1570 2429 1675 2485 Sed
1717 2432 1964 2485 nesciunt
2011 2432 2281 2501 simplices

686 2526 906 2593 animae,
936 2524 1083 2597 quid,
1113 2524 1384 2595 quomodo
1412 2523 1671 2593 scriptum
1697 2523 1789 2589 sit,
1821 2522 1931 2588 ubi,
1964 2533 2017 2579 et
2043 2525 2276 2595 quando,

687 2629 742 2677 et
768 2633 952 2676 coram
997 2616 1191 2691 quibus
1219 2615 1581 2672 conﬁtendum
1604 2657 1620 2683 ,
1650 2614 1750 2670 nisi
1776 2615 1918 2686 quod
1951 2630 2050 2671 nec
2071 2618 2279 2687 simpli-

2390 1968 2481 2022 tim
2531 1983 2719 2022 omnes
2753 1968 2958 2034 pristini
2992 1982 3186 2023 sensus
3214 1976 3587 2033 retorpcscunt
3610 2008 3624 2031 ,
3672 1966 3892 2039 sanguis
3936 1982 4001 2019 a-

2389 2060 2516 2115 nimi
2561 2061 2801 2131 gelascit,
2838 2059 2913 2132 (ο)
2944 2075 3107 2114 carne
3134 2060 3253 2125 (tl)
3282 2060 3502 2128 spiritus
3546 2058 3845 2121 exolescit,
3876 2076 4010 2111 nmi-

2387 2168 2481 2209 sea
2508 2152 2833 2225 nominis(p)
2863 2151 3175 2206 inaccrescit
3195 2148 3468 2222 (19.).Jam
3497 2161 3551 2205 et
3575 2151 3690 2217 ipsa
3718 2165 3870 2203 mens
3900 2150 4006 2203 sibi

2387 2262 2494 2318 quo
2525 2257 2703 2300 vomat
2749 2246 2963 2316 qumrit.
3016 2247 3190 2314 Atque
3218 2244 3287 2297 ita
3339 2242 3509 2299 semel
3550 2242 3838 2298 iulirmilas
3885 2259 4011 2312 qua:

2388 2354 2639 2410 percussa
2672 2348 2754 2394 est
2776 2337 3214 2409 (13),sauciatam
3243 2334 3402 2389 ﬁdem
3434 2334 3518 2389 vel
3544 2334 3596 2389 in
3626 2334 3880 2389 haresim
3904 2332 4007 2403 (qi,

2385 2432 2469 2487 vel
2502 2433 2552 2486 in
2585 2432 2836 2486 srcculum
2863 2431 3115 2499 exspirat.
3143 2429 3208 2483 Et
3229 2444 3366 2484 nunc
3396 2429 3678 2498 pra-sentin
3708 2443 3889 2484 rerum
3923 2440 4014 2481 est

2386 2527 2594 2581 medius
2616 2526 2774 2580 ardor
2802 2527 2912 2597 ipsa
2946 2524 3187 2579 canicula
3221 2523 3607 2593 persecutionis
3637 2541 3650 2576 :
3684 2521 3760 2593 (r)
3788 2520 3859 2575 ab
3890 2521 4014 2590 ipso

2386 2621 2591 2676 scilicet
2616 2619 3005 2691 cynocephalo.
3036 2616 3185 2672 Alios
3218 2616 3356 2687 ignis
3380 2657 3394 2683 ,
3429 2615 3565 2671 alios
3592 2614 3822 2687 gladius,
3871 2614 4017 2670 alios

1918 2731 2300 2793 LECTIONES
2338 2737 2757 2794 VARIANTES.

753 2828 826 2960 (Γ)
852 2829 946 2890 Sit,
964 2833 1015 2880 ut
1040 2836 1092 2881 et
1113 2826 1265 2902 Rhea.
1296 2825 1444 2901 Seml.
1469 2828 1550 2887 sit,
1578 2833 1632 2877 et
1654 2829 1800 2879 Pam.
1828 2836 1977 2900 λεν-σῃ.
2031 2890 2041 2900 α

777 2895 806 2960 _2
853 2892 971 2944 Cum
993 2904 1083 2941 suo
1099 2904 1291 2955 scorpio
1314 2893 1556 2942 uiediatur
1587 2891 1783 2949 acerba,
1810 2889 2123 2941 mediocritas
2140 2899 2192 2942 et
2216 2893 2226 2941 i

777 2889 826 2955 2)
853 2892 971 2944 Cum
993 2904 1083 2941 suo
1099 2893 1291 2955 scorpio
1314 2893 1556 2942 uiediatur
1587 2891 1783 2949 acerba,
1810 2889 2123 2941 mediocritas
2140 2899 2192 2942 et
2216 2893 2294 2943 isti

693 2957 820 3009 ϐοά(
833 2966 1015 3005 Wouw.

756 3020 831 3081 (ὅ)
867 3016 1127 3081 Pallentes
1146 3018 1289 3067 Pam.
1315 3024 1463 3066 Pran.

781 3079 833 3142 4)
867 3080 929 3131 Et
948 3079 1083 3132 abest
1107 3080 1253 3130 Pam.
1282 3089 1437 3130 Fran.

785 3146 836 3205 5)
871 3144 994 3193 Puta
1014 3143 1158 3193 Pam.
1186 3141 1342 3205 Fran.

780 3199 833 3267 6)
868 3205 933 3256 Ut
954 3204 1039 3265 qui
1062 3218 1143 3253 me
1165 3217 1205 3253 s.
1226 3202 1281 3260 ἰ..
1301 3205 1345 3267 si
1374 3204 1415 3252 is
1436 3202 1644 3267 occidit,
1676 3204 1786 3265 quis
1818 3199 1972 3253 Rhea.
2000 3201 2208 3262 Semler,
2238 3208 2293 3255 et

695 3265 894 3332 quis'm.
922 3280 964 3317 s.
990 3267 1023 3318 f.
1049 3268 1092 3315 si
1118 3268 1158 3315 is
1179 3266 1374 3327 occidit,
1403 3267 1484 3329 qui
1507 3265 1692 3315 salvum
1714 3267 1823 3315 cod.
1839 3267 2025 3317 Wouw.

2460 2832 2535 2893 (Ἰ)
2570 2832 2894 2882 Peccatorum
2918 2841 3014 2893 non
3040 2830 3184 2878 Pam.
3210 2835 3363 2893 prun.

2485 2888 2535 2951 8)
2564 2895 2890 2951 Αάίιὶνριιῐίο,
2915 2888 3067 2944 Rhea.
3094 2888 3237 2942 88ml.

2485 2956 2535 3007 ul
2561 2958 2754 3007 Exitum
2782 2958 2927 3005 Pam.
2954 2956 3108 3005 Fran.

2492 3021 2564 3070 I0)
2596 3022 2725 3070 Pure
2758 3021 2879 3069 Jun.

2493 3078 2565 3134 lli
2590 3082 2713 3134 Caro
2738 3080 2889 3133 Rhen.
2915 3078 3056 3132 Seml.

2489 3141 2564 3208 l2)
2592 3145 2850 3208 lngrescit,
2877 3142 2986 3194 cod.
3014 3141 3169 3208 Agob.

2488 3157 2564 3268 ἒξ)
2593 3157 2850 3255 nigrescit,
2877 3157 2986 3194 coa.
3014 3157 3169 3208 Agou.

2513 3224 2542 3256 ο
2590 3206 2643 3256 In
2681 3213 2875 3256 rtmtate
2902 3218 3101 3268 quoque
3128 3197 3549 3266 percussa,llhen.
3576 3196 3725 3249 50ml.

2460 2896 2483 3271 Ξ

2053 3349 2621 3410 COMMENTARIUS.

2053 3352 2243 3407 COMM
2608 3397 2621 3410 .

776 3449 852 3524 (a)
875 3448 1003 3505 Cum
1037 3464 1155 3524 suos
1198 3448 1424 3524 scorpio:
1451 3447 1661 3515 patitur.
1688 3445 1981 3502 Haereticos
2010 3352 2608 3519 signiticaENgSa
2657 3446 2902 3517 Septimii
2952 3458 3183 3517 persona
3236 3442 3522 3514 diligenter
3586 3438 4022 3524 distinguenda.

701 3517 888 3594 quales
913 3537 1036 3594 mos
1068 3520 1352 3594 describet.
1381 3517 1485 3573 Rto

779 3592 858 3666 (h)
889 3592 1081 3647 Acerba
1107 3591 1433 3666 mediocritas
1462 3599 1507 3642 et
1546 3590 1677 3644 istis.
1717 3588 1835 3645 lam
1864 3590 2050 3666 incipit
2088 3592 2301 3666 hereti-

704 3662 800 3720 cos
837 3662 957 3718 cum
1002 3664 1581 3733 scorpiiscompsrare
1614 3671 1704 3733 :et
1743 3662 2194 3733 quemadmodum
2236 3663 2302 3715 de

711 3735 941 3803 scorpiis
976 3731 1146 3799 dixit,
1193 3731 1545 3804 Hagnumgde
1584 3732 1782 3786 modico
1833 3732 2057 3804 malum,
2100 3734 2172 3787 ita
2216 3734 2304 3788 hic

707 3807 776 3862 de
806 3802 1103 3870 haereticis,
1136 3802 1329 3859 Acerba
1356 3802 1679 3858 mediocritas
1708 3814 1755 3858 et
1770 3804 1897 3859 istis.
1938 3803 2061 3861 Βία.

784 3876 861 3949 (c)
893 3875 961 3932 Et
978 3889 1118 3949 certo
1144 3886 1364 3949 tempore
1383 3874 1725 3949 subornantur
1743 3917 1757 3938 ,
1793 3892 1882 3949 nec
1903 3875 2007 3949 alio
2034 3893 2187 3949 quam
2219 3892 2308 3930 ar-

713 3946 878 4005 doris.
909 3948 1115 4003 Plinius
1146 3964 1159 4000 :
1204 3946 1461 4001 Venenum
1488 3947 1717 4002 omnibus
1742 3947 1908 4002 medio
1934 3946 2053 4014 die,
2074 3948 2196 4002 dum
2226 3951 2310 4002 in-

711 4021 964 4076 canduere
982 4021 1107 4075 solis
1129 4017 1417 4073 ardoribus.
1441 4016 1561 4072 th.

788 4089 1091 4164 (d)g0macﬁs
1124 4091 1487 4164 martyriorum
1529 4092 1888 4164 refragatores.
1937 4088 2222 4164 Gnosticos
2261 4099 2317 4145 et

714 4159 1164 4221 alios'hwreticos
1204 4159 1441 4234 asseclas
1485 4159 1799 4234 notat,’_qui
1832 4164 2083 4234 martyria
2130 4162 2315 4234 tollere

715 4234 1071 4299 conabantur,
1098 4245 1259 4304 atque
1284 4231 1543 4304 adversus
1569 4221 2018 4304 Aea'di'tnicahlml.
2061 4234 2135 4288 Ls
2178 4233 2278 4287 Pa.

794 4304 869 4377 (e)
902 4305 1131 4360 Calentes
1155 4300 1237 4377 fet
1263 4304 1361 4377 ipsi
1404 4300 1678 4377 offendere.
1710 4300 2312 4377 Verissimascriptura.

722 4373 938 4433 Etenim
970 4376 1196 4446 scorpiis
1225 4373 1673 4430 incalescentibus
1702 4373 2313 4446 venenumiinardescit.

798 4519 865 4591 (θ’)
906 4518 1186 4588 Plerosque
1202 4533 1315 4591 vero
1338 4519 1391 4572 in
1414 4526 1634 4578 ventum,
1666 4525 1716 4591 et
1742 4516 1787 4570 si
1810 4445 2319 4584 placttegfchristia-

3746 3512 3865 3566 Rto.

2481 3591 2747 3664 (k)Perire_
2775 3589 2938 3653 enim,
2971 3596 3016 3664 et
3046 3587 3155 3641 sine
3182 3584 3584 3664 cattssa._Verba
3632 3592 3757 3636 sunt
3795 3581 4031 3662 Tertul-

2408 3652 2936 3719 liaui'Gnosticorum
2964 3657 3104 3713 dicta
3146 3673 3267 3712 cum
3293 3657 3663 3728 indignatione
3687 3652 4031 3728 examinan-

2414 3738 2501 3791 tis.
2529 3736 2735 3790 Etenim
2761 3731 3009 3786 dicebant
3034 3730 3205 3796 perire
3236 3731 3325 3800 qui
3355 3725 3877 3800 martyriasnbirent
3896 3764 3913 3786 ,
3942 3733 4029 3800 et,

2419 3809 2592 3876 perire
2622 3805 2739 3859 sine
2766 3817 2979 3876 caussa.
3009 3794 3169 3876 Quasi
3191 3794 3427 3869 perirent
3458 3794 3549 3876 qui
3597 3794 4037 3876 Deo_iutpende-

2418 3867 2609 3934 bantur
2645 3879 2658 3932 ἰ
2694 3880 2797 3931 Aut
2830 3873 2983 3946 quasi
3013 3867 3129 3928 sine
3156 3867 3346 3928 caussa
3372 3915 3387 3938 ,
3416 3867 3508 3941 qui
3542 3884 3639 3941 pro
3675 3867 3874 3923 ChriSIi
3923 3880 4037 3920 no-

2418 3950 2563 4005 mine
2593 3951 2608 4004 !
2653 3948 2772 4003 th.

2495 4022 2556 4093 (I)
2591 4020 2658 4075 Et
2683 4020 2795 4093 quis
2833 4016 3141 4093 mesaloum
3173 4016 3365 4084 faciat,
3394 4014 3436 4068 si
3478 4006 3875 4093 is.occidet_atti
3904 4011 4038 4091 sal-

2422 4081 2550 4146 vum'
2567 4081 2733 4165 facere
2752 4088 2950 4165 debebit
2972 4088 2998 4140 ?
3032 4081 3580 4165 Hujuscecommatis
3609 4081 3932 4165 principium
3977 4083 4038 4136 in

2420 4151 2603 4218 codic'e
2635 4159 2925 4231 Agohardig
2941 4151 3220 4231 vetustatis
3267 4151 3713 4231 injuriadelevit.
3740 4151 4038 4231 Scriptum

2421 4234 2588 4289 fuisse
2616 4224 2848 4287 videtur.
2882 4229 2950 4284 Et
2975 4230 3087 4298 quis
3113 4245 3191 4283 me
3227 4228 3422 4282 salvum
3451 4227 3630 4298 faciat,
3662 4225 3704 4278 si
3747 4225 3791 4277 is
3820 4224 4041 4277 occidet

2419 4308 2505 4376 qui
2549 4307 2743 4359 salvum
2770 4305 2935 4376 facere
2955 4300 3195 4354 debebit?
3225 4300 3345 4355 th.

2496 4376 2594 4450 (m)
2622 4366 2865 4450 Adniénta
2882 4376 3235 4450 haereticorum
3262 4385 3587 4450 venenorum.
3605 4366 3935 4450 Admentum
3972 4368 4043 4425 in

2419 4440 2691 4503 veteribus
2719 4446 3324 4507 Glossis,Ammentum,
3353 4443 3692 4510 ἀμμλὸγχης.
3725 4440 3866 4510 lapis
3892 4448 4044 4495 ἐςτιν

2418 4528 2521 4576 sou
2548 4529 2800 4588 κᾶτέχεται
2832 4528 2859 4579 ἦ
2887 4520 3055 4583 λόγχη.
3084 4514 3217 4569 Hinc
3248 4514 3399 4588 illud,
3438 4512 3582 4588 quod
3612 4525 3767 4580 supra
3802 4514 4044 4566 notavi-

724 4584 925 4673 nos'fln
955 4584 1192 4655 ventum,
1224 4590 1453 4673 hoc‘cst,
1483 4597 1642 4642 ventu
1669 4586 1896 4653 ferente,
1916 4600 2087 4670 .vento
2117 4604 2311 4673 secun-
2342 4613 2394 4673 D
2421 4608 2539 4673 mus
2559 4610 2581 4673 ιε
2616 4584 2935 4673 étlmentavil
2963 4587 3094 4669 hanc
3119 4584 3591 4673 sententiamsﬂtcl.

723 4663 797 4719 do
815 4704 829 4724 .
863 4672 1018 4732 prout
1046 4672 1235 4715 ventus
1233 4660 1441 4732 _tulerit
1467 4676 1481 4722 ;
1519 4669 1675 4726 prout
1703 4660 1958 4728 temporis
1984 4662 2197 4716 occasio
2225 4662 2317 4715 de-

726 4729 890 4796 derit,
933 4734 1183 4791 suaserit.
1227 4729 1335 4796 Et,
1368 4732 1414 4785 si
1447 4732 1733 4800 placuerit,
1778 4732 2029 4785 nimirum
2070 4732 2315 4797 Caesari,

726 4804 1039 4861 Proconsuli
1058 4845 1071 4867 ,
1098 4802 1317 4860 ΡΙ·ωείᾱί
1339 4846 1353 4867 ,
1381 4812 1485 4858 etc.
1515 4800 1637 4857 th.

807 4875 881 4956 (κ)
918 4873 1192 4956 Nunquam
1219 4876 1391 4956 magis
1411 4873 1691 4956 adeundos-
1729 4873 1986 4956 sapiunt,
2009 4891 2161 4956 quam
2208 4891 2323 4931 cum

730 4944 899 5004 aditus
922 4948 1104 5003 animat
1127 4944 1347 5018 formido
1373 4944 1581 5000 laxavit.
1611 4944 1812 5000 Alludit
1836 4946 1902 5000 ad
1931 4945 2061 5001 illud
2089 4945 2324 5002 Juvena«

732 5018 800 5075 lis
825 5036 839 5074 :

1073 5128 1139 5181 Et
1154 5128 1400 5192 trepidum
1420 5130 1615 5182 solvunt
1636 5131 1724 5183 tibi
1743 5144 1925 5181 cornua
1948 5138 2177 5182 ventrem

827 5192 947 5246 Cum
980 5191 1113 5243 lituis
1134 5190 1315 5244 audita.

2498 4662 2576 4735 (η)
2614 4663 2672 4717 Si
2724 4663 2928 4735 plagam
2994 4660 3273 4735 satiaverit.
3332 4657 3389 4711 Si
3437 4654 3675 4725 jaculum
3723 4654 4053 4725 penetravit

2422 4729 2667 4789 adactum
2700 4729 2751 4787 in
2785 4729 2997 4785 vulnus.
3029 4729 3149 4785 th.

2502 4829 2579 4903 (0)
2612 4828 2777 4885 Carne
2809 4826 3019 4896 spiritus
3066 4823 3323 4903 exolescit.
3355 4821 3530 4878 Carne
3556 4862 3571 4888 ,
3594 4819 3697 4876 hoc
3735 4826 3852 4886 est,
3898 4819 4049 4876 vita

2430 4896 2669 4959 moi-talis
2699 4916 2882 4954 amore
2910 4912 3093 4968 pravo.
3126 4896 3245 4953 Bis.

2508 4993 2586 5065 (p)
2623 4992 2843 5065 Nausea
2851 4989 3072 5065 nominis
3091 4987 3406 5065 inaccreseit.
3600 4982 4055 5065 Agobzinagrgs-

2435 5054 2799 5136 (ἷὶίίᾶγριὶςει.
2826 5061 3121 5136 Hesychius
3152 5063 3450 5136 διαπρίει-ιι.
3482 5056 3729 5136 Horatius
3752 5054 3929 5136 dixit}
3962 5058 4055 5111 in-

2438 5126 2757 5196 amarescunt
2813 5126 2998 5203 epulae.
3046 5130 3160 5188 Hoc
3186 5126 3299 5203 est2
3330 5129 3601 5203 inacessit.
3763 5126 3835 5203 _in
3876 5127 4056 5203 ᾼρο-

2440 5209 2546 5278 log.
2590 5194 2783 5262 Arescit
2815 5194 2902 5278 aer
2927 5203 3239 5278 ructantibus
3265 5198 3481 5278 decuriis
3506 5215 3523 5264 ;
3553 5210 3606 5254 et
3645 5198 3737 5278 lib.
3763 5194 3806 5250 Ι.
3837 5194 4053 5278 ςιᾴκῖε-ς.

739 5301 813 5360 Ita
838 5311 895 5357 ut
941 5299 1169 5356 lormido
1198 5315 1303 5357 non
1344 5300 1517 5356 solum
1549 5312 1788 5357 ventrem
1814 5342 1829 5369 ,
1881 5299 1975 5357 sed
2004 5308 2058 5356 et
2094 5301 2331 5357 animum
2630 5289 2791 5369 ίίζιξίξξ
2818 5272 3673 5369 ίίδΑῗίΔξξ¹³ξῗξἛὶ¹ξΞτθξξῗῗηεῇίξίῖξθ
3705 5268 4061 5369 δξξθῑζδξλξί

737 5374 931 5432 solvat.
960 5369 1083 5430 th.

818 5444 897 5517 (h)
930 5442 1201 5499 Trahentes
1230 5442 1399 5517 adhuc
1426 5443 1664 5499 caudam.
1702 5443 1946 5499 Nondum
1988 5444 2334 5517 arcuatogim-

742 5515 1209 5588 petu'surgentes;
1251 5515 1492 5588 nondum
1532 5517 1754 5588 ligentes
1807 5517 2045 5587 spicula;
2090 5515 2327 5572 nondum

743 5587 1025 5643 llmdentes
1052 5600 1215 5639 Virus.
1246 5586 1369 5643 RIG.

846 5658 881 5722 i)
912 5656 1206 5727 Applicant.
1242 5655 1447 5715 Blande
1485 5674 1547 5715 ac
1577 5660 1808 5714 molliter
1834 5660 2113 5715 accedunt.
2149 5660 2270 5715 Βία.

820 5658 887 5804 ἑῇ)
914 5727 1148 5785 Haecine
1177 5731 1281 5798 pati
1324 5731 1551 5785 homines
1582 5732 1888 5804 innocentes.
1922 5733 2049 5786 Hrec
2083 5732 2267 5804 dicunt

2441 5352 2639 5407 Plinius
2660 5350 2828 5414 dixit,
2871 5346 3000 5400 aceti
3037 5345 3304 5412 perﬁdiam
3325 5385 3350 5414 ,ν
3370 5343 3662 5414 nequitiam.
3714 5338 3803 5414 ⁸Εο
3845 5355 4037 5414 aeore

2441 5421 2719 5494 provocari
2765 5410 3017 5474 nauseam
3047 5410 3280 5477 nominis
3307 5413 3587 5469 christiani
3615 5413 3689 5538 εἰὲι
3709 5410 4057 5479 Septimius.

3675 5498 3740 5538 te.

3675 5498 3740 5539 IG.

2509 5583 2587 5657 (α)
2616 5584 2913 5657 Sauciatam
2942 5579 3094 5657 fidem
3117 5578 3285 5657 vel_in_
3312 5576 3567 5657 haeresim,
3594 5574 3753 5657 vel-in
3785 5574 4062 5657 secutura

2434 5646 2681 5726 exspirat.
2731 5654 2839 5707 lloc
2885 5648 3481 5726 est._de_cl_iristianis
3529 5646 3781 5702 fratribus
3832 5652 4065 5705 nostris

844 5721 887 5803 j)
914 5721 1148 5785 Htéccine
1177 5731 1281 5798 pati
1324 5731 1551 5785 homines
1582 5732 1888 5803 innocentes.
1922 5733 2049 5786 Hrec
2084 5732 2335 5803 dicuntur
2436 5721 2574 5803 fiunt
2601 5726 2833 5803 haeretici
2858 5724 2938 5777 vel
2962 5721 3185 5803 ethnici.
3222 5721 3339 5776 llic.

750 5800 1112 5871 sub’persona
1150 5804 1566 5871 ignosticorum,
1614 5802 1983 5860 accedentium
2031 5802 2098 5856 ad
2149 5800 2334 5857 ﬁdeles

2514 5798 2598 5872 (r),
2645 5797 2714 5852 Ab
2757 5798 2881 5872 ipso_
2902 5794 3095 5849 scilicet
3142 5790 3510 5872 cynocephalo1
3542 5788 3794 5856 Diabolo.
3842 5790 4067 5846 canina

751 5862 1019 5945 simplices
1056 5881 1111 5929 et
1137 5862 1485 5932 fortuidantes
1515 5892 1529 5942 ;
1554 5862 1621 5931 ac
1646 5874 1898 5946 deinceps
1926 5875 2059 5931 tales
2094 5887 2338 5945 persona:
2439 5862 2637 5929 invidia
2669 5862 2838 5940 genus
2868 5866 3161 5923 humanum
3175 5862 3436 5921 'vexante.
3472 5862 3593 5918 Βία.
