4242 6492
184 431 295 486 125

1213 418 1573 478 ADVERSUS
1609 417 1983 475 GNOSTICOS
2022 418 2424 476 SCORPIACE.

3400 416 3506 474 126

184 547 374 603 bestiae
415 543 749 601 Christianos
776 541 1152 613 probaverunt.
1181 537 1285 595 Alii
1316 536 1544 592 fustibus
1574 536 1788 591 interim
1815 538 1868 598 Α
1893 535 2051 590 elicio
2095 535 2187 590 Dei
2237 534 2591 598 voluntatem,
2633 531 2776 588 unde
2825 540 2880 589 et
2921 531 3097 601 ipsum
3146 544 3501 604 recognosco.

186 648 244 697 et
265 641 473 714 ungulis
502 640 719 701 insoper
764 634 843 708 (l)
873 636 1148 701 degustata
1191 631 1442 701 martyria
1494 629 1545 683 in
1577 643 1793 683 carcere

184 736 429 791 csuriuut
452 731 675 806 (n).Nos
706 730 802 801 ipsi
837 742 884 781 ιιι
909 726 986 801 (2)
1017 728 1247 799 lepores.
1268 723 1533 778 destinata
1555 722 1790 785 venatio,

187 830 260 884 de
307 828 598 899 longinquo
634 825 961 881 obsidemur.
993 833 1042 875 et
1078 820 1316 875 haeretici
1347 834 1413 873 ex
1447 833 1595 873 more
1645 832 1795 888 gras-

188 932 400 976 santur.
439 920 622 989 Itaque
652 927 859 985 tempus
908 915 1186 968 admonuit
1240 912 1497 967 adversus
1528 920 1795 966 nostrates

186 1012 448 1069 bestiolas
504 1008 585 1083 (3)
628 1005 1023 1080 (promptam)
1078 1005 1278 1060 tuederi
1333 1003 1620 1058 theriacam
1672 1002 1794 1073 (li)

188 1108 335 1175 Stylo
363 1114 660 1172 temperare
690 1118 703 1165 ;
748 1105 835 1171 qui
870 1102 1061 1169 legeris
1087 1140 1102 1162 ,
1134 1097 1347 1151 hiberis.
1391 1094 1507 1150 Non
1551 1109 1793 1149 amarum

192 1200 341 1267 petiti
376 1196 479 1267 (4).
523 1195 580 1248 Si
622 1194 821 1264 eloquia
852 1192 1057 1245 Domini
1086 1191 1256 1243 dulcia
1282 1204 1433 1257 super
1459 1187 1610 1241 mella
1638 1196 1686 1240 et
1716 1189 1797 1255 fa-

190 1304 283 1343 vos
325 1286 344 1361 (
373 1289 462 1342 Ps.
490 1286 656 1342 XVIII
677 1329 691 1350 ,
724 1287 782 1352 7)
808 1326 822 1348 ,
852 1284 974 1339 inde
1005 1286 1266 1353 pigmenta
1308 1288 1471 1344 sunt;
1516 1280 1558 1334 si
1592 1280 1720 1333 lacte
1747 1287 1796 1332 et

193 1379 349 1434 melle
391 1380 676 1449 promissio
719 1378 807 1432 Dei
856 1387 1055 1441 manat,
1107 1376 1207 1428 hoc
1258 1374 1472 1441 sapiunt
1501 1386 1621 1441 quae
1672 1371 1798 1427 illuc

198 1470 424 1526 faciunt.
469 1471 555 1525 Vm
586 1483 754 1522 autem
797 1471 880 1537 qui
911 1467 1060 1520 dulce
1099 1467 1151 1520 in
1178 1482 1447 1530 amarum,
1481 1472 1527 1518 et
1555 1462 1721 1517 lumen
1743 1462 1798 1517 in

194 1564 429 1617 tenebras
454 1571 744 1617 convertunt
776 1558 794 1632 (
820 1559 893 1613 Is.
926 1559 988 1624 ν,
1022 1559 1092 1612 20
1112 1556 1154 1630 ).
1195 1556 1425 1611 Perinde
1453 1557 1597 1611 enim
1626 1565 1678 1611 et
1706 1555 1797 1625 qui

194 1655 471 1725 martyriis
529 1653 912 1724 refragantur,
955 1651 1179 1706 Salutem
1234 1648 1585 1720 perditionem
1635 1649 1799 1703 inter-

192 1760 472 1820 pretantes
495 1791 509 1814 ,
542 1758 646 1803 tam
679 1748 836 1802 dulce
861 1747 912 1801 in
940 1761 1219 1809 amarum,
1247 1759 1405 1815 quam
1436 1744 1608 1799 lucem
1638 1744 1689 1797 in
1723 1752 1800 1797 te-

194 1842 395 1896 nebras
426 1840 722 1895 reformant
746 1881 760 1905 ,
789 1849 948 1909 atque
980 1841 1051 1893 ita
1082 1839 1437 1893 miserrimam
1470 1837 1606 1891 hanc
1635 1837 1799 1891 vitam

1900 624 2012 696 Ego
2046 642 2181 692 sum,
2228 626 2399 694 inquit
2438 623 2647 698 (Exod.
2698 622 2840 697 XX),
2890 622 3031 679 Deus
3062 634 3179 679 tuus
3206 622 3288 697 (9)
3335 625 3425 695 qui
3461 634 3510 679 te

1899 719 2048 773 eduxi
2097 718 2161 772 de
2191 728 2326 772 terra
2374 715 2618 788 Egypti.
2659 716 2780 771 Non
2824 726 2970 771 erunt
3016 716 3104 770 tibi
3148 717 3221 771 dii
3257 715 3376 791 (10)
3416 717 3506 771 alii

1901 821 2083 881 prwter
2119 829 2215 865 me.
2264 811 2385 866 Non
2425 812 2580 883 facies
2608 811 2698 865 tibi
2733 811 3065 865 simulacrum
3092 827 3266 866 eorum
3303 826 3417 880 qut:
3455 812 3509 866 iit

1900 907 2044 972 caelo,
2077 916 2123 959 et
2168 922 2281 974 quia
2323 906 2374 959 in
2423 916 2559 959 terra
2598 906 2856 970 deorsum,
2890 914 2936 958 et
2970 920 3085 975 qua
3127 905 3180 959 in
3206 906 3336 958 mari
3370 905 3511 974 infra

1901 1010 2106 1052 terrain.
2141 998 2262 1052 Non
2301 998 2540 1052 adorabis
2579 1014 2659 1061 ea,
2690 1014 2850 1066 neque
2894 997 3225 1069 famulaberis
3261 1000 3351 1051 eis.
3399 996 3506 1067 Ego

1900 1091 2033 1143 enim
2060 1107 2173 1143 sum
2200 1088 2317 1162 (ll)
2348 1088 2604 1144 Dominus
2654 1087 2789 1143 Deus
2840 1098 2979 1143 tuus.
3027 1088 3159 1143 Item
3210 1089 3267 1143 in
3312 1087 3504 1145 eadem

1901 1182 2107 1237 Extitlo:
2151 1180 2261 1251 Ipsi
2291 1183 2487 1237 vidistis
2527 1182 2663 1255 quod
2693 1182 2757 1235 de
2784 1182 2911 1235 cmlo
2941 1182 3139 1237 locutus
3165 1182 3235 1236 ad
3263 1198 3350 1237 vos
3388 1183 3507 1237 sim.

1906 1274 2027 1329 Non
2057 1275 2254 1344 facietis
2282 1276 2417 1329 vobis
2448 1272 2565 1347 (12)
2596 1273 2715 1328 deos
2752 1283 3049 1343 argenteos,
3083 1282 3132 1328 et
3171 1274 3293 1329 deos
3331 1290 3513 1329 aureos

1900 1384 2003 1422 non
2031 1367 2224 1435 facietis
2259 1368 2417 1422 vobis.
2450 1366 2756 1421 Secundum
2780 1366 2894 1420 lucc
2919 1364 3037 1438 (l3)
3067 1373 3123 1420 et
3168 1366 3220 1420 in
3254 1366 3513 1421 Deutero—

1902 1461 2083 1516 nomio
2101 1460 2244 1531 (Vl):
2274 1460 2427 1523 Audi,
2452 1459 2635 1522 Israel,
2664 1458 2912 1515 Dominus
2939 1460 3076 1515 Deus
3096 1470 3213 1515 tuus
3241 1459 3358 1534 (Η)
3380 1476 3515 1516 unus

1902 1565 1996 1617 est,
2026 1562 2111 1609 et:
2158 1553 2353 1625 Diliges
2400 1553 2670 1607 Dominum
2721 1553 2885 1607 Deum
2924 1565 3067 1608 tuum
3112 1571 3175 1609 ex
3219 1566 3322 1610 toto
3362 1556 3514 1611 corde

1903 1654 2007 1706 tuo.
2041 1656 2087 1698 et
2116 1660 2177 1698 ex
2214 1656 2319 1697 tota
2358 1645 2532 1698 anima
2568 1653 2676 1710 tua,
2707 1654 2753 1697 et
2799 1661 2863 1697 ex
2905 1647 3021 1699 totis
3044 1646 3232 1700 viribus
3279 1647 3420 1711 tuis;
3460 1656 3517 1703 et

1905 1750 2119 1791 rursus:
2158 1735 2238 1790 Ne
2282 1737 2596 1790 obliviscaris
2644 1734 2851 1789 Domini
2886 1735 2978 1789 Dei
3024 1736 3119 1803 tui,
3148 1737 3237 1807 qui
3265 1746 3314 1791 te
3342 1738 3517 1792 eduxit

1904 1832 1967 1886 de
2007 1843 2144 1888 terra
2201 1832 2422 1907 .Egypti
2466 1847 2512 1891 et
2559 1835 2677 1910 (15)
2716 1838 2868 1890 domo
2912 1837 3185 1891 servitutis.
3236 1834 3518 1891 Dominum

194 1933 273 1986 illi
307 1933 627 1988 beatissima:
657 1931 1029 1997 praevertenda
1055 1973 1070 1998 ,
1102 1941 1207 1985 tam
1231 1946 1471 1984 amarum
1508 1946 1603 2001 pro
1631 1929 1796 1995 dulci,
1827 1942 1875 2001 Β
1906 1925 2069 1981 Deum
2099 1938 2239 1981 tuum
2269 1929 2483 1994 timebis,
2513 1942 2560 1985 et
2606 1930 2685 1984 illi
2712 1930 3044 2001 famulaberis
3083 1930 3200 1994 soli,
3232 1939 3279 1982 et
3306 1928 3385 1983 illi
3415 1930 3515 1982 ad-

195 2045 358 2098 quam
385 2028 630 2083 tenebras
662 2042 758 2097 pro
785 2027 904 2082 luce
930 2035 1256 2096 Stlppttl'tllol.

848 2117 1078 2175 CAPUT
1116 2118 1183 2173 II.

268 2212 381 2268 Sed
422 2211 658 2267 nondum
707 2210 775 2265 de
828 2211 970 2265 bono
1014 2210 1288 2281 Martyrii,
1319 2209 1419 2264 nisi
1472 2208 1653 2264 debito
1685 2209 1799 2280 (5)

197 2305 433 2375 primum
464 2321 477 2366 ;
509 2319 607 2359 nec
635 2312 759 2357 ante
788 2302 855 2357 de
886 2303 1113 2357 utilitate
1142 2303 1291 2372 ejus,
1323 2318 1481 2370 quam
1511 2302 1579 2357 de
1605 2317 1799 2357 ncces-

194 2398 359 2450 sitate
379 2394 689 2449 discendum
846 2394 1147 2447 Anetoritas
1190 2392 1366 2447 divina
1398 2392 1650 2463 pracedit
1682 2434 1696 2458 ,
1728 2408 1796 2448 an

197 2489 306 2543 tale
328 2488 454 2558 quid
484 2488 715 2543 voluerit
737 2498 897 2557 atque
946 2486 1277 2541 mandaverit
1306 2487 1445 2541 Deus
1474 2528 1488 2553 ,
1522 2486 1595 2560 (c)
1623 2498 1677 2541 ut
1709 2489 1799 2557 qui

198 2592 396 2649 negant
433 2579 668 2643 bonum,
721 2594 825 2632 non
878 2577 1205 2633 suadeautur
1253 2580 1656 2633 accommodum
1698 2577 1799 2652 (7),

199 2673 304 2727 nisi
335 2688 456 2727 cum
497 2671 700 2727 subacti
734 2670 947 2726 fuerint.
979 2669 1057 2743 (ά)
1112 2670 1187 2725 Ad
1217 2670 1449 2725 oilicimn
1492 2669 1573 2743 (8)
1627 2670 1802 2726 luere-

202 2765 342 2819 ticos
392 2765 660 2833 compelli,
693 2778 797 2817 non
847 2763 973 2818 illici
1024 2763 1241 2833 dignum
1286 2774 1389 2818 est.
1435 2764 1634 2819 Duritia
1686 2764 1803 2819 vin-

199 2858 379 2913 cenda
417 2867 517 2921 est,
548 2872 649 2910 non
684 2856 981 2911 suadenda.
1022 2856 1089 2910 Et
1141 2856 1321 2926 utique
1371 2857 1501 2910 satis
1545 2856 1804 2926 optimum

1902 2020 2268 2091 glutinaberis;
2308 2033 2354 2077 et
2386 2024 2440 2078 in
2485 2025 2689 2078 nomine
2731 2026 2841 2093 ejus
2890 2022 3165 2090 deierabis.
3211 2020 3336 2077 Non
3377 2023 3517 2078 ibitis

1904 2127 2018 2185 post
2044 2116 2163 2171 deos
2189 2116 2383 2171 alienos
2406 2134 2469 2172 ea:
2494 2118 2591 2172 diis
2616 2117 2734 2192 (I6)
2758 2119 3023 2172 nationum
3048 2133 3163 2187 qute
3191 2118 3381 2171 circum
3407 2133 3512 2184 vos,

1903 2212 2022 2281 quia
2070 2213 2343 2266 tumulatur
2382 2212 2518 2267 Deus
2544 2212 2662 2286 (I7)
2692 2223 2808 2266 tuus
2854 2213 2907 2265 in
2957 2221 3004 2265 te
3033 2228 3051 2265 :
3092 2228 3154 2265 ne
3197 2209 3313 2284 (18)
3356 2212 3520 2266 iratus

1902 2302 2215 2372 indignetur.
2244 2315 2290 2358 et
2321 2306 2622 2358 exterminet
2648 2314 2696 2358 te
2723 2321 2754 2357 a
2786 2304 2922 2375 facie
2948 2312 3119 2356 terrm.
3152 2302 3260 2357 Sed
3293 2312 3347 2357 et
3392 2317 3519 2373 pro-

1904 2410 2110 2465 ponens
2174 2397 2575 2451 beuedictiones
2633 2406 2687 2451 et
2762 2395 3219 2452 maledictiones:
3270 2394 3522 2450 Benedic-

1904 2488 2079 2553 tiones,
2125 2485 2238 2560 (I9)
2272 2489 2440 2557 inquit
2481 2487 2658 2561 (Deut.
2690 2485 2778 2551 XI,
2827 2484 2954 2559 27),
2990 2487 3034 2539 si
3086 2486 3353 2540 audieritis
3382 2502 3519 2556 prae-

1904 2590 2051 2649 cepta
2112 2578 2321 2633 Domini
2373 2580 2468 2635 Dei
2507 2580 2680 2643 vestri,
2737 2594 3068 2651 quacumque
3120 2594 3211 2649 ego
3275 2577 3520 2646 pracipio

1915 2673 2055 2727 vobis
2086 2673 2254 2734 hodie,
2299 2671 2415 2747 ('20)
2454 2683 2500 2728 et
2548 2690 2649 2727 non
2677 2672 2800 2744 (21)
2830 2672 3119 2727 erraveritis
3147 2672 3210 2725 de
3234 2671 3337 2736 via,
3366 2687 3521 2742 quant

1910 2767 2147 2821 mandavi
2201 2767 2377 2832 vobis,
2427 2777 2482 2821 ut
2529 2767 2766 2821 abeuntes
2817 2767 3047 2820 serviatis
3080 2767 3197 2820 rdiis
3238 2764 3353 2837 (22)
3382 2766 3520 2831 aliis,

1909 2878 2034 2932 quos
2077 2878 2177 2915 non
2204 2863 2364 2917 scitis.
2398 2863 2473 2917 De
2517 2862 2712 2932 quibus
2750 2859 3091 2916 omnifariam
3137 2859 3519 2929 extirpandis:

201 2950 662 3021 prejudicahitur,
703 2950 844 3020 quod
897 2948 1209 3017 probabitur
1234 2963 1264 3001 a
1309 2948 1417 3002 Deo
1461 2950 1808 3003 constitutum
1912 2952 2209 3008 Perditione
2239 2954 2479 3022 perdetis,
2511 2953 2703 3025 inquit,
2735 2952 2910 3007 omnia
2940 2954 3072 3014 loca.
3106 2954 3158 3005 in
3188 2953 3369 3022 quibus
3411 2969 3522 3007 ser-

200 3053 367 3113 atque
422 3053 766 3111 preceptum.
820 3041 1129 3097 Sustineaut
1170 3040 1455 3111 Evangelia
1508 3042 1805 3111 paulisper,

200 3135 333 3191 dum
378 3135 613 3189 radicem
666 3150 853 3189 corum
901 3150 967 3190 ex
1012 3135 1183 3204 primo
1225 3132 1450 3204 Legem;
1505 3134 1631 3189 dum
1685 3136 1810 3193 inde

1910 3047 2109 3100 vierunt
2153 3048 2381 3100 nationes
2427 3046 2527 3100 diis
2574 3048 2679 3100 suis
2704 3087 2716 3107 ,
2752 3045 2870 3119 (23)
2897 3060 3025 3114 quas
3073 3059 3159 3097 vos
3202 3042 3521 3113 possidebitis

1913 3138 2210 3195 haereditate
2234 3156 2251 3194 :
2280 3139 2449 3194 subter
2479 3135 2596 3211 (24)
2623 3148 2818 3192 montes
2846 3149 2891 3192 et
2920 3137 3095 3201 colles,
3124 3144 3171 3190 et
3197 3134 3288 3189 sub
3319 3132 3523 3189 arbores

1403 3250 1785 3309 LEIJTIONES
1822 3252 2244 3310 VARIANTES.

293 3463 344 3523 5)
374 3463 616 3519 Bestiolas
642 3478 857 3517 nostrate
882 3467 1183 3523 scorpiacum
1208 3463 1351 3515 seml.

204 3590 343 3657 poiio
367 3590 518 3657 latin.

290 3655 344 3708 5)
368 3656 449 3707 De
478 3656 649 3705 debito
674 3653 894 3705 Ciaccon.
916 3653 1039 3703 Jun.

290 3718 343 3771 6)
369 3718 643 3771 Dicendum
688 3720 786 3767 Lat.

292 3773 345 3843 7)
374 3782 450 3832 Ad
475 3780 777 3843 contmodum
799 3773 1117 3843 Rheinseml.
1145 3774 1343 3843 Oberth.

292 3790 345 3846 Ἰ)
374 3790 450 3832 Ad
475 3790 777 3833 commooum
799 3790 953 3829 tmen.
974 3790 1117 3843 sentt.
1145 3790 1343 3828 uoertn.

270 3790 344 3905 (8)
382 3844 589 3894 Fuerint
614 3842 670 3905 ad
689 3840 914 3891 officium.
938 3842 1209 3905 Hzereut'os
1230 3840 1351 3890 Jun.

294 3901 347 3971 9)
372 3906 615 3971 Dominus
645 3904 783 3971 Deus
805 3910 921 3971 tu_us
939 3905 1081 3971 Pam.
1106 3901 1259 3952 Fran.

301 3964 356 4019 li)
406 3968 477 4016 Dii
505 3968 634 4019 abest
664 3964 811 4021 Rhea.
840 3964 991 4016 Seml.

302 4035 348 4081 ll
413 4030 533 4081 Sum
557 4028 702 4079 omilt.
742 4027 937 4079 Oberllt.

302 4096 356 4144 l2
418 4092 540 4142 inibi
567 4089 716 4143 Rhen.
745 4090 897 4143 Seml.

301 4158 357 4207 l3
414 4155 565 4206 Vobis
585 4159 854 4206 secundum
874 4155 979 4204 haec

292 3343 343 3419 tl
371 3345 648 3419 Ρεεςιιειξεο
672 3342 998 3419 metumet
1022 3355 1077 3419 13.:
1097 3341 1240 3392 εαηι-

292 3344 343 3440 )
371 3345 648 3417 Degustato
672 3344 904 3407 martyrio
928 3344 998 3393 Rh
1027 3355 1076 3390 η.
1097 3356 1104 3390 :

266 3344 344 3593 is)
374 3402 1104 3539 iis;liﬂ’.“:sﬁi’lé'££f£lie

290 3532 319 3578 4
389 3531 493 3593 hec
532 3544 748 3579 amarum
786 3531 921 3593 potio
960 3525 1104 3580 Rhett

302 4027 377 4081 ΙΙ)
413 4030 533 4081 Sum
557 4028 702 4079 omilt.
742 4027 937 4079 Oberllt.

302 4089 379 4144 ΙΞ)
418 4092 540 4142 inibi
567 4089 716 4143 Rhen.
745 4090 897 4143 Seml.

326 4148 377 4206 3)
414 4155 565 4206 Vobis
585 4159 854 4206 secundum
874 4155 979 4204 haec
1001 4149 1151 4205 then.
1179 4149 1329 4203 Seml.
1358 4148 1553 4203 Oberth.

270 3911 291 4220 Ξ

300 4159 317 4207 ι

389 3530 493 3593 Nec
532 3544 748 3579 amarum
786 3531 921 3593 potio
960 3525 1113 3580 Rhen.
1140 3526 1282 3577 Seml.
1332 3540 1425 3577 nec
1476 3540 1639 3579 amara
1679 3532 1809 3579 enim

2116 3347 2360 3458 geminus
2381 3345 2501 3397 add.
2528 3347 2650 3397 Jun.

2008 3409 2084 3459 15)
2116 3409 2153 3458 Ε
2175 3411 2297 3459 Jtm.

2009 3464 2082 3521 16)
2118 3470 2251 3520 Deos
2273 3470 2473 3519 aliorum
2500 3477 2552 3519 et
2573 3470 2697 3519 deos
2720 3467 2871 3521 Rhea.
2893 3464 3045 3519 Seml.
3071 3464 3270 3518 Obertlt.

2005 3527 2082 3583 l7)
2118 3539 2170 3580 Et
2194 3541 2320 3582 Deus
2342 3532 2592 3581 aemulator
2616 3531 2855 3581 Dominus
2877 3528 3031 3583 Rheu.
3058 3528 3211 3580 Seml.
3239 3527 3441 3580 Oberth.

2011 3593 2084 3645 l8)
2116 3595 2171 3644 Et
2196 3610 2258 3645 ne
2278 3596 2428 3645 Seml.
2457 3593 2522 3644 Ut
2546 3608 2609 3644 ne
2635 3595 2758 3644 Jun.

1981 3598 2063 3653 (l8
2116 3598 2171 3644 Et
2196 3610 2258 3645 ne
2278 3598 2428 3645 Seml.
2458 3598 2522 3644 Ut
2546 3608 2609 3644 ne
2635 3598 2758 3644 Jun.

1922 3598 2084 3773 Ρ(
2096 3657 2533 3769 ἲῐξξὲεόίεῐίοηθιιι
2560 3666 2612 3708 et
2657 3656 3056 3707 maledictionem
3083 3669 3095 3703 :
3121 3652 3526 3705 benedictionem

1969 3734 2065 3770 am.
2096 3734 2248 3770 ΪΙἩΠ.

1982 3781 2085 3840 (20)
2122 3783 2515 3833 Maledictionem
2538 3783 2581 3831 si
2607 3795 2706 3832 err.
2735 3784 2878 3833 Pam.
2907 3781 3058 3831 Fran.

1982 3787 2065 3840 (20
2123 3787 2515 3833 Maledictionem
2538 3787 2581 3831 si
2607 3795 2706 3832 err.
2735 3787 2878 3833 Pam.
2907 3787 3058 3831 Fran.

1982 3787 2085 3907 (21)
2125 3844 2283 3907 [indie
2304 3859 2315 3892 :
2337 3854 2387 3896 et
2404 3844 2800 3894 maledictionem
2818 3846 2857 3893 si
2884 3856 2981 3893 non
2997 3842 3523 3907 audieritispragcepta

1917 3903 2110 3954 Domini
2134 3904 2226 3971 Dei
2244 3908 2425 3971 (nostri,
2451 3919 2773 3971 quzecumque
2816 3918 2913 3970 ego
2936 3905 3166 3971 praecipio
3192 3903 3332 3956 vobis
3354 3903 3522 3964 hodie,

1918 3974 1972 4016 et
1995 3969 2282 4017 erraveritis
2302 3968 2366 4017 de
2385 3970 2460 4017 via
2482 3969 2604 4018 Jun.

1981 4028 2084 4087 (22)
2110 4030 2228 4080 Deis
2256 4033 2422 4082 Venet.

2004 4091 2083 4144 23)
2120 4091 2234 4142 Suis
2255 4093 2388 4143 abest
2411 4094 2555 4143 Pam.
2583 4094 2739 4144 Frau.

2004 4152 2086 4219 24)
2112 4154 2273 4219 Super
2292 4154 2447 4208 Rhea.
2475 4152 2628 4206 Seml.
2656 4152 2855 4215 Oberllt.

1978 3347 2003 3653 Ξ

1555 4254 2113 4314 COMMENTARIUS.

283 4378 361 4450 (a)
418 4377 694 4449 Degustata
742 4372 991 4450 martyrio
1054 4372 1109 4426 in
1154 4386 1357 4425 carcere
1397 4371 1641 4425 esuriant.
1694 4370 1807 4427 IIoc

199 4448 329 4514 est,
380 4456 635 4515 emptam
688 4448 940 4516 martyria
992 4457 1409 4516 consummare,
1451 4457 1569 4516 qum
1598 4452 1801 4516 tantum

199 4512 615 4583 degustaverint
642 4559 654 4581 ,
685 4512 917 4572 fustibus
948 4517 1027 4570 vel
1061 4514 1271 4583 ungulis
1302 4512 1566 4566 verberati
1600 4513 1802 4567 lacera-

199 4592 359 4661 tique
391 4608 403 4651 ;
434 4591 583 4659 quasi
608 4598 845 4643 extrema
881 4594 1229 4661 tantumcute
1262 4584 1560 4653 perstricm.
1598 4583 1715 4661 itte.

1986 4372 2063 4445 (ιί)
2094 4373 2172 4426 Ad
2196 4374 2433 4445 ofﬁciunt
2466 4374 2729 4429 httreticos
2768 4373 3042 4442 compelli,
3076 4387 3176 4426 non
3227 4369 3357 4445 illici
3404 4370 3521 4445 digf

1908 4442 2027 4499 nunt
2046 4442 2146 4498 est.
2177 4442 2413 4500 Gnostici
2442 4487 2455 4506 ,
2483 4446 2740 4516 martyria
2776 4461 2874 4500 nec
2904 4447 3038 4499 bona
3070 4458 3169 4498 nec
3198 4442 3519 4516 utiliaapud

1914 4517 2078 4570 Deum
2107 4531 2227 4569 esse
2252 4516 2503 4570 dicebant
2528 4557 2542 4578 ,
2575 4510 2817 4586 adeoque
2854 4531 2960 4571 non
2989 4514 3293 4586 appetenda
3329 4510 3518 4568 Chris-

1910 4589 2084 4642 tinnis.
2134 4586 2427 4656 Septimius
2488 4583 2749 4641 adversus
2802 4586 2852 4642 id
2897 4583 3085 4657 genus:
3113 4583 3396 4657 Inereticos
3438 4587 3521 4657 sic

284 4661 368 4733 (li)
396 4647 645 4715 Adversus
665 4669 912 4733 nostrates
932 4658 1169 4733 bestiolas
1187 4647 1472 4733 promptam
1494 4656 1679 4733 mederi
1696 4655 1800 4733 tlte-
1827 4647 1879 4705 D
1905 4658 2166 4733 agendum
2210 4647 2320 4711 'sibi
2344 4674 2499 4733 “non
2532 4672 2651 4733 esse
2709 4658 2803 4733 ait,
2832 4647 3174 4733 utvbiantIiS,
3206 4666 3261 4710 at
3310 4654 3519 4711 subtili-

195 4727 427 4787 riaca'm.
483 4732 571 4787 Sic
600 4731 962 4787 restituimus.
1006 4730 1171 4781 secuti
1220 4727 1543 4795 exemplaris
1574 4727 1797 4796 vestigia

196 4803 518 4873 Itujusrnodi
555 4802 848 4855 :Adversus
876 4810 1121 4854 nostrates
1169 4796 1551 4873 best_iolas......
1594 4797 1646 4873 in
1697 4814 1801 4873 me-

197 4868 324 4929 deri
383 4875 659 4927 theriacam
721 4873 840 4925 stilo
897 4881 1191 4941 temperare.
1263 4868 1797 4941 Nostratesrbestio-

198 4948 292 5001 Ias
320 4946 450 4999 dicit
476 4944 880 5009 scorpiunculos
912 4939 1192 4994 hereticos
1218 4940 1698 5009 perniciosissimos
1733 4939 1801 4994 de

197 5033 323 5072 non
369 5020 509 5070 veris
551 5015 859 5070 Christianis
908 5020 1231 5082 prognatos,
1291 5010 1357 5062 de
1405 5010 1595 5074 quibus
1640 5024 1797 5079 supra

197 5089 383 5149 dixit,
414 5086 659 5156 Magnum
689 5085 751 5138 de
776 5085 970 5136 modico
1002 5084 1194 5136 malum
1219 5124 1231 5139 .
1260 5089 1307 5133 et
1338 5081 1579 5156 Acerbum
1605 5082 1799 5134 medio-

198 5165 469 5213 critatem.
505 5154 567 5211 Iit
596 5158 646 5210 iu
678 5156 1004 5225 Serpentium
1045 5154 1501 5225 genere._scurpii
1532 5162 1655 5205 sunt
1681 5168 1795 5205 mo-

196 5231 316 5285 dici
347 5238 400 5284 et
431 5230 746 5282 mediocres.
772 5222 847 5281 Et
872 5242 983 5278 rem
1014 5240 1227 5293 parvam
1276 5222 1634 5278 Tertulliauus
1677 5237 1792 5278 me-

197 5302 451 5357 diocrem
480 5300 659 5357 dicere
686 5311 845 5350 nm-u.
874 5296 995 5351 Rto.

281 5370 443 5427 CAP.
468 5369 512 5452 Il_
543 5400 609 5409 -—
634 5368 707 5452 (ς)
735 5367 802 5452 ι
823 5369 907 5438 qui
927 5377 1111 5452 negant
1130 5366 1470 5452 boriunt.'non
1496 5364 1803 5452 suadeantur

197 5446 621 5503 accommodum,
644 5436 746 5496 nisi
773 5436 885 5493 cuin
910 5436 1103 5493 subacti
1121 5438 1325 5506 fuerint.
1346 5436 1468 5491 Haec
1488 5436 1704 5489 omnino
1720 5448 1804 5490 est

200 5516 485 5581 scriptura
521 5514 642 5566 cod.
673 5511 945 5577 Agod.Ait
968 5508 1331 5563 Tertullianus
1349 5550 1362 5573 ,
1385 5524 1477 5561 eos
1497 5508 1587 5581 qui
1609 5515 1804 5581 negant

200 5578 416 5645 bonum
465 5599 586 5639 esse
633 5584 947 5652 martyrium
978 5624 990 5637 .
1046 5596 1149 5633 non
1194 5581 1341 5649 prius
1381 5579 1601 5652 suaderi
1641 5578 1803 5633 debe-

201 5676 275 5714 re
329 5658 525 5709 bonum
583 5670 701 5711 esse
744 5650 799 5706 et
848 5653 1225 5711 commodum,
1295 5666 1452 5719 quam
1500 5650 1799 5703 divinarum

202 5730 614 5797 Scripturarttm
668 5728 984 5797 auctoritate
1032 5723 1235 5776 subacti
1286 5724 1483 5775 fuerint
1524 5720 1794 5797 ‘erederQ,

205 5790 583 5856 necessarium
623 5812 742 5851 esse
782 5795 846 5846 ad
891 5796 1112 5847 salutem
1158 5796 1490 5863 martyrium.
1522 5790 1651 5847 Nam
1701 5790 1800 5846 hoc

204 5873 395 5927 aviclo
422 5913 435 5931 ,
463 5868 617 5923 facile
647 5865 877 5921 obtineri
906 5874 960 5918 ut
982 5864 1204 5919 credant
1230 5905 1244 5926 ,
1273 5862 1376 5917 non
1410 5862 1568 5919 modo
1599 5863 1797 5919 bonum

204 5956 340 5999 esse
362 5983 376 6005 ,
406 5940 499 5995 scd
527 5951 581 5996 et
603 5937 941 5994 commodum
972 5947 1128 6006 atque
1159 5936 1308 5991 utile.
1340 5934 1459 5989 th.

1904 4728 2003 4783 bus
2032 4732 2294 4783 rationum
2344 4730 2599 4783 illecibris
2638 4729 2961 4782 suadeantur
3008 4727 3155 4782 utilia
3206 4741 3327 4781 esse
3380 4743 3521 4780 mar-

1910 4803 2085 4870 tyria.
2118 4800 2212 4853 sed
2283 4800 2335 4854 in
2401 4801 2515 4869 ipso
2564 4800 2673 4870 jam
2729 4800 2912 4853 limine
2976 4798 3355 4869 disputationis
3411 4799 3517 4852 vim

1906 4869 2261 4925 adhibendam
2293 4914 2305 4930 .
2365 4888 2463 4939 qua
2515 4870 2774 4940 compulsi
2825 4870 3125 4937 coactique,
3146 4869 3390 4940 sentiant
3414 4884 3520 4940 ne-

1906 4942 2136 4995 cessaria
2178 4957 2335 4997 esse:
2371 4938 2567 4997 etenim
2598 4938 2657 4996 ea
2710 4940 2918 4995 fortiter
2960 4941 3090 4994 obiri
3141 4938 3308 4992 Deum
3343 4938 3513 5005 velle;

1910 5012 2076 5066 Deum
2103 5012 2293 5080 jubere
2328 5030 2339 5065 :
2376 5014 2551 5083 itaque
2606 5012 2752 5065 verbi
2792 5013 2958 5065 divini
3011 5010 3517 5083 auctoritatem,“-

1908 5099 1994 5138 res
2015 5092 2069 5137 et
2095 5086 2276 5153 capias
2300 5080 2505 5137 divinas
2535 5124 2548 5147 ,
2580 5098 2730 5137 arma
2752 5084 2990 5139 caelestia
3018 5082 3242 5153 intentat
3271 5098 3301 5153 εγ
3340 5080 3512 5135 aciem

1906 5151 2306 5223 Scripturarum
2333 5153 2561 5208 instruit.
2596 5154 2687 5209 His
2732 5156 2923 5225 gladiis
2968 5151 3242 5221 compellit
3293 5152 3512 5225 haereti-

1906 5240 1998 5279 cos
2034 5222 2117 5281 ad
2149 5227 2383 5281 cilicium
2419 5244 2430 5278 :
2467 5226 2549 5278 his
2589 5222 2838 5280 crucibus
2878 5237 3039 5295 atque
3093 5222 3371 5277 tormentis
3407 5222 3511 5276 du-

1907 5296 2083 5350 ritiam
2154 5312 2341 5353 eorum
2418 5296 2611 5366 frangit
2676 5313 2737 5349 ac
2808 5298 3022 5365 subigit.
3086 5296 3149 5349 Et
3216 5304 3505 5366 consenta-

1907 5382 2005 5420 nea
2067 5367 2299 5437 loquntur
2354 5367 2417 5421 iis
2467 5362 2586 5436 quia
2631 5367 2696 5420 ad
2738 5362 3019 5438 Scapulam
3067 5366 3236 5426 dixit,
3272 5362 3506 5433 Religio-

1908 5438 1987 5491 nis
2038 5456 2137 5492 non
2189 5455 2294 5491 esse
2341 5455 2516 5505 cogere
2564 5439 3061 5507 religionem;.qua:
3121 5445 3312 5504 sponte
3385 5449 3508 5507 sus-

1908 5510 2009 5577 cipi
2038 5512 2271 5570 debeat,
2305 5526 2409 5563 non
2456 5511 2525 5562 vi.
2560 5505 2822 5563 Niuiirum
2853 5525 2917 5563 eo
2948 5505 3197 5561 Sermone
3249 5507 3355 5559 vim
3409 5505 3508 5559 ali-

1906 5580 2185 5634 dicaudam
2262 5595 2381 5637 esse
2453 5580 2760 5641 contendit,
2821 5596 2937 5649 quae
3000 5594 3192 5645 corpus
3269 5577 3505 5649 hominis

1906 5662 2063 5705 verat
2086 5694 2100 5717 ,
2132 5660 2225 5706 aut
2270 5662 2462 5714 necat;
2496 5666 2719 5719 eamque
2751 5647 2854 5703 vini
2882 5691 2896 5714 ,
2948 5651 2996 5702 in
3049 5647 3354 5717 huiusmodi
3406 5662 3503 5719 ne-

1905 5726 2062 5789 gotiis
2098 5724 2382 5775 absurdam
2414 5733 2570 5790 atque
2620 5717 2857 5775 inutilem
2886 5762 2899 5783 ,
2928 5722 3045 5777 ideo
3086 5720 3333 5790 damnat,
3356 5717 3500 5785 quod

1906 5788 2209 5863 liypocritas
2247 5794 2458 5862 quidem
2488 5788 2688 5863 iaciat,
2723 5794 2940 5848 minime
2976 5798 3153 5847 autem
3190 5788 3495 5861 religiosos,

1905 5861 2100 5921 nedum
2138 5864 2479 5921 christianos.
2518 5861 2635 5917 th.
