4242 6492
714 404 816 461 127

2133 394 2592 454 TERTULLIANI

3911 401 4018 460 128

711 520 894 576 densas
944 536 1169 592 quasque
1196 521 1279 592 (1)
1317 519 1567 588 effodietis
1604 535 1721 576 aras
1764 535 1959 581 eorum,
1989 518 2216 574 evertetis
2254 524 2300 569 el
2328 514 2378 575 Α
2405 530 2621 585 quoque
2645 517 2888 573 ordinem
2920 519 2989 576 ab
3017 519 3284 577 idolorum
3312 522 3683 579 exsecratione
3704 525 4015 580 commisit:

710 616 1059 670 comminuetis
1097 612 1337 669 staticula
1379 631 1573 679 eorum,
1602 624 1648 669 et
1678 613 1916 668 excidetis
1943 613 2082 666 lucos
2108 626 2305 675 earum,

710 719 759 763 et
817 708 1072 775 scalptilia
1113 708 1338 777 ipsorum
1382 708 1590 761 deorum
1627 706 1706 777 (2)
1750 705 2132 760 concremabitis
2176 704 2305 773 igni,

711 813 759 859 et
784 802 1085 872 disperdetis
1113 820 1291 857 nomen
1323 818 1498 858 earum
1534 804 1596 856 de
1621 802 1731 856 loco
1760 802 1871 857 illo.
1904 800 2090 855 Adhuc
2118 798 2310 868 ingerit

712 908 833 950 cum
887 893 1198 950 introissent
1264 906 1459 950 terram
1516 894 1905 964 promissionis,
1946 901 2003 947 et
2051 891 2307 946 extermi-

712 996 934 1045 nasseut
962 989 1205 1043 nationes
1234 989 1351 1057 ejus
1375 1007 1387 1043 :
1412 988 1545 1042 Cave
1575 987 1661 1041 tibi
1704 1004 1765 1042 ne
1800 987 2027 1053 sequaris
2055 1002 2139 1039 eas
2167 996 2307 1051 post-

713 1097 924 1153 eaquam
963 1083 1309 1136 exterminata:
1356 1081 1543 1154 fuerint
1571 1097 1604 1135 a
1632 1082 1762 1153 facie
1786 1089 1893 1143 tua,
1924 1096 1989 1134 ne
2022 1078 2311 1148 requisieris

713 1176 835 1233 deos
862 1178 1103 1243 illarum,
1140 1177 1356 1231 dicens:
1391 1174 1816 1245 quemadmodum
1857 1174 2051 1245 faciunt
2081 1174 2310 1227 nationes

715 1270 822 1324 deis
860 1270 984 1334 suis,
1029 1268 1108 1342 (ὅ)
1154 1279 1201 1325 et
1241 1285 1331 1340 ego
1375 1270 1448 1323 ita
1488 1270 1691 1336 faciam.
1723 1267 1829 1323 Sed
1875 1275 1931 1321 et
1983 1265 2033 1320 id
2076 1265 2158 1337 (Α)
2204 1264 2311 1320 :Si

716 1361 1007 1433 prophetes,
1042 1362 1210 1432 inquit
1236 1360 1413 1433 (Deut.
1457 1360 1629 1433 Xlll).
1661 1360 1998 1415 exsurrexerit
2024 1360 2078 1413 in
2109 1370 2177 1423 te,
2222 1367 2312 1412 aut

716 1455 970 1511 somnium
996 1455 1277 1519 somnians,
1306 1464 1350 1508 et
1376 1454 1568 1508 dederit
1594 1453 1682 1508 tibi
1708 1453 1910 1525 signum
1936 1453 2013 1506 vel
2039 1462 2307 1516 ostentum,

717 1559 764 1604 et
798 1550 1011 1604 evenerit
1063 1547 1162 1621 (5),
1208 1559 1254 1603 et
1297 1550 1517 1603 dixerit:
1550 1565 1755 1613 eamus,
1804 1557 1850 1602 et
1890 1548 2163 1601 serviamus
2204 1546 2313 1601 deis

716 1642 854 1708 aliis,
881 1659 1006 1713 quos
1033 1659 1132 1697 non
1163 1644 1337 1697 scitis:
1367 1659 1431 1696 ne
1470 1642 1690 1696 audiatis
1718 1657 2000 1696 sermonem
2028 1641 2309 1710 praphetw,

716 1743 807 1789 aut
842 1734 1166 1789 sonmiataris
1208 1735 1381 1799 illius;
1415 1734 1534 1801 quia
1578 1742 1732 1788 tentat
1763 1749 1850 1787 vos
1886 1732 2136 1786 Dominus
2175 1730 2313 1785 Deus

718 1837 894 1893 vester,
922 1842 989 1880 an
1035 1827 1111 1895 (6)
1163 1842 1227 1880 ex
1275 1836 1380 1880 toto
1421 1827 1574 1880 corde
1608 1837 1772 1880 vestro
1805 1867 1820 1890 ,
1848 1834 1892 1879 et
1921 1842 1984 1879 ex
2008 1835 2115 1879 tota
2139 1824 2313 1877 anima

2414 606 2721 666 Maledictus
2750 613 2900 667 homo
2930 616 3015 684 qui
3043 617 3217 685 fecerit
3247 617 3486 688 sculptile
3507 629 3596 671 aut
3626 621 3799 690 fusile,
3833 636 4019 689 asper-

2412 714 2703 759 namentum
2750 705 2991 771 Domino,
3041 725 3169 778 opus
3220 710 3335 781 (13)
3378 729 3624 766 manuum
3672 718 3917 775 artiﬁcis.
3968 734 4015 770 es

2411 794 2730 851 collocaverit
2753 798 2886 852 illud
2911 801 2963 853 in
2988 802 3282 857 abscondito
3325 802 3345 875 (
3376 802 3528 859 Deut.
3558 804 3771 870 XXVII,
3806 808 3925 876 15).
3961 805 4021 861 In

2412 888 2651 946 Levitico
2680 906 2811 947 vero
2848 892 3013 965 (XIX,
3043 894 3141 965 4):
3178 894 3299 950 Non
3334 897 3609 967 sequemini
3649 900 3787 967 (16),
3821 900 4019 969 inquit,

2412 980 2571 1047 idola,
2603 992 2650 1035 et
2686 982 2807 1037 deos
2848 984 3026 1052 fusiles
3055 1002 3156 1039 non
3193 988 3387 1057 facietis
3416 989 3573 1044 vobis.
3605 987 3716 1059 Ego
3767 989 4025 1046 Dominus

2417 1074 2553 1131 Deus
2596 1086 2774 1131 vester.
2820 1077 2887 1133 Et
2929 1079 3091 1134 alibi:
3127 1078 3255 1135 Filii
3295 1082 3464 1137 Israel
3502 1084 3687 1152 famuli
3715 1086 3863 1153 pueri
3886 1087 4020 1151 mei,

2414 1169 2467 1221 hi
2493 1179 2608 1223 sunt
2632 1186 2759 1239 quos
2778 1171 2932 1225 eduxi
2953 1172 3016 1225 de
3039 1181 3174 1227 terra
3195 1172 3437 1245 ﬁgypti.
3463 1174 3575 1248 Ego
3600 1175 3850 1231 Dominus
3875 1177 4026 1233 Deus

2413 1270 2592 1314 vester.
2627 1250 2749 1315 Non
2774 1262 2968 1330 facietis
2995 1263 3133 1319 vobis
3159 1282 3314 1319 manu
3342 1267 3497 1333 facta.
3528 1284 3617 1321 nec
3642 1269 3875 1335 sculptile
3894 1268 4025 1342 (15)

2412 1353 2703 1407 staticulum
2728 1357 2959 1411 statuetis
2997 1358 3155 1419 vobis.
3187 1374 3279 1413 nec
3318 1360 3541 1431 lapidem
3582 1378 3790 1431 scopum
3822 1365 4029 1432 ponetis

2413 1444 2469 1499 in
2515 1455 2650 1501 terra
2696 1457 2880 1503 vestra.
2933 1448 3045 1520 Ego
3086 1450 3340 1507 Dominus
3386 1452 3525 1510 Deus
3564 1466 3741 1511 vester.
3794 1458 3862 1513 Et
3901 1458 4031 1514 hac

2414 1538 2628 1610 quidem
2664 1541 2832 1610 prima
2862 1557 2957 1611 per
2984 1543 3203 1617 Moysen
3232 1545 3372 1602 dicta
3407 1547 3525 1619 (l6)
3556 1559 3678 1603 sunt
3707 1564 3736 1603 a
3763 1549 4027 1615 Domino,

2415 1632 2599 1701 utique
2620 1634 2941 1703 pertinentia
2967 1650 3333 1708 quoscumque
3356 1638 3612 1694 Dominus
3634 1640 3772 1695 Dens
3802 1640 4032 1697 Israelis

2416 1726 2636 1794 perinde
2677 1726 2745 1782 de
2785 1724 3020 1799 Egypto
3058 1732 3566 1800 superstitiosissimi
3600 1733 3803 1800 seculi,
3849 1744 3906 1790 et
3954 1734 4033 1790 de

2415 1818 2576 1874 domo
2617 1818 2865 1877 humana:
2906 1822 3181 1878 servitutis
3222 1823 3487 1880 eduxerit.
3518 1824 3623 1881 Sed
3662 1834 3718 1881 et
3761 1826 4035 1899 deinceps

718 1930 885 1974 vestra
926 1918 1141 1973 timentis
1196 1916 1276 1991 (Ἰ)
1320 1934 1453 1972 eum.
1507 1916 1633 1972 Post
1678 1916 1954 1971 Dominunt
2002 1915 2165 1970 Deum
2204 1931 2315 1972 ves-
2347 1906 2396 1968 B
2424 1928 2583 1969 omne
2627 1929 2691 1969 os
2730 1915 3118 1987 Prophetarum
3168 1916 3411 1988 ejusdem
3457 1918 3551 1973 Dei
3594 1921 3810 1976 vocibus
3836 1931 4033 1987 sonat,

722 2021 855 2066 trum
911 2010 989 2081 (8)
1028 2011 1257 2077 abibitis,
1290 2022 1335 2066 et
1375 2012 1507 2065 hunc
1537 2012 1792 2079 timebitis,
1820 2020 1869 2065 et
1916 2020 2168 2081 pracepta
2206 2012 2314 2081 ejus

720 2103 1031 2167 custodietis,
1059 2114 1105 2157 et
1149 2119 1317 2158 uocem
1344 2104 1455 2174 ejus
1496 2104 1733 2170 audietis,
1785 2113 1831 2158 et
1882 2105 1955 2158 illi
1997 2104 2239 2167 servietis,
2267 2114 2315 2158 et

723 2194 799 2248 illi
827 2195 1156 2265 adﬁciemini.
1211 2194 1493 2266 PrOphetes
1558 2204 1725 2249 autem
1792 2206 1839 2250 et
1904 2196 2183 2249 somniator
2230 2196 2316 2250 ille

722 2285 967 2339 morietur
989 2302 1008 2339 :
1043 2286 1242 2339 locutus
1287 2296 1358 2340 est
1390 2288 1521 2340 enim
1550 2288 1619 2339 ad
1661 2287 2003 2341 seduceudum
2049 2299 2095 2342 te
2139 2305 2169 2341 a
2204 2285 2313 2340 Do-

722 2377 860 2430 mino
886 2374 992 2430 Deo
1019 2386 1125 2432 tuo.
1161 2380 1235 2449 (η)
1262 2376 1367 2433 Sed
1400 2388 1453 2434 et
1482 2379 1587 2433 alio
1631 2379 1866 2447 Capitula
1907 2378 1986 2451 (9)
2018 2397 2030 2433 :
2062 2379 2121 2434 Si
2146 2390 2317 2433 autem

721 2472 973 2541 rogaverit
1001 2481 1048 2525 te
1083 2474 1241 2543 frater
1281 2482 1400 2526 tuus
1448 2490 1509 2527 ex
1557 2484 1699 2541 patre
1741 2473 1817 2527 vel
1842 2482 2022 2539 matre,
2063 2483 2149 2526 aut
2180 2473 2318 2539 [ilius

723 2572 859 2627 tuus,
890 2574 977 2617 aut
1007 2565 1117 2631 ﬁlia
1156 2574 1262 2627 tua,
1296 2576 1383 2617 aut
1411 2567 1593 2621 mulier:
1644 2582 1759 2635 qua:
1796 2566 1848 2618 in
1892 2567 2083 2637 gremio
2108 2578 2195 2621 tuo
2221 2580 2315 2632 est,

722 2666 810 2711 aut
837 2657 1027 2709 amicus
1052 2657 1135 2723 qui
1156 2657 1341 2711 anima:
1357 2667 1459 2711 tua:
1478 2674 1597 2727 pars
1614 2666 1707 2722 est,
1735 2658 1865 2711 clum
1891 2658 2062 2713 dicens
2080 2676 2098 2713 :
2121 2677 2314 2724 camus,

723 2760 770 2805 et
805 2749 1078 2803 serviamus
1105 2749 1211 2802 deis
1250 2749 1387 2815 aliis,
1426 2766 1551 2820 quos
1597 2766 1696 2804 non
1739 2752 1856 2816 scis,
1887 2767 1976 2805 nec
2015 2764 2183 2822 patres
2210 2755 2316 2820 tui,

724 2860 789 2900 ea:
810 2844 914 2897 deis
931 2843 1191 2897 nationum
1216 2859 1328 2913 qua:
1345 2844 1532 2897 circum
1555 2855 1601 2898 te
1622 2846 1851 2913 proxime
1873 2857 2011 2911 sunt,
2034 2857 2121 2899 aut
2142 2848 2287 2917 (erige
2300 2862 2320 2910 ;

723 2954 785 2991 ne
814 2938 932 2991 relis
960 2936 1032 2990 ire
1050 2937 1288 2998 tantillo.
1308 2947 1353 2991 et
1378 2954 1441 2991 ne
1454 2938 1676 2992 audieris
1703 2954 1839 2991 cum.
1871 2937 1989 2992 Non
2016 2952 2185 3010 parcet
2204 2942 2220 3011 (
2238 2941 2319 3010 l0)

722 3031 897 3086 Oculus
914 3042 1029 3084 tuus
1045 3048 1196 3101 super
1210 3047 1343 3096 eunt,
1358 3031 1434 3101 (b)
1450 3049 1538 3084 nec
1552 3031 1879 3098 misereberis,
1896 3050 1983 3086 nec
2000 3034 2184 3098 celabis
2203 3037 2248 3103 (l
2268 3038 2285 3089 l
2304 3039 2321 3105 )

723 3139 873 3178 eum:
904 3125 1211 3177 annuntians
1237 3123 1560 3177 annuutiabis
1590 3123 1653 3177 de
1693 3139 1784 3184 eo:
1812 3142 1992 3180 manus
2038 3136 2139 3181 tute
2175 3139 2321 3182 erunt

723 3216 775 3269 in
807 3232 919 3270 eum
949 3218 1000 3267 in
1030 3215 1205 3286 primis
1233 3215 1302 3267 ad
1346 3215 1695 3281 occidendum,
1736 3226 1783 3270 et
1810 3235 1989 3273 manus
2029 3220 2192 3273 omnis
2227 3237 2319 3289 po-

2418 2008 2664 2063 eamdem
2693 2008 2861 2080 legem
2883 2025 3034 2064 suam
3062 2010 3376 2067 eorumdem
3396 2021 3782 2083 praeceptorum
3818 2014 4038 2069 instau-

2420 2102 2627 2158 ratione
2669 2103 3013 2169 cumulantis,
3046 2118 3145 2158 nee
3195 2104 3338 2159 aliud
3387 2105 3615 2173 primum
3662 2115 3765 2160 tam
3814 2108 4037 2177 princi~

2422 2193 2615 2261 palitcr
2654 2192 3043 2260 denuntiantis,
3098 2209 3257 2265 quam
3308 2194 3378 2249 ab
3430 2196 3577 2249 omni
3618 2194 3817 2250 factura
3860 2206 4045 2267 atque

2420 2287 2626 2341 cultura
2657 2285 2919 2340 idolorum
2950 2301 3177 2351 cavere;
3203 2296 3261 2342 ut
3285 2302 3382 2358 per
3411 2286 3577 2343 David
3601 2305 3615 2342 :
3642 2286 3734 2344 Dei
3756 2291 4045 2344 nationum

2421 2393 2685 2453 argentum
2727 2392 2776 2436 et
2804 2397 3019 2445 aurum;
3063 2383 3239 2439 oculos
3283 2382 3485 2445 habent,
3522 2398 3615 2437 nec
3658 2382 3772 2455 (17)
3809 2385 4046 2449 vident;

2421 2493 2571 2531 aures
2620 2476 2823 2541 habent,
2871 2491 2961 2529 nec
3008 2476 3261 2538 audiunt;
3300 2492 3447 2529 nares
3505 2476 3709 2541 habent,
3754 2493 3845 2529 nec
3891 2478 4049 2531 odo-

2421 2578 2619 2626 rantur;
2671 2583 2749 2632 os,
2810 2582 2899 2620 nec
2939 2567 3248 2635 loquuntur;
3296 2583 3497 2631 manus,
3540 2582 3633 2621 nec
3679 2576 4050 2632 contrectant;

2423 2662 2571 2731 pedes
2591 2704 2603 2724 ,
2637 2676 2728 2715 nec
2764 2660 3139 2731 ingrediuntur.
3176 2658 3386 2715 Similes
3425 2668 3570 2714 erunt
3588 2659 3692 2715 illis
3716 2661 3804 2733 qui
3830 2662 4053 2731 faciunt

2423 2770 2484 2807 ea
2506 2752 2644 2822 (l8).
2674 2763 2719 2806 et
2735 2753 2820 2822 qui
2841 2752 3006 2817 ﬁdunt
3033 2752 3085 2805 in
3114 2751 3241 2806 illis.

3054 2841 3287 2900 CAPUT
3328 2842 3416 2898 Ill.

2497 2936 2603 2991 Nec
2632 2945 2809 3005 putem
2835 2936 3265 3006 disceptandum,
3297 2951 3363 2991 au
3388 2937 3549 3006 digne
3572 2937 3710 2992 Deus
3736 2937 4052 3008 prohibeat

2428 3042 2621 3082 nomen
2655 3037 2709 3082 et
2746 3028 3001 3083 honorem
3034 3044 3189 3083 suum
3230 3029 3512 3085 mendacio
3544 3031 3740 3095 addici,
3770 3046 3838 3085 an
3865 3031 4061 3103 digne

2425 3134 2562 3188 quos
2606 3119 2673 3172 ab
2725 3134 2912 3175 errore
2960 3121 3359 3190 superstitionis
3407 3122 3685 3185 avulserit.
3736 3137 3937 3177 rursus
3998 3124 4061 3179 in

2430 3211 2719 3282 Egyptum
2752 3211 2962 3281 regredi
3010 3210 3174 3277 nolit;
3219 3227 3286 3265 an
3334 3211 3496 3283 digne
3534 3226 3564 3266 a
3593 3227 3654 3269 se
3695 3226 3796 3267 non
3828 3214 4065 3282 patitur

726 3309 834 3379 puli
858 3308 973 3379 (t2)
1004 3309 1057 3362 in
1083 3308 1385 3374 novissimis,
1413 3317 1459 3363 et
1482 3309 1772 3379 lapidabitis
1800 3311 1966 3378 illum,
1990 3324 2034 3366 et
2060 3314 2317 3377 morietur,
2348 3296 2394 3360 C
2427 3306 2687 3360 absistere
2710 3321 2846 3375 quos
2874 3304 2972 3359 sibi
2996 3302 3524 3379 allegit.ltaque(l9)
3542 3320 3639 3361 nec
3664 3304 3787 3361 illud
3805 3321 4067 3377 exspec-

724 3403 962 3473 quoniam
993 3403 1216 3466 qutesivit
1258 3413 1479 3456 avertere
1507 3413 1554 3456 te
1590 3420 1621 3456 a
1651 3401 1872 3458 Domino
1900 3403 2008 3459 Deo
2042 3415 2147 3459 tuo.
2179 3406 2321 3461 Sub-

720 3492 834 3565 jicit
866 3495 1023 3548 etiam
1056 3493 1121 3549 de
1160 3494 1483 3559 civitatibus,
1525 3496 1567 3548 si
1598 3509 1753 3564 quam
1784 3512 1848 3549 ex
1874 3494 1955 3551 his
1994 3498 2324 3553 constitisset

725 3602 885 3642 suasu
928 3587 1226 3655 iniquorum
1257 3586 1531 3641 hominum
1579 3589 1851 3643 trausiisse
1884 3589 1951 3643 ad
1997 3590 2127 3644 deos
2166 3590 2320 3645 alios.

731 3692 789 3737 ut
834 3681 1259 3736 interﬁcerentur
1299 3696 1486 3735 omnes
1517 3680 1808 3736 incolentes
1836 3697 1975 3747 eam,
2012 3694 2064 3736 et
2101 3683 2322 3737 devota-

731 3782 909 3831 menta
944 3772 1124 3829 lierent
1161 3772 1404 3827 universa
1450 3774 1587 3841 ejus,
1636 3784 1690 3830 et
1732 3774 2107 3845 colligerentur
2147 3776 2327 3830 nuntia

730 3868 897 3937 spolia
920 3866 1035 3937 ejus
1064 3867 1114 3921 in
1147 3879 1337 3921 omnes
1377 3865 1552 3921 exitus
1587 3866 1723 3937 ejus,
1753 3876 1806 3921 et
1833 3868 1935 3938 igni
1963 3879 2332 3924 cremarentur

730 3972 851 4013 cum
879 3956 1124 4012 omnibus
1146 3958 1286 4012 vasis
1314 3958 1444 4019 suis,
1476 3967 1529 4011 et
1555 3973 1676 4012 cum
1714 3958 1857 4012 muni
1898 3960 2092 4028 populo
2124 3960 2174 4014 in
2201 3976 2332 4015 cou—

731 4058 917 4119 Spectu
942 4047 1153 4102 Domini
1199 4049 1306 4102 Dei.
1346 4047 1412 4101 Et
1444 4065 1544 4102 non
1572 4049 1664 4101 erit
1711 4049 2018 4116 habitabilis,
2049 4051 2238 4121 inquit,
2281 4054 2333 4107 in

733 4152 996 4208 wtcruum,
1044 4159 1143 4195 non
1187 4140 1584 4210 retedi/icubitur
1625 4143 1866 4211 amplius,
1914 4160 2005 4199 nec
2054 4146 2334 4200 adhwrebit

732 4234 1005 4303 quidquam
1048 4234 1277 4287 manibus
1306 4234 1403 4288 tuis
1440 4250 1503 4288 ex
1532 4233 1877 4289 devotamento
1912 4237 2042 4305 ejus,
2089 4239 2162 4291 uti
2196 4255 2340 4293 aver-

2430 3397 2561 3452 tabit
2585 3396 2699 3469 (20)
2734 3397 3007 3452 retractari
3034 3411 3063 3450 a
3094 3396 3347 3462 nobis,an
3371 3396 3644 3453 observari
3666 3398 3895 3453 voluerit
3937 3400 4069 3457 dis-

2429 3491 2682 3560 ciplinam
2712 3505 2872 3561 quam
2903 3490 3070 3544 voluit
3098 3490 3399 3555 instituere,
3439 3499 3493 3547 et
3535 3506 3603 3546 an
3645 3493 3832 3548 merito
3864 3493 4069 3551 ulcis-

2431 3594 2584 3640 catur
2626 3584 2926 3647 desertam,
2985 3600 3145 3653 quam
3188 3584 3356 3639 voluit
3402 3584 3764 3640 observatam:
3816 3590 4071 3655 quando

2434 3676 2631 3730 frustra
2682 3674 3021 3738 instituisset,
3070 3674 3113 3729 si
3158 3673 3433 3729 observari
3477 3690 3597 3731 eam
3637 3676 3944 3745 noluisses;
4005 3691 4072 3738 et

2433 3769 2628 3825 frustra
2680 3769 2958 3825 observari
3010 3770 3295 3836 voluisset,
3348 3770 3392 3825 si
3437 3770 3708 3827 vindicare
3746 3772 4067 3829 noluisset.

2436 3864 2692 3934 Sequitur
2739 3864 2880 3918 enim
2926 3874 2983 3917 ut
3013 3861 3112 3917 has
3150 3863 3491 3920 deﬁnitiones
3520 3865 3612 3920 Dei
3642 3864 3904 3922 adversus
3964 3882 4069 3923 su-

2436 3959 2796 4033 perstitiones.
2814 3957 2883 4026 (c)
2901 3966 3004 4010 tam
3028 3957 3539 4028 evictas(91)quam
3561 3959 3720 4014 etiam
3741 3958 4076 4016 vindicatus

2438 4050 2683 4120 probem,
2711 4049 2961 4117 quoniam
2987 4062 3048 4101 ex
3076 4047 3159 4100 his
3181 4054 3290 4101 tota
3319 4048 3694 4120 martyriorum
3717 4050 3857 4105 ratio
3883 4066 4078 4107 cons-

2439 4141 2590 4196 tabit.
2628 4141 2825 4194 Aberat
2866 4138 3006 4209 apud
3077 4137 3244 4193 Deum
3288 4139 3340 4193 in
3383 4150 3564 4197 monte
3619 4140 3871 4212 Moyses,
3930 4158 4077 4199 cum

2440 4236 2667 4309 populus
2698 4244 2804 4288 tam
2844 4232 3203 4289 necessariam
3242 4234 3539 4289 absentiam
3579 4233 3692 4304 ejus
3731 4235 4077 4305 impatiens,

736 4332 873 4379 tatur
900 4322 1148 4378 Dominus
1172 4326 1234 4377 ab
1264 4324 1612 4397 indignatione
1639 4326 1730 4379 ira:
1756 4342 1881 4383 sum.
1908 4326 2338 4390 Maledictionum
2443 4332 2571 4387 deos
2600 4328 2701 4384 sibi
2731 4326 3028 4398 producere
3057 4326 3271 4398 quaerit,
3287 4342 3422 4399 quos
3446 4328 3622 4399 potius
3636 4327 3751 4400 (‘32)
3777 4328 3904 4401 ipse
3936 4345 4083 4401 per-

963 4420 979 4428 ”
1946 4420 2327 4481 LECTIONES
2361 4417 2773 4479 VARIANTES.

798 4604 868 4670 (2)
903 4604 1118 4670 Deorum
1156 4605 1368 4670 ipsorum
1396 4604 1792 4670 Frun._Deorutu
1820 4607 2033 4670 ipsarum
2060 4611 2203 4659 Pam.

797 4663 869 4726 (ὅ)
908 4667 969 4716 Ut
991 4668 1109 4717 add.
1140 4663 1289 4719 Rhen.
1312 4663 1466 4717 Seml.
1506 4664 1703 4716 Oberth.

800 4727 871 4789 (4')
912 4728 959 4778 Id
985 4732 1134 4780 omitt.
1167 4728 1310 4781 then.
1349 4727 1498 4779 Send.
1529 4727 1726 4778 Oberth.

800 4796 871 4911 (ὅ)
913 4792 1121 4863 Venerit
1151 4792 1297 4863 lihen.
1326 4790 1476 4842 Seml.
1506 4789 1700 4873 Oberth.

819 4856 871 4911 ϐ)
909 4854 969 4904 Ut
995 4863 1114 4904 scuat
1138 4866 1177 4905 si
1203 4854 1323 4903 add.
1347 4857 1490 4904 Pam.
1517 4863 1671 4903 Han.

1053 4869 1114 4902 lal
1138 4869 1177 4902 SI
1203 4869 1323 4902 (tua.
1347 4869 1490 4902 ram.
1517 4869 1671 4902 ισταη.

801 4917 873 4977 (7)
908 4917 1097 4965 Ametis
1120 4917 1244 4965 Jun.

802 4976 870 5041 (8t
910 4978 1169 5041 Dominum
1191 4977 1341 5029 omitt.
1367 4976 1516 5029 Rhcn.
1543 4976 1693 5029 Seml.
1720 4978 1914 5031 Oberth.

803 5040 1072 5105 (Sileu'O
1100 5040 1203 5105 ωας

799 5099 903 5163 (το)
939 5103 1121 5154 Pascet
1142 5099 1294 5155 Rhen.
1316 5099 1467 5153 Seml.
1490 5103 1689 5154 Oberth.

739 5166 909 5282 01,91!)
941 5166 1046 5217 Nec
1067 5166 1401 5227 desiderabis,
1450 5179 1543 5215 nec
1580 5168 1789 5218 salrabis
1834 5179 1949 5219 eum
1983 5168 2134 5221 Rhea.
2176 5172 2328 5221 Seml.

845 5246 867 5279 r
907 5245 943 5281 ι.

845 5238 943 5281 rth.

796 4544 837 4606 (ι
894 4543 951 4591 Et
971 4543 1062 4592 sub
1080 4542 1257 4592 arbore
1279 4540 1432 4590 densa
1457 4554 1655 4652 quoque
1680 4544 1804 4593 Jun.

798 4545 869 4731 (ἓξ
903 4604 1118 4658 Deorum
1156 4605 1368 4664 ipsormn
1396 4606 1545 4653 Fran.
1619 4616 1792 4654 eorum

797 4666 847 4726 (3
908 4667 969 4731 Ut
991 4668 1109 4717 add.
1140 4666 1289 4731 Rhen.
1312 4663 1480 4731 Scml,
1506 4664 1703 4731 Oberth.

2530 4538 2604 4611 lg)
2644 4542 2813 4611 Manus
2837 4540 3001 4605 pomli
3039 4542 3111 4591 tui
3328 4536 3700 4611 S‘eml..0bcrth.

2533 4600 2609 4666 l5)
2647 4600 2973 4666 ASpern'atum
2995 4615 3132 4666 _opus
3155 4602 3304 4666 Seml.
3333 4600 3530 4666 Oberth.

2508 4663 2611 4729 (14)
2648 4663 2919 4729 Βυὶιυὶιιιὶηἱ
2944 4663 3097 4717 ΙΙΙιεή.
3127 4664 3281 4715 Seml.
3310 4663 3505 4716 Oberth.

2514 4729 2616 4789 (15)
2648 4730 2755 4781 Nec
2780 4729 2901 4777 add.
2924 4732 3064 4778 Pam.
3096 4729 3250 4778 Fran.

2508 4784 2527 4851 t
2539 4784 2613 4853 tu)
2652 4791 2741 4842 Dei
2766 4792 2884 4841 scita
2910 4800 3023 4853 sunt
3043 4790 3099 4853 ad
3125 4802 3300 4853 omnes
3320 4784 3476 4839 Seml.
3503 4785 3697 4840 Oberth.

2516 4849 2619 4923 ll?)
2654 4853 2716 4923 Et
2740 4852 3008 4923 autemid
3037 4849 3234 4923 Oberth-

2540 4912 2619 4977 18)
2653 4915 2722 4965 Ea
2738 4914 2917 4977 Abjicit
2940 4913 3081 4977 send.
3097 4920 3213 4977 post
3237 4912 3455 4966 Rhenum

2538 4976 2615 5041 19)
2645 4977 2741 5041 ita,
2762 4977 2909 5041 Seml.
2938 4976 3136 5028 Oberth.

2366 5065 2421 5125 υ
2507 5037 2610 5125 ea
2643 5037 3177 5125 Eemeekzweget:
3210 5047 3391 5089 ινοιιιυο

2511 5102 2611 5165 (⁸211
2652 5101 2842 5152 Edictas
2864 5101 2973 5151 cod.
3007 5110 3187 5150 Wouw.

2520 5164 2619 5231 (ἥ)
2653 5164 2760 5225 Quo
2780 5178 2834 5214 se
2862 5166 3023 5227 potius
3044 5164 3168 5213 Jun.

2126 5315 2687 5377 COMMENTARIUS.

816 5407 891 5478 (ει)
920 5407 1028 5464 Sed
1057 5417 1105 5462 et
1139 5408 1241 5461 alio
1268 5406 1517 5475 capitulo.
1541 5405 1692 5475 Quod
1721 5409 1891 5478 semel
1917 5420 2205 5466 annotasse
2235 5410 2345 5465 sul-

740 5481 905 5543 liciat,
935 5480 1014 5533 vel
1058 5478 1182 5532 hinc
1216 5486 1358 5544 patet
1386 5478 1542 5549 longe
1573 5480 1730 5533 aliam
1772 5477 1938 5536 fuisse
1968 5482 2201 5544 capitum
2230 5482 2344 5536 dis-

742 5554 1049 5607 tinctionem
1075 5549 1127 5603 in
1161 5549 1443 5603 hibliorum
1468 5549 1794 5604 editionibus
1819 5562 1978 5607 aetate
2004 5551 2343 5619 Tertulliani,

741 5635 901 5691 atque
928 5636 1090 5687 nunc,
1117 5636 1239 5675 cum
1283 5620 1424 5675 istud
1474 5620 1662 5675 eodem
1692 5637 1812 5691 cap.
1843 5624 2000 5678 hodie
2027 5624 2345 5692 reperiatur;

743 5708 918 5762 neque
971 5693 1021 5746 id
1071 5707 1265 5747 novum
1307 5692 1591 5755 videbitur,
1650 5694 1739 5761 qui
1789 5695 2214 5749 commentarios
2263 5711 2353 5751 ve-

746 5777 917 5820 terum
948 5764 1168 5819 Patrum
1208 5774 1264 5818 et
1314 5765 1549 5819 maxime
1579 5763 1824 5819 Rhabani
1866 5763 2037 5819 Mauri
2085 5766 2139 5820 in
2172 5766 2353 5834 Scrip-

744 5848 891 5890 turas
941 5849 1073 5904 pene
1110 5835 1404 5905 universas,
1454 5851 1571 5905 quae
1600 5836 1737 5903 apud
1783 5850 1872 5889 me
1922 5835 2071 5893 MSS.
2113 5846 2349 5905 exstant,

746 5903 1057 5977 inspexerit.
1084 5903 1221 5962 Nata
1247 5915 1330 5963 est
1358 5903 1487 5962 vero
1517 5908 1657 5962 haud
1681 5906 1846 5964 dubie
1874 5910 2019 5964 varia
2051 5903 2349 5978 distinctio,

2454 5428 2520 5467 co
2580 5411 2721 5481 quod
2780 5412 2833 5466 in
2887 5409 3063 5479 capita
3109 5408 3261 5481 initio
3308 5407 3577 5481 distinctu:
3612 5405 3922 5478 Scriptum:
3972 5426 4094 5467 non

2454 5479 2676 5546 fuerint.
2716 5482 2811 5538 sed
2853 5483 2906 5536 in
2936 5482 3103 5538 libros
3141 5480 3419 5537 duntaxat.
3461 5479 3597 5534 Pu.

2532 5555 2609 5625 (b)
2644 5553 2751 5609 Nec
2781 5553 3113 5625 misereberis,
3160 5568 3251 5625 nec
3276 5623 3282 5625 Α
3294 5549 3483 5625 celabis
3528 5566 3661 5625 eum.
3694 5548 3954 5625 Diversa:
3976 5552 4095 5625 μιῇ-

2455 5619 2609 5695 cujus
2626 5628 2906 5693 scriptura:
2926 5624 3147 5691 vestigia
3164 5623 3419 5678 exhibent
3439 5621 3792 5685 membranze,
3819 5619 3913 5676 Ne
3942 5624 4098 5679 desi-

2457 5698 2652 5751 dera...
2680 5697 2817 5751 vobis
2853 5711 2985 5748 eam.
3026 5694 3147 5751 Βία.

2457 5698 2652 5752 dera...
2680 5698 2817 5751 vobis
2853 5711 2985 5748 eam.
3027 5698 3147 5751 Βία.

2465 5839 2509 5842 μ
2528 5768 2683 5826 CAP.
2704 5768 2869 5842 lll.——
2892 5766 2974 5842 (c)
3014 5764 3143 5842 Tam
3168 5765 3371 5842 evictus,
3399 5780 3552 5842 quam
3573 5763 3730 5842 etiam
3750 5763 4096 5842 vindicatus.

2458 5839 2547 5898 Sic
2572 5842 2765 5912 legitur
2785 5841 2836 5895 in
2859 5834 3043 5893 codice
3074 5835 3379 5909 Agobardi;
3411 5837 3463 5891 iu
3493 5834 3587 5891 lib.
3612 5834 4094 5964 υηίῗέἱέἀίεως.
