4242 6492
196 401 299 460 129

1257 405 1346 460 ΑΙ)
1359 405 1620 464 VERSUS
1659 404 2035 465 GNOSTICOS
2071 405 2475 465 SCORPIACE.

3374 409 3478 466 150

184 514 401 570 diderit.
433 515 662 588 Urgetur
688 515 888 580 Aaron,
919 523 973 571 et
1009 515 1161 587 jubet
1201 517 1415 574 inaures
1444 519 1782 576 heminarum
1811 523 1856 582 Α
1889 537 2029 591 pune
2055 523 2416 586 commissam,
2449 521 2517 576 de
2561 529 2634 576 tot
2684 520 2951 593 tantisque
2975 521 3313 578 documentis
3334 565 3348 588 ,
3381 538 3482 581 nec

181 623 405 665 suarum
455 610 506 664 in
549 609 725 680 ignem
773 609 1026 665 conferri.
1061 610 1322 667 Amissuri
1351 612 1494 666 enim
1538 623 1688 668 erant
1731 611 1782 668 in

178 701 591 770 judicium-sibi
646 717 768 758 vera
830 713 1144 757 ornamenta
1193 705 1420 768 aurium,
1460 704 1560 759 Dei
1600 720 1779 760 voces.

184 793 413 864 Sapiens
431 795 566 865 ignis
583 795 808 864 effigiem
833 795 979 849 vituli
999 794 1236 850 defundit
1255 796 1360 850 illis
1378 796 1426 864 (l
1441 799 1478 864 ),
1497 797 1782 866 suggillans

185 888 296 942 illic
325 904 420 944 cor
442 887 720 953 habentes,
763 889 851 944 ubi
881 899 934 944 et
961 889 1292 956 thesaurum,
1321 891 1460 962 apud
1493 891 1782 962 Egyptum

184 985 392 1040 scilicet
437 986 575 1041 inter
616 995 810 1040 caetera
831 987 1080 1040 animalia
1112 986 1263 1041 bovis
1305 987 1464 1040 etiam
1506 987 1782 1055 cujusdam

183 1079 661 1142 consecratricem;
694 1078 870 1149 itaque
903 1079 1002 1133 tria
1032 1078 1200 1132 millia
1231 1079 1504 1132 hominum
1531 1093 1559 1130 a
1590 1093 1782 1148 parcn-

186 1170 328 1225 tihus
350 1170 430 1243 (2)
455 1173 711 1242 proximis
731 1187 889 1238 emsa,
914 1173 1034 1243 quia
1055 1181 1162 1227 tam
1186 1174 1484 1241 proximum
1510 1183 1782 1242 parentem

183 1265 354 1320 Deum
403 1265 763 1333 offenderant,
815 1269 1255 1339 transgressionis
1300 1279 1352 1323 ct
1399 1267 1684 1337 primordia
1731 1275 1787 1322 et

182 1359 375 1412 merita
407 1358 804 1415 dedicaverunt.
848 1359 928 1429 (a)
977 1359 1032 1414 In
1075 1359 1546 1432 Aritltmis(Nnm.
1591 1356 1782 1430 XXV),

179 1465 303 1504 cum
351 1451 660 1507 divertisset
711 1451 870 1507 Israel
919 1452 1059 1522 apud
1087 1452 1315 1516 Sethim,
1355 1451 1553 1507 abeunt
1603 1451 1784 1504 libidi-

180 1555 367 1600 natum
397 1546 462 1600 ad
495 1547 632 1601 tilias
659 1545 834 1611 Moab,
870 1547 1158 1601 invitantur
1199 1546 1263 1600 ad
1295 1545 1456 1612 idola,
1505 1555 1560 1599 ut
1591 1554 1646 1600 et
1676 1544 1784 1614 spi-

178 1641 284 1694 ritu
316 1638 742 1705 fornicarentur;
781 1637 946 1694 edunt
972 1638 1203 1710 denique
1238 1639 1303 1694 de
1330 1638 1542 1708 pollutis
1565 1651 1780 1693 eorum:

177 1733 378 1789 dehinc
399 1744 452 1789 et
480 1733 707 1788 adorant
737 1732 868 1789 deos
896 1733 1088 1804 gentis,
1118 1741 1173 1788 et
1203 1731 1537 1803 Beelphegor
1563 1730 1782 1785 initian-

178 1836 286 1882 tur.
310 1825 394 1882 Ob
428 1826 565 1881 hanc
593 1841 807 1898 quoque
832 1826 1211 1890 idololatriam,
1243 1824 1487 1881 mmchim
1515 1839 1779 1888 sororem,

1888 614 2050 668 ullum
2099 625 2203 668 tam
2247 598 2536 683 superbum
2581 614 2784 670 crimen
2816 614 2956 685 apud
2991 614 3156 670 Deum
3200 615 3480 685 deputari,

1888 721 2045 777 quam
2102 706 2406 776 huiusmodi
2451 708 2948 776 transgressionem,
3002 709 3139 762 ultro
3186 708 3484 780 intelligere

1887 798 2142 854 debemus
2157 799 2454 854 divinarum
2477 809 2531 853 et
2552 800 3014 856 denuntiationum
3036 811 3086 856 et
3103 800 3483 858 executionem

1891 891 2260 956 intentionem,
2288 897 2396 960 jam
2440 902 2563 946 tunc
2613 893 2880 963 martyriis
2929 893 3346 962 patrocinalam,
3375 909 3484 951 non

1889 983 2049 1036 modo
2102 998 2208 1038 non
2253 981 2580 1044 duhitandis,
2637 999 2822 1038 verum
2891 986 3048 1038 etiam
3121 985 3481 1055 sustinendis,

1887 1075 2078 1142 quibus
2099 1074 2302 1128 scilicet
2320 1073 2492 1128 locum
2521 1073 2719 1129 fecerat
2741 1074 3070 1143 prohibendo
3093 1075 3484 1131 idololatriam:

1889 1165 2043 1220 aliter
2070 1167 2214 1220 enim
2260 1166 2512 1237 martyria
2543 1181 2650 1219 non
2678 1166 2989 1231 evenirent;
3033 1176 3087 1222 et
3137 1168 3318 1237 utique
3353 1183 3486 1222 auc-

1891 1258 2156 1312 toritatem
2177 1273 2324 1312 suam
2347 1268 2747 1328 prmstruxerat,
2771 1258 2954 1313 volens
2973 1275 3032 1313 ea
3057 1259 3276 1315 evenire
3293 1261 3486 1331 quibus

1891 1350 2065 1404 Ineunt
2108 1351 2326 1406 fecerat.
2356 1350 2507 1406 Nunc
2555 1352 2697 1406 enim
2752 1351 2821 1406 de
2871 1352 2962 1408 Dei
3015 1353 3286 1408 voluntate
3340 1369 3490 1410 com-

1891 1443 2196 1513 pungimur,
2225 1456 2278 1498 et
2323 1442 2404 1515 (8)
2438 1445 2729 1513 ingeminat
2795 1445 3037 1515 scorpius
3087 1447 3316 1519 plagam,
3351 1447 3490 1506 hanc

1890 1549 2114 1604 negans,
2167 1535 2303 1590 hanc
2358 1551 2617 1592 accusans
2662 1537 3030 1603 voluntatem,
3082 1549 3134 1594 ut
3188 1549 3280 1596 aut
3321 1541 3488 1597 alium

1893 1627 2054 1682 Deum
2119 1629 2369 1694 insinuet,
2435 1631 2586 1700 cujus
2623 1629 2736 1684 hmc
2801 1646 2905 1685 non
2953 1631 3022 1685 sit
3061 1632 3341 1698 voluntas;
3399 1643 3492 1690 aut

1890 1728 2132 1774 nostrum
2157 1722 2504 1776 nihilominus
2519 1722 2782 1789 destruat,
2807 1723 2958 1792 cujus
2982 1724 3100 1779 talis
3127 1726 3196 1780 sit
3219 1726 3485 1792 voluntas;

1891 1821 1983 1866 aut
2028 1813 2250 1868 omnino
2278 1826 2434 1886 neget
2475 1816 2799 1871 voluntatem
2851 1817 2966 1884 Dei,
3010 1817 3054 1872 si
3087 1817 3259 1888 ipsum
3291 1835 3488 1890 negare

175 1921 368 1993 viginti
389 1921 489 1976 tria
511 1921 674 1975 millia
695 1921 1005 1976 domesticis
1039 1922 1351 1975 ohtruncata
1377 1921 1567 1990 gladiis
1587 1919 1780 1973 divinae

1892 1922 1996 1961 non
2039 1908 2252 1977 poterit.
2303 1908 2409 1963 Nos
2445 1919 2623 1964 autem
2653 1909 2721 1965 de
2753 1910 2862 1965 Deo
2891 1911 3014 1965 alibi
3041 1911 3381 1978 dimicantes,
3433 1923 3491 1969 et

176 2013 273 2068 irae
313 2013 619 2068 Iitaverunt.
673 2011 933 2069 Defuncto
977 2011 1104 2068 Jcsu
1144 2010 1291 2067 Nave
1324 2009 1472 2082 (Ind.
1503 2010 1590 2081 II),
1618 2009 1777 2065 dere.

177 2105 426 2177 linquunt
455 2107 618 2161 Deum
653 2115 861 2176 patrum
894 2121 1136 2171 suorum,
1170 2114 1224 2160 et
1254 2107 1492 2160 serviunt
1520 2105 1595 2175 (ὁ)
1624 2103 1780 2158 idolis

175 2197 381 2253 Baalim
407 2208 462 2255 et
489 2198 747 2264 Astartis;
779 2208 832 2253 et
861 2199 1027 2253 iratus
1059 2188 1313 2252 Dominus
1345 2196 1574 2264 tradidit}
1599 2209 1694 2251 eos
1725 2195 1776 2248 in

177 2295 428 2348 manibus
465 2292 858 2363 diripientium;
911 2301 966 2348 et
1013 2293 1400 2362 diripiebantur
1445 2289 1514 2344 ab
1557 2289 1681 2354 illis,
1725 2296 1781 2342 et

175 2384 624 2440 venundabantu'r
663 2384 914 2450 inimicis,
965 2401 1062 2440 nec
1106 2394 1354 2456 poterant
1391 2386 1612 2438 omnino
1649 2381 1778 2437 sub-

177 2483 372 2535 sistere
401 2494 431 2533 a
461 2478 596 2534 facie
636 2479 970 2533 inimicorum
999 2493 1252 2543 suorum;
1284 2491 1621 2549 quocumque
1650 2490 1777 2545 pro-

175 2582 485 2638 cesserant,
527 2587 716 2626 manus
745 2581 863 2628 erat
901 2587 1062 2643 super
1098 2572 1219 2627 illos
1249 2573 1301 2626 in
1336 2572 1470 2626 mala
1496 2613 1510 2636 ,
1546 2579 1599 2626 et
1627 2583 1777 2624 cont-

179 2663 407 2735 pressati
438 2671 564 2719 sunt
589 2663 762 2719 valde.
806 2664 933 2719 Post
962 2678 1081 2735 qua:
1109 2665 1188 2732 (5)
1213 2663 1440 2718 instituit
1469 2677 1629 2734 super
1660 2661 1781 2716 illos

177 2758 325 2814 Deus
352 2757 548 2822 Critas,
578 2772 713 2828 quos
756 2774 987 2813 censores
1015 2758 1382 2828 intelligimus,
1415 2755 1508 2812 sed
1536 2771 1634 2811 nec
1665 2756 1780 2810 istis

175 2851 437 2906 obaudire
463 2860 908 2920 perseverarunt:
934 2859 991 2905 ut
1017 2851 1136 2919 quis
1162 2849 1430 2906 Critarum
1451 2849 1674 2909 obierat,
1705 2846 1778 2902 illi

175 2944 246 3000 ad
275 2944 700 3015 delinquendum
727 2959 887 3014 supra
910 2959 1068 3015 quam
1101 2952 1278 3012 patres
1298 2957 1505 3007 eorum,
1536 2941 1782 2998 abeundo

179 3046 303 3106 post
328 3035 461 3091 deos
485 3036 780 3093 alienorum
800 3047 854 3093 et
883 3037 1165 3092 serviendo
1181 3045 1234 3091 et
1259 3035 1534 3090 adorando
1558 3049 1650 3090 eos
1681 3031 1779 3106 (4).

183 3129 370 3200 Itaque
389 3129 645 3185 Dominus
667 3131 831 3186 iratus
849 3131 1136 3197 :Qnoniam
1156 3129 1392 3199 quidem,
1409 3131 1501 3191 ait,
1520 3128 1595 3197 (c)
1619 3139 1785 3182 trans-

175 3239 361 3297 gressa
386 3235 468 3281 est
491 3225 573 3297 (5)
602 3240 737 3296 gens
771 3226 869 3280 ista
898 3233 1107 3295 pactum
1140 3238 1342 3285 meum,
1373 3221 1512 3290 quod
1543 3220 1783 3291 disposui

1885 1999 1954 2054 de
1979 2001 2186 2070 reliquo
2209 2013 2437 2071 corpore
2465 2000 2730 2056 haeretica:
2750 2002 3008 2072 cujusque
3031 2002 3310 2067 doctrinm,
3343 2020 3486 2061 nunc

1884 2093 1936 2147 in
1980 2107 2137 2146 unam
2191 2093 2423 2164 speciem
2462 2093 2861 2164 congressionis
2909 2105 3084 2150 certas
3128 2096 3486 2166 prmducimus

1883 2185 2072 2253 lineas,
2125 2202 2230 2241 non
2278 2187 2500 2242 alterius
2538 2188 2654 2254 Dei,
2696 2203 2854 2259 quam
2887 2187 3117 2257 lsraelis,
3150 2205 3267 2246 eam
3297 2191 3486 2247 defen-

1881 2277 2070 2334 dentes
2118 2279 2470 2346 voluntatem,
2499 2293 2618 2348 qua:
2646 2281 2918 2352 martyriis
2939 2281 3112 2336 locum
3143 2282 3347 2352 fecerit,
3376 2294 3484 2340 tam

1881 2385 1945 2425 ex
1991 2373 2275 2440 praeceptis
2326 2370 2607 2439 prohibitte
2663 2386 2898 2441 semper,
2950 2388 3108 2442 quam
3159 2391 3224 2429 ex
3269 2376 3488 2446 judiciis

1887 2462 2085 2532 punitas
2103 2461 2437 2516 idololatriae.
2452 2461 2508 2517 Si
2523 2463 3004 2534 enim-praeceptum
3029 2466 3369 2522 observatum
3403 2468 3422 2540 ζ
3429 2467 3488 2540 9)

1885 2555 1991 2610 vim
2024 2557 2241 2625 patitur,
2273 2554 2374 2610 hoc
2415 2554 2518 2610 erit
2560 2554 2958 2625 quodammodo
2995 2559 3314 2614 observandi
3345 2576 3486 2631 przc-

1884 2659 2123 2719 ceptum,
2170 2658 2229 2703 ut
2274 2647 2326 2703 id
2387 2649 2557 2718 patiar
2610 2663 2704 2718 per
2756 2648 2898 2720 quod
2952 2661 3139 2719 potero
3189 2651 3486 2709 observare

1887 2749 2251 2811 prmceptunt:
2285 2739 2392 2794 vim
2440 2739 2646 2795 scilicet
2691 2755 3041 2812 qumcnmque
3070 2742 3200 2797 mihi
3244 2744 3492 2800 imminet

1886 2835 2092 2890 caventi
2145 2833 2214 2889 ah
2256 2832 2575 2888 idololatria.
2616 2832 2683 2888 Et
2727 2834 2913 2904 utique
2955 2836 3044 2904 qui
3084 2836 3310 2906 imponit
3349 2855 3489 2908 pra:-

1886 2935 2122 2998 ceptum,
2165 2935 2448 2997 extorquet
2477 2925 2814 2995 obsequium.
2868 2926 2984 2981 Non
3019 2929 3190 2995 potuit
3229 2945 3360 3000 ergo
3391 2946 3488 2985 no-

1890 3021 2055 3076 luisse
2122 3035 2184 3076 ea
2233 3019 2471 3085 evenire,
2525 3033 2620 3088 per
2669 3035 2790 3088 qua:
2836 3021 3105 3076 constabit
3143 3023 3486 3094 ohsequimn.

1889 3115 2260 3170 Prmscribitur
2298 3113 2428 3168 mihi
2473 3129 2541 3168 ne
2570 3129 2726 3183 quem
2757 3113 2921 3168 alium
2958 3115 3124 3171 Deum
3151 3115 3359 3184 dicam;
3393 3133 3482 3187 ne,

1891 3208 1974 3262 vel
2014 3206 2264 3274 dicendo,
2307 3222 2412 3262 nou
2456 3207 2634 3262 minus
2678 3207 2854 3279 lingua
2893 3223 3052 3280 quam
3102 3225 3261 3264 manu
3320 3211 3488 3267 Deum

178 3316 422 3387 patribus
448 3325 733 3382 eorum,et
763 3333 868 3372 non
897 3315 1276 3394 andicrunt(6)
1302 3330 1484 3370 vocem
1515 3330 1710 3381 meam,
1733 3322 1785 3369 et

1895 3301 2109 3372 tingam;
2135 3315 2380 3370 nequem
2402 3300 2564 3355 alium
2581 3300 2824 3369 adorem,
2844 3315 2930 3357 aut
2951 3317 3166 3374 quoquo
3191 3305 3350 3360 modo
3369 3306 3486 3376 (I0)

177 3423 281 3478 ego
311 3423 416 3463 non
445 3409 720 3464 advertam
741 3410 809 3464 ad
834 3408 1180 3464 auferendum
1200 3409 1370 3462 virum
1392 3423 1421 3460 a
1446 3406 1578 3462 facie
1597 3421 1784 3461 eorum

178 3517 245 3555 ex
275 3501 578 3555 nationibus
603 3515 735 3571 quas
756 3500 1007 3571 relinquit
1031 3499 1298 3556 decedens
1326 3498 1476 3554 Jesn.
1510 3501 1684 3568 Atque
1715 3498 1786 3552 ita

179 3610 279 3665 per
292 3609 478 3650 omnes
493 3610 628 3665 pene
641 3595 860 3649 annales
872 3595 1126 3650 critarum
1145 3593 1464 3662 etdeinceps
1479 3607 1683 3661 regum,
1701 3607 1786 3648 re-

179 3689 409 3744 servatis
425 3690 659 3761 gentium
681 3689 1121 3744 circumcolarum
1151 3687 1372 3753 viribus,
1396 3685 1532 3741 bello
1552 3685 1789 3755 etcapti-

181 3783 349 3838 vitate
387 3793 442 3836 et
475 3781 605 3853 jugo
645 3781 1037 3852 allaphylornm
1068 3782 1202 3835 iram
1242 3779 1572 3850 dispensavit
1596 3778 1782 3845 Israel,

181 3875 661 3944 quotienscumque
709 3871 777 3927 ab
821 3871 912 3927 illo
955 3872 1187 3927 maxime
1228 3873 1280 3925 in
1313 3869 1668 3925 idololatriam
1703 3869 1787 3940 (7)

183 3965 644 4022 exorbitaverunt.

779 4055 1007 4114 CAPUT
1055 4055 1144 4112 IV.

255 4149 408 4206 Hanc
456 4150 615 4221 igitur
655 4150 734 4222 (ά)
765 4153 808 4206 si
855 4167 884 4206 a
927 4149 1220 4222 primordio
1249 4159 1458 4206 constat
1500 4161 1555 4206 ct
1604 4148 1787 4220 prohi-

183 4243 352 4299 bitam
396 4242 464 4299 de
495 4252 574 4298 tot
612 4244 881 4314 tantisque
922 4245 1233 4317 praeceptis,
1289 4253 1345 4299 ct
1385 4257 1653 4314 nunquam
1686 4241 1788 4295 im-

1891 3409 2138 3460 venerer,
2171 3403 2364 3464 prteter
2393 3394 2606 3450 unicum
2636 3394 2783 3450 illum
2812 3395 2900 3466 qui
2932 3395 3000 3450 ita
3034 3395 3280 3464 mandat;
3327 3414 3489 3469 quem

1891 3499 1945 3544 et
1985 3490 2179 3558 jnbeor
2224 3489 2436 3554 timere,
2479 3503 2548 3544 ne
2596 3488 2667 3543 ab
2725 3505 2792 3545 eo
2840 3490 3088 3557 deserar;
3121 3503 3176 3548 et
3223 3493 3292 3550 de
3342 3495 3492 3552 omni

1892 3579 2191 3635 substantia
2239 3580 2482 3650 diligere,
2525 3589 2583 3634 ut
2621 3594 2721 3649 pro
2763 3595 2827 3635 eo
2873 3583 3092 3637 moriar.
3143 3583 3278 3640 lIuic
3306 3601 3493 3641 sacra-

1899 3683 2083 3729 mento
2123 3673 2360 3727 militans
2397 3672 2464 3728 ah
2496 3671 2740 3728 hostibus
2781 3688 3063 3743 provocor,
3108 3691 3204 3746 par
3237 3693 3356 3734 sum
3385 3679 3492 3737 illis

1892 3766 1936 3821 si
1985 3765 2099 3837 (It)
2151 3779 2340 3819 manus
2397 3763 2619 3831 dedero;
2679 3764 2782 3822 hoc
2851 3765 3192 3824 defctnlendo
3244 3770 3492 3842 depugno

1896 3859 1946 3912 in
2014 3859 2149 3924 acie,
2198 3857 2474 3923 vulneror,
2534 3857 2810 3922 concidor,
2879 3860 3115 3916 occidor.
3171 3861 3302 3929 Qui;
3349 3861 3495 3920 hunc

1895 3950 2050 4006 militi
2123 3964 2221 4006 suo
2285 3950 2486 4005 exitum
2565 3948 2774 4015 voluit,
2850 3950 2951 4005 nisi
3025 3952 3114 4021 qui
3207 3953 3296 4008 tali
3368 3969 3493 4012 cum

1895 4053 2236 4102 sacramento
2265 4043 2600 4115 consignavit
2623 4043 2646 4096 ?

2505 4133 2736 4191 CAPUT
2777 4133 2840 4190 γ.

1969 4230 2146 4288 llabes
2196 4229 2353 4300 igitur
2400 4228 2494 4284 Dei
2543 4229 2650 4284 mei
2697 4228 3383 4289 voluntatemzoccursum
3411 4241 3496 4290 est

1401 4353 1778 4413 LECTIONES
1815 4345 2225 4408 VARIANTES.

250 4471 320 4532 (I)
349 4469 593 4522 Ditfundit
617 4470 727 4522 illos
747 4473 859 4524 cod.
888 4473 1075 4524 Wouw.

272 4533 323 4586 2)
359 4533 423 4585 Et
443 4536 577 4586 deest
608 4542 773 4585 Venet.

272 4540 323 4645 ξ)
359 4540 577 4644 am
835 4596 968 4648 5...

250 4540 327 4718 in)
350 4601 724 4711 03:33:?th
751 4635 894 4709 sémt.
969 4629 986 4648 ’

276 4657 320 4711 4i
350 4657 548 4709 Orando
571 4657 724 4711 Eheu.
751 4657 894 4709 Seml.

251 4717 322 4784 (5)
352 4720 671 4784 Transgressi
693 4729 808 4784 sunt
843 4720 953 4771 cod.
972 4717 1235 4784 Agobttrdt'.

253 4780 328 4850 (6)
350 4780 694 4835 Obaud'ierunt
714 4780 868 4837 Rhat.
893 4780 1045 4835 Sami.

1985 4459 2037 4535 Ξ)
2059 4455 2530 4535 39⁰¹9ἓεὲιῒὲ³,λῖε⁷⁷ι¹·

1981 4516 2030 4574 8’
2059 4523 2117 4572 Et
2133 4521 2300 4584 abjicit
2324 4516 2467 4570 Seml.
2484 4526 2589 4584 post
2612 4517 2828 4572 Rhenan.

1983 4529 2034 4652 9)
2050 4584 2542 4652 (Observandol’mn.
2571 4581 2724 4652 Rhea1
2746 4583 2896 4652 Santi.
2914 4581 3118 4652 _0bertlt.

1986 4643 2064 4722 Ψ)
2091 4647 2347 4722 ρμρεηοίὲιῑ
2359 4644 2512 4722 We
2533 4643 3495 4722 sentt-wwtamquameo.1m.

1989 4707 2066 4774 tt)
2091 4711 2144 4760 Si
2169 4708 2262 4761 illis
2284 4707 2440 4762 Rhen.
2461 4711 2606 4760 Pam.
2627 4708 2768 4760 semt.
2791 4708 2984 4761 Oberllt.
3012 4707 3105 4759 nisi
3124 4709 3218 4760 illis
3241 4707 3397 4764 Latin.

1561 4883 2125 4945 COMMENTARIUS.

268 5003 348 5074 (a)
380 5001 444 5058 In
483 5000 750 5058 Arithmis.
792 5001 990 5059 Vocem
1037 5015 1274 5074 graecam
1315 5001 1553 5064 retinuit.
1582 5017 1696 5074 pro
1743 5003 1795 5056 in
1821 5001 1874 5061 D
1903 5003 2148 5074 Etemvful.
2185 4997 2325 5053 Idem
2357 4996 2494 5068 apud
2525 4996 2826 5074 Cedrenum
2859 4999 3116 5070 reperies.
3144 4997 3222 5055 Le
3252 4998 3350 5055 Ρη.

197 5071 478 5142 muneris,
530 5085 588 5129 ttt
633 5077 790 5144 paulo
830 5084 950 5145 post
991 5071 1157 5129 (Irim
1195 5073 1385 5199 habiti:
1418 5088 1527 5200 lpro
1563 5071 1794 5128 Judt‘ces.

1462 5161 1515 5199 n.

1353 5159 1385 5199 Ε
1418 5159 1515 5199 I’B.

269 5216 351 5300 (b)
403 5215 572 5272 Idalis
597 5216 809 5300 .Biaelim
836 5224 894 5300 et
930 5217 1166 5300 Astera-3‘.
1195 5216 1404 5300 Daalim'
1439 5225 1564 5271 sunt
1594 5215 1701 5300 Itic_
1723 5215 1798 5272 dii

197 5287 442 5361 gentium
473 5303 568 5361 seu
595 5288 778 5361 idola;
799 5289 1084 5361 aliquando
1110 5287 1239 5344 Baal
1267 5303 1373 5361 pro
1393 5287 1514 5361 loco
1545 5287 1794 5361 sumitur.

199 5357 417 5418 Astarte
459 5359 530 5416 de
582 5374 685 5429 qua
735 5357 962 5428 plurima
1011 5361 1070 5416 fit
1111 5360 1315 5415 mentio
1347 5357 1613 5429 inlibris
1662 5358 1794 5429 Reg.

196 5435 298 5489 dea
352 5440 474 5487 erat
535 5427 902 5486 SidoniOrum.
956 5430 1010 5485 ld
1069 5440 1292 5486 testatur
1333 5427 1644 5494 Cedrcnus,
1706 5427 1795 5484 ubi

197 5514 388 5561 narrat
429 5501 773 5558 Salomonem
820 5502 1152 5557 exstruxisse
1192 5500 1545 5556 Moabitarum
1573 5499 1714 5555 idolo
1742 5510 1798 5556 et

198 5581 431 5632 Astartze
502 5571 845 5629 Sidoniorum
916 5573 1132 5644 templa;
1201 5583 1254 5628 et
1310 5570 1548 5626 Achilles
1614 5571 1801 5628 Tatius

195 5648 354 5704 initio
367 5648 626 5701 Amorum
640 5644 874 5713 Clitoph.
889 5655 942 5698 et
955 5644 1172 5712 Leucip.
1195 5661 1206 5697 :
1227 5646 1360 5697 ιουον
1373 5655 1430 5710 τῇ
1449 5660 1535 5698 τῶν
1559 5654 1796 5711 φοινίκων.

196 5725 425 5774 ιιλσῧσιν
443 5721 596 5773 «iniit
617 5723 868 5786 Αστίρτην
896 5724 938 5769 οἱ
960 5721 1171 5769 Σιδώνιοι
1193 5732 1206 5768 ε
1235 5714 1356 5786 Ded:
1379 5713 1681 5786 Prltwm'cum
1709 5731 1798 5770 ut-

195 5808 284 5844 ενα
316 5793 594 5862 fecerunt:
613 5785 848 5862 Astarten
871 5788 1000 5862 hunc
1029 5785 1454 5862 vacant_St'donii.
1476 5785 1801 5862 Abominan-

196 5855 328 5935 dum'
354 5875 486 5935 vero
516 5859 647 5913 illud
687 5858 888 5935 idolum
913 5856 1514 5935 Yeuerem‘Graaeorum
1545 5855 1704 5911 fuisse
1727 5859 1802 5912 ait

195 5931 405 5988 Suidas.
451 5927 676 6002 Ᾰστᾶρτη
723 5929 889 5999 ἦπαρ’
918 5924 1129 5991 ﬁliaiam
1171 5924 1404 6000 Ᾰρροδίτιι
1447 5936 1666 6000 λτγομένη
1699 5937 1799 5992 ϐιὸς

1978 5070 2056 5195 (eg
2097 5069 2438 5138 Transgressa
2478 5079 2548 5123 est
2599 5086 2722 5140 gens
2791 5070 2888 5123 ista
2951 5081 3154 5140 pactum
3199 5089 3382 5126 meum.
3440 5073 3500 5131 In

1978 5159 2018 5195 ro
2057 5141 2246 5195 ardino
2274 5144 2484 5195 legitur.
2526 5139 2849 5195 Tramaressi
2876 5152 2990 5195 sunt
3021 5161 3141 5195 aem
3170 5145 3266 5195 ista
3293 5153 3500 5195 nactum

1904 5139 2246 5212 Agobardino
2274 5144 2484 5211 legitur,
2526 5139 2849 5210 Transgressi
2876 5139 2990 5214 sunt
3019 5161 3141 5214 gem
3170 5145 3266 5198 ista
3291 5153 3500 5214 pactum

1905 5229 2091 5278 meum,
2139 5224 2194 5267 et
2235 5215 2389 5282 paqu
2430 5220 2568 5282 post,
2623 5222 2669 5265 et
2713 5229 2813 5266 non
2863 5213 3134 5268 audierunt
3183 5213 3299 5269 voci
3329 5232 3499 5272 ntere:

1903 5301 2010 5354 quo
2047 5283 2206 5338 modo
2235 5285 2489 5354 scriptum
2530 5297 2559 5336 a
2600 5282 2928 5338 Tertulliano
2959 5283 3124 5341 fuisse
3153 5302 3259 5342 non
3285 5285 3496 5343 dubito.

1902 5355 2008 5412 Sed
2041 5364 2312 5410 mutavere
2349 5354 2438 5425 qui
2471 5355 2893 5425 magistcllorum
2921 5367 3131 5428 sceptra
3162 5357 3496 5483 rrlt‘etuchant.

3235 5444 3308 5483 ιθ.

3235 5444 3308 5483 IG.

1973 5494 2397 5570 CAP.lY.—(d)
2421 5496 2483 5550 Si
2509 5513 2540 5549 a
2568 5497 2849 5565 primordio
2878 5508 3072 5554 constat
3093 5510 3141 5552 et
3164 5501 3494 5570 prohibitam.

1908 5570 2138 5626 Vetitam
2175 5567 2339 5623 fuisse
2381 5567 2627 5636 tanquam
2662 5583 2929 5624 summum
2965 5567 3226 5626 scelerum
3267 5571 3495 5628 idolola-

1907 5643 2060 5696 triam
2074 5651 2222 5696 certo
2235 5640 2434 5695 certius
2449 5649 2547 5695 est.
2568 5639 2719 5695 Unde
2732 5639 3095 5697 Tertullianus
3117 5643 3168 5697 in
3187 5658 3252 5698 eo
3268 5645 3496 5698 crimine

1903 5721 2095 5769 cuncta
2109 5712 2488 5783 comprehendi
2507 5711 2689 5780 prohat
2706 5711 2797 5767 lib.
2814 5712 2880 5766 de
2899 5713 3106 5778 Itlolol.,
3122 5730 3277 5783 quem
3298 5716 3377 5767 his
3392 5731 3493 5768 vo-

1903 5787 2051 5841 cihus
2072 5783 2296 5840 orditur:
2325 5781 2618 5854 Principnle
2645 5784 2833 5854 crimen
2851 5786 3046 5854 generis
3069 5781 3298 5851 Imntam‘,
3323 5797 3427 5840 etc.
3447 5788 3493 5841 Λ

1904 5857 2056 5926 cujus
2084 5854 2345 5910 sententia
2390 5871 2496 5909 non
2539 5853 2764 5908 discedit
2807 5853 3030 5926 Gregor.
3056 5855 3304 5910 Naziauz.
3334 5858 3491 5914 Orat.

1903 5930 1972 5986 33
1999 5929 2067 5984 de
2105 5926 2290 5982 Ιάοιοι.
2326 5934 2520 5994 texant
2548 5942 2636 5983 τῶν
2663 5943 2818 5982 κακῶν
2845 5932 2926 5983 καὶ
2959 5943 3155 5997 πρᾶτιοι.
3197 5927 3274 5983 ιε
3320 5927 3414 5984 Pa.
