4242 6492
688 390 785 446 151

2113 386 2574 447 TERTULLIANI

3902 402 4006 456 152

689 510 817 567 ltuic
840 512 1029 583 plagte.
1060 512 1115 567 lu
1147 512 1229 583 (l)
1250 511 1411 567 alium
1434 512 1595 567 ictum
1624 510 2030 567 consideremus
2054 551 2071 579 ,
2103 510 2171 565 de
2195 527 2289 565 vo-
2318 515 2369 574 Α
2395 513 2540 567 circo
2588 512 2785 567 malum
2808 553 2823 577 ,
2855 514 2978 583 quia
3018 513 3234 571 dolores
3281 517 3434 572 miles
3476 517 3635 574 atl'ert
3671 534 3686 572 :
3730 534 3832 574 nec
3879 521 4006 591 quia

690 604 910 660 luntatis
929 605 1206 675 qualitate.
1232 605 1473 676 Longum
1496 614 1581 660 est
1606 614 1663 659 ut
1686 604 1854 659 Deum
1886 620 2062 659 meum
2091 605 2289 659 bonmn

688 700 1005 765 ostendam,
1037 698 1180 770 quod
1214 699 1326 769 jam
1355 715 1383 751 a
1410 697 1565 754 nobis
1596 698 1902 753 didicerunt
1938 697 2287 751 Marcionitze.

689 789 858 847 Demn
910 792 1123 848 interim
1168 792 1366 847 sulticit
1409 792 1553 857 dici,
1599 800 1659 846 ut
1708 806 1930 846 necesse
1974 791 2045 844 sit
2093 790 2290 844 bonum

686 884 856 940 credi.
911 884 1104 940 Malum
1152 889 1295 940 enim
1343 884 1510 940 Deum
1561 884 1650 954 qui
1706 881 1784 955 (2)
1835 882 2241 952 praisumpserit
2272 921 2288 945 ,

687 987 939 1034 constare
979 979 1029 1031 in
1077 988 1307 1048 utroque
1349 992 1453 1031 non
1502 976 1737 1047 poterit:
1771 985 1865 1030 aut
1892 976 2063 1029 Deum
2094 988 2293 1045 negare

686 1069 921 1133 debebit,
945 1085 1104 1141 quem
1133 1070 1333 1125 malum
1354 1069 1674 1125 existimarit
1702 1084 1717 1133 ;
1741 1078 1833 1122 aut
1862 1068 2058 1123 bonutn
2083 1067 2286 1134 dicere,

684 1176 845 1231 quem
893 1162 1060 1217 Deum
1103 1162 1483 1233 pronuntiarit.
1515 1160 1665 1216 Bona
1702 1162 1862 1233 igitttr
1889 1163 1991 1216 erit
2016 1170 2071 1215 et
2096 1160 2289 1215 volun-

682 1260 767 1306 tas
812 1251 1089 1324 ejus,qui
1130 1254 1235 1308 nisi
1284 1254 1621 1317 bonus,non
1672 1256 1775 1308 erit
1824 1254 1986 1309 Deus.
2040 1252 2294 1307 Probabit

682 1345 790 1404 hoc
835 1348 996 1404 etiam
1044 1348 1212 1419 ipsius
1262 1348 1338 1404 rei
1390 1348 1640 1411 bonitas,
1676 1362 1833 1416 quam
1892 1347 2031 1401 Deus
2090 1345 2289 1410 voluit;

684 1442 927 1515 martyrii
958 1442 1079 1498 dico
1108 1460 1121 1497 :
1155 1442 1278 1514 quia
1322 1442 1521 1496 bonum
1553 1441 1765 1495 nonnisi
1798 1441 1967 1495 bonus
1993 1440 2160 1493 voluit
2188 1439 2289 1511 (3).

682 1538 895 1596 Bonum
926 1538 1197 1597 contendo
1228 1538 1541 1610 martyrium
1571 1537 1709 1607 apud
1752 1536 1999 1592 eumdem
2029 1536 2233 1599 Deum,
2260 1549 2292 1588 a

684 1648 794 1704 quo
811 1643 864 1688 et
886 1631 967 1705 (ι)
996 1631 1311 1703 prohibetur
1336 1641 1390 1687 et
1419 1632 1637 1701 punitur
1664 1630 1988 1684 idololatria.
2020 1628 2295 1683 Obnititur

686 1728 835 1783 enim
862 1737 919 1782 et
942 1726 1257 1782 adversatur
1294 1725 1612 1779 idololatria
1658 1723 2004 1795 martyrium.
2035 1720 2172 1775 Malo
2200 1736 2295 1773 au-

687 1830 799 1876 tem
843 1820 1013 1875 obniti
1064 1828 1121 1875 et
1166 1818 1439 1875 adversari
1473 1818 1557 1891 (5)
1587 1818 1685 1871 nisi
1718 1818 1918 1872 bonum
1947 1831 2052 1869 non
2094 1823 2292 1884 potest.

2398 606 2766 661 tantummodo
2809 610 3131 675 contristat,
3168 611 3543 677 recusabitur;
3588 613 3682 668 sed
3724 613 3848 684 quia
3902 628 4005 669 ne-

2395 699 2632 752 ces~ario
2685 698 3007 762 contristat.
3062 700 3423 758 adhibebitur.
3475 703 3767 759 llorrorem
3820 704 4007 775 operis

2397 792 2600 847 fructus
2639 804 2879 848 excusat.
2927 794 3148 850 Ululans
3170 794 3402 867 denique
3429 799 3516 853 illc
3537 842 3551 864 ,
3581 812 3633 855 et
3658 815 3917 870 gemens.
3951 808 4009 856 et

2395 886 2641 955 mugieus
2688 885 2829 940 inter
2879 902 3068 941 manus
3119 887 3354 955 medici,
3389 891 3727 959 postmodum
3779 892 4005 949 easdem

2395 977 2645 1033 mercede
2668 978 2964 1033 cumulabit
2988 1021 3005 1044 ,
3032 982 3268 1036 arttlices
3297 984 3529 1048 optimas
3562 985 3877 1053 pradiCabit
3903 1026 3917 1045 ,
3950 992 4009 1038 et

2397 1086 2566 1127 saevas
2604 1072 2715 1142 jam
2764 1073 2999 1143 negabit.
3033 1074 3124 1130 Sic
3149 1087 3198 1129 et
3228 1076 3345 1149 (l7)
3379 1079 3633 1149 martyria
3664 1078 4006 1142 desaeviunt,

2397 1166 2492 1221 sed
2523 1166 2573 1219 in
2602 1166 2865 1231 salutem;
2910 1167 3092 1222 licebit
3132 1179 3184 1222 et
3216 1169 3325 1223 Deo
3349 1172 3402 1224 in
3427 1172 3589 1226 vitam
3619 1180 3883 1225 aeternam
3912 1186 4010 1239 per

2399 1258 2548 1329 ignes
2576 1269 2631 1313 et
2659 1258 2869 1321 gladios
2906 1269 2962 1314 et
2989 1261 3182 1315 acerba
3205 1276 3429 1331 quisque
3458 1277 3667 1319 curare.
3700 1262 3808 1319 Sed
3835 1262 4010 1317 medi-

2397 1364 2517 1405 Cttttt
2543 1350 2759 1419 quidem
2784 1350 2898 1420 (18)
2920 1351 3207 1406 miraberis
3228 1354 3389 1408 etiam
3420 1355 3470 1407 in
3501 1354 3595 1408 illo
3618 1397 3631 1418 ,
3662 1356 3801 1422 quod
3836 1354 4010 1410 ferme

2401 1457 2560 1511 pares
2588 1442 2807 1497 adhibet
2850 1444 3134 1513 qualitates
3178 1445 3508 1500 medelarum
3538 1444 3798 1504 adversus
3820 1448 4008 1522 quali-

2399 1544 2535 1591 tates
2578 1536 2918 1607 querelarum
2954 1555 2966 1591 :
2999 1552 3120 1591 cum
3166 1539 3315 1605 quasi
3373 1538 3441 1594 de
3482 1552 3737 1607 perverso
3780 1540 4011 1594 auxilia.

2400 1639 2505 1694 tur,
2540 1645 2635 1699 per
2677 1644 2739 1684 ea
2772 1630 3096 1685 subvenieus
3142 1646 3237 1699 per
3282 1647 3403 1699 qua
3452 1632 3746 1688 laboratur.
3776 1631 3911 1684 Nam
3955 1642 4012 1685 et

2397 1722 2609 1776 calores
2653 1720 2923 1776 caloribus
2970 1722 3203 1791 amplius
3249 1724 3524 1777 onerando
3562 1725 3899 1793 compescit,
3952 1732 4013 1777 et

2398 1814 2621 1869 ardores
2667 1814 2755 1867 siti
2804 1817 2985 1883 potius
3033 1814 3359 1870 macerando
3409 1816 3694 1885 restinguit
3745 1817 3903 1881 (19),
3955 1823 4015 1869 et

688 1912 809 1971 Non
851 1914 1005 1985 quasi
1052 1928 1310 1984 negemus
1356 1926 1476 1968 esse
1518 1910 1955 1973 aemulationem,
1988 1919 2094 1962 tam
2129 1909 2293 1962 malo-
2324 1918 2371 1978 Β
2403 1906 2543 1961 fellis
2586 1921 2843 1962 excessus
2898 1908 3095 1961 amaris
3155 1908 3455 1978 quibusque
3525 1908 3848 1975 potiunculis
3889 1906 4012 1979 (20)

688 2022 807 2062 runt
855 2007 995 2061 inter
1030 2021 1088 2061 se
1113 2046 1128 2069 .
1160 2020 1319 2075 quam
1356 2014 1411 2061 et
1448 2004 1735 2059 bonorum.
1782 2000 1890 2058 Sed
1921 2001 2025 2055 alia
2053 1999 2294 2055 conditio

688 2111 771 2156 est
800 2100 957 2169 hujus
986 2100 1147 2153 tituli.
1179 2098 1255 2169 (a)
1283 2098 1593 2170 Martyrium
1625 2096 1768 2151 enim
1798 2112 1902 2148 non
1932 2094 1999 2149 de
2020 2094 2291 2149 Communi

687 2195 867 2266 aliqua
898 2193 1097 2247 tnalitia
1125 2192 1205 2263 (6)
1239 2201 1412 2247 certat
1436 2207 1557 2245 cum
1588 2189 1887 2244 idololatria
1916 2230 1930 2251 ,
1975 2187 2069 2241 sed
2102 2187 2170 2241 de
2210 2188 2291 2256 (7)

687 2303 784 2339 sua
813 2286 1020 2355 gratia;
1054 2285 1246 2339 liberat
1277 2284 1421 2337 enim
1462 2283 1530 2338 ab
1559 2280 1879 2336 idololatria.
1912 2278 2068 2346 Quod
2095 2294 2123 2331 a
2153 2279 2294 2331 malo

688 2379 881 2436 liberat
903 2419 918 2442 ,
944 2378 1064 2448 quis
1091 2395 1194 2431 non
1220 2378 1417 2432 bonum
1446 2374 1813 2447 pronuntiabit
1837 2376 1860 2415 ν
1888 2374 2015 2442 quid
2041 2372 2185 2426 aliud
2213 2381 2295 2427 est

688 2471 755 2527 ad
767 2473 998 2527 versatio
1023 2472 1103 2544 (8)
1126 2470 1441 2525 idololatria:
1461 2478 1621 2539 atque
1643 2468 1902 2538 martyrii,
1919 2480 2078 2536 quam
2103 2466 2294 2521 mortis

688 2576 744 2621 et
768 2564 935 2620 vitae?
968 2563 1023 2618 lu
1055 2573 1258 2619 tantum
1285 2564 1392 2617 vita
1422 2562 1679 2631 martyrio
1717 2559 2085 2630 deputabitur,
2118 2575 2292 2627 quau-

687 2665 801 2709 tum
826 2654 908 2725 (9)
945 2669 1092 2710 mors
1136 2654 1214 2725 (b)
1260 2654 1574 2707 idololatria:
1604 2651 1740 2722 (10).
1776 2650 1949 2705 Vitam
1978 2652 2067 2719 qui
2095 2652 2292 2704 malum

686 2746 919 2811 dixerit,
947 2746 1107 2801 habet
1130 2754 1357 2801 mortem
1379 2760 1540 2815 quant
1568 2743 1764 2797 bonum
1791 2742 1954 2796 dicat.
1986 2741 2080 2794 Est
2105 2752 2157 2796 et
2182 2741 2294 2796 hac

688 2838 1016 2907 perversitas
1062 2838 1377 2902 hominum,
1408 2836 1669 2891 salutaria
1724 2845 2020 2900 excutere,
2068 2836 2293 2889 exitiosa

688 2932 963 3002 suscipere
982 2974 995 2997 ,
1032 2933 1332 3002 periculosa
1358 2946 1601 3001 quaerere
1631 2929 1679 2998 (l
1699 2928 1747 2997 l)
1770 2970 1785 2994 ,
1814 2927 2020 2981 medica
2049 2928 2189 2983 male
2218 2929 2295 2982 vi-

691 3036 846 3088 tare;
877 3027 1013 3081 mori
1062 3026 1294 3096 denique
1320 3027 1501 3089 citius,
1548 3039 1707 3093 quam
1742 3022 1917 3077 curari
1962 3021 2291 3077 desiderare.

691 3118 827 3175 Nam
870 3129 927 3174 et
971 3118 1253 3173 medicina:
1283 3118 1590 3186 prasidium
1616 3117 1793 3185 plures
1829 3112 1943 3184 (l2)
1982 3112 2293 3184 refugiunt:

689 3212 873 3283 plures
901 3212 1045 3266 enim
1076 3210 1192 3284 (l3)
1215 3210 1362 3265 stulti
1387 3252 1401 3274 ,
1435 3208 1613 3279 plures
1647 3207 1815 3261 timidi
1843 3248 1857 3271 ,
1890 3217 1942 3260 et
1976 3209 2116 3262 male
2140 3224 2294 3264 vere-

2398 2000 2601 2069 colligit
2646 2000 2764 2069 (2t)
2792 2042 2806 2065 ,
2834 2010 2889 2054 et
2916 2003 3191 2071 sanguinis
3230 2001 3408 2056 ﬂuxus
3436 2000 3626 2057 defusa
3659 2003 3881 2071 insuper
3910 2016 4011 2057 ve-

2401 2100 2527 2149 nuTa
2557 2104 2791 2149 revocat.
2839 2096 3002 2151 Deum
3045 2110 3175 2150 vero
3198 2136 3213 2161 ,
3251 2108 3307 2150 et
3335 2095 3551 2165 quidem
3594 2096 3822 2148 zelotem
3844 2135 3861 2158 ,
3892 2094 4017 2148 cul-

2399 2188 2633 2257 pandum
2680 2188 3032 2253 existimabis,
3062 2188 3107 2241 si
3156 2189 3320 2243 voluit
3345 2201 3583 2243 certasse
3620 2203 3742 2242 cum
3774 2202 3975 2242 caussa
3996 2228 4016 2252 ,

2400 2290 2455 2335 et
2483 2281 2694 2350 injuria:
2735 2280 3043 2335 :emulaudo
3076 2281 3330 2349 prodesse
3357 2322 3374 2347 ,
3406 2290 3635 2336 mortem
3677 2293 3854 2336 morte
3890 2281 4015 2337 dis«

2399 2377 2615 2433 solvere
2636 2419 2650 2440 ,
2680 2378 3007 2433 occisionem
3036 2378 3311 2433 occisione
3339 2379 3653 2449 disliargere
3676 2420 3690 2442 ,
3722 2380 4020 2434 tormentis

2401 2478 2665 2525 tormenta
2713 2470 2986 2526 discutere
3010 2511 3024 2533 .
3050 2470 3308 2540 supplicia
3355 2471 3634 2540 suppliciis
3669 2486 3980 2543 craporare
4000 2512 4017 2535 ,

2400 2561 2561 2614 vitam
2607 2562 2899 2617 auteremlo
2942 2561 3226 2625 conferre,
3260 2577 3476 2617 carnem
3510 2564 3753 2617 laedendo
3776 2564 3979 2633 juvare
4000 2605 4018 2628 ,

2400 2655 2633 2707 animam
2679 2654 2958 2724 eripiendo
2987 2670 3228 2709 servare.
3262 2655 3592 2710 Pervcrsitas
3618 2671 3775 2725 quam
3809 2666 3976 2724 putas
4002 2692 4021 2717 ,

2402 2748 2539 2801 ratio
2567 2759 2683 2811 est;
2714 2748 2856 2817 quod
2909 2749 3173 2802 saevitiam
3224 2748 3499 2803 existimas
3519 2791 3534 2813 ,
3564 2751 3732 2818 gratia
3780 2761 3857 2802 es:
3886 2767 3901 2801 :
3944 2750 4020 2803 ita

2404 2840 2482 2910 (ά)
2516 2839 2623 2894 Deo
2649 2840 2717 2895 de
2754 2842 3146 2896 momentaneis
3170 2852 3366 2896 eterna
3400 2842 3699 2896 medicante
3724 2841 3860 2907 (‘32).
3893 2842 4023 2896 Ma-

2399 2933 2594 3003 gnitiea
2647 2934 2787 2986 bono
2838 2944 2929 2987 ttm
2977 2934 3144 2989 Deum
3196 2946 3430 2989 tetrum:
3461 2935 3690 2988 incidisti
3721 2951 3769 2988 Ill
3814 2950 4028 2987 manus

2401 3026 2554 3095 ejus,
2586 3026 2681 3079 sed
2723 3026 2950 3081 feliciter
2990 3026 3261 3091 incidisti;
3295 3026 3482 3081 incidit
3517 3035 3573 3081 et
3598 3026 3685 3081 ille
3713 3027 3762 3079 in
3791 3028 4030 3096 a-grittt-

2401 3116 2556 3172 dines
2588 3128 2728 3172 tuas.
2764 3118 2935 3174 llomo
2962 3134 3176 3190 sctnper
3205 3118 3418 3173 medico
3445 3119 3591 3189 prior
3621 3122 3895 3189 negotium
3933 3117 4027 3172 fa-

2402 3211 2508 3263 cit:
2540 3209 2771 3279 deuique
2830 3212 3163 3280 sibiuietipse
3205 3210 3500 3281 periculum
3542 3213 3729 3264 mortis
3765 3212 4029 3265 attraxit.

690 3305 876 3360 eundi.
910 3304 977 3359 Et
997 3315 1080 3360 est
1114 3305 1269 3373 plane
1306 3304 1459 3374 quasi
1498 3302 1703 3357 saevitia
1737 3300 2021 3353 medicinae
2052 3302 2164 3371 (14)
2189 3344 2205 3367 ,
2229 3304 2296 3359 de
2324 3316 2368 3378 ρ
2405 3301 2707 3371 Acceperat
2744 3316 2773 3353 a
2807 3302 3033 3355 Domino
3060 3318 3193 3365 suo,
3228 3311 3285 3355 ut
3321 3320 3352 3355 a
3384 3301 3622 3367 medico,
3662 3303 3789 3357 satis
3823 3302 4030 3356 utilem

690 3396 986 3466 scalpello,
1013 3396 1189 3466 deque
1236 3395 1472 3451 cauterio
1504 3392 1604 3464 ,(c)
1646 3393 1715 3448 de
1760 3390 1965 3459 sinapis
2009 3394 2294 3458 incendio;

689 3504 799 3545 non
828 3498 1007 3544 tamen
1039 3489 1208 3545 secari
1231 3528 1246 3555 ,
1270 3500 1324 3543 et
1354 3487 1470 3557 (t5;
1498 3488 1675 3554 inuri,
1700 3494 1756 3539 et
1780 3484 2004 3539 extendi
2034 3486 2187 3558 (t6),
2220 3488 2299 3543 id-

2406 3392 2742 3463 disciplinam
2786 3397 3079 3449 secundum
3109 3396 3279 3464 legem
3311 3396 3521 3451 vivendi
3549 3438 3565 3462 ,
3595 3405 3651 3451 ut
3676 3396 3855 3450 omnia
3887 3399 4031 3467 qui-

2406 3488 2527 3542 dem
2570 3487 2786 3554 ederet,
2814 3489 2881 3544 ab
2912 3505 3015 3544 una
3048 3489 3393 3546 solummodo
3422 3490 3706 3546 arbuscula
3734 3498 4033 3561 tempera-

1930 3581 2320 3639 LECTIONES
2363 3580 2776 3639 VARIANTES.

788 3671 834 3738 l)
858 3673 963 3747 Nec
1001 3673 1157 3725 Latin.

757 3673 827 3863 is;
858 3733 1776 3863 anteantaaga‘ataa.

781 3790 827 3859 3)
867 3790 1058 3859 Bonum
1084 3812 1180 3859 non
1200 3800 1291 3846 nisi
1312 3790 1471 3859 bonus
1494 3800 1662 3859 voluit,
1688 3798 1792 3851 alii.

785 3858 834 3945 ει
867 3858 1410 3945 Ξ1-ε¹9ἱ;..¹ἰζ¹⁸²ἐ.·ηὲξ”⁸¹·
1438 3860 1635 3913 οοετυιο

781 3745 810 3850 ξ
858 3745 1771 3870 ίέἫιῗυξζῒσιῗάηἪιὲἕιζξίιέῖεξί¹¹ἔάεί

781 3864 811 3926 ‘t
867 3861 929 3912 Et
950 3860 1051 3925 ab].
1080 3858 1231 3935 Itlten.
1268 3858 1410 3910 seml.
1438 3860 1635 3913 Obertlt.

781 3926 815 3990 ,5
870 3925 1136 3975 Observart
1181 3922 1335 3973 Frlm.

781 3987 813 4053 β
861 3985 1028 4053 ῃιιίιίε
1049 3988 1193 4038 Pam.
1213 3982 1374 4053 _Ithe_n.
1400 3985 1542 4037 Seml.
1570 3986 1771 4041 Obertlt.

784 4045 825 4098 7'
860 4049 980 4101 Cum
1010 4056 1171 4100 Venet.
1201 4045 1353 4098 Seml.

784 4056 833 4179 β)
857 4112 1153 4179 adversario
1183 4108 1339 4179 Βίωνι.

780 4115 832 4179 8)
857 4115 1153 4161 Adversario
1183 4115 1339 4179 Rhea.
1365 4141 1369 4159 ι

780 4173 922 4239 9)-111
938 4182 1172 4237 quantum
1214 4174 1369 4239 Latin,

760 4233 873 4301 (lli)
893 4233 1139 4296 Quantum
1162 4237 1306 4287 morti
1328 4233 1599 4286 idololatria
1621 4234 1774 4289 Rhea.
1795 4238 1940 4289 Pam.
1974 4241 2135 4288 Venet.
2154 4233 2299 4287 sentt.

698 4297 904 4353 Ob'ert'lt.

761 4362 865 4429 (11)
893 4362 1113 4426 Quaeque
1153 4359 1295 4412 seml.

857 4112 1153 4161 Adversario
1183 4108 1339 4163 Rhea.
1365 4104 1521 4159 Seml.
1555 4113 1725 4163 Venet.

2498 3671 2575 3799 t2)
2602 3674 2695 3733 Qui
2928 3674 3071 3725 sentt.

2600 3735 2739 3808 {ipim
2762 3736 2860 3807 ab].
2888 3736 3038 3808 S_entl_.

2490 3797 2571 3861 tt)
2609 3797 2847 3861 Medicina
2896 3797 3049 3861 Seml.

2490 3858 2569 3911 15)
2592 3860 2653 3911 Et
2841 3859 2991 3911 Seml.

2490 3920 2569 3981 16)
2607 3920 2920 3988 Horderique
2942 3924 3063 3975 add.
3088 3920 3243 3978 Rhea.
3270 3926 3416 3976 Pam.
3444 3924 3596 3976 Seml.
3624 3922 3819 3976 Oberth.

2491 3986 2570 4035 l7)
2600 3985 2655 4035 Et
2678 3989 2719 4035 si
2763 3985 2905 4035 Seml.

2491 3987 2543 4035 l7
2600 3987 2655 4035 ei
2678 3989 2719 4035 si
2763 3987 2905 4035 Schll.

2490 3987 2570 4119 liii
2591 4048 2799 4119 9.“qu
2822 4044 2964 4119 ξεῖνέ

2601 4108 2874 4182 .ltestringit
2896 4108 3047 4182 Illico.
3075 4114 3221 4182 11am.
3432 4110 3627 4182 Qberllt.

2468 4172 2573 4241 (ἕρ)
2600 4170 2888 4241 Potionibus
2912 4170 3065 4241 lmen.
3086 4176 3231 4224 Pam.
3254 4171 3407 4224 Seml.
3436 4174 3630 4226 Οἰνεῖ-ιιι.

2493 4234 2575 4298 2t)
2592 4234 2803 4298 Corrigit
2821 4234 2974 4298 Latia.

2495 4295 2576 4351 22)
2603 4295 2873 4350 Mediiante
2897 4296 3053 4351 Rhea.
3081 4300 3228 4349 Pam.
3255 4295 3408 4350 Seml.
3435 4295 3629 4350 Oberth.

2054 4446 2623 4505 COMMENTARIUS.

768 4542 925 4599 CAP.
953 4541 1093 4596 V.-——
1113 4539 1188 4614 (a)
1232 4539 1534 4614 Martyrium
1558 4541 1689 4596 enim
1715 4557 1815 4614 non
1843 4541 1905 4596 de
1932 4542 2187 4595 communi
2213 4543 2303 4595 ali-

768 4632 800 4667 a
829 4615 1011 4669 militia
1029 4612 1191 4685 certat
1210 4628 1323 4666 cum
1351 4612 1663 4671 idololatria.
1696 4613 1785 4667 sed
1812 4629 1925 4667 cum
1969 4630 2063 4667 sua
2112 4615 2293 4685 gratia.

768 4633 800 4667 a
829 4633 1011 4669 mutua
1029 4633 1184 4668 certat
1210 4633 1323 4666 cum
1351 4633 1663 4671 ιαοιοιαιηα,
1696 4633 1783 4667 sea
1812 4633 1925 4667 cum
1969 4633 2063 4667 sua
2112 4633 2293 4685 grana.

697 4633 766 4744 Y:
786 4685 1077 4755 exemplari
1098 4684 1310 4753 legitur,
1341 4685 1555 4749 malitia,
1577 4684 1700 4739 dein
1722 4700 1849 4737 vero
1869 4686 1918 4738 in
1938 4685 2162 4755 vulgatis
2187 4686 2300 4740 edi-

699 4757 956 4819 tionibus,
976 4757 1062 4811 sed
1079 4758 1142 4811 de
1157 4772 1250 4809 sua
1270 4756 1465 4825 gratia;
1491 4756 1667 4825 itaque
1683 4756 2072 4809 emendationis
2098 4766 2299 4825 partem

698 4829 1015 4885 debebimus
1051 4829 1282 4896 antiquis
1328 4827 1430 4883 illis
1469 4827 1736 4896 Agobardi
1785 4827 2111 4881 membranis
2135 4870 2150 4891 ,
2184 4844 2302 4895 par-

699 4910 809 4957 tem
842 4899 992 4953 libris
1020 4900 1261 4968 vulgatis.
1296 4898 1386 4952 Sic
1411 4902 1552 4951 enim
1584 4902 1773 4952 existet
1805 4912 1931 4952 vera
1964 4900 2118 4951 lectio
2144 4900 2188 4952 si
2224 4901 2297 4953 le-

697 4974 876 5043 gimus
895 5013 910 5035 ,
931 4969 1236 5043 Martyrium
1263 4970 1393 5043 enim
1417 4984 1525 5043 noti
1546 4968 1607 5021 de
1632 4972 1883 5022 communi
1911 4970 2081 5039 aliqua
2106 4970 2301 5023 malitia

699 5038 857 5099 ἔσεαι
888 5058 1003 5095 cum
1030 5038 1347 5095 idololatria.
1376 5040 1463 5092 sed
1490 5038 1553 5092 de
1589 5056 1681 5093 sua
1711 5042 1876 5111 gratia
1898 5056 1917 5093 :
1948 5038 2122 5094 liberat
2168 5043 2297 5094 enim

698 5115 765 5170 ab
796 5113 1109 5168 idololatria.
1154 5112 1239 5165 Ait
1286 5111 1647 5183 'l'erttillianns
1669 5154 1682 5177 ,
1712 5114 2022 5183 martyrium
2059 5128 2179 5167 esse
2209 5113 2301 5165 bo-

699 5202 869 5250 num,
907 5184 1029 5253 quia
1084 5184 1254 5243 malo.
1287 5182 1427 5251 quod
1472 5192 1555 5237 est
1601 5182 1934 5242 idololatria,
1968 5183 2297 5247 adversatur,

700 5253 808 5314 nec
852 5255 1123 5310 adversari
1171 5255 1311 5307 malo
1356 5254 1556 5324 possit,
1588 5254 1685 5309 nisi
1734 5254 1951 5308 bonum.
2003 5254 2116 5307 Non
2148 5257 2298 5326 quasi

699 5340 863 5399 neget
908 5326 1342 5399 adversatioiieur
1381 5341 1476 5379 Scu
1527 5340 1754 5399 pugnam
1801 5326 2302 5399 attittlationemgtte

702 5396 822 5455 esse
842 5400 1094 5452 vitiorum
1117 5410 1210 5450 seu
1242 5396 1501 5449 malorum
1532 5397 1669 5449 inter
1691 5412 1783 5457 se;
1812 5396 2006 5465 quippe
2035 5397 2298 5450 interdum

701 5471 1032 5541 experimur,
1064 5470 1405 5541 rapacitatem
1438 5475 1646 5522 certare
1674 5484 1795 5521 cum
1826 5468 2139 5522 crudelitate
2160 5484 2297 5541 ,gu-

701 5539 813 5600 tum
854 5557 973 5595 cum
1021 5539 1273 5603 libidine,
1306 5554 1425 5611 nam
1476 5550 1601 5593 tunc
1640 5547 1904 5611 utrunque
1935 5549 2056 5591 sunt
2090 5540 2224 5593 mala
2250 5548 2304 5593 et

700 5615 853 5667 vitia.
880 5612 985 5667 Sed
1010 5611 1167 5664 aliam
1194 5624 1313 5663 esse
1343 5610 1415 5663 ait
1440 5610 1802 5664 cotiditionetit
1830 5610 2107 5665 Sermonis
2144 5625 2301 5679 quem

702 5684 934 5741 instituit
964 5680 1031 5736 de
1074 5681 1366 5753 certamine
1411 5682 1646 5753 martyrii
1692 5696 1812 5735 cmn
1842 5681 2183 5753 idololatria.
2215 5680 2305 5735 Et-

704 5758 849 5812 enim
884 5752 1199 5823 martyrium
1232 5768 1334 5805 non
1362 5762 1567 5807 certare
1596 5768 1716 5806 cum
1749 5752 2046 5806 idololatria
2072 5753 2139 5807 de
2160 5768 2321 5807 com-.

706 5827 857 5883 muni
895 5826 1069 5894 aliqua
1102 5824 1333 5889 malitia,
1358 5827 1507 5893 quasi
1536 5833 1681 5879 esset
1715 5833 1990 5880 certamen
2036 5825 2174 5879 inter
2199 5823 2307 5879 duo

706 5898 881 5967 mala,
908 5906 1086 5953 utrum
1138 5895 1208 5952 sit
1255 5896 1549 5968 potentius,
1582 5896 1689 5952 imo
1730 5907 1937 5955 certare
1963 5894 2031 5953 de
2056 5910 2151 5952 sua
2181 5911 2303 5968 gra-

2411 4544 2479 4598 tia
2502 4586 2514 4606 ,
2543 4542 2609 4598 de
2635 4558 2733 4595 suo
2766 4542 2923 4601 bono.
2957 4540 3097 4611 quod
3129 4541 3197 4595 ab
3226 4541 3519 4595 idololatria
3565 4541 3775 4595 liberat.
3811 4540 3943 4598 th.

2331 4648 2380 4708 Β
2480 4615 2559 4684 (b)
2605 4614 2862 4681 Quantum
2885 4614 3031 4665 morti
3060 4614 3383 4671 idololatria.
3414 4618 3491 4666 sit:
3512 4629 3587 4667 t'Sl
3616 4614 3664 4664 itt
3690 4613 3830 4666 libro
3863 4620 4036 4683 Ago-

2407 4686 2555 4741 bardi
2577 4703 2589 4741 :
2614 4701 2667 4738 at
2682 4688 2730 4739 iu
2752 4686 2884 4738 libro
2904 4683 3101 4739 Ursini.
3124 4697 3366 4741 quantum
3386 4701 3519 4739 mors
3538 4684 3861 4737 idololatria.
3884 4684 4033 4741 th.

2443 4702 2470 4739 8

2478 4683 2555 4739 rdi
2577 4703 2589 4745 ;
2614 4701 2667 4738 at
2682 4688 2730 4739 iu
2752 4686 2884 4738 libro
2904 4683 3101 4739 Ursini.
3124 4697 3366 4753 quantum
3386 4701 3519 4739 mors
3538 4684 3861 4737 idololatria.
3884 4684 4033 4743 th.

2480 4758 2552 4826 (c)
2587 4755 2663 4809 Dc
2690 4758 2883 4823 sinapis
2913 4756 3163 4808 incendio.
3192 4757 3521 4812 Describitur
3548 4773 3574 4807 :t
3599 4755 3779 4826 Plinio
3802 4758 4038 4826 simlpis

2404 4828 2544 4899 ignei
2583 4827 2804 4883 effectus
2826 4869 2840 4890 ,
2874 4828 3279 4899 saluberrimum
3322 4832 3553 4896 corpori.
3589 4825 3773 4880 Eidem
3809 4829 4036 4885 tribui-

2407 4894 2491 4954 titr
2516 4900 2594 4952 vis
2619 4900 2853 4952 cattstica
2881 4910 2931 4953 et
2962 4912 3112 4967 ttrtgo
3161 4894 3281 4953 th.

2479 4972 2557 5041 (d)
2602 4971 2706 5024 Deo
2758 4971 2821 5023 de
2850 4973 3207 5041 momentaneis
3236 4975 3427 5023 (eterna
3456 4970 3750 5023 medicante.
3788 4970 3887 5025 Sic
3927 4988 4039 5029 ve-

2406 5052 2491 5097 tus
2516 5042 2809 5108 exemplar.
2856 5040 2943 5095 Ait
2987 5040 3344 5095 Tertttllianus
3365 5084 3380 5108 ,
3408 5041 3576 5097 Deum
3601 5083 3615 5105 ,
3648 5042 3788 5095 bono
3819 5055 4042 5100 antro

2404 5114 2673 5167 crudelem
2702 5124 2861 5187 atque
2889 5122 3119 5187 tetrum,
3149 5114 3235 5187 qui
3272 5111 3515 5165 homines
3544 5117 3699 5187 etiam
3732 5128 3827 5181 per
3854 5129 4036 5170 mar-

2406 5194 2664 5256 tyriorum
2696 5181 2961 5237 cruciatus
2987 5184 3051 5235 ad
3092 5181 3359 5256 felicitatis
3384 5190 3601 5240 aeterna
3627 5186 3845 5254 glomui
3880 5200 4038 5238 eva-

2406 5255 2532 5311 dere
2558 5256 2681 5308 vrlit
2702 5297 2713 5313 .
2736 5257 2888 5307 nobis
2917 5269 3038 5309 esse
3065 5255 3346 5308 colendum
3380 5258 3773 5325 notandumque
3793 5297 3807 5315 .
3834 5260 4042 5313 multo

2407 5329 2574 5396 magis
2604 5341 2761 5395 quam
2809 5325 3073 5379 medicum
3103 5368 3114 5386 .
3143 5328 3230 5398 qui
3259 5328 3503 5392 eorporis
3545 5326 3707 5384 n0stri
3739 5326 4042 5398 valetudi-

2408 5413 2528 5452 nem
2581 5398 2788 5450 nonnisi
2833 5398 3036 5450 urendo
3076 5396 3417 5466 secundoque
3453 5401 3703 5451 restituit.
3734 5396 3873 5450 Dein
3918 5416 4041 5454 ex-

2410 5471 2568 5538 plicat
2596 5478 2649 5521 et
2681 5467 2885 5523 etttollil
2910 5508 2926 5533 ,
2949 5469 3101 5537 quod
3139 5468 3271 5521 alias
3319 5471 3510 5520 ditt‘tttn
3541 5482 3603 5521 ac
3636 5480 3826 5518 tetrum
3858 5472 4044 5526 vitle-

2408 5541 2583 5595 batur.
2612 5539 2763 5595 Hunc
2804 5539 2972 5592 locum
3004 5539 3198 5592 imitari
3240 5538 3401 5591 soluit
3430 5538 3640 5593 Lucifer
3667 5539 4043 5597 Calaritanus

2408 5612 2502 5665 lib.
2548 5612 2615 5665 de
2658 5612 2901 5665 Conteut.
2935 5621 3107 5664 morte
3138 5626 3235 5679 pro
3261 5607 3517 5664 Christo:
3554 5610 3701 5677 Quod
3728 5611 3868 5661 enim
3903 5613 4046 5669 licet

2409 5682 2633 5736 medicus
2668 5690 2832 5743 secet,
2862 5682 3083 5735 cauterio
3120 5692 3234 5734 urat
3260 5723 3274 5746 ,
3300 5681 3495 5750 sinapis
3535 5682 3764 5733 incendio
3795 5682 3868 5733 ad
3906 5701 4047 5737 om-

2411 5771 2523 5807 nem
2550 5754 2775 5807 dolerent
2796 5768 2988 5822 (egrum
3017 5752 3231 5805 deducat
3256 5768 3274 5806 :
3301 5763 3467 5806 tamen
3490 5769 3578 5806 nec
3598 5752 3755 5808 secari
3777 5792 3792 5816 ,
3823 5753 3993 5809 inuri
4026 5800 4046 5819 ,

2412 5828 2556 5880 exedi
2586 5866 2601 5892 ,
2634 5825 2951 5897 morderigae
2997 5840 3103 5897 esse
3146 5825 3445 5897 mimicam,
3467 5834 3574 5882 etc.
3611 5822 3718 5881 Sed
3742 5822 3921 5897 longa
3948 5837 4050 5886 est

2413 5897 2553 5956 inter
2581 5897 2811 5955 artitices
2841 5894 3159 5954 dill'erentia.
3192 5894 3314 5954 Rto.
