4242 6492
175 401 282 454 153

1221 393 1581 450 ADVERSUS
1619 392 1990 450 GNOSTICOS
2035 389 2432 447 SCORPIACE.

3375 389 3481 447 13L

175 523 296 577 ret,
325 525 482 583 quam
512 512 629 581 ipse
657 508 900 566 medicus
940 509 1298 578 importunam
1355 509 1564 563 interim
1613 523 1776 563 nove.
1803 515 1850 572 Λ
1881 510 2180 577 exprimere
2231 506 2369 578 (12),
2418 505 2638 576 praemio
2690 505 2884 570 indice,
2913 505 3220 576 spectaculo
3262 505 3478 576 judice,

173 617 293 661 rat:
326 605 493 660 audiit
537 605 628 660 ille
651 619 808 674 quem
855 604 1077 668 maluit,
1107 613 1160 656 et
1187 603 1566 656 abstinentiam
1609 604 1773 672 rupit,

174 697 291 752 edit
338 697 620 760 illicitum,
673 705 728 750 et
772 695 1197 766 transgressione
1241 705 1542 762 saturatus,
1589 697 1667 766 (α)
1725 697 1776 750 in

175 799 405 845 mortem
451 787 734 843 cruditavit
763 787 843 859 (I)
867 829 881 852 ,
908 786 1080 857 dignis
1117 789 1255 842 imus
1286 789 1422 842 bona
1463 789 1567 843 litle
1599 789 1648 842 in
1694 799 1777 842 to-

179 892 292 936 tutn
326 882 500 950 perire
550 880 630 950 (2)
653 923 668 945 ,
700 884 790 951 qui
837 882 1022 935 voluit.
1057 880 1161 935 Sed
1199 882 1453 936 Dominus
1483 892 1776 937 sustentata

178 974 391 1029 fervura
449 973 525 1044 (5)
584 974 798 1040 delicti,
833 974 1005 1028 donec
1047 985 1288 1044 tempore
1332 975 1593 1029 medicina
1643 988 1779 1028 tem-

179 1078 459 1138 pcraretur
485 1069 600 1136 (4),
637 1069 886 1137 paulatim
935 1065 1172 1121 remedia
1220 1068 1560 1136 composuit,
1590 1082 1782 1123 omnes

182 1161 306 1216 tidei
333 1160 646 1231 disciplinas
667 1203 682 1226 ,
706 1171 758 1216 et
783 1162 926 1229 ipsas
952 1162 1174 1216 aemulas
1195 1162 1322 1214 vitio
1348 1202 1361 1223 ,
1387 1161 1608 1217 verbum
1634 1178 1780 1215 mor-

181 1255 250 1308 iis
279 1254 442 1308 verbo
470 1255 590 1308 vita:
621 1254 989 1309 rescindeutes
1013 1294 1029 1320 ,
1060 1255 1301 1309 auditum
1344 1255 1782 1324 transgressionis

180 1346 366 1399 auditu
412 1345 718 1401 devotionis
767 1346 1050 1411 lituantes,
1085 1348 1154 1400 ita
1192 1357 1255 1402 et
1300 1362 1421 1401 cuin
1476 1347 1609 1401 ntori
1641 1363 1782 1417 prte-

181 1440 314 1508 cipit
348 1439 589 1494 medicus
639 1439 727 1495 ille
754 1481 768 1502 ,
802 1449 1081 1495 veternum
1132 1442 1320 1496 mortis
1360 1441 1618 1496 excludit.
1647 1441 1782 1507 Quid

180 1541 432 1598 gravatur
463 1531 569 1599 pati
620 1546 761 1586 nunc
800 1531 960 1587 homo
990 1548 1057 1586 ex
1089 1533 1327 1587 remedio
1351 1576 1364 1595 ,
1397 1533 1539 1603 quod
1567 1551 1670 1588 non
1704 1543 1785 1587 est

181 1630 309 1678 tunc
339 1634 589 1692 gravatus
630 1625 733 1693 pati
775 1640 840 1679 ex
873 1624 1046 1679 vitio?
1075 1625 1324 1695 displicet
1350 1627 1519 1680 occidi
1552 1628 1600 1680 iti
1645 1627 1786 1680 salu-

182 1723 327 1781 tem,
358 1717 439 1769 cui
473 1732 579 1770 non
607 1717 876 1784 diSplicuit
911 1717 1082 1771 occidi
1117 1719 1167 1771 iu
1201 1719 1556 1789 perditionem
1587 1721 1609 1772 ?
1650 1736 1784 1774 nau-

182 1807 358 1862 seabit
383 1806 451 1861 ad
488 1808 787 1864 antidotum
814 1849 828 1874 ,
859 1811 949 1880 qui
977 1811 1141 1865 hiavit
1168 1813 1234 1866 ad
1261 1828 1527 1868 venenum
1551 1815 1574 1867 ?

818 1902 1047 1957 CAPUT
1091 1902 1175 1956 Vl.

250 1989 361 2045 Sed
393 1990 438 2044 si
484 1992 562 2062 (5)
602 1994 913 2047 certaminis
945 1996 1163 2050 nomine
1196 1996 1335 2050 Deus
1387 1997 1543 2052 nobis
1576 2011 1781 2070 marty-

182 2083 258 2136 ria
310 2088 681 2153 proposuisset
727 2086 844 2154 (6),
896 2103 990 2156 per
1029 2104 1146 2156 quae
1184 2104 1305 2143 cum
1358 2089 1664 2144 adversario
1689 2107 1779 2146 ex-

181 2177 501 2247 periremur.
537 2191 591 2232 ttt
619 2196 647 2233 a
677 2197 784 2250 quo
829 2182 1056 2236 libenter
1100 2183 1260 2236 homo
1303 2185 1465 2237 elisus
1505 2195 1588 2238 est
1613 2227 1625 2246 ,
1658 2200 1780 2238 cum

182 2270 294 2338 jam
341 2283 652 2326 constanter
677 2274 868 2339 elidat,
904 2274 988 2328 hic
1019 2291 1230 2345 quoque
1261 2276 1549 2333 liberalitas
1589 2280 1779 2348 magis,

179 2379 342 2430 quam
389 2364 653 2418 acerbitas
703 2365 796 2421 Dei
843 2375 1058 2436 praeest.
1115 2367 1368 2422 Evulsuttt
1417 2373 1560 2426 enim
1612 2371 1782 2424 homia

182 2471 306 2510 nem
341 2457 420 2522 (b)
452 2457 517 2510 de
543 2456 741 2510 diaboli
771 2460 887 2525 gula
917 2473 1011 2528 per
1043 2459 1201 2513 tidem
1225 2502 1238 2524 ,
1269 2463 1378 2529 jam
1410 2473 1462 2515 et
1488 2464 1780 2517 inculcato-

183 2565 298 2603 rem
328 2551 446 2617 ejus
474 2552 638 2603 voluit
665 2551 880 2607 el'licere
909 2567 1004 2622 per
1025 2555 1272 2608 virtutem
1303 2572 1317 2619 ;
1348 2572 1414 2609 ne
1443 2557 1782 2612 solummodo

180 2644 438 2698 cviis'rSset
471 2685 484 2707 ,
508 2660 693 2697 verum
718 2647 878 2700 etiam
908 2647 1159 2703 evicisset
1182 2649 1261 2720 (7)
1293 2650 1590 2706 inimicum.
1621 2654 1781 2705 Ama-

181 2740 288 2800 vit,
323 2743 411 2808 qui
450 2738 530 2806 (8)
558 2751 838 2795 vovaverat
871 2742 923 2794 itt
952 2743 1174 2797 salutem
1198 2785 1210 2803 ,
1244 2743 1468 2800 invitare
1494 2755 1550 2798 et
1576 2745 1642 2798 ad
1672 2746 1783 2815 glo—

180 2830 352 2893 riam;
378 2831 772 2898 utgaudeatnus
797 2832 876 2903 (9)
904 2834 1109 2888 liberati
1132 2876 1145 2900 ,
1176 2837 1476 2892 exaltemus
1503 2840 1661 2892 etiam
1694 2855 1784 2893 co-

181 2923 382 2974 ronati.
431 2927 643 2992 Agoaas
694 2926 844 2992 istos,
874 2929 1210 2983 contentiosa
1233 2930 1493 2983 solemnia
1523 2941 1577 2984 et
1599 2947 1786 2998 snper-

180 3014 389 3068 stitiosa
439 3018 731 3070 certamina
781 3035 1075 3088 graecarum
1124 3031 1177 3074 et
1224 3021 1540 3089 religionum
1584 3033 1637 3075 et
1683 3037 1782 3074 vo-

181 3105 447 3175 luptatum
475 3151 490 3171 ,
520 3123 715 3177 quanta
755 3112 922 3180 gratia
986 3112 1238 3166 szeculum
1300 3113 1536 3167 celebret
1567 3155 1579 3172 .
1622 3113 1782 3168 etiam

182 3200 381 3253 Africa:
420 3201 574 3270 liquit
615 3202 744 3273 (10).
783 3207 856 3271 (c)
908 3203 1094 3258 Adhuc
1135 3205 1508 3275 Carthaginem
1562 3206 1786 3272 singula:

1884 599 2147 654 sententia
2175 599 2446 667 voluptate
2475 617 2487 652 :
2518 597 2604 669 (d)
2638 612 2740 667 qua
2785 599 2923 652 nulla
2954 607 3080 653 sunt
3121 599 3298 668 praelia
3319 638 3332 663 ,
3374 613 3482 652 non

1883 694 2029 746 nulla
2059 694 2172 762 (15)
2227 692 2445 746 vulnera
2493 692 2589 762 (ε),
2653 692 2809 761 pugni
2856 698 3132 761 quassant,
3192 692 3264 762 (ι’)
3309 688 3482 744 calces

1883 785 2148 849 arietant,
2182 793 2361 840 cestus
2386 783 2684 847 dilaniant,
2717 784 2921 854 ﬂagella
2951 783 3288 839 dilacerant:
3323 796 3483 837 nemo

1885 889 2060 934 tamen
2094 880 2278 948 agonis
2307 879 2590 948 praesidem
2623 879 2992 948 suggillaverit
3020 919 3034 943 ,
3065 876 3207 948 quod
3239 875 3486 931 homines

1885 973 2156 1028 violentiae
2205 973 2471 1041 olijoctat,
2504 973 2818 1034 iniuriarum
2877 970 3122 1026 actiones
3177 978 3328 1025 extra
3372 977 3487 1024 sta-

1886 1064 2053 1130 dium,
2074 1065 2166 1119 sed
2193 1076 2443 1134 quantum
2473 1065 2671 1119 livores
2693 1065 2809 1135 (14)
2838 1065 2910 1118 illi
2939 1074 2993 1118 et
3019 1078 3236 1118 cruores
3259 1072 3313 1118 et
3344 1061 3486 1116 vibi-

1887 1175 1977 1214 ces
2002 1160 2340 1228 negotiantur
2364 1159 2602 1214 intendet
2623 1159 2757 1230 (15):
2788 1173 3016 1213 coronas
3045 1157 3337 1223 scilicet,et
3368 1155 3489 1228 glo-

1888 1253 2021 1306 riam
2045 1294 2060 1316 ,
2090 1262 2144 1307 et
2177 1253 2355 1306 dotem
2380 1296 2393 1319 ,
2430 1252 2702 1322 privilegia
2745 1252 2984 1320 publica,
3019 1249 3282 1320 stipendia
3322 1249 3490 1303 civica

1890 1347 2042 1418 (16),
2075 1349 2332 1418 imagines
2354 1391 2367 1413 ,
2401 1357 2604 1401 statuas
2627 1390 2639 1412 ,
2669 1356 2720 1399 et
2749 1347 2961 1415 qualem
3016 1353 3191 1412 potest
3236 1350 3491 1410 praestare

1889 1442 2146 1495 saeculum
2177 1443 2243 1496 de
2285 1441 2422 1495 fama
2466 1441 2821 1495 aeternitatem
2850 1481 2864 1502 ,
2895 1439 2961 1494 tle
2995 1438 3253 1492 memoria
3305 1451 3491 1490 resur-

1891 1535 2210 1587 rectionem.
2247 1534 2438 1605 Pyctes
2467 1535 2580 1604 ipse
2622 1550 2724 1587 non
2760 1533 2998 1602 queritur
3024 1532 3208 1586 dolore
3245 1544 3334 1594 se,
3367 1541 3490 1584 nam

1893 1626 2006 1695 (l7)
2035 1626 2145 1678 vult
2167 1667 2182 1692 ,
2216 1639 2412 1680 corona
2451 1626 2647 1695 premit
2677 1625 2895 1678 vulnera
2925 1666 2939 1688 ,
2972 1624 3149 1692 paltna
3178 1621 3492 1692 sanguinem

1892 1719 2179 1777 obscurat;
2225 1718 2302 1786 (ῃ)
2346 1718 2463 1786 plus
2495 1717 2714 1770 victoria
2747 1726 2913 1770 tumet
2943 1731 3100 1788 quam
3135 1715 3321 1784 injuria
3354 1711 3492 1783 (18).

1895 1809 2046 1864 Hunc
2073 1820 2126 1864 tu
2156 1810 2338 1864 laasum
2371 1809 2726 1870 existimabis,
2759 1824 2918 1877 quem
2951 1807 3099 1862 vides
3129 1805 3345 1860 laetum?
3384 1804 3493 1862 Sed

1824 1915 1871 1974 Β
1902 1919 1998 1958 nec
2037 1905 2205 1957 victus
2237 1904 2350 1971 ipse
2391 1903 2456 1956 de
2501 1901 2822 1972 agonotheta
2872 1916 3057 1955 casum
3101 1915 3256 1954 suum
3294 1913 3492 1967 expro-

1890 1997 2080 2050 brabit.
2136 1996 2299 2050 Deum
2361 1994 2645 2050 dedecebit
2709 2002 2852 2048 artes
2901 2002 2956 2047 et
3000 1992 3315 2058 disciplinas
3367 2006 3494 2046 suas

1889 2089 2118 2144 educere
2164 2091 2214 2142 in
2248 2088 2513 2153 medium,
2552 2089 2601 2141 in
2633 2086 2734 2140 hoc
2775 2088 2955 2141 saeculi
3001 2090 3260 2156 Spatium,
3292 2087 3343 2138 in
3370 2099 3496 2154 spe-

1889 2182 2156 2236 ctaculum
2211 2181 2516 2235 hominibus
2548 2190 2602 2234 et
2634 2179 2840 2250 angelis
2869 2189 2922 2234 et
2953 2181 3215 2234 universis
3259 2187 3495 2248 potesta-

1891 2275 2076 2328 tibus?
2104 2289 2318 2328 carnem
2360 2284 2520 2341 atque
2566 2273 2798 2325 animant
2843 2273 3068 2340 probare
3099 2272 3166 2326 de
3192 2274 3495 2327 Constantia

1889 2381 2049 2436 atque
2072 2367 2353 2420 tolerantia
2381 2367 2403 2417 ἲ
2432 2365 2562 2420 dare
2601 2365 2725 2419 huic
2757 2366 2987 2433 palmam
3013 2406 3028 2430 ,
3062 2365 3183 2419 huic
3211 2366 3497 2429 honorem,

1891 2458 1966 2511 illi
2013 2459 2318 2519 civitatem,
2349 2457 2424 2510 illi
2477 2455 2784 2525 stipendia?
2811 2457 2971 2511 etiam
3016 2456 3276 2526 quosdam
3310 2471 3497 2526 repro-

1891 2552 2048 2615 bare,
2078 2561 2132 2604 et
2159 2552 2449 2620 castigatos
2490 2568 2610 2604 cum
2659 2551 2952 2620 ignominia
2992 2551 3372 2604 summovere?
3404 2549 3496 2602 Ni-

1890 2645 2083 2697 mirum
2113 2644 2430 2712 prtescribes
2455 2643 2567 2697 Deo
2587 2685 2600 2705 ,
2630 2643 2821 2711 quibus
2863 2643 3191 2712 temporibus
3216 2684 3229 2707 ,
3264 2655 3352 2697 aut
3385 2658 3501 2696 uio-

1892 2738 2007 2802 dis,
2037 2749 2127 2790 aut
2171 2737 2302 2789 locis
2352 2736 2418 2790 de
2467 2734 2665 2788 familia
2703 2751 2796 2788 sua
2837 2734 3041 2805 judicet
3069 2777 3082 2795 ,
3111 2737 3260 2805 quasi
3300 2752 3403 2789 nou
3445 2742 3502 2790 et

1893 2830 2240 2898 przrjudicare
2266 2827 2431 2897 judici
2461 2838 2740 2897 c0ugruat.
2772 2827 2909 2895 Quid
2952 2843 3124 2893 nunc,
3154 2828 3197 2882 si
3239 2844 3344 2882 non
3381 2830 3398 2897 ζ
3410 2829 3500 2899 19)

1890 2921 2202 2977 certaminis
2249 2922 2464 2975 nomine
2512 2921 2564 2974 in
2612 2923 2866 2991 martyria
2919 2921 3078 2976 ﬁdem
3123 2923 3497 2991 exposuisset,

1890 3016 1983 3070 sed
2013 3025 2066 3069 et
2091 3014 2210 3084 (9.0)
2259 3015 2459 3084 proprii
2494 3014 2764 3082 profectus
2794 3039 2809 3079 ,
2839 3027 3018 3070 nonne
3044 3017 3324 3086 oportebat
3355 3017 3501 3072 illam

1892 3106 2089 3161 habere
2136 3107 2364 3174 aliquem
2409 3107 2520 3176 spei
2572 3107 2882 3172 cumulum,
2915 3108 3002 3161 cui
3058 3107 3290 3163 studium
3342 3124 3499 3164 suum

1891 3208 2109 3270 eugeret
2134 3237 2148 3262 ,
2176 3208 2466 3267 votumque
2512 3199 2902 3269 sospenderet,
2932 3216 3039 3271 quo
3077 3202 3372 3257 eniteretur
3410 3218 3498 3256 as~

180 3293 428 3348 civitates
486 3296 805 3364 gratulando
868 3297 1199 3367 inquietant,
1247 3298 1498 3353 donatam
1573 3298 1787 3368 pythico
1815 3314 1860 3375 ρ
1895 3293 2158 3355 cendere,
2192 3307 2312 3346 cum
2355 3289 2434 3362 (h)
2469 3303 2678 3346 terrena
2722 3307 2933 3362 quoque
2977 3292 3150 3347 ofﬁcia
3199 3294 3250 3347 iti
3307 3294 3503 3363 gradus

179 3397 357 3453 agone
404 3395 525 3452 post
570 3386 726 3440 stadii
777 3400 1131 3444 senectutem.
1182 3389 1254 3443 Ita
1297 3391 1363 3443 ab
1390 3407 1507 3445 aevo
1532 3392 1783 3458 dignissi-

185 3492 335 3529 mum
397 3477 661 3531 creditum
717 3490 800 3533 est
851 3481 1144 3535 stadiorum
1175 3483 1290 3551 (11)
1321 3482 1784 3551 experimentum,

180 3568 522 3623 committere
560 3580 736 3634 artes,
775 3585 1064 3642 corporum
1095 3583 1150 3629 et
1179 3588 1370 3630 vocum
1420 3574 1787 3644 praestantiam

1897 3385 2168 3440 aestuent?
2212 3393 2303 3438 aut
2329 3385 2600 3453 quomodo
2649 3385 2828 3440 multae
2876 3386 3180 3441 mansiones
3223 3388 3363 3455 apud
3394 3389 3500 3443 Pa-

1898 3487 2031 3530 trem
2055 3517 2068 3540 ,
2100 3477 2145 3529 si
2177 3490 2280 3528 non
2326 3491 2422 3544 pro
2464 3477 2719 3530 varietate
2768 3478 3082 3531 meritorum
3107 3478 3130 3530 ?
3155 3480 3423 3549 quomodo
3449 3489 3504 3536 et

1895 3568 2047 3623 stella
2075 3582 2104 3620 a
2133 3567 2284 3620 stella
2315 3566 2534 3622 distabit
2563 3569 2614 3622 iii
2643 3569 2810 3639 gloria
2845 3571 2885 3640 (l
2928 3568 3047 3624 Cor.
3079 3569 3196 3642 XV)
3220 3613 3233 3636 ,
3269 3574 3371 3628 nisi
3403 3589 3502 3646 pro

1437 3663 1819 3722 LECTIONES
1856 3658 2271 3716 VARIANTES.

247 3751 324 3872 ta

271 3815 324 3869 ἓξ)
350 3815 549 3864 Perisse
574 3820 717 3866 Pam.
741 3816 892 3869 Seml.

250 3873 326 3942 (δ’)
352 3879 641 3942 Sustentato
664 3879 858 3942 fervore
886 3884 1036 3933 Sentl.

350 3939 679 4019 'l‘etnperatttr
698 3941 850 3993 Rhen.
872 3943 1025 3995 Seml.
1051 3943 1249 3996 Oberth.

274 4003 326 4060 υ)
345 4000 407 4050 Li
429 4005 573 4053 Pam.
594 4002 746 4052 .Sentl.

274 3999 326 4053 ὃ)
345 3999 407 4050 Ει
429 3999 573 4053 Ρὶυη.
594 4002 746 4052 Seml.

274 4062 328 4125 6)
351 4062 588 4125 Proponit
605 4068 748 4116 Pam.
775 4068 926 4118 Seml.

271 4125 326 4182 7)
353 4125 636 4178 Devicisset
668 4131 814 4178 Pam.
838 4131 981 4182 sentt.

351 4187 471 4258 Quae
496 4192 638 4258 Pam.
659 4193 804 4258 sentt.
831 4209 955 4257 quos
1002 4195 1161 4246 Latin.

273 4250 518 4322 9)‘lj_t.qui
544 4250 1014 4322 gaudeatnus'Pam.
1043 4256 1193 4308 Seml.
1219 4257 1491 4321 gaudemus
1514 4261 1636 4310 Jun.

275 4311 336 4360 10
383 4311 570 4364 Licuit'
587 4318 728 4365 seml.

280 4312 359 4439 11)
384 4375 671 4428 Studiorum
699 4383 728 4431 ﬁ

280 4375 359 4433 11)
384 4375 671 4428 Studiorum
699 4376 853 4431 Rhen.
878 4383 1024 4432 Pam.
1050 4382 1192 4433 seml.

1997 3755 2070 3822 ig)
2096 3751 2166 3822 [le
2178 3751 2398 3822 pendere
2419 3750 2570 3822 Rhen.
2594 3754 2896 3806 Panuseml.
2925 3755 3120 3808 Oberth.

1997 3815 2073 3867 15)
2099 3816 2224 3864 Sunt
2240 3815 2407 3864 inserit
2429 3815 2567 3867 send.

1998 3877 2072 3937 14)
2101 3877 2288 3925 Livoris
2307 3877 2447 3926 Seml.

1995 3940 2070 4004 i5)
2095 3939 2313 4004 [utendis
2340 3938 2492 3990 Rhen.
2514 3943 2658 3992 Pam.
2680 3941 2820 3993 Seml.
2846 3941 3042 3994 Oberth.

1994 3999 2069 4069 lg)
2093 3999 2364 4069 Stipendia,
2393 4004 2644 4069 civitatem
2670 4006 2827 4056 Latin.

1992 4060 2068 4122 l7)
2095 4060 2200 4111 Non
2222 4060 2373 4114 Rhen.
2401 4063 2542 4114 sentl.

1964 4124 2069 4201 (t8)
2096 4124 2211 4201 Plus
2233 4128 2647 4201 victoriarunrest
2663 4131 3116 4201 quam_ipjuria_rum
3142 4134 3376 4201 Lat.._fun.
3395 4135 3506 4201 plus

1900 4191 2207 4254 victoriatum
2233 4197 2310 4239 est
2334 4204 2476 4254 quam
2504 4194 2778 4254 injuriatum
2803 4191 2956 4244 Rhen.
2981 4198 3125 4246 Pam.
3154 4197 3298 4248 Seml.

1967 4252 2066 4314 (tit)
2100 4254 2191 4310 Qui
2217 4254 2256 4300 si
2288 4250 2732 4305 uoiiRItenISeml.
2761 4254 2955 4307 Obert/i.

1966 4313 2070 4378 (:20)
2095 4315 2157 4366 Et
2180 4314 2279 4380 abj.
2305 4317 2447 4366 sentt.

1542 4463 2102 4525 COMMENTARIUS.

260 4554 427 4632 (a)1n
450 4567 661 4632 mortem
681 4560 1113 4632 cruditavit.Post
1135 4562 1807 4632 pahulumillicitumlabo-
1831 4563 1884 4623 D
1913 4576 2034 4612 nam
2064 4559 2166 4614 hoc
2195 4558 2268 4612 ait
2293 4575 2305 4610 :
2337 4556 2492 4612 Nulla
2539 4569 2662 4613 sunt
2695 4560 2898 4628 priclia,
2923 4563 3042 4629 quia
3080 4562 3256 4617 nullus
3290 4563 3458 4622 hostis
3485 4585 3500 4631 ;

184 4628 331 4702 ravit
352 4627 631 4702 mortifera
652 4631 934 4686 cruditate.
952 4627 1150 4688 Eodem
1168 4636 1330 4688 verbo
1354 4637 1517 4689 utitur
1539 4636 1630 4689 lib.
1646 4638 1714 4688 tte
1731 4635 1807 4702 je-

179 4697 551 4774 junijisLttgque
566 4701 632 4753 ad
649 4702 901 4774 choleram
914 4714 1278 4774 ortygometras
1295 4707 1615 4760 cruditaitdo.
1633 4697 1751 4762 Βιϐξ

262 4765 684 4846 capit—pi)
715 4771 793 4826 De
822 4765 1014 4828 diaboli
1028 4765 1171 4844 bula.
1203 4779 1288 4830 Sic
1321 4779 1410 4830 nn.
1437 4778 1504 4832 de
1531 4777 1800 4846 Spectata:

188 4838 405 4917 Qiqboti
435 4857 498 4892 ea:
525 4838 630 4917 uno
655 4838 953 4914 prertpimn
977 4838 1119 4917 gu’ia,
1151 4857 1204 4902 et
1246 4847 1378 4901 libro
1407 4849 1472 4901 de
1504 4838 1757 4903 Pudicitia
1787 4867 1800 4903 :

186 4908 290 4989 Cui
308 4908 698 4989 etiant‘conditio
715 4908 906 4984 gratior
920 4908 1127 4985 quisque
1145 4922 1207 4972 de
1226 4921 1347 4989 gula
1374 4931 1544 4988 erepta
1571 4931 1662 4974 est.
1682 4920 1799 4975 th.

265 4981 346 5051 (ε)
389 4983 568 5061 Aditur:
596 4981 952 5061 Carthaginem
977 5029 991 5052 ,
1022 4998 1148 5052 etc.,
1176 4981 1414 5043 donatam
1451 4981 1655 5061 pythico
1683 5009 1802 5061 ogo-

186 5069 258 5106 ne
278 5054 623 5132 ,__et.c.__l_i_i_uc_
667 5054 1004 5132 occasionem
1052 5062 1323 5132 accepisse
1352 5054 1560 5116 videtur
1599 5054 1801 5117 Aucior

187 5123 473 5202 scribendi
496 5127 624 5202 libri
652 5128 719 5183 de
745 5128 924 5202 Speci.
957 5130 1096 5198 quod
1139 5123 1366 5186 indictus
1405 5143 1550 5188 esset
1577 5133 1799 5188 Cartha-

187 5197 311 5265 gini
362 5197 597 5265 pytlricus
645 5217 776 5269 agon
790 5197 817 5265 ἡ,
852 5197 1009 5269 idque
1056 5212 1166 5267 post
1195 5203 1347 5255 studii
1379 5215 1712 5266 senectutem,
1747 5205 1797 5260 id

188 5273 318 5348 est,
343 5278 631 5348 (postquam
661 5272 889 5324 stadium
915 5312 930 5333 ,
963 5272 1011 5325 id
1042 5285 1169 5348 est,_
1193 5274 1340 5328 locus
1384 5275 1449 5328 ad
1479 5291 1676 5345 agones
1700 5276 1797 5331 de-

187 5345 423 5406 putatus
446 5379 460 5403 ,
487 5344 595 5414 jam
625 5352 949 5414 senectutem
979 5344 1260 5412 quamdam
1295 5361 1480 5414 passus
1507 5344 1645 5401 esset
1671 5389 1685 5410 ,
1717 5358 1800 5402 ut-

190 5420 333 5488 pote
361 5423 390 5460 a
422 5411 601 5463 multis
625 5414 780 5466 annis
812 5411 1029 5467 utininie
1070 5411 1452 5488 l'requetttatus.
1499 5420 1653 5487 Atqui
1698 5435 1797 5488 py-

189 5477 648 5558 thicurnagonent
684 5495 971 5558 vocateum
998 5487 1087 5558 qui
1117 5477 1333 5540 iii-ludis
1363 5477 1608 5558 pythicis',
1641 5477 1800 5544 itl'e'st

189 5550 444 5628 Apollini
465 5552 653 5622 Pythio
677 5554 932 5608 dedicatis
955 5550 1278 5610 celebratur.
1306 5550 1492 5628 l’yctcs
1511 5550 1677 5620 enim,
1702 5578 1797 5628 pro

190 5620 742 5695 pugilekno‘tiotﬁvox
768 5638 847 5680 est
870 5642 1027 5695 quam
1053 5636 1109 5678 ut
1127 5620 1363 5695 pluribus
1389 5633 1458 5684 sit
1479 5647 1631 5695 opus.
1667 5620 1801 5685 ΡἈΜ.

272 5690 517 5771 (ἀλρυιξ
539 5693 680 5771 nulla
707 5708 822 5749 sunt
854 5690 1051 5771 prwliu.
1084 5690 1286 5771 Eienitn
1318 5690 1809 5770 ag0tiesCelehrau-

192 5772 290 5814 tur
314 5764 474 5840 etiam
491 5764 554 5840 _in
577 5767 680 5840 alta
711 5764 869 5840 pace.
885 5771 973 5822 Sic
997 5769 1132 5822 libro
1155 5771 1222 5824 de
1245 5764 1574 5840 Spectaculis
1594 5815 1605 5837 ,
1628 5776 1804 5828 atnle-

191 5845 296 5910 last
330 5833 462 5910 digit
491 5833 734 5910 homines
762 5839 937 5893 altiles
975 5850 1189 5910 propter
1215 5833 1380 5897 otium
1411 5833 1650 5898 Graeciae.
1683 5845 1801 5902 Rto.

273 5903 354 5981 (ρ)
388 5904 657 5964 Nonnulla
702 5911 926 5967 vulnera.
963 5903 1088 5971 11ωὸ
1125 5913 1198 5971 ita
1237 5924 1361 5972 sunt
1389 5916 1758 5988 distinguenda
1788 5935 1802 5974 :

1911 4632 2004 4704 sed
2026 4703 2029 4704 ν
2054 4642 2227 4704 tamen
2280 4646 2383 4683 non
2430 4639 2553 4684 sunt
2587 4633 2724 4704 nulla
2755 4634 2968 4686 vulnera
2999 4676 3014 4696 ,
3045 4637 3165 4704 quia
3195 4649 3412 4692 strenue
3439 4654 3504 4694 ac

1911 4701 2121 4756 fortiter
2148 4703 2424 4755 decertant
2453 4712 2506 4756 et
2536 4703 2896 4756 vulnerantur.
2941 4704 3059 4760 Ric.

1982 4775 2048 4849 (Γ)
2086 4772 2262 4849 Calccs
2289 4772 2735 4849 (nictentFaber,
2761 4776 2993 4844 Agonist.
3025 4777 3117 4849 lib.
3144 4776 3183 4831 ll
3201 4819 3212 4838 ,
3242 4795 3290 4833 c.
3317 4779 3370 4844 9,
3401 4780 3503 4849 legi

1911 4848 2022 4898 vult
2047 4885 2060 4911 ,
2094 4843 2268 4897 culvw.
2300 4844 2438 4898 {Vibii
2462 4846 2772 4898 mutandum
2795 4843 3010 4900 censeo.
3039 4847 3144 4901 Vox
3172 4865 3299 4903 vero
3324 4891 3338 4912 ,
3366 4843 3503 4906 arie-

1912 4927 2056 4980 tant,
2094 4915 2208 4967 aliis
2237 4917 2397 4968 etiam
2448 4917 2660 4969 usitata.
2695 4916 2892 4969 l’linitts
2920 4917 3009 4972 lib.
3041 4917 3082 4971 ll
3104 4962 3116 4982 ,
3150 4935 3268 4987 cap.
3300 4921 3402 4978 82.
3434 4923 3504 4978 de

1908 4988 2144 5042 aediliciis
2177 4997 2330 5040 terra:
2361 4998 2502 5040 tuotu
2531 5001 2650 5040 sese
2677 4989 3052 5043 collidentibns
3080 5008 3090 5042 :
3125 4989 3423 5056 Innoxium,
3454 5004 3502 5047 et

1908 5075 2022 5110 cum
2049 5063 2398 5110 concurrentia
2426 5069 2552 5110 tecta
2579 5060 2835 5110 contrario
2863 5062 2962 5112 ictu
2986 5062 3200 5114 arietant
3218 5104 3232 5126 ,
3260 5065 3504 5129 quoniam

1904 5130 2032 5181 alter
2058 5140 2220 5181 motus
2251 5130 2397 5182 alteri
2424 5129 2677 5182 renititur.
2715 5130 2823 5184 Etsi
2856 5145 2982 5186 vero
3009 5130 3075 5185 de
3104 5135 3359 5189 arietibus
3385 5176 3400 5199 ,
3431 5150 3497 5191 ex

1904 5204 2050 5254 vocis
2089 5210 2292 5270 etynto,
2328 5201 2378 5252 id
2425 5200 2644 5271 intelligi
2691 5210 2895 5255 tantum
2939 5203 3204 5271 videatur,
3237 5207 3302 5259 de
3337 5207 3502 5260 tauris

1905 5282 2082 5325 tamen
2120 5272 2364 5342 Virgilius
2395 5271 2485 5325 lib.
2521 5269 2614 5326 XII
2653 5290 2665 5326 :

1996 5366 2114 5430 Cum
2141 5379 2237 5428 quo
2254 5366 2506 5430 conversis
2529 5365 2724 5415 inimica
2741 5367 2789 5414 in
2814 5365 2987 5430 prtelia
3013 5369 3139 5417 tauri

1999 5428 2260 5476 FI‘Olllliins
2295 5429 2562 5476 incurrunt.

1981 5492 2053 5544 lle
2081 5490 2252 5562 dantis
2275 5491 2432 5544 etiam
2461 5490 2745 5557 Martialis,
2769 5491 2859 5544 lib.
2883 5491 3147 5562 IV.epigr.
3178 5493 3268 5551 35.
3298 5492 3374 5549 LE
3403 5495 3503 5554 PII.

1983 5565 2060 5631 (g)
2108 5561 2231 5636 Plus
2260 5562 2480 5636 victoria
2525 5572 2675 5636 tumet
2701 5604 2716 5627 ,
2753 5581 2910 5636 quam
2954 5565 3164 5634 injuria.
3205 5565 3290 5620 Sic
3320 5568 3504 5636 legeti-

1910 5633 2033 5686 dum
2063 5635 2227 5686 suasit
2259 5633 2393 5685 liber
2421 5633 2711 5700 Agobardi.
2750 5634 2856 5688 Nec
2882 5633 3068 5689 dubito
3095 5677 3109 5701 ,
3136 5638 3262 5705 quin
3293 5633 3504 5692 Tertul-

1912 5705 2084 5758 lianus
2117 5705 2379 5772 ipSIssitua
2410 5705 2706 5771 scripserit.
2741 5707 2855 5761 Hic.

1985 5776 2066 5845 (h)
2094 5774 2316 5850 Terrena
2353 5776 2750 5850 quoquee/ﬁcia
2800 5779 2852 5830 in
2893 5778 3082 5850 gradus
3127 5788 3356 5834 aestuent.
3391 5779 3503 5836 Hoc

1910 5856 2022 5926 est,
2052 5845 2498 5926 contendantupro
2523 5845 2778 5920 dignitate
2802 5845 2997 5922 gradus
3021 5892 3036 5920 ,
3070 5861 3126 5906 ut
3152 5850 3380 5926 primunt
3405 5851 3500 5909 ob-

1909 5919 2112 5976 tineant
2137 5919 2333 5976 locum.
2368 5917 2487 5975 th.
