4242 6492
684 391 785 449 155

2091 387 2555 444 TERTULLIANI

3889 394 3994 451 156

679 506 988 564 diversitate
1036 505 1305 562 radiorum
1338 505 1362 559 ?
1402 504 1570 561 Porro
1590 547 1605 572 ,
1632 513 1687 560 et
1729 504 1774 559 si
1821 503 1942 559 fidei
1995 513 2270 575 pr0ptcrea
2299 506 2352 564 Α
2377 503 2504 573 quid
2533 503 3034 576 sequitur?Sophia
3059 507 3110 560 in
3135 507 3347 562 exitibus
3374 518 3609 562 cantatur
3631 509 3744 579 (IO)
3767 510 3992 581 hymnis,

678 600 1006 671 congruebat
1049 599 1391 655 sublimitatis
1433 606 1487 653 et
1535 597 1794 652 claritatis
1828 598 1906 668 (I)
1937 597 2111 666 aliqua
2152 612 2267 665 pro-

679 691 838 759 latio,
869 692 975 747 tale
1014 691 1139 762 quid
1187 706 1308 747 esse
1355 698 1665 761 oportuerat
1714 688 1841 744 illud
1883 687 2270 754 emolumenti,

677 784 819 854 quod
861 797 1053 855 magno
1096 791 1371 838 constaret
1414 781 1497 851 (2)
1550 781 1732 835 labore
1762 820 1778 846 ,
1829 782 2100 846 cruciatu,
2159 789 2272 834 tor-

676 884 859 931 mento
893 917 907 942 ,
954 883 1145 930 morte.
1190 873 1294 930 Sed
1337 874 1546 944 respice
1590 873 2122 942 compensationem:
2150 887 2272 926 cum

675 985 802 1026 caro
825 980 880 1026 et
907 971 1082 1024 anima
1130 968 1467 1038 dependitur,
1500 967 1694 1036 quibus
1739 967 1789 1019 in
1832 965 2050 1020 homine
2097 965 2272 1020 carius

675 1061 808 1117 nihil
836 1062 1213 1127 est;alterum
1260 1074 1448 1114 manus
1493 1059 1620 1124 Dei,
1664 1059 1889 1113 alterum
1942 1057 2097 1110 flatus
2147 1056 2269 1128 (3);

671 1157 789 1223 Ipsa
827 1154 1055 1224 dependi
1086 1155 1135 1207 in
1171 1151 1407 1221 profectu
1441 1151 1523 1222 (4)
1547 1193 1561 1214 ,
1590 1163 1816 1221 quorum
1848 1158 1930 1203 est
1960 1148 2226 1219 proiectus
2254 1166 2269 1212 ;

674 1246 789 1316 ipsa
839 1245 1087 1316 erogari,
1133 1260 1252 1316 quae
1298 1245 1562 1298 Iucriliant
1617 1244 1737 1312 (5);
1799 1241 1986 1296 eadem
2057 1243 2223 1311 pretia
2253 1282 2268 1306 ,

673 1355 794 1410 qua:
823 1348 876 1395 ct
908 1354 1136 1395 merces.
1171 1339 1522 1408 Prospexerat
1551 1345 1606 1391 et
1635 1336 1729 1390 has
1761 1337 1901 1390 Dens
1933 1336 2269 1390 imbecillita-

674 1445 755 1490 tes
783 1433 1103 1490 conditionis
1150 1432 1398 1486 humanae
1417 1472 1433 1494 ,
1465 1430 1758 1485 adversarii
1808 1429 2028 1484 insidias
2049 1469 2064 1493 ,
2088 1443 2268 1482 rerum

674 1525 933 1592 fallacias,
963 1525 1142 1580 saeculi
1177 1525 1328 1588 retia,
1358 1525 1517 1578 etiam
1546 1531 1666 1592 post
1693 1522 1960 1577 lavacrum
1992 1520 2270 1590 periclita-

673 1628 846 1673 turam
876 1617 1034 1673 Iidern
1060 1658 1073 1682 ,
1105 1616 1370 1687 perituros
1398 1615 1682 1686 plerosque
1719 1629 1932 1668 rursum
1965 1623 2084 1683 post
2123 1612 2268 1666 salu-

672 1721 820 1778 tem,
849 1712 938 1782 qui
978 1714 1227 1766 vestitum
1256 1709 1650 1764 obsoletasseut
1700 1708 1782 1778 (6)
1825 1707 2117 1776 nuptialem
2141 1749 2154 1770 ,
2179 1706 2268 1776 qui

672 1802 863 1859 faculis
891 1803 1068 1858 oleum
1100 1816 1206 1856 non
1239 1811 1663 1871 prazparassent,
1698 1801 1787 1869 qui
1833 1799 2136 1869 requirendi
2175 1815 2269 1867 per

2383 596 2588 667 (Prov.,
2622 597 2663 664 I,
2687 597 2790 669 ΞΟ)
2818 615 2832 665 ;
2863 609 3108 655 cantatur
3146 601 3288 654 enim
3342 617 3396 655 et
3440 603 3612 656 exitus
3670 613 3990 672 martyrum.

2380 690 2578 760 Sophia
2607 692 2657 744 in
2680 692 2860 759 plateis
2877 693 2939 744 de
2960 693 3244 746 constantia
3262 691 3309 763 (1
3329 692 3513 764 I)agit,
3531 695 3666 748 bene
3682 695 3825 747 enim
3857 694 3996 747 ﬁlios

2378 795 2504 834 suos
2535 780 2764 850 jugulat.
2790 782 2963 852 Super
2990 799 3231 836 summos
3263 793 3440 838 autem
3468 800 3652 838 muros
3678 784 3882 840 conlisa
3914 785 3996 837 di-

2377 873 2483 934 cit.
2532 888 2655 928 cum
2721 873 2934 944 qttidetn
2981 874 3274 929 secundum
3325 875 3512 928 Isaiam
3556 877 3642 931 hic
3685 877 3991 931 exclamat:

2379 963 2492 1036 Ego
2526 964 2620 1018 Dei
2638 981 2782 1029 sum;
2812 975 2866 1020 et
2897 965 2984 1022 hic
3000 967 3358 1022 Vociferatur:
3391 967 3454 1020 In
3479 970 3679 1022 nomine
3707 970 3874 1023 Jacob
3900 985 3916 1032 ,°
3941 980 3996 1024 et

2378 1059 2514 1114 alius
2543 1058 2731 1114 scribit
2772 1058 2914 1130 (12),
2959 1060 3023 1113 1η
3067 1063 3268 1114 nomine
3295 1061 3505 1116 lsraelis
3537 1061 3660 1131 (ls.,
3691 1061 3879 1127 XLIV,
3911 1063 3993 1130 5).

2377 1152 2421 1208 Ο
2449 1152 2644 1210 bonam
2695 1164 2920 1208 matrem
2949 1155 2960 1207 !
2998 1154 3135 1223 Opto
3166 1165 3219 1208 et
3246 1157 3359 1224 ipse
3389 1157 3439 1209 in
3469 1157 3603 1210 lilios
3641 1157 3760 1224 ejus
3800 1155 3992 1222 redigi,

2378 1253 2434 1298 ιιι
2463 1245 2530 1299 ab
2558 1261 2619 1299 ea
2651 1245 2884 1300 occidar.
2935 1246 3074 1314 Opto
3119 1247 3310 1312 occidi,
3345 1256 3403 1300 nt
3445 1248 3584 1301 Illius
3630 1251 3774 1306 liam.
3805 1247 3993 1301 Solum

2376 1347 2556 1391 autem
2578 1336 2938 1407 jugulatlilios
2958 1352 3114 1399 suos;
3142 1354 3207 1391 an
3237 1347 3290 1392 et
3309 1340 3746 1408 torquet?Audio
3770 1341 3914 1393 enim
3938 1348 3997 1393 et

2377 1429 2500 1483 alibi
2531 1429 2795 1485 dicentem
2840 1431 3003 1485 Deum
3033 1448 3045 1484 :
3075 1429 3118 1485 U
3125 1448 3235 1483 ram
3280 1431 3400 1484 illos
3427 1431 3576 1485 sicuti
3603 1433 3772 1483 uritur
3801 1448 3994 1502 argen—

2378 1531 2483 1574 tnnt
2525 1521 2670 1591 (15),
2699 1533 2743 1576 et
2773 1523 2993 1591 probabo
3015 1523 3129 1576 illos
3164 1524 3312 1577 sicuti
3365 1525 3606 1593 probatur
3644 1541 3830 1576 aurum
3873 1525 3989 1594 (14)

2379 1614 2899 1686 (Zacli.,XlII,19).
2945 1615 3139 1686 Utique
3199 1632 3294 1685 per
3351 1627 3617 1671 tormenta
3667 1619 3868 1686 ignium
3925 1627 3995 1671 et

2374 1708 2781 1777 suppliciorum,
2811 1709 3172 1780 pcrmartyria
3204 1710 3324 1763 lidei
3354 1710 3764 1764 examinatoria.
3800 1711 3908 1765 Scit
3938 1717 3994 1766 et

2374 1797 2664 1868 Apostolus
2702 1801 2912 1868 qualem
2963 1801 3129 1856 Deum
3174 1802 3521 1870 adscripserit
3546 1844 3559 1866 ,
3610 1818 3734 1856 eum
3765 1804 3992 1857 scribit:

671 1905 884 1950 montes
909 1903 964 1949 et
991 1894 1160 1948 saltus
1181 1936 1195 1960 ,
1227 1901 1281 1948 et
1308 1892 1546 1946 humeris
1584 1901 1764 1945 essent
1809 1890 2133 1960 reportandi.
2169 1890 2262 1944 [³ου
2299 1897 2347 1966 Β
2377 1891 2436 1946 Si
2463 1890 2598 1945 Deus
2638 1892 2776 1946 Filio
2806 1910 2896 1946 suo
2919 1910 3018 1946 non
3049 1893 3269 1963 pepercit
3295 1935 3307 1957 ,
3337 1895 3424 1947 sed
3472 1911 3563 1961 pro
3595 1894 3739 1948 nobis
3778 1896 4000 1948 tradidit

671 1987 779 2042 suit
804 1987 962 2058 igitur
990 1985 1228 2042 secunda
1265 1984 1453 2039 solatia
1480 2027 1495 2049 ,
1527 1995 1764 2038 extrema
1797 1983 2039 2053 praesidia
2063 2023 2076 2048 ,
2113 1983 2267 2037 dimi-

670 2081 937 2136 cationem
978 2081 1249 2151 martyrii,
1282 2086 1338 2133 et
1368 2079 1631 2132 lavacrum
1663 2079 1934 2147 sanguinis
1963 2077 2156 2131 exinde
2183 2092 2268 2132 se—

671 2188 878 2228 curum.
904 2173 977 2228 De
993 2172 1145 2241 cujus
1163 2170 1417 2226 felicitate
1438 2169 1602 2224 David
1624 2189 1636 2223 :
1661 2169 1804 2222 Beati
1825 2185 2038 2238 quorum
2058 2169 2268 2222 dimissa

670 2277 786 2321 sunt
831 2266 1121 2328 delicta,et
1167 2283 1380 2336 quorum
1429 2276 1617 2339 aperta:
1664 2277 1780 2321 sunt
1822 2267 2112 2336 iniquitates
2141 2263 2261 2332 (Ps.

673 2357 904 2423 XXXII,
940 2359 1016 2428 I).
1051 2357 1236 2411 Beatus
1278 2359 1353 2411 vir
1378 2361 1459 2411 cui
1489 2375 1588 2412 non
1632 2359 1954 2429 imputaverit
1996 2357 2135 2412 Deus
2179 2357 2267 2410 de—

670 2448 864 2502 lictum.
897 2450 974 2521 (a)
1012 2449 1232 2520 Proprie
1263 2449 1404 2504 enim
1441 2450 1764 2520 martyribus
1790 2449 1920 2503 nihil
1957 2450 2068 2518 jam
2108 2463 2268 2518 repu-

671 2543 770 2595 tari
804 2552 1009 2610 potest,
1044 2543 1238 2612 quibus
1290 2543 1342 2597 in
1394 2543 1606 2597 lavacro
1649 2543 1762 2612 ipsa
1809 2543 1914 2596 vita
1956 2542 2263 2609 deponitur.

670 2631 764 2688 Sic
785 2632 985 2686 dilectio
1007 2635 1170 2702 operit
1194 2633 1570 2687 multitudinem
1594 2633 1893 2686 delictorum
1922 2633 1972 2696 (I
2007 2630 2145 2687 Pctr.
2173 2632 2260 2698 IV,

669 2725 758 2796 8),
790 2740 910 2795 qua!
951 2723 1116 2779 Deum
1159 2725 1348 2779 scilicet
1393 2724 1611 2795 diligens
1647 2741 1711 2778 ea:
1758 2726 1875 2777 totis
1903 2724 2090 2777 viribus
2117 2725 2222 2778 suis
2245 2765 2262 2791 ,

669 2817 862 2886 quibus
883 2819 934 2870 in
963 2818 1222 2889 martyrio
1241 2818 1484 2874 decertat
1500 2861 1512 2884 ,
1533 2834 1594 2871 ex
1615 2827 1718 2870 tota
1737 2819 1908 2871 anima
1932 2835 2025 2871 sua
2047 2817 2262 2888 (Matth.

669 2908 847 2977 XXII,
877 2910 970 2979 57)
995 2950 1009 2975 ,
1043 2925 1201 2980 quam
1241 2927 1338 2981 pro
1381 2911 1495 2966 Deo
1534 2911 1716 2981 ponit,
1749 2910 2023 2966 hominem
2065 2921 2264 2982 marty-

668 3017 783 3058 rem
837 3002 1070 3058 excudit.
1125 3002 1249 3058 llaec
1270 3007 1358 3057 'tu
1417 3002 1655 3058 remedia
1688 3044 1702 3068 ,
1732 3003 1956 3057 consilia
1982 3044 1996 3065 ,
2023 3003 2216 3071 judicia
2245 3045 2260 3067 ,

667 3095 970 3164 spectacula
999 3095 1077 3165 (li)
1118 3095 1278 3150 etiam
1329 3094 1423 3148 Dei
1461 3095 1798 3149 atrocitatem
1839 3093 2102 3163 iudicabis
2138 3094 2263 3165 (7)?

667 3188 980 3259 sanguinem
1019 3189 1254 3242 hominis
1281 3187 1422 3241 Deus
1451 3186 1830 3256 concupiscit?
1861 3186 1924 3240 Et
1955 3196 2134 3242 tamen
2163 3203 2259 3240 au-

2372 1985 2924 2054 illunt,quontodonon
2950 1997 2995 2039 et
3023 2003 3135 2040 cum
3158 1987 3248 2041 illo
3269 1989 3439 2041 omnia
3459 1989 3766 2042 condonavit
3797 1989 3943 2043 nobis
3972 1990 3999 2041 ?

2374 2078 2536 2133 Vides
2560 2079 2828 2148 quomodo
2845 2080 3004 2134 etiam
3033 2082 3305 2149 proprium
3331 2096 3483 2135 sumn
3501 2081 3691 2135 Filium
3714 2083 3993 2152 primoge-

2373 2173 2544 2226 nitum
2569 2183 2623 2228 et
2645 2173 2970 2242 unigenitum
3005 2172 3202 2243 Sophia
3230 2173 3776 2242 divinajugulavcrit;
3805 2177 4000 2245 utique

2372 2269 2662 2331 victurum,
2685 2267 2790 2318 imo
2813 2275 2866 2320 et
2887 2277 3114 2323 caeteros
3133 2267 3360 2320 invitam
3383 2267 3994 2322 redactttrurn.Possum

2371 2357 2554 2413 dicere
2575 2373 2694 2411 cum
2719 2357 2916 2426 Sophia
2935 2358 3025 2412 Dei
3049 2357 3318 2412 :Cliristus
3333 2369 3415 2412 est
3442 2360 3528 2427 qni
3557 2375 3616 2413 se
3649 2359 3865 2412 tradidit
3892 2375 4002 2427 pro

2371 2450 2578 2505 delictis
2601 2453 2818 2504 nostris.
2843 2449 2962 2503 .Iam
3000 2460 3053 2503 et
3087 2452 3431 2518 semetipsam
3455 2451 3653 2520 Sophia
3679 2450 3997 2505 trucidavit.

2373 2540 2548 2593 Verba
2590 2538 2704 2608 (15)
2748 2554 2850 2593 non
2883 2554 3016 2594 sono
3050 2541 3165 2594 solo
3191 2541 3421 2610 sapiunt,
3456 2541 3549 2596 sed
3578 2552 3630 2596 et
3657 2557 3817 2596 sensu
3847 2561 3859 2596 :
3893 2559 4002 2598 nec

2370 2631 2588 2684 auribus
2617 2632 2991 2686 tantummodo
3017 2632 3276 2687 audienda
3305 2643 3450 2698 sunt,
3485 2635 3579 2689 sed
3608 2645 3661 2689 et
3690 2636 4000 2692 mentibus.

2369 2722 2652 2778 Crudelem
2706 2723 2869 2778 Deum
2892 2765 2906 2788 ,
2939 2723 3030 2793 qui
3090 2739 3194 2778 non
3252 2725 3531 2794 intelligit,
3564 2726 3752 2780 credit.
3783 2727 4003 2792 Quam-

2368 2831 2526 2882 quam
2557 2824 2613 2869 et
2641 2829 2745 2869 non
2776 2815 3089 2885 intelligenti
3124 2817 3290 2885 posita
3319 2818 3581 2870 sententia
3610 2827 3720 2880 est,
3753 2834 3874 2885 qua:
3914 2831 4004 2873 te-

2370 2908 2666 2962 meritatem
2698 2907 2946 2962 cohibeat
2972 2908 3128 2962 aliter
3168 2909 3517 2979 intelligendi.
3558 2910 3686 2976 Quis
3709 2912 3868 2970 enim.
3903 2913 3999 2963 in-

2368 3004 2484 3070 quit
2510 3000 2826 3066 (Ront.,Xl,
2857 3000 2974 3073 52),
3003 3004 3235 3072 cognovit
3257 3019 3458 3056 sensum
3487 3002 3617 3058 Dei?
3647 3015 3733 3056 aut
3763 3007 3879 3071 quis
3917 3006 4005 3058 illi

2367 3095 2684 3148 consiliarius
2713 3096 2839 3164 fuit,
2871 3095 2958 3164 qui
2985 3112 3096 3148 eum
3128 3096 3388 3150 instruat?
3416 3107 3502 3149 aut
3531 3099 3660 3150 viam
3689 3098 4002 3168 intelligen-

2368 3187 2452 3239 tiae
2479 3188 2591 3264 quis
2621 3188 2982 3241 demonstrauit
3003 3187 3083 3241 illi
3112 3189 3136 3241 ?
3182 3187 3286 3243 Sed
3323 3190 3465 3243 enim
3493 3189 3809 3260 Scytharum
3864 3191 4008 3243 Uia-

666 3280 768 3334 sim
793 3277 976 3333 dicere
996 3319 1009 3343 ,
1034 3278 1077 3332 si
1105 3289 1159 3332 et
1189 3277 1351 3332 homo
1381 3293 1603 3348 regnum
1638 3278 1764 3343 Dei,
1796 3278 1837 3331 si
1869 3278 2028 3332 homo
2055 3291 2254 3333 certam
2289 3295 2333 3357 ο
2369 3293 2513 3342 nam,
2533 3278 2912 3333 autGallorum
2932 3279 3266 3342 Mercurium,
3287 3291 3375 3333 aut
3394 3280 3641 3334 Afrorum
3664 3282 4001 3347 Saturnum,

666 3370 895 3426 salutem
921 3412 936 3436 ,
967 3371 1010 3425 si
1037 3379 1089 3425 et
1125 3370 1205 3440 (8)
1251 3370 1410 3424 homo
1455 3369 1745 3425 secundam
1775 3371 2256 3439 regenerationem.

665 3460 807 3517 Nulli
860 3461 939 3533 (9)
988 3462 1353 3533 compensatio
1383 3461 1643 3516 invidiosa
1674 3471 1787 3527 est,
1822 3462 1872 3515 in
1901 3477 2002 3532 qua
2027 3472 2119 3517 aut
2143 3477 2263 3533 gra-

667 3553 755 3609 tia:
776 3596 793 3622 ,
821 3563 912 3609 aut
935 3553 1143 3624 injuria:
1163 3556 1463 3609 communis
1487 3563 1569 3610 est
1599 3555 1756 3608 ratio.

1272 3651 1500 3707 CAPUT
1541 3651 1652 3706 VII.

756 3743 988 3798 lncutiat
1068 3743 1245 3797 adhuc
1329 3743 1573 3812 scorpius
1621 3783 1634 3805 ,
1692 3742 2011 3798 homicidam
2096 3743 2261 3799 Deum

665 3836 931 3894 ventilans
979 3857 991 3891 :
1041 3835 1270 3891 horrebo
1346 3835 1503 3905 plane
1581 3851 1832 3907 spurcum
1913 3837 2263 3907 blaSpliemia:

663 3936 859 3984 statum
881 3926 948 3983 de
967 3925 1220 3982 heretico
1239 3941 1333 3982 ore
1357 3926 1627 3982 {intentem
1653 3942 1669 3993 ;
1699 3927 1791 3982 sed
1822 3935 1875 3982 et
1903 3928 2062 3982 talem
2095 3928 2260 3983 Deum

662 4017 734 4074 de
763 4017 956 4073 fiducia
998 4017 1217 4072 rationis
1248 4017 1558 4086 amplectar,
1592 4032 1692 4086 qua
1729 4018 1935 4072 ratione
1957 4020 2117 4072 etiam
2151 4021 2264 4088 ipse

662 4126 727 4168 se
775 4110 894 4180 plus
939 4125 1096 4180 quam
1142 4108 1466 4163 homicidam
1508 4110 1872 4177 pronuntiavit
1921 4126 1988 4164 ex
2047 4109 2263 4179 Sophia:

663 4215 776 4257 sua:
803 4215 1029 4272 persona
1051 4242 1065 4268 ,
1106 4215 1238 4256 voce
1272 4199 1574 4254 Salomonis
1602 4215 1620 4252 :
1652 4199 1868 4270 Sophia,
1903 4200 2070 4271 inquit
2101 4201 2265 4274 (Pro-

662 4293 825 4362 verb.,
856 4293 1055 4366 IX,9.),
1089 4294 1348 4366 iugulavit
1399 4294 1533 4362 ﬁlios
1585 4311 1721 4348 suos.
1777 4295 2002 4366 Sophia,
2053 4297 2267 4367 sapien-

666 4387 739 4442 tia
768 4394 871 4442 est.
899 4385 1178 4456 Sapienter
1207 4387 1390 4454 utique
1415 4386 1700 4457 jngulavit,
1728 4388 1855 4442 dum
1888 4390 1938 4443 iu
1977 4387 2137 4443 vitam
2165 4405 2178 4454 ;
2212 4398 2266 4444 et

662 4481 1013 4546 rationaliter,
1043 4481 1167 4534 dmn
1198 4481 1248 4534 in
1290 4480 1532 4551 gloriam.
1562 4480 1607 4536 Ο
1639 4482 1906 4550 parricidii
1945 4483 2213 4554 ingenium
2249 4485 2263 4541 ε

661 4593 698 4633 o
724 4575 943 4632 sceleris
971 4574 1252 4630 artificium
1280 4580 1292 4628 l
1326 4588 1360 4628 o
1384 4585 1752 4645 argumentum
1775 4575 2124 4642 crudelitatis,
2145 4594 2263 4647 qua:

661 4667 863 4724 idcirco
884 4666 1113 4734 occidit,
1142 4681 1210 4721 ne
1235 4663 1494 4721 moriatur
1515 4679 1674 4735 quem
1699 4666 1988 4722 occiderit!
2032 4666 2098 4721 Et
2144 4668 2262 4722 ideo

2371 3370 2644 3425 hominum
2687 3372 2900 3426 victima
2933 3371 3128 3441 placari
3161 3371 3300 3441 apud
3338 3373 3592 3426 sarculum
3640 3373 3783 3427 licuit
3830 3373 4004 3445 (I6).

2368 3461 2433 3516 Et
2465 3461 2616 3518 Latio
2649 3463 2714 3516 ad
2744 3462 2861 3532 (l7)
2885 3462 3201 3518 hodiernum
3245 3463 3362 3518 Jovi
3409 3465 3581 3518 media
3613 3466 3661 3518 in
3705 3466 3836 3520 urbe
3893 3466 4007 3520 ltu-

2370 3571 2561 3611 manus
2617 3558 2833 3625 sanguis
2882 3557 3208 3627 ingustatur;
3241 3573 3339 3613 nec
3376 3558 3653 3629 quisquam
3700 3569 4002 3628 retractat,

2366 3659 2459 3703 aut
2487 3665 2592 3702 non
2623 3651 2884 3703 rationem
2917 3651 3195 3719 praesumit
3223 3650 3478 3720 aliquam,
3509 3662 3598 3704 aut
3631 3653 4006 3707 iantimabi-

2367 3743 2472 3799 lem
2507 3743 2600 3798 Dei
2650 3745 2730 3797 sui
2768 3744 3116 3798 voluntatem.
3146 3744 3203 3797 Si
3243 3752 3427 3798 noster
3451 3758 3660 3814 quoque
3689 3744 3826 3798 Deus
3850 3761 3972 3813 pro
3992 3780 4007 3788 -

2370 3837 2497 3905 prim
2537 3835 2726 3890 hostia:
2753 3835 2970 3892 nomine
3004 3836 3259 3905 martyria
3292 3835 3392 3889 sibi
3421 3835 3830 3905 depostulasset,
3858 3844 4010 3906 quis

2368 3927 2445 3982 illi
2466 3929 2845 3999 exprobrasset
2871 3928 3132 3984 funestam
3162 3929 3474 3998 religionem
3496 3972 3510 3994 ,
3548 3930 3870 3999 ctlugubres
3909 3934 4003 3986 ri-

2369 4029 2475 4086 tus,
2507 4029 2560 4075 et
2600 4035 2744 4074 aram
2786 4036 2996 4090 rogum,
3036 4029 3089 4076 et
3121 4021 3492 4090 pollinctorem
3524 4024 3858 4078 sacerdotem
3888 4026 3918 4076 ?
3944 4039 4013 4083 et

2369 4127 2474 4166 non
2491 4111 2701 4166 beatum
2721 4112 2950 4182 amplius
2970 4122 3454 4183 reputasset.quem
3469 4115 3610 4169 Deus
3627 4115 4010 4174 comedisset?

2968 4206 3197 4263 CAPUT
3244 4205 3377 4261 VIII.

2439 4297 2614 4353 Untun
2659 4298 2816 4368 igitur
2858 4299 3078 4369 gradqu
3131 4299 3443 4363 insistimus,
3476 4308 3531 4354 et
3565 4299 3616 4353 in
3657 4300 3758 4353 hoc
3798 4299 4011 4357 solum

2368 4408 2740 4464 provocamus,
2774 4409 2840 4446 an
2866 4402 3128 4462 praecepta
3153 4394 3260 4447 sint
3284 4408 3314 4447 a
3344 4392 3452 4447 Deo
3482 4392 3757 4462 martyria,
3776 4402 3834 4446 ut
3863 4410 4014 4452 cre-

2368 4483 2465 4538 das
2491 4485 2697 4538 ratione
2738 4484 2854 4552 (I8)
2893 4493 3185 4553 praecepta,
3245 4483 3288 4536 si
3335 4493 3600 4552 praecepta
3629 4487 4009 4552 cognoveris,

2367 4579 2489 4649 quia
2522 4576 2650 4630 nihil
2683 4575 2823 4630 Dens
2854 4590 2960 4629 non
2985 4576 3190 4631 ratione
3218 4576 3552 4644 praeceperit.
3577 4574 3858 4644 Siquidem
3892 4578 4011 4631 lio-

2370 4680 2552 4724 norata
2574 4679 2646 4722 est
2675 4668 2814 4738 apud
2839 4668 2987 4721 illum
3013 4685 3147 4722 mors
3167 4669 3520 4741 religiosorum
3549 4669 3723 4739 ipsius,
3757 4678 3818 4724 ut
3834 4673 4020 4727 canit

1889 4759 2265 4819 LECTIONES
2306 4761 2714 4818 VARIANTES.

785 4985 803 5219 l

757 4857 772 4920 t
785 4855 803 4920 )
828 4853 1204 4920 Sublimitatiet
1226 4853 1434 4920 claritati
1456 4847 1620 4920 Riten.‘
1636 4853 1777 4901 Pam.
1798 4849 1944 4901 Seml.
1966 4851 2162 4905 Obertlt.
2284 4855 2337 4914 D
2426 4853 2531 4920 (lli)
2566 4853 2766 4920 Qanitur
2791 4851 2941 4920 len.
2964 4854 3119 4920 Pam;
3135 4851 3296 4920 send.~

752 4911 801 4978 2)
828 4917 1060 4968 Constare
1086 4911 1238 4978 Rhea.
1266 4914 1416 4966 Seml.
1455 4911 1650 4978 Oberth.
2284 4911 2321 4914 _
2428 4911 2472 4978 (l
2489 4911 2533 4978 I)
2558 4916 2882 4978 Constantiam
2910 4919 3054 4965 Pam.
3077 4918 3230 4966 Frau.

752 4975 803 5029 5i
828 4980 1051 5028 Adflatus
1072 4975 1225 5029 then.
1248 4980 1389 5027 Pam.
1417 4975 1570 5026 Sentl.
2431 4975 2531 5029 (l2)
2565 4977 2791 5027 Inseribit
2812 4976 2962 5028 Rhea.
2987 4981 3129 5028 Pam.
3157 4978 3302 5028 Seml.

752 5038 796 5091 41
829 5043 1117 5091 I’rzel'ectum
1163 5041 1284 5089 Jun.
2440 5038 2536 5091 1151
2565 5041 2751 5088 Aurum
2780 5039 2932 5091 Rhea.
2960 5040 3101 5091 sentt.
3139 5038 3332 5090 Obertlt.

754 5096 803 5164 ὅ)
830 5103 1116 5153 Luctificant
1139 5100 1289 5153 Rhen.
1319 5096 1470 5152 Seml.
1500 5099 1694 5152 Obertlt.
2432 5096 2538 5164 (ll)
2564 5103 2836 5164 Argentum
2861 5100 3012 5153 Rhea.
3036 5102 3183 5164 send.
3214 5099 3412 5164 Obertlt.

751 5163 803 5219 6)
836 5164 1064 5223 Obolcta,
1082 5168 1202 5214 Jun.
2430 5163 2538 5223 (15)
2567 5163 2749 5222 Verbo,
2777 5163 2929 5216 then.
2956 5163 3108 5215 Seml.
3139 5163 3334 5218 Oberth.

753 5231 803 5290 7)
839 5229 1236 5290 Indicabis,Jun.
1266 5225 1461 5276 vocabis
1492 5231 1592 5275 Vel.
1611 5224 1818 5288 exempl.
2428 5224 2531 5290 (I6)
2564 5225 2752 5290 quuit,
2779 5231 2922 5278 Pam.
2953 5229 3105 5277 Fran.

753 5288 806 5353 8)
830 5290 892 5340 Et
909 5288 1010 5353 abi.
1028 5289 1179 5339 Seml.
2422 5288 2532 5344 {I71
2548 5289 2617 5353 _I_n
2644 5288 2784 5338 Pam.

732 5351 807 5420 (9)
833 5351 980 5402 Nulla
997 5353 1106 5403 cod.
1141 5363 1304 5402 wouv.
2419 5353 2519 5415 (18)
2547 5351 2753 5401 Natione
2787 5358 2943 5403 Venet.

2045 5432 2604 5490 COMMENTARIUS.

741 5530 818 5605 (a)
864 5530 1082 5598 Proiirie
1125 5529 1258 5584 enim
1286 5528 1610 5605 _ntartyribus
1656 5526 1788 5605 nihil
1800 5527 2045 5605 reputari
2065 5537 2248 5596 potest.

665 5599 772 5660 Iste
799 5599 956 5659 etiam
984 5605 1134 5657 locus
1163 5602 1392 5670 pertinet
1424 5599 1489 5652 ad
1525 5599 1812 5670 purgatorii
1859 5599 2208 5652 assertionem
2239 5641 2252 5662 ,

667 5685 721 5730 et
756 5691 873 5730 eam
904 5669 1258 5728 differentiam
1291 5671 1377 5741 (dc
1408 5686 1511 5739 qna
1552 5686 1709 5738 supra
1741 5669 1897 5723 etiam
1935 5671 2072 5738 apud
2119 5670 2258 5723 Imnc

669 5757 946 5801 auctorem
974 5748 1064 5798 lib.
1090 5745 1155 5797 dc
1177 5747 1369 5798 Anima
1393 5758 1512 5807 cap.
1538 5743 1606 5796 35
1631 5744 1678 5810 ),
1733 5756 1890 5808 quam
1934 5743 2259 5812 apertiorem

669 5820 820 5887 ponit
847 5817 907 5870 Β.
937 5816 1228 5885 Cyprianus
1257 5816 1416 5884 epist.
1446 5812 1517 5867 5‘2
1545 5813 1608 5866 ad
1638 5813 1936 5887 _Anlonian.
1972 5812 2259 5887 Aliud.in-

670 5881 803 5956 quit,
823 5881 1041 5941 missum
1072 5889 1120 5940 in
1143 5881 1412 5940 carcerem
1437 5899 1541 5938 non
1562 5883 1713 5938 exire
1739 5883 1881 5948 inde,
1905 5881 2078 5956 donec
2093 5882 2264 5956 solvat

670 5954 1024 6016 novissimum
1071 5957 1453 6028 quadrantem,
1484 5965 1535 6011 ct
1584 5970 1678 6026 pro
1729 5954 1960 6027 peccatis
1987 5955 2145 6027 longo
2169 5954 2264 6010 do-

2361 5528 2476 5582 lore
2522 5527 2818 5581 cruciatum
2867 5527 3148 5582 emundari
3202 5535 3258 5581 et
3307 5526 3518 5596 purgari
3571 5523 3660 5580 diu
3722 5524 3862 5596 igne
3895 5571 3914 5593 ,
3953 5542 4023 5586 et.

2365 5598 2672 5668 penderein
2719 5600 2806 5654 die
2847 5599 3031 5666 judicii
3077 5598 3142 5652 ad
3192 5601 3512 5652 sententiam
3549 5596 3791 5666 judicis;
3829 5603 4016 5657 aliud

2363 5673 2544 5724 statim
2571 5670 2634 5722 ad
2661 5669 2882 5739 gloriam
2911 5671 3190 5737 pervenire
3221 5715 3232 5733 ,
3259 5669 3380 5740 lidei
3405 5678 3465 5723 et
3487 5669 3691 5721 virtutis
3717 5672 4019 5740 accipere

2366 5741 2717 5805 mercedem,
2770 5753 2982 5809 peccata
3034 5742 3211 5795 omnia
3257 5739 3508 5810 passione
3558 5755 3820 5809 purgaSse
3861 5739 3888 5806 ί,
3953 5760 4023 5800 et

2367 5813 2594 5866 Domino
2633 5814 2896 5867 coronari.
2936 5814 3068 5866 Pint.

2440 5883 2519 5954 (li)
2555 5881 2724 5936 Etiam
2773 5883 2864 5936 Dei
2901 5885 3214 5940 atrocitatem
3248 5883 3550 5954 judicatus?
3584 5880 3748 5936 Vetus
3783 5897 4024 5943 exem-

2371 5956 2502 6027 plar,
2539 5955 2770 6011 vocabis.
2801 5955 2920 6010 llic.
