4242 6492
213 362 326 418 157

1230 357 1607 417 ADVERSIJS
1647 356 2025 417 GNOSTICOS
2061 358 2464 418 SCORPIACE.

3428 354 3535 414 138

218 474 392 529 David
440 472 557 536 (Ps.
588 471 792 543 CXV);
822 486 925 528 non
954 470 1146 542 Opinor
1172 472 1269 528 ista
1299 473 1600 529 communis
1629 484 1685 529 et
1704 490 1820 529 om-
1850 477 1902 536 Λ
1928 473 2025 530 rio.
2053 471 2149 529 Est
2178 475 2311 529 enim
2338 474 2478 529 Deus
2507 482 2678 529 noster
2704 488 2851 543 quem
2889 472 3132 539 colimus,
3161 481 3335 543 potens
3364 487 3536 526 eruere

216 568 369 620 nium
401 566 640 622 debitum
670 584 681 618 :
709 566 787 637 (a)
812 566 956 635 alqui
993 565 1158 635 justa,
1185 565 1345 621 etiam
1369 565 1722 636 ignominiosa
1752 576 1835 622 est

214 676 287 714 ex
310 661 485 730 elogio
536 658 615 731 (l)
664 654 1104 729 transgressionis
1135 667 1188 713 et
1210 658 1403 714 merito
1430 658 1789 715 damnationis
1816 676 1832 727 ;

214 753 316 806 sed
344 752 429 805 illa
461 768 579 821 quae
607 752 657 805 in
691 752 805 820 ipso
832 750 1008 806 aditur
1051 748 1130 823 (εἰ)
1169 765 1235 806 ex
1266 751 1575 807 testimonio
1619 750 1836 822 religio-

215 846 325 910 nis,
356 856 409 900 et
428 845 611 915 przlio
638 842 1011 909 confessionis,
1042 842 1357 914 projusutia
1385 853 1439 899 et
1466 854 1832 910 sacramento;

216 940 361 993 sicut
390 937 544 992 Esaia
587 936 778 1005 (LVII,
811 936 876 1006 I)
915 951 929 988 :
972 934 1147 989 Videte
1185 933 1299 1006 (3),
1334 935 1535 1004 inquit,
1582 936 1833 1005 quomodo

216 1032 351 1100 perit
358 1032 556 1101 justus,
580 1040 625 1083 et
650 1046 792 1084 nemo
817 1027 1187 1097 excipit'corde;
1201 1040 1246 1082 et
1260 1029 1355 1082 viri
1358 1028 1489 1098 justi
1510 1033 1830 1100 auferuntur,

211 1133 259 1175 et
276 1138 422 1177 nemo
436 1122 790 1175 animadvertit
812 1138 831 1175 :
852 1139 884 1175 α
910 1122 1040 1191 facie
1054 1122 1185 1173 enim
1202 1120 1465 1185 iniustitia:
1489 1121 1617 1190 perit
1634 1122 1829 1191 justus,

208 1226 256 1269 et
296 1217 389 1269 crit
425 1216 586 1267 honor
632 1213 894 1283 sepultura
944 1212 1023 1285 (ι)
1070 1214 1199 1283 ejus.
1256 1212 1433 1268 Habes
1484 1213 1571 1267 hic
1620 1228 1832 1283 quoque

210 1318 271 1362 et
303 1307 741 1377 praedicationem
770 1315 823 1361 et
850 1306 1336 1361 remunerationem
1364 1306 1763 1377 martyriorum.
1785 1307 1828 1360 A

209 1399 514 1470 primordio
541 1399 684 1454 enim
731 1398 941 1467 justitia
991 1399 1093 1451 vim
1137 1397 1356 1467 patitur.
1386 1398 1578 1453 Statim
1628 1409 1684 1453 ut
1727 1398 1828 1453 coli

206 1494 354 1548 Deus
388 1493 572 1562 coepit,
604 1492 853 1547 invidiam
901 1491 1089 1561 religio
1109 1492 1294 1547 sortita
1317 1501 1435 1548 est:
1464 1493 1552 1564 qui
1586 1493 1696 1549 Deo
1724 1493 1833 1562 pls-

203 1595 417 1649 cuerat,
452 1584 733 1648 occiditur,
765 1594 820 1639 et
844 1583 1060 1653 quidem
1092 1599 1121 1638 a
1153 1583 1354 1651 fratre;
1385 1601 1490 1655 quo
1535 1586 1827 1656 proclivius

203 1677 457 1747 impietas
517 1676 749 1730 alienum
798 1676 1114 1744 sanguinem
1168 1686 1465 1734 sectaretur
1502 1678 1619 1750 (ὅ),
1667 1693 1695 1731 a
1726 1693 1827 1735 suo

203 1768 293 1840 (6)
331 1769 606 1838 auspiCata
658 1776 760 1823 est.
801 1767 1062 1837 Denique,
1093 1783 1201 1822 non
1223 1768 1383 1824 modo
1404 1768 1709 1839 justorum;
1744 1784 1832 1824 vc—

1938 582 2028 620 nos
2050 566 2114 621 de
2138 571 2347 639 fornace
2376 568 2528 637 ignis,
2558 578 2603 621 et
2628 583 2691 620 ea:
2725 566 2953 621 manibus
2980 568 3075 622 tuis
3098 583 3117 631 ;
3145 576 3190 619 et
3231 574 3348 619 tunc
3376 565 3539 617 moni-

1938 657 2121 727 festum
2153 658 2236 727 ﬁet
2258 659 2362 723 tibi,
2388 658 2523 729 quod
2558 674 2715 727 neque
2755 658 2893 711 idolo
2929 668 3014 711 tuo
3047 657 3428 727 famulabimur,
3449 671 3538 709 nec

1937 750 2210 821 imaginem
2246 761 2384 805 tuam
2422 763 2651 813 auream,
2700 766 2851 818 quam
2899 750 3141 814 statuisti,
3189 748 3535 801 adorabimus.

1939 840 1983 897 Ο
2012 843 2327 914 martyrium
2350 852 2405 898 et
2429 844 2543 898 sine
2573 844 2815 913 passione
2844 841 3136 911 perfectum
3163 841 3175 894 !
3209 840 3346 895 Satis
3373 840 3537 909 passi,

1938 933 2067 989 satis
2092 935 2264 989 exusti
2292 945 2448 997 sunt,
2481 951 2614 1002 quns
2658 943 2938 1004 propterea
2974 932 3113 987 Deus
3152 932 3281 986 texit
3306 972 3318 994 ,
3347 947 3414 985 ne
3446 948 3539 1000 po-

1938 1034 2182 1083 testatem
2205 1026 2320 1096 ejus
2351 1026 2557 1081 mentiri
2598 1026 2926 1081 viderentur.
2961 1024 3091 1079 Nam
3127 1034 3180 1081 et
3221 1023 3301 1096 (tt)
3345 1023 3539 1077 Danie-

1940 1118 2044 1174 lem
2089 1118 2285 1173 nullius
2316 1130 2509 1189 praeter
2551 1120 2639 1172 Dei
2668 1119 2981 1188 supplicem,
3013 1126 3065 1173 et
3094 1116 3293 1172 idcirco
3323 1131 3353 1168 ει
3384 1114 3545 1170 Chal-

1937 1209 2068 1265 decis
2090 1211 2321 1265 delatum
2348 1226 2413 1267 ac
2437 1210 2855 1280 deposuilatum,
2881 1209 3060 1267 statim
3086 1210 3267 1279 utique
3286 1209 3537 1265 conclusa

1936 1314 1991 1358 et
2032 1304 2223 1359 usitata
2275 1303 2455 1359 feritas
2499 1304 2711 1357 leonum
2738 1303 3069 1370 devorasset,
3116 1302 3160 1356 si
3203 1301 3340 1355 Darii
3382 1301 3539 1372 digna

1940 1396 2284 1467 praasumptio
2333 1396 2400 1450 de
2445 1397 2551 1450 Deo
2600 1396 2708 1449 t‘slli
2755 1394 3045 1450 debuisset.
3093 1394 3378 1457 Caeterum,
3434 1394 3539 1464 peti

1937 1488 2219 1559 Oportebat
2242 1501 2457 1544 omnem
2504 1488 2593 1545 Dei
2642 1488 3045 1557 praedicatorem
3089 1496 3248 1558 atque
3279 1488 3540 1543 cultorem

1937 1584 2026 1654 qui
2058 1582 2123 1637 ad
2157 1582 2510 1638 idololatriam
2545 1592 2862 1652 provocatus
2909 1591 3151 1652 negasset
3194 1580 3536 1651 obsequium,

1936 1677 2228 1733 secundum
2275 1677 2415 1733 illius
2440 1693 2652 1749 quoque
2691 1677 2910 1733 rationis
2949 1686 3168 1743 statum,
3192 1694 3292 1749 qua
3327 1678 3449 1748 (i0)
3489 1689 3545 1733 et

1940 1768 2291 1839 praesentibus
2339 1781 2464 1826 tunc
2506 1780 2561 1825 et
2606 1771 2832 1839 posteris
2875 1769 3130 1840 deinceps
3175 1771 3542 1827 commendari

202 1877 325 1915 rum
372 1862 534 1917 etiam
565 1872 616 1914 et
664 1860 1065 1934 prephetarnm.
1108 1861 1274 1917 David
1313 1863 1629 1933 exagitator,
1688 1863 1831 1920 Elius
1859 1878 1907 1939 Β
1937 1862 2219 1916 veritatem
2263 1862 2569 1930 Oportebat,
2620 1877 2716 1931 pro
2770 1877 2872 1930 qua
2912 1861 3072 1915 fidem
3119 1861 3325 1916 diceret
3369 1862 3544 1929 passio

200 1954 441 2024 fugatur,
475 1953 738 2008 Jeremias
782 1955 1047 2024 Iapidatur
1071 1995 1086 2021 ,
1115 1953 1299 2011 Esaias
1341 1965 1554 2011 secatur
1581 1998 1596 2024 ,
1624 1957 1823 2012 Zacha-

200 2049 314 2102 rias
337 2048 476 2101 inter
497 2050 666 2103 altare
688 2057 743 2101 et
766 2052 937 2103 aedem
964 2047 1262 2105 trucidatur
1280 2090 1296 2116 ,
1327 2064 1593 2119 perennes
1613 2052 1822 2107 cruoris

201 2141 287 2196 sui
340 2140 580 2196 maculas
627 2141 868 2198 silicibus
895 2142 1205 2212 adsignatis.
1241 2142 1361 2214 Ipse
1390 2144 1627 2200 clausula
1666 2145 1823 2218 Legis

201 2243 259 2288 et
289 2234 717 2303 Prophetarum;
753 2251 852 2291 nec
893 2236 1215 2306 pmphetes,
1244 2238 1339 2294 sed
1378 2238 1599 2309 angelus
1624 2239 1819 2307 dictus,

200 2326 596 2380 contumeliosa
627 2325 773 2382 cede
803 2336 1080 2382 truncatur
1118 2327 1193 2399 (b)
1236 2328 1287 2382 iu
1338 2331 1530 2399 puellas
1583 2333 1821 2401 psalticat

204 2418 290 2487 (7)
333 2418 499 2473 Iucar.
565 2417 635 2471 Et
684 2418 868 2488 utique
911 2420 1000 2488 qui
1048 2421 1238 2490 Spiritu
1263 2420 1356 2477 Dei
1397 2421 1711 2493 agebantur,
1753 2425 1822 2480 ab

201 2511 325 2577 ipso
358 2510 409 2563 in
440 2510 695 2580 martyria
722 2510 1109 2581 dirigebantur,
1141 2522 1196 2568 ut
1234 2522 1291 2569 et
1343 2513 1455 2584 jam
1495 2515 1576 2588 (8)
1618 2518 1821 2587 patien-

204 2606 278 2661 do
304 2623 425 2676 quae
456 2615 511 2661 et
539 2607 939 2677 praedicassent.
969 2610 1200 2666 Proinde
1228 2620 1285 2667 et
1319 2612 1454 2666 trina
1488 2612 1818 2682 fraternitas,

203 2715 329 2755 cum
373 2700 636 2757 dedicatio
699 2703 945 2773 imaginis
1022 2705 1183 2775 regite
1256 2706 1444 2775 urbem
1486 2706 1567 2780 (9)
1607 2719 1822 2777 urgeret

201 2793 407 2857 officio,
441 2808 546 2847 non
570 2794 1091 2868 ignoraveruntquid
1122 2798 1274 2865 ﬁdes,
1310 2815 1430 2869 quae
1461 2801 1575 2855 sola
1631 2802 1682 2856 in
1711 2801 1819 2858 illis

199 2889 411 2955 captiva
444 2903 547 2941 non
576 2888 765 2954 fuerat,
798 2891 1037 2959 exigeret
1066 2907 1081 2956 ;
1124 2893 1460 2949 moriendum
1491 2895 1696 2951 scilicet
1725 2896 1820 2952 ad-

200 2992 397 3033 versus
436 2980 816 3035 idololatriam.
858 2980 930 3052 (ε)
964 2981 1314 3040 Meminerant
1377 2985 1520 3040 enim
1567 2995 1623 3041 et
1667 2986 1820 3043 Jere-

199 3074 327 3132 mia:
357 3076 646 3132 scribentis
670 3076 736 3133 ad
764 3092 859 3135 eos
884 3076 1132 3148 (Baracli,
1166 3079 1282 3149 Vl),
1315 3081 1616 3149 quibusilla
1646 3085 1819 3153 capti-

199 3168 343 3221 vitas
375 3169 691 3223 imminebat
720 3189 732 3223 :
761 3170 825 3223 Et
858 3186 990 3224 nunc
1016 3172 1241 3226 videbitis
1267 3173 1387 3228 deos
1416 3173 1817 3246 Babyloniorum

199 3276 386 3314 aureos
418 3272 463 3317 et
490 3272 754 3332 argenteos
784 3272 829 3316 et
870 3264 1061 3333 ligneos
1112 3266 1306 3333 portari
1348 3282 1501 3335 super
1554 3268 1814 3335 humeros,

1940 1953 2177 2022 ipsorum
2205 1951 2545 2007 defenSurum
2568 1953 2684 2021 ejus
2709 1969 2723 2016 ;
2746 1953 2866 2022 quia
2892 1963 3048 2008 nemo
3072 1953 3323 2008 voluisSet
3346 1956 3540 2017 occidi,

1930 2044 2033 2098 nisi
2074 2058 2298 2113 compos
2344 2044 2603 2099 veritatis.
2633 2042 2781 2098 Talia
2812 2060 2840 2095 a
2869 2044 3166 2115 primordio
3198 2054 3248 2097 et
3276 2055 3540 2113 praecepta

1926 2148 1983 2195 et
2010 2137 2259 2211 exempla
2287 2138 2601 2195 debitricem
2631 2138 2869 2209 martyrii
2905 2137 3062 2193 fidem
3095 2138 3404 2195 ostendunt.

2537 2290 2766 2348 CAPUT
2806 2290 2896 2347 IX.

1997 2427 2273 2500 Superest,
2316 2428 2382 2498 (e)
2436 2443 2503 2484 ne
2571 2429 2857 2499 antiquitas
2897 2429 2968 2501 (f)
3012 2445 3165 2487 suum
3207 2446 3419 2504 quoque
3442 2432 3540 2487 ha-

1924 2519 2103 2576 buerit
2122 2532 2538 2588 sacramentum,
2570 2522 2860 2577 novitatem
2909 2523 3253 2581 christianam
3287 2540 3539 2581 recense-

1927 2627 2005 2677 re,
2036 2612 2267 2682 quasiet
2291 2612 2357 2667 de
2387 2612 2499 2668 Deo
2528 2612 2714 2678 aliam,
2744 2628 2808 2668 ac
2840 2615 3062 2682 proinde
3091 2616 3373 2685 disciplina
3400 2635 3534 2688 quo-

1925 2720 2031 2775 que
2066 2705 2339 2771 etnulam,
2368 2704 2521 2773 cujus
2566 2704 2752 2775 sophia
2801 2705 2940 2758 filios
2981 2720 3107 2760 suos
3143 2706 3389 2776 jugulare
3428 2721 3534 2764 non

1926 2796 2087 2852 norit.
2126 2796 2290 2851 Planc
2315 2796 2418 2851 alia
2450 2798 2503 2851 in
2530 2796 2745 2852 Christo
2768 2807 2821 2852 et
2840 2798 2957 2869 (II)
2984 2798 3234 2854 divinitas
3262 2809 3320 2855 et
3351 2803 3545 2857 volun-

1927 2903 2007 2946 tas
2054 2902 2109 2946 et
2143 2890 2349 2958 schola,
2378 2890 2497 2962 (I2)
2522 2891 2772 2963 martyria
2811 2902 2902 2945 aut
2932 2892 3078 2947 nttlla
3126 2894 3178 2948 in
3219 2902 3409 2959 totum,
3444 2906 3540 2950 aut

1923 2984 2078 3039 aliter
2108 2982 2449 3052 intelligenda
2482 2982 2768 3048 mamlarit,
2814 2984 2903 3053 qtti
2944 2985 3211 3039 neminem
3249 2985 3316 3039 ad
3349 2985 3536 3054 hujus-

1924 3077 2067 3131 modi
2097 3075 2385 3130 discrimen
2436 3074 2698 3141 hortetur,
2732 3076 2820 3145 qui
2863 3092 2959 3145 pro
3000 3092 3066 3131 eo
3098 3078 3268 3146 passis
3298 3078 3427 3132 nihil
3454 3095 3539 3133 rc-

1925 3168 2233 3238 promittat,
2281 3165 2401 3235 quia
2440 3165 2545 3235 pati
2576 3181 2670 3221 eos
2701 3166 2854 3220 nolit.
2886 3166 2950 3221 Et
2987 3167 3105 3222 idco
3144 3179 3534 3238 praeceptorum

1925 3261 2182 3331 principia
2234 3258 2506 3313 deducens
2549 3256 2758 3323 :Beati,
2795 3258 2963 3327 inquit
3002 3256 3246 3329 (Mattlt.,
3299 3259 3360 3325 V,
3417 3261 3537 3330 10),

201 3360 517 3405 ostentantes
556 3354 843 3407 nationibus
885 3355 1135 3408 timorem.
1187 3355 1366 3409 Cavete
1397 3358 1554 3428 igitur
1574 3376 1636 3412 ne
1662 3369 1708 3414 et
1737 3376 1823 3415 vos
1848 3344 1894 3407 (ἶ
1926 3355 2014 3424 (Illi
2040 3352 2434 3423 νενδπιιιέοηετη
2462 3353 2725 3422 ραιίυηων
2754 3353 2815 3406 οὗ
2835 3354 3110 3422 Numam.
3156 3356 3395 3423 quoniam
3421 3356 3539 3410 Ηίθ-

204 3446 501 3499 consimiles
549 3447 657 3498 sitis
697 3446 1011 3516 Allophylis,
1061 3458 1107 3500 et
1158 3449 1337 3502 timore
1379 3452 1674 3520 capiamini.
1703 3455 1826 3508 dum

203 3541 444 3609 aspicitis
472 3539 644 3593 turbas
670 3541 941 3595 adorantes
970 3551 1103 3594 retro
1128 3559 1213 3595 eos
1236 3552 1283 3595 et
1303 3553 1421 3597 ante
1443 3559 1462 3607 ;
1486 3545 1576 3599 sed
1601 3545 1754 3601 dicite
1772 3548 1826 3602 in

203 3636 381 3686 animo
428 3643 589 3686 vestro
621 3648 639 3685 :
673 3630 764 3699 Te,
805 3632 1041 3695 Domine,
1084 3637 1302 3689 adorare
1337 3635 1591 3691 debemus.
1649 3638 1827 3709 Itaque

202 3724 460 3781 dixerunt
491 3741 519 3778 a
548 3724 660 3779 Deo
700 3738 955 3794 concepta
990 3726 1200 3792 fiducia,
1232 3728 1446 3797 quando
1464 3730 1646 3800 vigore
1661 3731 1825 3787 animi

202 3817 599 3872 conditionales
639 3818 811 3872 minas
854 3820 995 3888 regis
1036 3821 1310 3877 excutiunt
1340 3821 1529 3892 (Dan.,
1555 3824 1644 3891 IlI,
1680 3826 1822 3896 I6):

1932 3462 2044 3501 rum
2070 3457 2141 3500 est
2168 3460 2377 3515 regnum
2405 3446 2666 3499 calorum.
2700 3445 2811 3499 Hoc
2831 3445 3047 3515 quidem
3071 3446 3313 3501 absolute
3334 3448 3399 3501 ad
3422 3464 3538 3502 om-

1933 3555 2053 3604 nes,
2081 3538 2278 3594 dehinc
2314 3539 2526 3608 proprie
2565 3537 2632 3592 ad
2671 3539 2957 3606 Apostolos
2988 3538 3169 3608 ipsos:
3207 3532 3353 3594 Beati
3399 3544 3536 3597 eritis

1931 3649 2047 3687 cum
2069 3649 2155 3688 vos
2175 3632 2603 3693 dedecorauerint,
2643 3642 2690 3685 et
2727 3633 2971 3701 persecuti
3003 3633 3210 3701 fuerint,
3239 3643 3287 3687 et
3314 3634 3535 3691 dixerint

1930 3728 2170 3783 adversus
2199 3742 2283 3781 vos
2313 3728 2484 3780 omnia
2524 3728 2660 3780 mala
2700 3739 2906 3796 propter
2929 3742 3040 3791 me;
3073 3728 3287 3796 gaudete
3306 3739 3351 3782 et
3381 3731 3529 3784 casul-

1928 3833 2050 3882 tate.
2082 3823 2323 3891 quoniam
2348 3837 2535 3876 merces
2561 3830 2723 3876 vestra
2750 3822 2974 3890 plurima
3001 3822 3053 3874 in
3082 3822 3207 3876 caelo
3240 3838 3258 3875 :
3296 3823 3371 3877 sic
3399 3825 3512 3878 enin

1928 3916 2180 3987 faciebant
2212 3924 2257 3969 et
2288 3914 2547 3985 prophetis
2582 3922 2753 3985 patres
2776 3930 2950 3970 eorum
2988 3912 3162 3987 (ibid.,
3196 3915 3259 3983 V,
3299 3917 3356 3972 11
3379 3917 3421 3989 ).
3467 3918 3534 3974 Ut

1450 4031 1831 4092 LEC’I‘IONES
1868 4031 2170 4093 VARIANT
2179 4030 2279 4088 ES.

202 3908 330 3962 Non
372 3910 615 3964 habemus
641 3911 987 3966 necessitatem
1011 3905 1351 3983 reipandendi
1385 3915 1503 3969 Ituic
1534 3926 1619 3971 tuo
1654 3918 1819 3990 impe-

360 4115 552 4179 Ellogio
573 4120 696 4167 Jun.

362 4180 572 4229 Auditur
597 4179 744 4231 sentt.

265 4240 336 4363 f3)
363 4241 489 4290 Vide
516 4240 659 4292 senti.

289 4305 336 4363 ι)
358 4303 639 4363 Sepultum

289 4305 336 4366 ι)
358 4303 639 4366 Sepultum
671 4308 815 4355 Pam.
863 4306 1016 4359 Itlten.
1050 4308 1201 4359 Seml.

265 4312 311 4363 (ι
358 4312 639 4366 Sepultum
671 4312 815 4355 Pam.
863 4312 872 4357 λ

261 4312 336 4432 (ξ)
364 4366 699 4432 insectaretur
724 4368 872 4432 Seml.

262 4427 335 4494 (6')
362 4427 609 4479 Insectata
649 4429 817 4483 inserit
841 4432 986 4485 scmt.

318 4114 336 4303 ἒ

1984 4124 2060 4189 (7)
2084 4122 2285 4189 Sattiae
2308 4121 2454 4173 Semt.

2015 4187 2067 4237 8t
2093 4187 2251 4237 Etiam
2275 4189 2418 4235 sentt.

2015 4192 2046 4237 8
2094 4192 2251 4237 Etiam
2275 4192 2418 4235 sentt.

1992 4192 2070 4363 iiii
2091 4248 2303 4301 Turbam
2330 4249 2453 4298 Jun.

1987 4314 2031 4377 (l
2077 4313 2090 4374 )
2113 4315 2236 4377 Quia
2264 4310 2414 4377 Sensi.

2116 4315 2236 4373 Quia
2264 4310 2414 4373 sentt.

1984 4370 2022 4439 fl
2040 4370 2084 4439 ι)
2109 4370 2171 4439 Iit
2194 4370 2340 4439 demit
2366 4372 2518 4439 Sremt.

1990 4380 2053 4439 ιιι
2109 4380 2171 4425 Iit
2194 4380 2340 4425 demtl
2366 4380 2518 4422 Semt.

1990 4380 2087 4502 (12)
2115 4438 2177 4490 Et
2197 4434 2336 4488 addit
2372 4432 2522 4487 Seml.
2547 4433 2631 4498 qui
2656 4433 2764 4484 cod.
2795 4434 2981 4484 Wouw.

1580 4519 2141 4579 COMMENTARIUS.

271 4606 359 4687 (a).
397 4607 704 4696 Atquin-Iino
730 4611 879 4696 etiam
906 4613 1242 4682 ignominiosa
1262 4621 1333 4694 est
1363 4614 1613 4696 eerIogio
1639 4626 1807 4670 trans-
1830 4620 1882 4680 D
1911 4618 2041 4673 roch
2064 4618 2389 4696 continetur,
2423 4623 2581 4696 atque
2604 4612 2739 4696 adeo
2768 4613 2930 4667 etiam
2974 4612 3042 4668 de
3085 4612 3216 4696 ejus
3242 4616 3521 4686 scripturae

200 4679 500 4745 gressionis.
568 4680 679 4735 Hoc
766 4682 891 4737 dicit
926 4679 1031 4737 ἐκ
1090 4687 1351 4742 sotttentia
1409 4679 1803 4743 Calliolicorum

198 4749 546 4824 omnium.ex
576 4762 829 4819 perpetua
849 4756 1132 4809 traditione
1158 4766 1213 4809 et
1242 4755 1534 4824 Scriptum
1564 4760 1809 4812 testimo-

202 4823 304 4898 nio
330 4822 749 4898 existimantium
783 4826 901 4880 ideo
924 4827 1055 4880 mori
1082 4826 1327 4882 homines
1356 4822 1375 4891 ,‘
1396 4829 1516 4898 quia
1550 4828 1810 4885 adversus

201 4892 430 4970 vetitum
450 4893 515 4970 de
534 4894 726 4947 arbore.
741 4907 1103 4970 gustavcrant,
1119 4914 1275 4967 quam
1305 4902 1355 4953 in
1380 4892 1555 4955 medio
1577 4901 1811 4970 paradisi

201 4964 432 5035 positam
460 4965 597 5019 Deus
621 4964 923 5035 exceperat.
959 4968 1059 5023 Βία
1089 5010 1103 5034 ,
1134 4964 1421 5023 emendant.
1458 4964 1588 5026 Eoo:

278 5035 357 5103 (δ)
400 5032 464 5087 In
497 5038 680 5101 pne/Iw
705 5032 931 5106 psaltica:
978 5032 1141 5093 luca'r.
1171 5040 1329 5095 Mittit
1354 5042 1451 5096 Dn.
1484 5041 1719 5099 Latinius
1745 5043 1812 5099 ad

205 5104 450 5181 festum.
471 5104 845 5181 Illiilosephus
873 5112 1111 5180 Scaliger
1140 5113 1278 5166 hunc
1298 5112 1610 5181 Tertulliani
1634 5115 1808 5170 locum

201 5178 411 5239 citans,
462 5178 605 5231 lucar
647 5178 903 5250 appellari
947 5178 1077 5236 dicit
1128 5184 1430 5239 mercedem
1492 5178 1807 5242 saltatorum

200 5262 373 5328 quani
411 5256 657 5328 aegyptios:
682 5253 1249 5328 appellant_Cltarisius
1291 5264 1346 5309 et
1384 5255 1803 5328 Glossographi;

200 5334 304 5392 qua
331 5321 721 5388 signiﬁcatione
752 5321 912 5381 etiam
942 5324 1180 5392 Tacitus,
1228 5326 1418 5382 Annal.
1450 5327 1485 5381 I.
1520 5327 1558 5392 I,
1583 5321 1805 5384 "diierit

253 5392 736 5466 ucar_hist_rionum
767 5397 1055 5450 coercitum
1098 5398 1430 5466 temporibus
1468 5398 1796 5465 Tiherianis,

198 5470 256 5542 et
287 5462 491 5542 Livius,
518 5463 623 5542 lih._
645 5465 962 5542 lI_l._Lucaris
990 5470 1163 5542 meriti
1192 5462 1412 5536 donum,
1444 5471 1583 5540 quod
1608 5462 1798 5541 Pythio

199 5532 438 5599 Apollini
492 5536 624 5613 mitti
668 5538 981 5613 jubebatur.
1056 5540 1217 5613 quue
1279 5532 1571 5612 eleganter,
1615 5532 1798 5613 uipote

200 5614 325 5681 cum
362 5614 537 5683 caput
582 5606 639 5660 Β.
662 5607 881 5683 Joannis
910 5611 1058 5679 Bapt.
1087 5606 1268 5666 datum
1300 5606 1450 5667 sit'in
1479 5606 1801 5683 puellae-sal-

198 5678 403 5727 tatricis
427 5678 607 5745 (quam
635 5680 876 5734 salticsm
899 5678 997 5735 sua
1024 5698 1151 5736 voce
1174 5678 1800 5756 uuncupatlpraamium.

1380 5756 1516 5811 Pan.

268 5818 349 5881 (c)
397 5815 734 5893 Meminerant
796 5824 926 5877 enim
988 5834 1033 5879 et
1094 5824 1364 5893 Jeremite,
1421 5839 1526 5883 etc.
1560 5828 1807 5883 Jercmitr.

191 5891 327 5949 olim
362 5892 689 5961 adscriptum
730 5910 758 5949 a
795 5895 1038 5951 Patribus
1076 5899 1331 5969 qmdquid
1352 5891 1522 5957 hodie
1552 5901 1688 5957 libro
1712 5902 1809 5956 Ba-

434 5990 867 6053 TEltnIHJANI
912 5990 992 6054 II.

1910 4690 2227 4744 auctoritate
2270 4684 2563 4747 canonica,
2608 4685 2799 4755 quibus
2857 4685 3123 4739 consentit
3167 4684 3251 4740 hic
3310 4684 3518 4755 auctor,

1909 4763 2081 4817 citans
2135 4759 2384 4815 Ieremia:
2423 4755 2661 4820 nomine,
2698 4755 2841 4826 quod
2877 4756 3142 4812 invenitur
3169 4755 3398 4883 DBruch.
3431 4760 3517 4816 VI.

3240 4846 3334 4883 AI.

3240 4846 3334 4884 ΔΙ.

1985 4929 2064 5001 (d)
2106 4924 2807 5001 Danielemnullius__prwter
2846 4919 2938 5001 _De_i
2981 4921 3282 5001 supplicem.
3337 4925 3516 4981 Ilisto-

1913 4993 2055 5059 riam
2080 5001 2216 5055 hanc
2236 5000 2410 5067 attigit
2431 5012 2551 5065 cap.
2582 4995 2615 5050 5
2640 4995 2711 5067 de
2754 4993 3077 5067 Idololatria,
3109 4995 3202 5067 qui
3236 4995 3383 5052 locus
3411 5015 3514 5054 non

1916 5072 2052 5127 adeo
2080 5083 2201 5126 cum
2231 5064 2641 5125 hoc‘consonat.
2669 5064 2798 5119 Nam
2833 5065 2917 5119 hic
2956 5064 3148 5119 dicitur
3180 5064 3365 5122 Daniel
3392 5072 3514 5130 nul-

1915 5142 2018 5199 lius
2046 5144 2145 5197 nisi
2176 5142 2267 5197 Dei
2291 5140 2543 5211 supplex.
2572 5137 2807 5211 ibi_vero
2840 5146 3023 5211 caetera
3052 5134 3213 5190 Dario
3243 5139 3509 5211 subnixus,

1913 5214 2015 5269 hoc
2040 5222 2141 5278 est,
2175 5208 2491 5282 morigerus.
2515 5208 2668 5282 Quod
2697 5217 2877 5282 tamen
2909 5209 3314 5282 obtemperandi
3340 5226 3515 5280 genus

1907 5287 2165 5342 seculare
2194 5284 2288 5338 fuit
2310 5279 2338 5348 ,⁷
2356 5296 2479 5338 cum
2519 5281 2605 5336 hic
2638 5279 2708 5337 de
2732 5279 2989 5351 religione
3014 5287 3070 5335 et
3100 5280 3216 5335 veri
3246 5279 3515 5339 Dei’cultu

1905 5368 2113 5429 agatur.
2157 5355 2237 5411 La
2278 5355 2374 5410 I’n.

1974 5450 2125 5505 CAP.
2146 5448 2313 5503 IX.-——
2332 5448 2405 5516 (e)
2424 5444 2504 5500 Ne
2523 5444 2793 5515 antiquitas
2805 5445 3410 5516 suumiquoquehabuerit
3428 5465 3515 5502 sa.

1901 5532 2233 5577 crumentum.
2263 5520 2374 5574 Hoc
2389 5514 2501 5580 est,
2526 5516 2601 5570 Ne
2621 5514 2740 5587 quis
2760 5526 2908 5586 putet
2949 5514 3124 5569 Veteri
3168 5515 3515 5575 Testamento

1902 5595 2145 5650 ordinata
2191 5591 2351 5645 fuisse
2380 5587 2656 5659 martyria,
2688 5602 2793 5643 non
2813 5587 2982 5651 Novo,
3012 5587 3173 5659 Lege,
3206 5605 3309 5644 non
3338 5591 3513 5645 Evan-

1905 5666 2063 5735 gelio.
2096 5663 2278 5732 Itaque
2308 5658 2703 5717 sacramentum
2730 5660 2967 5729 martyrii
2998 5658 3147 5713 dicit.
3188 5659 3304 5716 lite.

1980 5757 2046 5825 (Γ)
2091 5755 2255 5809 Suum
2283 5760 2670 5825 sacramentum.
2700 5751 2810 5825 Hoc
2856 5759 2938 5825 cst
2974 5750 3243 5825 proprium
3274 5761 3328 5804 ct
3357 5769 3514 5820 pecu-

1908 5822 2045 5884 liare
2068 5825 2400 5896 antiquitati,
2426 5823 2677 5878 nimirum
2700 5822 2919 5896 Judais,
2952 5837 3054 5875 non
3083 5823 3241 5875 etiam
3269 5836 3510 5881 commu-

1911 5893 2209 5959 nicandum
2248 5897 2466 5952 novitati
2511 5896 2839 5951 Christianae.
2890 5893 3005 5948 th.

2990 5986 3061 6065 (C
3073 5978 3226 6066 ing.)
