  <div class='ocr_page' id='page_1' title='image "/cluster/home/n/w/nwhite01/storage/ocr_20150623/2/hvd.32044015466741/083.png"; bbox 0 0 4242 6492; ppageno 0'>
   <div class='ocr_carea' id='block_1_1' title="bbox 726 365 825 420">
    <p class='ocr_par' dir='ltr' id='par_1_1' title="bbox 726 365 825 420">
     <span class='ocr_line' id='line_1_1' title="bbox 726 365 825 420; baseline 0 0"><span class='ocrx_word' id='word_1_1' title='bbox 726 365 825 420; x_wconf 78' lang='grc'><strong>159</strong></span> 
     </span>
    </p>
   </div>
   <div class='ocr_carea' id='block_1_2' title="bbox 2151 351 2607 411">
    <p class='ocr_par' dir='ltr' id='par_1_2' title="bbox 2151 351 2607 411">
     <span class='ocr_line' id='line_1_2' title="bbox 2151 351 2607 411; baseline -0.007 -2"><span class='ocrx_word' id='word_1_2' title='bbox 2151 351 2607 411; x_wconf 67' lang='lat' dir='ltr'><strong>&#39;l&#39;EllTULLlA-Nl</strong></span> 
     </span>
    </p>
   </div>
   <div class='ocr_carea' id='block_1_3' title="bbox 3938 349 4036 405">
    <p class='ocr_par' dir='ltr' id='par_1_3' title="bbox 3938 349 4036 405">
     <span class='ocr_line' id='line_1_3' title="bbox 3938 349 4036 405; baseline 0.02 -2"><span class='ocrx_word' id='word_1_3' title='bbox 3938 349 4036 405; x_wconf 76' lang='lat' dir='ltr'><strong>HO</strong></span> 
     </span>
    </p>
   </div>
   <div class='ocr_carea' id='block_1_4' title="bbox 719 463 4035 548">
    <p class='ocr_par' dir='ltr' id='par_1_4' title="bbox 719 463 4035 548">
     <span class='ocr_line' id='line_1_4' title="bbox 719 463 4035 548; baseline -0.006 -12"><span class='ocrx_word' id='word_1_4' title='bbox 719 482 881 536; x_wconf 86' lang='lat' dir='ltr'><strong>etiam</strong></span> <span class='ocrx_word' id='word_1_5' title='bbox 931 477 1276 548; x_wconf 82' lang='lat' dir='ltr'><strong>prophetaret</strong></span> <span class='ocrx_word' id='word_1_6' title='bbox 1321 475 1462 544; x_wconf 88' lang='lat' dir='ltr'><strong>quod</strong></span> <span class='ocrx_word' id='word_1_7' title='bbox 1511 483 1566 530; x_wconf 93' lang='lat' dir='ltr'><strong>et</strong></span> <span class='ocrx_word' id='word_1_8' title='bbox 1615 472 1714 543; x_wconf 84' lang='lat' dir='ltr'><strong>ipsi</strong></span> <span class='ocrx_word' id='word_1_9' title='bbox 1739 472 1910 528; x_wconf 85' lang='lat' dir='ltr'><strong>occidi</strong></span> <span class='ocrx_word' id='word_1_10' title='bbox 1951 469 2210 525; x_wconf 86' lang='lat' dir='ltr'><strong>haberent</strong></span> <span class='ocrx_word' id='word_1_11' title='bbox 2253 468 2318 522; x_wconf 90' lang='lat' dir='ltr'><strong>ad</strong></span> <span class='ocrx_word' id='word_1_12' title='bbox 2348 469 2398 527; x_wconf 82' lang='grc' dir='ltr'>Α</span> <span class='ocrx_word' id='word_1_13' title='bbox 2429 483 2548 536; x_wconf 81' lang='lat' dir='ltr'><strong>ergo</strong></span> <span class='ocrx_word' id='word_1_14' title='bbox 2589 473 2809 520; x_wconf 79' lang='lat' dir='ltr'><strong>metuere</strong></span> <span class='ocrx_word' id='word_1_15' title='bbox 2837 478 2956 519; x_wconf 92' lang='lat' dir='ltr'><strong>cum</strong></span> <span class='ocrx_word' id='word_1_16' title='bbox 2984 478 3144 534; x_wconf 80' lang='lat' dir='ltr'><strong>super</strong></span> <span class='ocrx_word' id='word_1_17' title='bbox 3170 463 3317 529; x_wconf 90' lang='lat' dir='ltr'><strong>dicit,</strong></span> <span class='ocrx_word' id='word_1_18' title='bbox 3342 464 3515 517; x_wconf 81' lang='lat' dir='ltr'><strong>multis</strong></span> <span class='ocrx_word' id='word_1_19' title='bbox 3542 465 3841 533; x_wconf 71' lang='lat' dir='ltr'><strong>passeribus</strong></span> <span class='ocrx_word' id='word_1_20' title='bbox 3866 465 4035 517; x_wconf 85' lang='lat' dir='ltr'><strong>antis-</strong></span> 
     </span>
    </p>
   </div>
   <div class='ocr_carea' id='block_1_5' title="bbox 715 563 2316 640">
    <p class='ocr_par' dir='ltr' id='par_1_5' title="bbox 715 563 2316 640">
     <span class='ocr_line' id='line_1_5' title="bbox 715 563 2316 640; baseline -0.007 -14"><span class='ocrx_word' id='word_1_21' title='bbox 715 571 1020 640; x_wconf 86' lang='lat' dir='ltr'><strong>cxemplum</strong></span> <span class='ocrx_word' id='word_1_22' title='bbox 1077 569 1476 640; x_wconf 88' lang='lat' dir='ltr'><strong>prophetarum.</strong></span> <span class='ocrx_word' id='word_1_23' title='bbox 1546 567 1861 634; x_wconf 81' lang='lat' dir='ltr'><strong>Quanquam</strong></span> <span class='ocrx_word' id='word_1_24' title='bbox 1913 573 1967 617; x_wconf 87' lang='lat' dir='ltr'><strong>et</strong></span> <span class='ocrx_word' id='word_1_25' title='bbox 2008 563 2051 616; x_wconf 91' lang='lat' dir='ltr'><strong>si</strong></span> <span class='ocrx_word' id='word_1_26' title='bbox 2102 575 2316 616; x_wconf 92' lang='lat' dir='ltr'><strong>omnem</strong></span> 
     </span>
    </p>
   </div>
   <div class='ocr_carea' id='block_1_6' title="bbox 721 657 2315 732">
    <p class='ocr_par' dir='ltr' id='par_1_6' title="bbox 721 657 2315 732">
     <span class='ocr_line' id='line_1_6' title="bbox 721 657 2315 732; baseline -0.006 -14"><span class='ocrx_word' id='word_1_27' title='bbox 721 663 859 722; x_wconf 89' lang='lat' dir='ltr'><strong>hanc</strong></span> <span class='ocrx_word' id='word_1_28' title='bbox 881 661 1303 732; x_wconf 90' lang='lat' dir='ltr'><strong>persecutionem</strong></span> <span class='ocrx_word' id='word_1_29' title='bbox 1325 659 1737 715; x_wconf 90' lang='lat' dir='ltr'><strong>conditionalem</strong></span> <span class='ocrx_word' id='word_1_30' title='bbox 1762 659 1815 712; x_wconf 90' lang='lat' dir='ltr'><strong>in</strong></span> <span class='ocrx_word' id='word_1_31' title='bbox 1837 657 1980 710; x_wconf 87' lang='lat' dir='ltr'><strong>solos</strong></span> <span class='ocrx_word' id='word_1_32' title='bbox 2019 664 2142 710; x_wconf 87' lang='lat' dir='ltr'><strong>tunc</strong></span> <span class='ocrx_word' id='word_1_33' title='bbox 2171 657 2315 724; x_wconf 85' lang='lat' dir='ltr'><strong>Apo-</strong></span> 
     </span>
    </p>
   </div>
   <div class='ocr_carea' id='block_1_7' title="bbox 721 750 2320 823">
    <p class='ocr_par' dir='ltr' id='par_1_7' title="bbox 721 750 2320 823">
     <span class='ocr_line' id='line_1_7' title="bbox 721 750 2320 823; baseline -0.007 -13"><span class='ocrx_word' id='word_1_34' title='bbox 721 757 888 810; x_wconf 89' lang='lat' dir='ltr'><strong>stolos</strong></span> <span class='ocrx_word' id='word_1_35' title='bbox 909 755 1250 817; x_wconf 89' lang='lat' dir='ltr'><strong>destinasset,</strong></span> <span class='ocrx_word' id='word_1_36' title='bbox 1269 753 1452 823; x_wconf 89' lang='lat' dir='ltr'><strong>utique</strong></span> <span class='ocrx_word' id='word_1_37' title='bbox 1479 767 1575 822; x_wconf 92' lang='lat' dir='ltr'><strong>per</strong></span> <span class='ocrx_word' id='word_1_38' title='bbox 1604 750 1724 806; x_wconf 90' lang='lat' dir='ltr'><strong>illos</strong></span> <span class='ocrx_word' id='word_1_39' title='bbox 1745 758 1991 805; x_wconf 91' lang='lat' dir='ltr'><strong>cumtoto</strong></span> <span class='ocrx_word' id='word_1_40' title='bbox 2022 762 2320 802; x_wconf 87' lang='lat' dir='ltr'><strong>sacramen-</strong></span> 
     </span>
    </p>
   </div>
   <div class='ocr_carea' id='block_1_8' title="bbox 723 839 2321 917">
    <p class='ocr_par' dir='ltr' id='par_1_8' title="bbox 723 839 2321 917">
     <span class='ocr_line' id='line_1_8' title="bbox 723 839 2321 917; baseline -0.006 -15"><span class='ocrx_word' id='word_1_41' title='bbox 723 860 794 910; x_wconf 89' lang='lat' dir='ltr'><strong>to,</strong></span> <span class='ocrx_word' id='word_1_42' title='bbox 840 865 959 903; x_wconf 81' lang='lat' dir='ltr'><strong>cum</strong></span> <span class='ocrx_word' id='word_1_43' title='bbox 1015 846 1304 917; x_wconf 82' lang='lat' dir='ltr'><strong>propagine</strong></span> <span class='ocrx_word' id='word_1_44' title='bbox 1352 844 1607 910; x_wconf 90' lang='lat' dir='ltr'><strong>nominis,</strong></span> <span class='ocrx_word' id='word_1_45' title='bbox 1661 858 1780 897; x_wconf 90' lang='lat' dir='ltr'><strong>cum</strong></span> <span class='ocrx_word' id='word_1_46' title='bbox 1814 841 2032 898; x_wconf 91' lang='lat' dir='ltr'><strong>traduce</strong></span> <span class='ocrx_word' id='word_1_47' title='bbox 2087 839 2321 909; x_wconf 77' lang='lat' dir='ltr'><strong>Spiritus</strong></span> 
     </span>
    </p>
   </div>
   <div class='ocr_carea' id='block_1_9' title="bbox 720 934 2318 1009">
    <p class='ocr_par' dir='ltr' id='par_1_9' title="bbox 720 934 2318 1009">
     <span class='ocr_line' id='line_1_9' title="bbox 720 934 2318 1009; baseline -0.007 -13"><span class='ocrx_word' id='word_1_48' title='bbox 720 942 898 998; x_wconf 79' lang='lat' dir='ltr'><strong>Sancti</strong></span> <span class='ocrx_word' id='word_1_49' title='bbox 927 942 976 993; x_wconf 93' lang='lat' dir='ltr'><strong>in</strong></span> <span class='ocrx_word' id='word_1_50' title='bbox 1009 954 1106 994; x_wconf 93' lang='lat' dir='ltr'><strong>nos</strong></span> <span class='ocrx_word' id='word_1_51' title='bbox 1133 953 1344 1009; x_wconf 91' lang='lat' dir='ltr'><strong>quoque</strong></span> <span class='ocrx_word' id='word_1_52' title='bbox 1390 945 1684 1007; x_wconf 87' lang='lat' dir='ltr'><strong>spectasset</strong></span> <span class='ocrx_word' id='word_1_53' title='bbox 1729 936 1890 991; x_wconf 88' lang='lat' dir='ltr'><strong>etiam</strong></span> <span class='ocrx_word' id='word_1_54' title='bbox 1929 934 2318 1004; x_wconf 72' lang='lat' dir='ltr'><strong>persecutionis</strong></span> 
     </span>
    </p>
   </div>
   <div class='ocr_carea' id='block_1_10' title="bbox 719 1025 2319 1098">
    <p class='ocr_par' dir='ltr' id='par_1_10' title="bbox 719 1025 2319 1098">
     <span class='ocr_line' id='line_1_10' title="bbox 719 1025 2319 1098; baseline -0.004 -13"><span class='ocrx_word' id='word_1_55' title='bbox 719 1033 980 1089; x_wconf 67' lang='lat' dir='ltr'><strong>obeundae</strong></span> <span class='ocrx_word' id='word_1_56' title='bbox 1009 1031 1312 1098; x_wconf 73' lang='lat' dir='ltr'><strong>disciplina,</strong></span> <span class='ocrx_word' id='word_1_57' title='bbox 1344 1037 1399 1082; x_wconf 91' lang='lat' dir='ltr'><strong>ut</strong></span> <span class='ocrx_word' id='word_1_58' title='bbox 1440 1029 1491 1082; x_wconf 93' lang='lat' dir='ltr'><strong>in</strong></span> <span class='ocrx_word' id='word_1_59' title='bbox 1530 1027 1898 1082; x_wconf 76' lang='lat' dir='ltr'><strong>haereditarios</strong></span> <span class='ocrx_word' id='word_1_60' title='bbox 1924 1025 2235 1096; x_wconf 88' lang='lat' dir='ltr'><strong>discipulos,</strong></span> <span class='ocrx_word' id='word_1_61' title='bbox 2266 1034 2319 1079; x_wconf 90' lang='lat' dir='ltr'><strong>et</strong></span> 
     </span>
    </p>
   </div>
   <div class='ocr_carea' id='block_1_11' title="bbox 719 1120 2320 1195">
    <p class='ocr_par' dir='ltr' id='par_1_11' title="bbox 719 1120 2320 1195">
     <span class='ocr_line' id='line_1_11' title="bbox 719 1120 2320 1195; baseline -0.006 -14"><span class='ocrx_word' id='word_1_62' title='bbox 719 1123 998 1195; x_wconf 85' lang='lat' dir='ltr'><strong>apostolici</strong></span> <span class='ocrx_word' id='word_1_63' title='bbox 1044 1123 1266 1176; x_wconf 87' lang='lat' dir='ltr'><strong>seminis</strong></span> <span class='ocrx_word' id='word_1_64' title='bbox 1295 1121 1535 1176; x_wconf 80' lang='lat' dir='ltr'><strong>frutices.</strong></span> <span class='ocrx_word' id='word_1_65' title='bbox 1563 1121 1690 1175; x_wconf 84' lang='lat' dir='ltr'><strong>Nam</strong></span> <span class='ocrx_word' id='word_1_66' title='bbox 1717 1131 1770 1175; x_wconf 87' lang='lat' dir='ltr'><strong>et</strong></span> <span class='ocrx_word' id='word_1_67' title='bbox 1795 1135 1977 1175; x_wconf 88' lang='lat' dir='ltr'><strong>rursus</strong></span> <span class='ocrx_word' id='word_1_68' title='bbox 2003 1120 2066 1174; x_wconf 90' lang='lat' dir='ltr'><strong>ad</strong></span> <span class='ocrx_word' id='word_1_69' title='bbox 2091 1121 2320 1189; x_wconf 88' lang='lat' dir='ltr'><strong>Aposto-</strong></span> 
     </span>
    </p>
   </div>
   <div class='ocr_carea' id='block_1_12' title="bbox 715 1212 2320 1285">
    <p class='ocr_par' dir='ltr' id='par_1_12' title="bbox 715 1212 2320 1285">
     <span class='ocr_line' id='line_1_12' title="bbox 715 1212 2320 1285; baseline -0.004 -14"><span class='ocrx_word' id='word_1_70' title='bbox 715 1217 797 1271; x_wconf 91' lang='lat' dir='ltr'><strong>los</strong></span> <span class='ocrx_word' id='word_1_71' title='bbox 826 1215 1006 1285; x_wconf 80' lang='lat' dir='ltr'><strong>dirigit</strong></span> <span class='ocrx_word' id='word_1_72' title='bbox 1045 1213 1281 1285; x_wconf 59' lang='lat' dir='ltr'><strong>(Matth,</strong></span> <span class='ocrx_word' id='word_1_73' title='bbox 1313 1212 1360 1267; x_wconf 84' lang='grc' dir='ltr'>Χ</span> <span class='ocrx_word' id='word_1_74' title='bbox 1385 1255 1399 1279; x_wconf 86' lang='grc'><strong><em>,</em></strong></span> <span class='ocrx_word' id='word_1_75' title='bbox 1435 1213 1558 1283; x_wconf 77' lang='grc'><strong>16);</strong></span> <span class='ocrx_word' id='word_1_76' title='bbox 1609 1213 1736 1267; x_wconf 83' lang='lat' dir='ltr'><strong>Ecce</strong></span> <span class='ocrx_word' id='word_1_77' title='bbox 1773 1228 1864 1284; x_wconf 87' lang='lat' dir='ltr'><strong>ego</strong></span> <span class='ocrx_word' id='word_1_78' title='bbox 1901 1213 2043 1266; x_wconf 85' lang='lat' dir='ltr'><strong>mitto</strong></span> <span class='ocrx_word' id='word_1_79' title='bbox 2077 1228 2162 1265; x_wconf 85' lang='lat' dir='ltr'><strong>vos</strong></span> <span class='ocrx_word' id='word_1_80' title='bbox 2203 1222 2320 1265; x_wconf 87' lang='lat' dir='ltr'><strong>tan-</strong></span> 
     </span>
    </p>
   </div>
   <div class='ocr_carea' id='block_1_13' title="bbox 717 1304 2320 1379">
    <p class='ocr_par' dir='ltr' id='par_1_13' title="bbox 717 1304 2320 1379">
     <span class='ocr_line' id='line_1_13' title="bbox 717 1304 2320 1379; baseline -0.002 -18"><span class='ocrx_word' id='word_1_81' title='bbox 717 1325 868 1379; x_wconf 88' lang='lat' dir='ltr'><strong>quam</strong></span> <span class='ocrx_word' id='word_1_82' title='bbox 897 1324 1012 1360; x_wconf 80' lang='lat' dir='ltr'><strong>oues</strong></span> <span class='ocrx_word' id='word_1_83' title='bbox 1052 1307 1103 1359; x_wconf 85' lang='lat' dir='ltr'><strong>in</strong></span> <span class='ocrx_word' id='word_1_84' title='bbox 1143 1306 1305 1359; x_wconf 79' lang='lat' dir='ltr'><strong>medio</strong></span> <span class='ocrx_word' id='word_1_85' title='bbox 1339 1305 1618 1374; x_wconf 86' lang='lat' dir='ltr'><strong>luporum;</strong></span> <span class='ocrx_word' id='word_1_86' title='bbox 1658 1314 1710 1359; x_wconf 87' lang='lat' dir='ltr'><strong>et</strong></span> <span class='ocrx_word' id='word_1_87' title='bbox 1745 1305 1763 1375; x_wconf 86' lang='lat'>(</span> <span class='ocrx_word' id='word_1_88' title='bbox 1795 1321 1842 1358; x_wconf 81' lang='grc' dir='ltr'><strong>υ.</strong></span> <span class='ocrx_word' id='word_1_89' title='bbox 1875 1304 1964 1374; x_wconf 79' lang='grc'><strong>17)</strong></span> <span class='ocrx_word' id='word_1_90' title='bbox 2006 1322 2019 1357; x_wconf 90' lang='lat'><strong>:</strong></span> <span class='ocrx_word' id='word_1_91' title='bbox 2053 1304 2232 1359; x_wconf 84' lang='lat' dir='ltr'><strong>Cavete</strong></span> <span class='ocrx_word' id='word_1_92' title='bbox 2258 1306 2320 1358; x_wconf 90' lang='lat' dir='ltr'><strong>ab</strong></span> 
     </span>
    </p>
   </div>
   <div class='ocr_carea' id='block_1_14' title="bbox 720 1397 2320 1468">
    <p class='ocr_par' dir='ltr' id='par_1_14' title="bbox 720 1397 2320 1468">
     <span class='ocr_line' id='line_1_14' title="bbox 720 1397 2320 1468; baseline -0.003 -14"><span class='ocrx_word' id='word_1_93' title='bbox 720 1399 1001 1454; x_wconf 78' lang='lat' dir='ltr'><strong>hominibus</strong></span> <span class='ocrx_word' id='word_1_94' title='bbox 1025 1415 1040 1462; x_wconf 82' lang='lat'><strong>,&#39;</strong></span> <span class='ocrx_word' id='word_1_95' title='bbox 1071 1398 1267 1451; x_wconf 85' lang='lat' dir='ltr'><strong>tradent</strong></span> <span class='ocrx_word' id='word_1_96' title='bbox 1294 1398 1426 1451; x_wconf 87' lang='lat' dir='ltr'><strong>enim</strong></span> <span class='ocrx_word' id='word_1_97' title='bbox 1452 1413 1539 1451; x_wconf 83' lang='lat' dir='ltr'><strong>vos</strong></span> <span class='ocrx_word' id='word_1_98' title='bbox 1569 1397 1619 1450; x_wconf 89' lang='lat' dir='ltr'><strong>in</strong></span> <span class='ocrx_word' id='word_1_99' title='bbox 1645 1413 1926 1462; x_wconf 76' lang='lat' dir='ltr'><strong>consessus,</strong></span> <span class='ocrx_word' id='word_1_100' title='bbox 1957 1406 2001 1453; x_wconf 84' lang='lat' dir='ltr'><strong>et</strong></span> <span class='ocrx_word' id='word_1_101' title='bbox 2026 1397 2076 1450; x_wconf 88' lang='lat' dir='ltr'><strong>in</strong></span> <span class='ocrx_word' id='word_1_102' title='bbox 2101 1414 2320 1468; x_wconf 80' lang='lat' dir='ltr'><strong>synago-</strong></span> 
     </span>
    </p>
   </div>
   <div class='ocr_carea' id='block_1_15' title="bbox 713 1489 2322 1564">
    <p class='ocr_par' dir='ltr' id='par_1_15' title="bbox 713 1489 2322 1564">
     <span class='ocr_line' id='line_1_15' title="bbox 713 1489 2322 1564; baseline -0.001 -19"><span class='ocrx_word' id='word_1_103' title='bbox 713 1494 790 1564; x_wconf 87' lang='lat' dir='ltr'><strong>gis</strong></span> <span class='ocrx_word' id='word_1_104' title='bbox 813 1494 915 1547; x_wconf 90' lang='lat' dir='ltr'><strong>suis</strong></span> <span class='ocrx_word' id='word_1_105' title='bbox 940 1491 1268 1562; x_wconf 81' lang='lat' dir='ltr'><strong>flagellabunt</strong></span> <span class='ocrx_word' id='word_1_106' title='bbox 1288 1506 1396 1554; x_wconf 85' lang='lat' dir='ltr'><strong>vos,</strong></span> <span class='ocrx_word' id='word_1_107' title='bbox 1425 1499 1469 1542; x_wconf 87' lang='lat' dir='ltr'><strong>et</strong></span> <span class='ocrx_word' id='word_1_108' title='bbox 1497 1490 1565 1542; x_wconf 89' lang='lat' dir='ltr'><strong>ad</strong></span> <span class='ocrx_word' id='word_1_109' title='bbox 1591 1489 1832 1557; x_wconf 78' lang='lat' dir='ltr'><strong>prtusides</strong></span> <span class='ocrx_word' id='word_1_110' title='bbox 1857 1498 1903 1543; x_wconf 87' lang='lat' dir='ltr'><strong>et</strong></span> <span class='ocrx_word' id='word_1_111' title='bbox 1924 1491 2322 1560; x_wconf 83' lang='lat' dir='ltr'><strong>reges&#39;perduce-</strong></span> 
     </span>
    </p>
   </div>
   <div class='ocr_carea' id='block_1_16' title="bbox 718 1581 2316 1650">
    <p class='ocr_par' dir='ltr' id='par_1_16' title="bbox 718 1581 2316 1650">
     <span class='ocr_line' id='line_1_16' title="bbox 718 1581 2316 1650; baseline -0.003 -13"><span class='ocrx_word' id='word_1_112' title='bbox 718 1584 859 1650; x_wconf 87' lang='lat' dir='ltr'><strong>mini,</strong></span> <span class='ocrx_word' id='word_1_113' title='bbox 880 1584 977 1637; x_wconf 87' lang='lat' dir='ltr'><strong>mei</strong></span> <span class='ocrx_word' id='word_1_114' title='bbox 998 1599 1199 1647; x_wconf 86' lang='lat' dir='ltr'><strong>caussa,</strong></span> <span class='ocrx_word' id='word_1_115' title='bbox 1224 1583 1275 1634; x_wconf 88' lang='lat' dir='ltr'><strong>in</strong></span> <span class='ocrx_word' id='word_1_116' title='bbox 1305 1581 1645 1635; x_wconf 85' lang='lat' dir='ltr'><strong>testimonium</strong></span> <span class='ocrx_word' id='word_1_117' title='bbox 1676 1581 1778 1634; x_wconf 82' lang='lat' dir='ltr'><strong>illis</strong></span> <span class='ocrx_word' id='word_1_118' title='bbox 1808 1590 1852 1633; x_wconf 91' lang='lat' dir='ltr'><strong>et</strong></span> <span class='ocrx_word' id='word_1_119' title='bbox 1883 1581 2190 1645; x_wconf 77' lang='lat' dir='ltr'><strong>nationibus,</strong></span> <span class='ocrx_word' id='word_1_120' title='bbox 2214 1592 2316 1635; x_wconf 91' lang='lat' dir='ltr'><strong>etc.</strong></span> 
     </span>
    </p>
   </div>
   <div class='ocr_carea' id='block_1_17' title="bbox 715 1670 2322 1743">
    <p class='ocr_par' dir='ltr' id='par_1_17' title="bbox 715 1670 2322 1743">
     <span class='ocr_line' id='line_1_17' title="bbox 715 1670 2322 1743; baseline -0.004 -12"><span class='ocrx_word' id='word_1_121' title='bbox 715 1675 847 1731; x_wconf 89' lang='lat' dir='ltr'><strong>Cum</strong></span> <span class='ocrx_word' id='word_1_122' title='bbox 903 1684 1078 1729; x_wconf 87' lang='lat' dir='ltr'><strong>autem</strong></span> <span class='ocrx_word' id='word_1_123' title='bbox 1108 1672 1324 1743; x_wconf 85' lang='lat' dir='ltr'><strong>subjicit</strong></span> <span class='ocrx_word' id='word_1_124' title='bbox 1360 1672 1378 1743; x_wconf 95' lang='lat'>(</span> <span class='ocrx_word' id='word_1_125' title='bbox 1411 1690 1454 1727; x_wconf 79' lang='grc' dir='ltr'><strong>υ.</strong></span> <span class='ocrx_word' id='word_1_126' title='bbox 1493 1672 1557 1726; x_wconf 71' lang='lat'><strong>21</strong></span> <span class='ocrx_word' id='word_1_127' title='bbox 1592 1674 1609 1740; x_wconf 91' lang='lat'><strong>)</strong></span> <span class='ocrx_word' id='word_1_128' title='bbox 1651 1690 1664 1725; x_wconf 89' lang='lat'>:</span> <span class='ocrx_word' id='word_1_129' title='bbox 1710 1670 1895 1726; x_wconf 82' lang='lat' dir='ltr'><strong>Tradet</strong></span> <span class='ocrx_word' id='word_1_130' title='bbox 1941 1681 2108 1726; x_wconf 89' lang='lat' dir='ltr'><strong>autem</strong></span> <span class='ocrx_word' id='word_1_131' title='bbox 2165 1676 2322 1742; x_wconf 79' lang='lat' dir='ltr'><strong>frater</strong></span> 
     </span>
    </p>
   </div>
   <div class='ocr_carea' id='block_1_18' title="bbox 717 1765 2321 1837">
    <p class='ocr_par' dir='ltr' id='par_1_18' title="bbox 717 1765 2321 1837">
     <span class='ocr_line' id='line_1_18' title="bbox 717 1765 2321 1837; baseline -0.002 -15"><span class='ocrx_word' id='word_1_132' title='bbox 717 1770 961 1837; x_wconf 79' lang='lat' dir='ltr'><strong>fratrem,</strong></span> <span class='ocrx_word' id='word_1_133' title='bbox 995 1776 1038 1820; x_wconf 88' lang='lat' dir='ltr'><strong>et</strong></span> <span class='ocrx_word' id='word_1_134' title='bbox 1070 1776 1212 1833; x_wconf 87' lang='lat' dir='ltr'><strong>pater</strong></span> <span class='ocrx_word' id='word_1_135' title='bbox 1243 1766 1407 1832; x_wconf 77' lang='lat' dir='ltr'><strong>[ilium</strong></span> <span class='ocrx_word' id='word_1_136' title='bbox 1427 1766 1478 1818; x_wconf 87' lang='lat' dir='ltr'><strong>in</strong></span> <span class='ocrx_word' id='word_1_137' title='bbox 1520 1775 1749 1828; x_wconf 88' lang='lat' dir='ltr'><strong>mortem,</strong></span> <span class='ocrx_word' id='word_1_138' title='bbox 1781 1775 1825 1817; x_wconf 89' lang='lat' dir='ltr'><strong>et</strong></span> <span class='ocrx_word' id='word_1_139' title='bbox 1856 1765 2118 1835; x_wconf 84' lang='lat' dir='ltr'><strong>insurgent</strong></span> <span class='ocrx_word' id='word_1_140' title='bbox 2149 1765 2241 1831; x_wconf 78' lang='lat' dir='ltr'><strong>ﬁlii</strong></span> <span class='ocrx_word' id='word_1_141' title='bbox 2269 1766 2321 1818; x_wconf 88' lang='lat' dir='ltr'><strong>in</strong></span> 
     </span>
    </p>
   </div>
   <div class='ocr_carea' id='block_1_19' title="bbox 2425 556 4040 623">
    <p class='ocr_par' dir='ltr' id='par_1_19' title="bbox 2425 556 4040 623">
     <span class='ocr_line' id='line_1_19' title="bbox 2425 556 4040 623; baseline -0.001 -11"><span class='ocrx_word' id='word_1_142' title='bbox 2425 562 2575 623; x_wconf 85' lang='lat' dir='ltr'><strong>tatis;</strong></span> <span class='ocrx_word' id='word_1_143' title='bbox 2608 574 2714 616; x_wconf 90' lang='lat' dir='ltr'><strong>non</strong></span> <span class='ocrx_word' id='word_1_144' title='bbox 2747 557 2965 622; x_wconf 76' lang='lat' dir='ltr'><strong>frustra,</strong></span> <span class='ocrx_word' id='word_1_145' title='bbox 3002 557 3051 610; x_wconf 92' lang='lat' dir='ltr'><strong>id</strong></span> <span class='ocrx_word' id='word_1_146' title='bbox 3081 567 3183 623; x_wconf 81' lang='lat' dir='ltr'><strong>est,</strong></span> <span class='ocrx_word' id='word_1_147' title='bbox 3210 572 3316 610; x_wconf 92' lang='lat' dir='ltr'><strong>non</strong></span> <span class='ocrx_word' id='word_1_148' title='bbox 3346 556 3462 611; x_wconf 85' lang='lat' dir='ltr'><strong>sine</strong></span> <span class='ocrx_word' id='word_1_149' title='bbox 3487 556 3858 610; x_wconf 90' lang='lat' dir='ltr'><strong>emolumento</strong></span> <span class='ocrx_word' id='word_1_150' title='bbox 3884 571 4040 610; x_wconf 78' lang='lat' dir='ltr'><strong>casu-</strong></span> 
     </span>
    </p>
   </div>
   <div class='ocr_carea' id='block_1_20' title="bbox 2422 650 4040 726">
    <p class='ocr_par' dir='ltr' id='par_1_20' title="bbox 2422 650 4040 726">
     <span class='ocr_line' id='line_1_20' title="bbox 2422 650 4040 726; baseline -0.001 -19"><span class='ocrx_word' id='word_1_151' title='bbox 2422 668 2510 708; x_wconf 89' lang='lat' dir='ltr'><strong>ros</strong></span> <span class='ocrx_word' id='word_1_152' title='bbox 2566 655 2616 706; x_wconf 90' lang='lat' dir='ltr'><strong>in</strong></span> <span class='ocrx_word' id='word_1_153' title='bbox 2665 663 2860 707; x_wconf 89' lang='lat' dir='ltr'><strong>terram</strong></span> <span class='ocrx_word' id='word_1_154' title='bbox 2915 651 3275 726; x_wconf 83' lang='lat' dir='ltr'><strong>repromittit;</strong></span> <span class='ocrx_word' id='word_1_155' title='bbox 3305 650 3349 704; x_wconf 88' lang='lat' dir='ltr'><strong>si</strong></span> <span class='ocrx_word' id='word_1_156' title='bbox 3393 650 3560 720; x_wconf 85' lang='lat' dir='ltr'><strong>magis</strong></span> <span class='ocrx_word' id='word_1_157' title='bbox 3604 651 3671 704; x_wconf 91' lang='lat' dir='ltr'><strong>ab</strong></span> <span class='ocrx_word' id='word_1_158' title='bbox 3727 650 4040 705; x_wconf 85' lang='lat' dir='ltr'><strong>hominibus</strong></span> 
     </span>
    </p>
   </div>
   <div class='ocr_carea' id='block_1_21' title="bbox 2427 740 4044 815">
    <p class='ocr_par' dir='ltr' id='par_1_21' title="bbox 2427 740 4044 815">
     <span class='ocr_line' id='line_1_21' title="bbox 2427 740 4044 815; baseline -0.001 -17"><span class='ocrx_word' id='word_1_159' title='bbox 2427 761 2585 815; x_wconf 86' lang='lat' dir='ltr'><strong>quam</strong></span> <span class='ocrx_word' id='word_1_160' title='bbox 2613 761 2644 799; x_wconf 85' lang='lat' dir='ltr'><strong>a</strong></span> <span class='ocrx_word' id='word_1_161' title='bbox 2674 747 2784 801; x_wconf 82' lang='lat' dir='ltr'><strong>Deo</strong></span> <span class='ocrx_word' id='word_1_162' title='bbox 2813 745 2982 800; x_wconf 85' lang='lat' dir='ltr'><strong>occidi</strong></span> <span class='ocrx_word' id='word_1_163' title='bbox 3026 746 3307 814; x_wconf 79' lang='lat' dir='ltr'><strong>eligamus.</strong></span> <span class='ocrx_word' id='word_1_164' title='bbox 3341 740 3520 796; x_wconf 84' lang='lat' dir='ltr'><strong>Omnis</strong></span> <span class='ocrx_word' id='word_1_165' title='bbox 3567 743 3721 812; x_wconf 84' lang='lat' dir='ltr'><strong>igitur</strong></span> <span class='ocrx_word' id='word_1_166' title='bbox 3745 744 3832 811; x_wconf 85' lang='lat' dir='ltr'><strong>qui</strong></span> <span class='ocrx_word' id='word_1_167' title='bbox 3865 745 3919 795; x_wconf 82' lang='lat' dir='ltr'><strong>in</strong></span> <span class='ocrx_word' id='word_1_168' title='bbox 3965 758 4044 797; x_wconf 80' lang='lat' dir='ltr'><strong>me</strong></span> 
     </span>
    </p>
   </div>
   <div class='ocr_carea' id='block_1_22' title="bbox 2421 837 4041 909">
    <p class='ocr_par' dir='ltr' id='par_1_22' title="bbox 2421 837 4041 909">
     <span class='ocr_line' id='line_1_22' title="bbox 2421 837 4041 909; baseline 0 -19"><span class='ocrx_word' id='word_1_169' title='bbox 2421 841 2684 909; x_wconf 83' lang='lat' dir='ltr'><strong>confessus</strong></span> <span class='ocrx_word' id='word_1_170' title='bbox 2734 839 2880 908; x_wconf 79' lang='lat' dir='ltr'><strong>fuerit</strong></span> <span class='ocrx_word' id='word_1_171' title='bbox 2921 854 3093 892; x_wconf 84' lang='lat' dir='ltr'><strong>coram</strong></span> <span class='ocrx_word' id='word_1_172' title='bbox 3119 837 3428 902; x_wconf 80' lang='lat' dir='ltr'><strong>hominibus,</strong></span> <span class='ocrx_word' id='word_1_173' title='bbox 3462 847 3508 890; x_wconf 87' lang='lat' dir='ltr'><strong>et</strong></span> <span class='ocrx_word' id='word_1_174' title='bbox 3540 853 3630 907; x_wconf 87' lang='lat' dir='ltr'><strong>ego</strong></span> <span class='ocrx_word' id='word_1_175' title='bbox 3661 838 3946 904; x_wconf 76' lang='lat' dir='ltr'><strong>conﬁtebor</strong></span> <span class='ocrx_word' id='word_1_176' title='bbox 3990 839 4041 890; x_wconf 81' lang='lat' dir='ltr'><strong>in</strong></span> 
     </span>
    </p>
   </div>
   <div class='ocr_carea' id='block_1_23' title="bbox 2421 928 4043 1001">
    <p class='ocr_par' dir='ltr' id='par_1_23' title="bbox 2421 928 4043 1001">
     <span class='ocr_line' id='line_1_23' title="bbox 2421 928 4043 1001; baseline -0.001 -16"><span class='ocrx_word' id='word_1_177' title='bbox 2421 933 2511 986; x_wconf 85' lang='lat' dir='ltr'><strong>illo</strong></span> <span class='ocrx_word' id='word_1_178' title='bbox 2530 950 2700 987; x_wconf 88' lang='lat' dir='ltr'><strong>coram</strong></span> <span class='ocrx_word' id='word_1_179' title='bbox 2735 931 2891 986; x_wconf 87' lang='lat' dir='ltr'><strong>Patre</strong></span> <span class='ocrx_word' id='word_1_180' title='bbox 2914 949 3022 986; x_wconf 86' lang='lat' dir='ltr'><strong>meo</strong></span> <span class='ocrx_word' id='word_1_181' title='bbox 3051 932 3136 1001; x_wconf 89' lang='lat' dir='ltr'><strong>qui</strong></span> <span class='ocrx_word' id='word_1_182' title='bbox 3157 932 3211 984; x_wconf 84' lang='lat' dir='ltr'><strong>in</strong></span> <span class='ocrx_word' id='word_1_183' title='bbox 3241 931 3378 985; x_wconf 65' lang='lat' dir='ltr'><strong>ralis</strong></span> <span class='ocrx_word' id='word_1_184' title='bbox 3404 940 3497 985; x_wconf 90' lang='lat' dir='ltr'><strong>est.</strong></span> <span class='ocrx_word' id='word_1_185' title='bbox 3527 928 3594 982; x_wconf 87' lang='lat' dir='ltr'><strong>Et</strong></span> <span class='ocrx_word' id='word_1_186' title='bbox 3616 931 3782 983; x_wconf 88' lang='lat' dir='ltr'><strong>omnis</strong></span> <span class='ocrx_word' id='word_1_187' title='bbox 3819 934 3911 999; x_wconf 84' lang='lat' dir='ltr'><strong>qui</strong></span> <span class='ocrx_word' id='word_1_188' title='bbox 3951 946 4043 983; x_wconf 81' lang='lat' dir='ltr'><strong>ne-</strong></span> 
     </span>
    </p>
   </div>
   <div class='ocr_carea' id='block_1_24' title="bbox 2423 1022 4044 1094">
    <p class='ocr_par' dir='ltr' id='par_1_24' title="bbox 2423 1022 4044 1094">
     <span class='ocr_line' id='line_1_24' title="bbox 2423 1022 4044 1094; baseline -0.001 -18"><span class='ocrx_word' id='word_1_189' title='bbox 2423 1025 2612 1094; x_wconf 82' lang='lat' dir='ltr'><strong>gaverit</strong></span> <span class='ocrx_word' id='word_1_190' title='bbox 2643 1040 2720 1077; x_wconf 88' lang='lat' dir='ltr'><strong>me</strong></span> <span class='ocrx_word' id='word_1_191' title='bbox 2742 1040 2912 1077; x_wconf 88' lang='lat' dir='ltr'><strong>coram</strong></span> <span class='ocrx_word' id='word_1_192' title='bbox 2939 1022 3248 1083; x_wconf 77' lang='lat' dir='ltr'><strong>hominibus.</strong></span> <span class='ocrx_word' id='word_1_193' title='bbox 3280 1032 3324 1074; x_wconf 89' lang='lat' dir='ltr'><strong>et</strong></span> <span class='ocrx_word' id='word_1_194' title='bbox 3352 1038 3441 1091; x_wconf 86' lang='lat' dir='ltr'><strong>ego</strong></span> <span class='ocrx_word' id='word_1_195' title='bbox 3469 1022 3661 1091; x_wconf 82' lang='lat' dir='ltr'><strong>negabo</strong></span> <span class='ocrx_word' id='word_1_196' title='bbox 3691 1022 3838 1076; x_wconf 89' lang='lat' dir='ltr'><strong>illum</strong></span> <span class='ocrx_word' id='word_1_197' title='bbox 3869 1037 4044 1075; x_wconf 82' lang='lat' dir='ltr'><strong>coram</strong></span> 
     </span>
    </p>
   </div>
   <div class='ocr_carea' id='block_1_25' title="bbox 2426 1112 4045 1186">
    <p class='ocr_par' dir='ltr' id='par_1_25' title="bbox 2426 1112 4045 1186">
     <span class='ocr_line' id='line_1_25' title="bbox 2426 1112 4045 1186; baseline 0 -18"><span class='ocrx_word' id='word_1_198' title='bbox 2426 1115 2581 1169; x_wconf 85' lang='lat' dir='ltr'><strong>Patre</strong></span> <span class='ocrx_word' id='word_1_199' title='bbox 2606 1130 2715 1169; x_wconf 87' lang='lat' dir='ltr'><strong>meo</strong></span> <span class='ocrx_word' id='word_1_200' title='bbox 2740 1117 2825 1186; x_wconf 89' lang='lat' dir='ltr'><strong>qui</strong></span> <span class='ocrx_word' id='word_1_201' title='bbox 2853 1116 2905 1168; x_wconf 87' lang='lat' dir='ltr'><strong>in</strong></span> <span class='ocrx_word' id='word_1_202' title='bbox 2932 1116 3069 1169; x_wconf 73' lang='lat' dir='ltr'><strong>caelis</strong></span> <span class='ocrx_word' id='word_1_203' title='bbox 3099 1123 3171 1168; x_wconf 89' lang='lat' dir='ltr'><strong>est</strong></span> <span class='ocrx_word' id='word_1_204' title='bbox 3200 1114 3381 1181; x_wconf 87' lang='lat' dir='ltr'><strong>(ibid.,</strong></span> <span class='ocrx_word' id='word_1_205' title='bbox 3408 1129 3457 1167; x_wconf 83' lang='grc' dir='ltr'><strong>υ.</strong></span> <span class='ocrx_word' id='word_1_206' title='bbox 3478 1115 3549 1170; x_wconf 76' lang='lat'><strong>33</strong></span> <span class='ocrx_word' id='word_1_207' title='bbox 3570 1112 3610 1184; x_wconf 93' lang='lat'><strong>).</strong></span> <span class='ocrx_word' id='word_1_208' title='bbox 3655 1113 3958 1178; x_wconf 81' lang='lat' dir='ltr'><strong>Manifesta,</strong></span> <span class='ocrx_word' id='word_1_209' title='bbox 3990 1123 4045 1168; x_wconf 83' lang='lat' dir='ltr'><strong>ut</strong></span> 
     </span>
    </p>
   </div>
   <div class='ocr_carea' id='block_1_26' title="bbox 2424 1205 4041 1277">
    <p class='ocr_par' dir='ltr' id='par_1_26' title="bbox 2424 1205 4041 1277">
     <span class='ocr_line' id='line_1_26' title="bbox 2424 1205 4041 1277; baseline 0 -16"><span class='ocrx_word' id='word_1_210' title='bbox 2424 1208 2634 1276; x_wconf 90' lang='lat' dir='ltr'><strong>opinor,</strong></span> <span class='ocrx_word' id='word_1_211' title='bbox 2689 1206 2930 1262; x_wconf 90' lang='lat' dir='ltr'><strong>deﬁnitio</strong></span> <span class='ocrx_word' id='word_1_212' title='bbox 2981 1216 3036 1263; x_wconf 90' lang='lat' dir='ltr'><strong>et</strong></span> <span class='ocrx_word' id='word_1_213' title='bbox 3084 1205 3222 1261; x_wconf 83' lang='lat' dir='ltr'><strong>ratio</strong></span> <span class='ocrx_word' id='word_1_214' title='bbox 3273 1216 3357 1262; x_wconf 92' lang='lat' dir='ltr'><strong>est</strong></span> <span class='ocrx_word' id='word_1_215' title='bbox 3393 1205 3474 1277; x_wconf 81' lang='grc' dir='ltr'><strong>(ι)</strong></span> <span class='ocrx_word' id='word_1_216' title='bbox 3517 1217 3620 1260; x_wconf 85' lang='lat' dir='ltr'><strong>tam</strong></span> <span class='ocrx_word' id='word_1_217' title='bbox 3675 1205 4041 1261; x_wconf 82' lang='lat' dir='ltr'><strong>confessionis</strong></span> 
     </span>
    </p>
   </div>
   <div class='ocr_carea' id='block_1_27' title="bbox 2423 1297 4043 1370">
    <p class='ocr_par' dir='ltr' id='par_1_27' title="bbox 2423 1297 4043 1370">
     <span class='ocr_line' id='line_1_27' title="bbox 2423 1297 4043 1370; baseline 0.001 -18"><span class='ocrx_word' id='word_1_218' title='bbox 2423 1314 2582 1369; x_wconf 91' lang='lat' dir='ltr'><strong>quam</strong></span> <span class='ocrx_word' id='word_1_219' title='bbox 2629 1299 2965 1370; x_wconf 79' lang='lat' dir='ltr'><strong>negationis,</strong></span> <span class='ocrx_word' id='word_1_220' title='bbox 2996 1300 3096 1354; x_wconf 86' lang='lat' dir='ltr'><strong>etsi</strong></span> <span class='ocrx_word' id='word_1_221' title='bbox 3139 1299 3418 1368; x_wconf 88' lang='lat' dir='ltr'><strong>dispositio</strong></span> <span class='ocrx_word' id='word_1_222' title='bbox 3458 1298 3672 1354; x_wconf 88' lang='lat' dir='ltr'><strong>diversa</strong></span> <span class='ocrx_word' id='word_1_223' title='bbox 3713 1309 3818 1354; x_wconf 87' lang='lat' dir='ltr'><strong>est.</strong></span> <span class='ocrx_word' id='word_1_224' title='bbox 3853 1297 3953 1364; x_wconf 87' lang='lat' dir='ltr'><strong>Qui</strong></span> <span class='ocrx_word' id='word_1_225' title='bbox 3983 1313 4043 1353; x_wconf 88' lang='lat' dir='ltr'><strong>se</strong></span> 
     </span>
    </p>
   </div>
   <div class='ocr_carea' id='block_1_28' title="bbox 2423 1389 4036 1457">
    <p class='ocr_par' dir='ltr' id='par_1_28' title="bbox 2423 1389 4036 1457">
     <span class='ocr_line' id='line_1_28' title="bbox 2423 1389 4036 1457; baseline -0.001 -12"><span class='ocrx_word' id='word_1_226' title='bbox 2423 1389 2773 1446; x_wconf 85' lang='lat' dir='ltr'><strong>christianum</strong></span> <span class='ocrx_word' id='word_1_227' title='bbox 2834 1392 3156 1457; x_wconf 89' lang='lat' dir='ltr'><strong>conﬁtetur,</strong></span> <span class='ocrx_word' id='word_1_228' title='bbox 3207 1391 3404 1446; x_wconf 84' lang='lat' dir='ltr'><strong>Christi</strong></span> <span class='ocrx_word' id='word_1_229' title='bbox 3456 1404 3579 1446; x_wconf 87' lang='lat' dir='ltr'><strong>esse</strong></span> <span class='ocrx_word' id='word_1_230' title='bbox 3629 1400 3878 1445; x_wconf 86' lang='lat' dir='ltr'><strong>testatur.</strong></span> <span class='ocrx_word' id='word_1_231' title='bbox 3935 1391 4036 1457; x_wconf 87' lang='lat' dir='ltr'><strong>Qui</strong></span> 
     </span>
    </p>
   </div>
   <div class='ocr_carea' id='block_1_29' title="bbox 2426 1484 4047 1552">
    <p class='ocr_par' dir='ltr' id='par_1_29' title="bbox 2426 1484 4047 1552">
     <span class='ocr_line' id='line_1_29' title="bbox 2426 1484 4047 1552; baseline 0.001 -15"><span class='ocrx_word' id='word_1_232' title='bbox 2426 1484 2621 1539; x_wconf 82' lang='lat' dir='ltr'><strong>Christi</strong></span> <span class='ocrx_word' id='word_1_233' title='bbox 2655 1496 2756 1552; x_wconf 90' lang='lat' dir='ltr'><strong>est,</strong></span> <span class='ocrx_word' id='word_1_234' title='bbox 2792 1484 2842 1539; x_wconf 91' lang='lat' dir='ltr'><strong>in</strong></span> <span class='ocrx_word' id='word_1_235' title='bbox 2874 1485 3090 1541; x_wconf 82' lang='lat' dir='ltr'><strong>Christo</strong></span> <span class='ocrx_word' id='word_1_236' title='bbox 3129 1486 3200 1538; x_wconf 91' lang='lat' dir='ltr'><strong>sit</strong></span> <span class='ocrx_word' id='word_1_237' title='bbox 3230 1500 3450 1540; x_wconf 88' lang='lat' dir='ltr'><strong>necesse</strong></span> <span class='ocrx_word' id='word_1_238' title='bbox 3477 1496 3579 1539; x_wconf 90' lang='lat' dir='ltr'><strong>est.</strong></span> <span class='ocrx_word' id='word_1_239' title='bbox 3624 1484 3680 1540; x_wconf 87' lang='lat' dir='ltr'><strong>Si</strong></span> <span class='ocrx_word' id='word_1_240' title='bbox 3735 1487 3787 1538; x_wconf 90' lang='lat' dir='ltr'><strong>in</strong></span> <span class='ocrx_word' id='word_1_241' title='bbox 3827 1485 4047 1539; x_wconf 88' lang='lat' dir='ltr'><strong>Christo</strong></span> 
     </span>
    </p>
   </div>
   <div class='ocr_carea' id='block_1_30' title="bbox 2425 1577 4039 1646">
    <p class='ocr_par' dir='ltr' id='par_1_30' title="bbox 2425 1577 4039 1646">
     <span class='ocr_line' id='line_1_30' title="bbox 2425 1577 4039 1646; baseline -0.002 -13"><span class='ocrx_word' id='word_1_242' title='bbox 2425 1588 2528 1643; x_wconf 89' lang='lat' dir='ltr'><strong>est,</strong></span> <span class='ocrx_word' id='word_1_243' title='bbox 2559 1579 2610 1632; x_wconf 92' lang='lat' dir='ltr'><strong>in</strong></span> <span class='ocrx_word' id='word_1_244' title='bbox 2642 1579 2855 1634; x_wconf 90' lang='lat' dir='ltr'><strong>Christo</strong></span> <span class='ocrx_word' id='word_1_245' title='bbox 2883 1580 3064 1646; x_wconf 86' lang='lat' dir='ltr'><strong>utique</strong></span> <span class='ocrx_word' id='word_1_246' title='bbox 3089 1577 3393 1644; x_wconf 89' lang='lat' dir='ltr'><strong>conﬁtetur,</strong></span> <span class='ocrx_word' id='word_1_247' title='bbox 3421 1593 3541 1632; x_wconf 90' lang='lat' dir='ltr'><strong>cum</strong></span> <span class='ocrx_word' id='word_1_248' title='bbox 3572 1593 3629 1632; x_wconf 89' lang='lat' dir='ltr'><strong>se</strong></span> <span class='ocrx_word' id='word_1_249' title='bbox 3685 1579 4039 1631; x_wconf 86' lang='lat' dir='ltr'><strong>christianum</strong></span> 
     </span>
    </p>
   </div>
   <div class='ocr_carea' id='block_1_31' title="bbox 2428 1669 4043 1740">
    <p class='ocr_par' dir='ltr' id='par_1_31' title="bbox 2428 1669 4043 1740">
     <span class='ocr_line' id='line_1_31' title="bbox 2428 1669 4043 1740; baseline -0.001 -16"><span class='ocrx_word' id='word_1_250' title='bbox 2428 1672 2734 1725; x_wconf 90' lang='lat' dir='ltr'><strong>conﬁtetur.</strong></span> <span class='ocrx_word' id='word_1_251' title='bbox 2764 1671 2876 1724; x_wconf 86' lang='lat' dir='ltr'><strong>Hoc</strong></span> <span class='ocrx_word' id='word_1_252' title='bbox 2903 1673 3046 1725; x_wconf 89' lang='lat' dir='ltr'><strong>enim</strong></span> <span class='ocrx_word' id='word_1_253' title='bbox 3074 1685 3178 1724; x_wconf 93' lang='lat' dir='ltr'><strong>non</strong></span> <span class='ocrx_word' id='word_1_254' title='bbox 3202 1678 3378 1740; x_wconf 86' lang='lat' dir='ltr'><strong>potest</strong></span> <span class='ocrx_word' id='word_1_255' title='bbox 3399 1685 3540 1734; x_wconf 92' lang='lat' dir='ltr'><strong>esse,</strong></span> <span class='ocrx_word' id='word_1_256' title='bbox 3571 1671 3668 1723; x_wconf 92' lang='lat' dir='ltr'><strong>nisi</strong></span> <span class='ocrx_word' id='word_1_257' title='bbox 3693 1671 3760 1722; x_wconf 91' lang='lat' dir='ltr'><strong>sit</strong></span> <span class='ocrx_word' id='word_1_258' title='bbox 3781 1670 3831 1722; x_wconf 94' lang='lat' dir='ltr'><strong>in</strong></span> <span class='ocrx_word' id='word_1_259' title='bbox 3863 1669 4043 1724; x_wconf 85' lang='lat' dir='ltr'><strong>Chris-</strong></span> 
     </span>
    </p>
   </div>
   <div class='ocr_carea' id='block_1_32' title="bbox 2429 1761 4041 1830">
    <p class='ocr_par' dir='ltr' id='par_1_32' title="bbox 2429 1761 4041 1830">
     <span class='ocr_line' id='line_1_32' title="bbox 2429 1761 4041 1830; baseline 0 -14"><span class='ocrx_word' id='word_1_260' title='bbox 2429 1772 2503 1816; x_wconf 90' lang='lat' dir='ltr'><strong>to.</strong></span> <span class='ocrx_word' id='word_1_261' title='bbox 2535 1762 2702 1817; x_wconf 85' lang='lat' dir='ltr'><strong>Porro</strong></span> <span class='ocrx_word' id='word_1_262' title='bbox 2728 1805 2744 1830; x_wconf 96' lang='lat'><strong>,</strong></span> <span class='ocrx_word' id='word_1_263' title='bbox 2780 1764 2830 1816; x_wconf 91' lang='lat' dir='ltr'><strong>in</strong></span> <span class='ocrx_word' id='word_1_264' title='bbox 2880 1763 3096 1817; x_wconf 87' lang='lat' dir='ltr'><strong>Christo</strong></span> <span class='ocrx_word' id='word_1_265' title='bbox 3146 1761 3449 1816; x_wconf 87' lang='lat' dir='ltr'><strong>confitendo</strong></span> <span class='ocrx_word' id='word_1_266' title='bbox 3471 1804 3484 1826; x_wconf 98' lang='lat'><strong>,</strong></span> <span class='ocrx_word' id='word_1_267' title='bbox 3517 1761 3789 1816; x_wconf 82' lang='lat' dir='ltr'><strong>Christum</strong></span> <span class='ocrx_word' id='word_1_268' title='bbox 3821 1775 4041 1830; x_wconf 89' lang='lat' dir='ltr'><strong>quoque</strong></span> 
     </span>
    </p>
   </div>
   <div class='ocr_carea' id='block_1_33' title="bbox 717 1853 4047 1933">
    <p class='ocr_par' dir='ltr' id='par_1_33' title="bbox 717 1853 4047 1933">
     <span class='ocr_line' id='line_1_33' title="bbox 717 1853 4047 1933; baseline -0.003 -17"><span class='ocrx_word' id='word_1_269' title='bbox 717 1872 978 1933; x_wconf 86' lang='lat' dir='ltr'><strong>parentes,</strong></span> <span class='ocrx_word' id='word_1_270' title='bbox 1018 1870 1063 1914; x_wconf 89' lang='lat' dir='ltr'><strong>et</strong></span> <span class='ocrx_word' id='word_1_271' title='bbox 1094 1860 1468 1927; x_wconf 83' lang='lat' dir='ltr'><strong>morti/icabunt</strong></span> <span class='ocrx_word' id='word_1_272' title='bbox 1499 1875 1624 1922; x_wconf 87' lang='lat' dir='ltr'><strong>eos;</strong></span> <span class='ocrx_word' id='word_1_273' title='bbox 1669 1857 1946 1912; x_wconf 88' lang='lat' dir='ltr'><strong>manifeste</strong></span> <span class='ocrx_word' id='word_1_274' title='bbox 1993 1858 2320 1928; x_wconf 84' lang='lat' dir='ltr'><strong>iniquitatem</strong></span> <span class='ocrx_word' id='word_1_275' title='bbox 2353 1867 2401 1927; x_wconf 78' lang='grc' dir='ltr'><strong>Β</strong></span> <span class='ocrx_word' id='word_1_276' title='bbox 2429 1856 2714 1910; x_wconf 90' lang='lat' dir='ltr'><strong>conﬁtetur</strong></span> <span class='ocrx_word' id='word_1_277' title='bbox 2749 1857 2836 1925; x_wconf 91' lang='lat' dir='ltr'><strong>qui</strong></span> <span class='ocrx_word' id='word_1_278' title='bbox 2867 1858 2934 1910; x_wconf 90' lang='lat' dir='ltr'><strong>sit</strong></span> <span class='ocrx_word' id='word_1_279' title='bbox 2982 1856 3032 1909; x_wconf 92' lang='lat' dir='ltr'><strong>in</strong></span> <span class='ocrx_word' id='word_1_280' title='bbox 3063 1853 3279 1909; x_wconf 88' lang='lat' dir='ltr'><strong>Christo</strong></span> <span class='ocrx_word' id='word_1_281' title='bbox 3299 1896 3314 1921; x_wconf 92' lang='lat'><strong>,</strong></span> <span class='ocrx_word' id='word_1_282' title='bbox 3345 1856 3470 1908; x_wconf 89' lang='lat' dir='ltr'><strong>dum</strong></span> <span class='ocrx_word' id='word_1_283' title='bbox 3501 1864 3556 1908; x_wconf 90' lang='lat' dir='ltr'><strong>et</strong></span> <span class='ocrx_word' id='word_1_284' title='bbox 3586 1855 3697 1923; x_wconf 89' lang='lat' dir='ltr'><strong>ipse</strong></span> <span class='ocrx_word' id='word_1_285' title='bbox 3730 1855 3780 1907; x_wconf 91' lang='lat' dir='ltr'><strong>in</strong></span> <span class='ocrx_word' id='word_1_286' title='bbox 3818 1853 3913 1907; x_wconf 93' lang='lat' dir='ltr'><strong>illo</strong></span> <span class='ocrx_word' id='word_1_287' title='bbox 3941 1863 4047 1919; x_wconf 80' lang='lat' dir='ltr'><strong>est,</strong></span> 
     </span>
    </p>
   </div>
   <div class='ocr_carea' id='block_1_34' title="bbox 714 1952 2320 2023">
    <p class='ocr_par' dir='ltr' id='par_1_34' title="bbox 714 1952 2320 2023">
     <span class='ocr_line' id='line_1_34' title="bbox 714 1952 2320 2023; baseline -0.003 -12"><span class='ocrx_word' id='word_1_288' title='bbox 714 1958 869 2011; x_wconf 80' lang='lat' dir='ltr'><strong>istam</strong></span> <span class='ocrx_word' id='word_1_289' title='bbox 901 1956 954 2009; x_wconf 93' lang='lat' dir='ltr'><strong>in</strong></span> <span class='ocrx_word' id='word_1_290' title='bbox 982 1963 1210 2008; x_wconf 72' lang='lat' dir='ltr'><strong>cteteros</strong></span> <span class='ocrx_word' id='word_1_291' title='bbox 1237 1952 1617 2023; x_wconf 85' lang='lat' dir='ltr'><strong>pronuntiavit,</strong></span> <span class='ocrx_word' id='word_1_292' title='bbox 1647 1967 1803 2022; x_wconf 88' lang='lat' dir='ltr'><strong>quam</strong></span> <span class='ocrx_word' id='word_1_293' title='bbox 1836 1954 1885 2006; x_wconf 93' lang='lat' dir='ltr'><strong>in</strong></span> <span class='ocrx_word' id='word_1_294' title='bbox 1919 1953 2191 2022; x_wconf 86' lang='lat' dir='ltr'><strong>Apostolis</strong></span> <span class='ocrx_word' id='word_1_295' title='bbox 2215 1969 2320 2007; x_wconf 90' lang='lat' dir='ltr'><strong>non</strong></span> 
     </span>
    </p>
   </div>
   <div class='ocr_carea' id='block_1_35' title="bbox 712 2043 2322 2113">
    <p class='ocr_par' dir='ltr' id='par_1_35' title="bbox 712 2043 2322 2113">
     <span class='ocr_line' id='line_1_35' title="bbox 712 2043 2322 2113; baseline -0.001 -11"><span class='ocrx_word' id='word_1_296' title='bbox 712 2048 1033 2102; x_wconf 83' lang='lat' dir='ltr'><strong>invenimus.</strong></span> <span class='ocrx_word' id='word_1_297' title='bbox 1067 2045 1232 2098; x_wconf 84' lang='lat' dir='ltr'><strong>Nemo</strong></span> <span class='ocrx_word' id='word_1_298' title='bbox 1253 2045 1394 2099; x_wconf 90' lang='lat' dir='ltr'><strong>enim</strong></span> <span class='ocrx_word' id='word_1_299' title='bbox 1422 2059 1607 2098; x_wconf 90' lang='lat' dir='ltr'><strong>eorum</strong></span> <span class='ocrx_word' id='word_1_300' title='bbox 1637 2052 1729 2098; x_wconf 88' lang='lat' dir='ltr'><strong>ant</strong></span> <span class='ocrx_word' id='word_1_301' title='bbox 1751 2043 1964 2098; x_wconf 88' lang='lat' dir='ltr'><strong>fratrem</strong></span> <span class='ocrx_word' id='word_1_302' title='bbox 1996 2055 2087 2098; x_wconf 88' lang='lat' dir='ltr'><strong>aut</strong></span> <span class='ocrx_word' id='word_1_303' title='bbox 2117 2055 2322 2113; x_wconf 88' lang='lat' dir='ltr'><strong>patrem</strong></span> 
     </span>
    </p>
   </div>
   <div class='ocr_carea' id='block_1_36' title="bbox 715 2134 2323 2209">
    <p class='ocr_par' dir='ltr' id='par_1_36' title="bbox 715 2134 2323 2209">
     <span class='ocr_line' id='line_1_36' title="bbox 715 2134 2323 2209; baseline -0.002 -16"><span class='ocrx_word' id='word_1_304' title='bbox 715 2154 904 2209; x_wconf 82' lang='lat' dir='ltr'><strong>passus</strong></span> <span class='ocrx_word' id='word_1_305' title='bbox 933 2147 1014 2192; x_wconf 91' lang='lat' dir='ltr'><strong>est</strong></span> <span class='ocrx_word' id='word_1_306' title='bbox 1042 2135 1351 2191; x_wconf 90' lang='lat' dir='ltr'><strong>traditorem</strong></span> <span class='ocrx_word' id='word_1_307' title='bbox 1378 2177 1391 2199; x_wconf 93' lang='lat'><strong>,</strong></span> <span class='ocrx_word' id='word_1_308' title='bbox 1426 2134 1567 2204; x_wconf 87' lang='lat' dir='ltr'><strong>qnod</strong></span> <span class='ocrx_word' id='word_1_309' title='bbox 1600 2135 1839 2204; x_wconf 89' lang='lat' dir='ltr'><strong>plerique</strong></span> <span class='ocrx_word' id='word_1_310' title='bbox 1860 2139 1969 2204; x_wconf 89' lang='lat' dir='ltr'><strong>jarn</strong></span> <span class='ocrx_word' id='word_1_311' title='bbox 2001 2139 2187 2191; x_wconf 73' lang='lat' dir='ltr'><strong>nosni.</strong></span> <span class='ocrx_word' id='word_1_312' title='bbox 2225 2138 2323 2191; x_wconf 82' lang='lat' dir='ltr'><strong>De—</strong></span> 
     </span>
    </p>
   </div>
   <div class='ocr_carea' id='block_1_37' title="bbox 715 2225 2321 2297">
    <p class='ocr_par' dir='ltr' id='par_1_37' title="bbox 715 2225 2321 2297">
     <span class='ocr_line' id='line_1_37' title="bbox 715 2225 2321 2297; baseline -0.001 -15"><span class='ocrx_word' id='word_1_313' title='bbox 715 2229 840 2283; x_wconf 90' lang='lat' dir='ltr'><strong>hinc</strong></span> <span class='ocrx_word' id='word_1_314' title='bbox 868 2229 933 2282; x_wconf 86' lang='lat' dir='ltr'><strong>ad</strong></span> <span class='ocrx_word' id='word_1_315' title='bbox 963 2227 1247 2297; x_wconf 85' lang='lat' dir='ltr'><strong>Apostolos</strong></span> <span class='ocrx_word' id='word_1_316' title='bbox 1277 2238 1490 2281; x_wconf 87' lang='lat' dir='ltr'><strong>revocat</strong></span> <span class='ocrx_word' id='word_1_317' title='bbox 1531 2229 1581 2297; x_wconf 85' lang='lat' dir='ltr'><strong>(v</strong></span> <span class='ocrx_word' id='word_1_318' title='bbox 1630 2225 1756 2296; x_wconf 72' lang='grc'>22),</span> <span class='ocrx_word' id='word_1_319' title='bbox 1803 2225 1868 2279; x_wconf 86' lang='lat' dir='ltr'><strong>Et</strong></span> <span class='ocrx_word' id='word_1_320' title='bbox 1898 2228 2037 2280; x_wconf 78' lang='lat' dir='ltr'><strong>eritis</strong></span> <span class='ocrx_word' id='word_1_321' title='bbox 2065 2228 2182 2280; x_wconf 86' lang='lat' dir='ltr'><strong>odio</strong></span> <span class='ocrx_word' id='word_1_322' title='bbox 2213 2243 2321 2280; x_wconf 87' lang='lat' dir='ltr'><strong>om-</strong></span> 
     </span>
    </p>
   </div>
   <div class='ocr_carea' id='block_1_38' title="bbox 713 2318 2322 2390">
    <p class='ocr_par' dir='ltr' id='par_1_38' title="bbox 713 2318 2322 2390">
     <span class='ocr_line' id='line_1_38' title="bbox 713 2318 2322 2390; baseline -0.001 -14"><span class='ocrx_word' id='word_1_323' title='bbox 713 2321 860 2376; x_wconf 85' lang='lat' dir='ltr'><strong>nibus</strong></span> <span class='ocrx_word' id='word_1_324' title='bbox 891 2329 1096 2390; x_wconf 82' lang='lat' dir='ltr'><strong>propter</strong></span> <span class='ocrx_word' id='word_1_325' title='bbox 1121 2336 1300 2373; x_wconf 85' lang='lat' dir='ltr'><strong>nomen</strong></span> <span class='ocrx_word' id='word_1_326' title='bbox 1330 2336 1512 2373; x_wconf 86' lang='lat' dir='ltr'><strong>meum.</strong></span> <span class='ocrx_word' id='word_1_327' title='bbox 1543 2318 1753 2384; x_wconf 87' lang='lat' dir='ltr'><strong>Quanto</strong></span> <span class='ocrx_word' id='word_1_328' title='bbox 1780 2319 1948 2389; x_wconf 84' lang='lat' dir='ltr'><strong>magis</strong></span> <span class='ocrx_word' id='word_1_329' title='bbox 1979 2336 2098 2386; x_wconf 89' lang='lat' dir='ltr'><strong>nos,</strong></span> <span class='ocrx_word' id='word_1_330' title='bbox 2133 2335 2266 2390; x_wconf 86' lang='lat' dir='ltr'><strong>quos</strong></span> <span class='ocrx_word' id='word_1_331' title='bbox 2291 2336 2322 2374; x_wconf 85' lang='lat' dir='ltr'><strong>a</strong></span> 
     </span>
    </p>
   </div>
   <div class='ocr_carea' id='block_1_39' title="bbox 715 2412 2322 2487">
    <p class='ocr_par' dir='ltr' id='par_1_39' title="bbox 715 2412 2322 2487">
     <span class='ocr_line' id='line_1_39' title="bbox 715 2412 2322 2487; baseline -0.001 -17"><span class='ocrx_word' id='word_1_332' title='bbox 715 2416 1024 2487; x_wconf 87' lang='lat' dir='ltr'><strong>parentibus</strong></span> <span class='ocrx_word' id='word_1_333' title='bbox 1044 2429 1256 2484; x_wconf 88' lang='lat' dir='ltr'><strong>quoque</strong></span> <span class='ocrx_word' id='word_1_334' title='bbox 1283 2413 1418 2467; x_wconf 88' lang='lat' dir='ltr'><strong>tradi</strong></span> <span class='ocrx_word' id='word_1_335' title='bbox 1439 2413 1687 2483; x_wconf 84' lang='lat' dir='ltr'><strong>oportet?</strong></span> <span class='ocrx_word' id='word_1_336' title='bbox 1711 2412 1805 2475; x_wconf 89' lang='lat' dir='ltr'><strong>Ita,</strong></span> <span class='ocrx_word' id='word_1_337' title='bbox 1837 2414 1948 2482; x_wconf 89' lang='lat' dir='ltr'><strong>ipsa</strong></span> <span class='ocrx_word' id='word_1_338' title='bbox 1971 2413 2069 2467; x_wconf 90' lang='lat' dir='ltr'><strong>hac</strong></span> <span class='ocrx_word' id='word_1_339' title='bbox 2097 2415 2322 2482; x_wconf 90' lang='lat' dir='ltr'><strong>permis-</strong></span> 
     </span>
    </p>
   </div>
   <div class='ocr_carea' id='block_1_40' title="bbox 717 2505 2318 2575">
    <p class='ocr_par' dir='ltr' id='par_1_40' title="bbox 717 2505 2318 2575">
     <span class='ocr_line' id='line_1_40' title="bbox 717 2505 2318 2575; baseline 0.001 -15"><span class='ocrx_word' id='word_1_340' title='bbox 717 2509 859 2561; x_wconf 90' lang='lat' dir='ltr'><strong>tione</strong></span> <span class='ocrx_word' id='word_1_341' title='bbox 886 2521 1027 2560; x_wconf 89' lang='lat' dir='ltr'><strong>nunc</strong></span> <span class='ocrx_word' id='word_1_342' title='bbox 1054 2505 1121 2558; x_wconf 91' lang='lat' dir='ltr'><strong>ad</strong></span> <span class='ocrx_word' id='word_1_343' title='bbox 1153 2505 1459 2573; x_wconf 80' lang='lat' dir='ltr'><strong>Apostolos,</strong></span> <span class='ocrx_word' id='word_1_344' title='bbox 1491 2520 1634 2559; x_wconf 90' lang='lat' dir='ltr'><strong>nunc</strong></span> <span class='ocrx_word' id='word_1_345' title='bbox 1659 2505 1725 2559; x_wconf 88' lang='lat' dir='ltr'><strong>ad</strong></span> <span class='ocrx_word' id='word_1_346' title='bbox 1753 2519 1944 2559; x_wconf 88' lang='lat' dir='ltr'><strong>omnes</strong></span> <span class='ocrx_word' id='word_1_347' title='bbox 1964 2506 2318 2575; x_wconf 88' lang='lat' dir='ltr'><strong>disponendo,</strong></span> 
     </span>
    </p>
   </div>
   <div class='ocr_carea' id='block_1_41' title="bbox 715 2598 2323 2671">
    <p class='ocr_par' dir='ltr' id='par_1_41' title="bbox 715 2598 2323 2671">
     <span class='ocr_line' id='line_1_41' title="bbox 715 2598 2323 2671; baseline 0 -17"><span class='ocrx_word' id='word_1_348' title='bbox 715 2599 962 2654; x_wconf 89' lang='lat' dir='ltr'><strong>eumdem</strong></span> <span class='ocrx_word' id='word_1_349' title='bbox 996 2600 1047 2652; x_wconf 92' lang='lat' dir='ltr'><strong>in</strong></span> <span class='ocrx_word' id='word_1_350' title='bbox 1077 2599 1354 2652; x_wconf 90' lang='lat' dir='ltr'><strong>universos</strong></span> <span class='ocrx_word' id='word_1_351' title='bbox 1385 2598 1614 2652; x_wconf 90' lang='lat' dir='ltr'><strong>nominis</strong></span> <span class='ocrx_word' id='word_1_352' title='bbox 1653 2599 1850 2653; x_wconf 75' lang='lat' dir='ltr'><strong>exitum</strong></span> <span class='ocrx_word' id='word_1_353' title='bbox 1889 2598 2094 2665; x_wconf 77' lang='lat' dir='ltr'><strong>effudit,</strong></span> <span class='ocrx_word' id='word_1_354' title='bbox 2126 2601 2176 2654; x_wconf 90' lang='lat' dir='ltr'><strong>in</strong></span> <span class='ocrx_word' id='word_1_355' title='bbox 2205 2601 2323 2671; x_wconf 91' lang='lat' dir='ltr'><strong>qui-</strong></span> 
     </span>
    </p>
   </div>
   <div class='ocr_carea' id='block_1_42' title="bbox 713 2692 2320 2764">
    <p class='ocr_par' dir='ltr' id='par_1_42' title="bbox 713 2692 2320 2764">
     <span class='ocr_line' id='line_1_42' title="bbox 713 2692 2320 2764; baseline 0 -16"><span class='ocrx_word' id='word_1_356' title='bbox 713 2694 812 2748; x_wconf 90' lang='lat' dir='ltr'><strong>bus</strong></span> <span class='ocrx_word' id='word_1_357' title='bbox 849 2692 1154 2748; x_wconf 83' lang='lat' dir='ltr'><strong>consedcrit</strong></span> <span class='ocrx_word' id='word_1_358' title='bbox 1189 2705 1384 2746; x_wconf 91' lang='lat' dir='ltr'><strong>nomen</strong></span> <span class='ocrx_word' id='word_1_359' title='bbox 1422 2707 1542 2746; x_wconf 90' lang='lat' dir='ltr'><strong>cum</strong></span> <span class='ocrx_word' id='word_1_360' title='bbox 1584 2692 1690 2746; x_wconf 86' lang='lat' dir='ltr'><strong>odii</strong></span> <span class='ocrx_word' id='word_1_361' title='bbox 1727 2695 1807 2749; x_wconf 89' lang='lat' dir='ltr'><strong>sui</strong></span> <span class='ocrx_word' id='word_1_362' title='bbox 1853 2694 1988 2764; x_wconf 88' lang='lat' dir='ltr'><strong>lege.</strong></span> <span class='ocrx_word' id='word_1_363' title='bbox 2025 2693 2124 2760; x_wconf 87' lang='lat' dir='ltr'><strong>Qui</strong></span> <span class='ocrx_word' id='word_1_364' title='bbox 2152 2706 2320 2748; x_wconf 80' lang='lat' dir='ltr'><strong>autem</strong></span> 
     </span>
    </p>
   </div>
   <div class='ocr_carea' id='block_1_43' title="bbox 711 2785 2318 2857">
    <p class='ocr_par' dir='ltr' id='par_1_43' title="bbox 711 2785 2318 2857">
     <span class='ocr_line' id='line_1_43' title="bbox 711 2785 2318 2857; baseline 0 -16"><span class='ocrx_word' id='word_1_365' title='bbox 711 2788 1002 2841; x_wconf 83' lang='lat' dir='ltr'><strong>sustinuerit</strong></span> <span class='ocrx_word' id='word_1_366' title='bbox 1030 2802 1188 2854; x_wconf 86' lang='lat' dir='ltr'><strong>usque</strong></span> <span class='ocrx_word' id='word_1_367' title='bbox 1216 2785 1270 2838; x_wconf 85' lang='lat' dir='ltr'><strong>in</strong></span> <span class='ocrx_word' id='word_1_368' title='bbox 1312 2786 1486 2852; x_wconf 82' lang='lat' dir='ltr'><strong>ﬁnem,</strong></span> <span class='ocrx_word' id='word_1_369' title='bbox 1516 2786 1612 2838; x_wconf 89' lang='lat' dir='ltr'><strong>iste</strong></span> <span class='ocrx_word' id='word_1_370' title='bbox 1644 2786 1813 2839; x_wconf 83' lang='lat' dir='ltr'><strong>salvus</strong></span> <span class='ocrx_word' id='word_1_371' title='bbox 1842 2787 1926 2855; x_wconf 79' lang='lat' dir='ltr'><strong>ﬁet</strong></span> <span class='ocrx_word' id='word_1_372' title='bbox 1968 2785 2140 2857; x_wconf 85' lang='lat' dir='ltr'><strong>(ibid).</strong></span> <span class='ocrx_word' id='word_1_373' title='bbox 2182 2788 2318 2854; x_wconf 88' lang='lat' dir='ltr'><strong>Quid</strong></span> 
     </span>
    </p>
   </div>
   <div class='ocr_carea' id='block_1_44' title="bbox 713 2878 2318 2948">
    <p class='ocr_par' dir='ltr' id='par_1_44' title="bbox 713 2878 2318 2948">
     <span class='ocr_line' id='line_1_44' title="bbox 713 2878 2318 2948; baseline 0 -14"><span class='ocrx_word' id='word_1_374' title='bbox 713 2878 1046 2943; x_wconf 87' lang='lat' dir='ltr'><strong>sustinendo,</strong></span> <span class='ocrx_word' id='word_1_375' title='bbox 1081 2878 1180 2932; x_wconf 90' lang='lat' dir='ltr'><strong>nisi</strong></span> <span class='ocrx_word' id='word_1_376' title='bbox 1212 2878 1658 2948; x_wconf 89' lang='lat' dir='ltr'><strong>persecutionem.</strong></span> <span class='ocrx_word' id='word_1_377' title='bbox 1690 2879 1791 2932; x_wconf 88' lang='lat' dir='ltr'><strong>nisi</strong></span> <span class='ocrx_word' id='word_1_378' title='bbox 1824 2879 2185 2944; x_wconf 86' lang='lat' dir='ltr'><strong>traditionem,</strong></span> <span class='ocrx_word' id='word_1_379' title='bbox 2218 2882 2318 2935; x_wconf 92' lang='lat' dir='ltr'><strong>nisl</strong></span> 
     </span>
    </p>
   </div>
   <div class='ocr_carea' id='block_1_45' title="bbox 712 2968 2314 3037">
    <p class='ocr_par' dir='ltr' id='par_1_45' title="bbox 712 2968 2314 3037">
     <span class='ocr_line' id='line_1_45' title="bbox 712 2968 2314 3037; baseline -0.001 -10"><span class='ocrx_word' id='word_1_380' title='bbox 712 2971 1080 3028; x_wconf 87' lang='lat' dir='ltr'><strong>occisionem?</strong></span> <span class='ocrx_word' id='word_1_381' title='bbox 1119 2968 1225 3024; x_wconf 81' lang='lat' dir='ltr'><strong>Nec</strong></span> <span class='ocrx_word' id='word_1_382' title='bbox 1263 2970 1406 3023; x_wconf 89' lang='lat' dir='ltr'><strong>enim</strong></span> <span class='ocrx_word' id='word_1_383' title='bbox 1437 2968 1581 3022; x_wconf 87' lang='lat' dir='ltr'><strong>aliud</strong></span> <span class='ocrx_word' id='word_1_384' title='bbox 1610 2979 1693 3024; x_wconf 91' lang='lat' dir='ltr'><strong>est</strong></span> <span class='ocrx_word' id='word_1_385' title='bbox 1732 2970 1997 3025; x_wconf 82' lang='lat' dir='ltr'><strong>sustinere</strong></span> <span class='ocrx_word' id='word_1_386' title='bbox 2039 2972 2087 3024; x_wconf 93' lang='lat' dir='ltr'><strong>in</strong></span> <span class='ocrx_word' id='word_1_387' title='bbox 2135 2971 2314 3037; x_wconf 89' lang='lat' dir='ltr'><strong>ﬁnem,</strong></span> 
     </span>
    </p>
   </div>
   <div class='ocr_carea' id='block_1_46' title="bbox 712 3060 2318 3138">
    <p class='ocr_par' dir='ltr' id='par_1_46' title="bbox 712 3060 2318 3138">
     <span class='ocr_line' id='line_1_46' title="bbox 712 3060 2318 3138; baseline -0.002 -17"><span class='ocrx_word' id='word_1_388' title='bbox 712 3081 872 3138; x_wconf 88' lang='lat' dir='ltr'><strong>quam</strong></span> <span class='ocrx_word' id='word_1_389' title='bbox 913 3063 1020 3135; x_wconf 90' lang='lat' dir='ltr'><strong>pati</strong></span> <span class='ocrx_word' id='word_1_390' title='bbox 1061 3063 1244 3118; x_wconf 89' lang='lat' dir='ltr'><strong>ﬁnem.</strong></span> <span class='ocrx_word' id='word_1_391' title='bbox 1281 3063 1344 3117; x_wconf 86' lang='lat' dir='ltr'><strong>Et</strong></span> <span class='ocrx_word' id='word_1_392' title='bbox 1390 3061 1550 3116; x_wconf 89' lang='lat' dir='ltr'><strong>ideo:</strong></span> <span class='ocrx_word' id='word_1_393' title='bbox 1582 3060 1702 3116; x_wconf 83' lang='lat' dir='ltr'><strong>Non</strong></span> <span class='ocrx_word' id='word_1_394' title='bbox 1733 3073 1805 3116; x_wconf 88' lang='lat' dir='ltr'><strong>est</strong></span> <span class='ocrx_word' id='word_1_395' title='bbox 1839 3063 2125 3130; x_wconf 82' lang='lat' dir='ltr'><strong>discipulus</strong></span> <span class='ocrx_word' id='word_1_396' title='bbox 2168 3081 2318 3134; x_wconf 83' lang='lat' dir='ltr'><strong>super</strong></span> 
     </span>
    </p>
   </div>
   <div class='ocr_carea' id='block_1_47' title="bbox 710 3154 2319 3230">
    <p class='ocr_par' dir='ltr' id='par_1_47' title="bbox 710 3154 2319 3230">
     <span class='ocr_line' id='line_1_47' title="bbox 710 3154 2319 3230; baseline 0.001 -19"><span class='ocrx_word' id='word_1_397' title='bbox 710 3159 1010 3230; x_wconf 86' lang='lat' dir='ltr'><strong>magistrum</strong></span> <span class='ocrx_word' id='word_1_398' title='bbox 1050 3156 1187 3224; x_wconf 87' lang='lat' dir='ltr'><strong>(ib.,</strong></span> <span class='ocrx_word' id='word_1_399' title='bbox 1220 3172 1268 3208; x_wconf 83' lang='grc' dir='ltr'><strong>υ.</strong></span> <span class='ocrx_word' id='word_1_400' title='bbox 1300 3154 1430 3226; x_wconf 74' lang='grc'><strong>25).</strong></span> <span class='ocrx_word' id='word_1_401' title='bbox 1472 3155 1662 3210; x_wconf 88' lang='lat' dir='ltr'><strong>Statim</strong></span> <span class='ocrx_word' id='word_1_402' title='bbox 1703 3156 1976 3224; x_wconf 85' lang='lat' dir='ltr'><strong>sequitur:</strong></span> <span class='ocrx_word' id='word_1_403' title='bbox 2011 3155 2121 3210; x_wconf 85' lang='lat' dir='ltr'><strong>Nec</strong></span> <span class='ocrx_word' id='word_1_404' title='bbox 2147 3174 2319 3214; x_wconf 84' lang='lat' dir='ltr'><strong>servus</strong></span> 
     </span>
    </p>
   </div>
   <div class='ocr_carea' id='block_1_48' title="bbox 2430 1947 4047 2020">
    <p class='ocr_par' dir='ltr' id='par_1_48' title="bbox 2430 1947 4047 2020">
     <span class='ocr_line' id='line_1_48' title="bbox 2430 1947 4047 2020; baseline -0.002 -16"><span class='ocrx_word' id='word_1_405' title='bbox 2430 1961 2612 2020; x_wconf 87' lang='lat' dir='ltr'><strong>utpote</strong></span> <span class='ocrx_word' id='word_1_406' title='bbox 2667 1950 3009 2006; x_wconf 86' lang='lat' dir='ltr'><strong>christianns.</strong></span> <span class='ocrx_word' id='word_1_407' title='bbox 3083 1949 3214 2004; x_wconf 83' lang='lat' dir='ltr'><strong>Nam</strong></span> <span class='ocrx_word' id='word_1_408' title='bbox 3272 1960 3327 2004; x_wconf 89' lang='lat' dir='ltr'><strong>et</strong></span> <span class='ocrx_word' id='word_1_409' title='bbox 3363 1949 3405 2001; x_wconf 90' lang='lat' dir='ltr'><strong>si</strong></span> <span class='ocrx_word' id='word_1_410' title='bbox 3447 1947 3527 2020; x_wconf 74' lang='grc'><strong>(2)</strong></span> <span class='ocrx_word' id='word_1_411' title='bbox 3581 1947 3724 2003; x_wconf 92' lang='lat' dir='ltr'><strong>diem</strong></span> <span class='ocrx_word' id='word_1_412' title='bbox 3802 1948 4047 2013; x_wconf 80' lang='lat' dir='ltr'><strong>dixeris,</strong></span> 
     </span>
    </p>
   </div>
   <div class='ocr_carea' id='block_1_49' title="bbox 2428 2042 4049 2114">
    <p class='ocr_par' dir='ltr' id='par_1_49' title="bbox 2428 2042 4049 2114">
     <span class='ocr_line' id='line_1_49' title="bbox 2428 2042 4049 2114; baseline 0 -16"><span class='ocrx_word' id='word_1_413' title='bbox 2428 2044 2562 2098; x_wconf 91' lang='lat' dir='ltr'><strong>lucis</strong></span> <span class='ocrx_word' id='word_1_414' title='bbox 2608 2059 2720 2098; x_wconf 89' lang='lat' dir='ltr'><strong>rem</strong></span> <span class='ocrx_word' id='word_1_415' title='bbox 2772 2043 3013 2098; x_wconf 89' lang='lat' dir='ltr'><strong>ostendis</strong></span> <span class='ocrx_word' id='word_1_416' title='bbox 3056 2044 3136 2114; x_wconf 79' lang='lat'><strong>(3)</strong></span> <span class='ocrx_word' id='word_1_417' title='bbox 3175 2058 3294 2113; x_wconf 74' lang='lat' dir='ltr'><strong>qua:</strong></span> <span class='ocrx_word' id='word_1_418' title='bbox 3335 2042 3474 2097; x_wconf 89' lang='lat' dir='ltr'><strong>diem</strong></span> <span class='ocrx_word' id='word_1_419' title='bbox 3509 2050 3746 2112; x_wconf 68' lang='lat' dir='ltr'><strong>praestat,</strong></span> <span class='ocrx_word' id='word_1_420' title='bbox 3772 2043 3900 2097; x_wconf 86' lang='lat' dir='ltr'><strong>licet</strong></span> <span class='ocrx_word' id='word_1_421' title='bbox 3940 2057 4049 2098; x_wconf 92' lang='lat' dir='ltr'><strong>non</strong></span> 
     </span>
    </p>
   </div>
   <div class='ocr_carea' id='block_1_50' title="bbox 2429 2135 4047 2205">
    <p class='ocr_par' dir='ltr' id='par_1_50' title="bbox 2429 2135 4047 2205">
     <span class='ocr_line' id='line_1_50' title="bbox 2429 2135 4047 2205; baseline 0 -16"><span class='ocrx_word' id='word_1_422' title='bbox 2429 2137 2631 2191; x_wconf 79' lang='lat' dir='ltr'><strong>dixeris</strong></span> <span class='ocrx_word' id='word_1_423' title='bbox 2678 2137 2882 2201; x_wconf 89' lang='lat' dir='ltr'><strong>lucem,</strong></span> <span class='ocrx_word' id='word_1_424' title='bbox 2952 2138 3059 2200; x_wconf 89' lang='lat' dir='ltr'><strong>ita,</strong></span> <span class='ocrx_word' id='word_1_425' title='bbox 3113 2137 3211 2191; x_wconf 92' lang='lat' dir='ltr'><strong>etsi</strong></span> <span class='ocrx_word' id='word_1_426' title='bbox 3267 2151 3370 2189; x_wconf 88' lang='lat' dir='ltr'><strong>non</strong></span> <span class='ocrx_word' id='word_1_427' title='bbox 3440 2135 3645 2190; x_wconf 86' lang='lat' dir='ltr'><strong>directo</strong></span> <span class='ocrx_word' id='word_1_428' title='bbox 3720 2138 4047 2205; x_wconf 79' lang='lat' dir='ltr'><strong>pronuntia-</strong></span> 
     </span>
    </p>
   </div>
   <div class='ocr_carea' id='block_1_51' title="bbox 2431 2228 4052 2298">
    <p class='ocr_par' dir='ltr' id='par_1_51' title="bbox 2431 2228 4052 2298">
     <span class='ocr_line' id='line_1_51' title="bbox 2431 2228 4052 2298; baseline 0.001 -16"><span class='ocrx_word' id='word_1_429' title='bbox 2431 2229 2525 2293; x_wconf 86' lang='lat' dir='ltr'><strong>vit,</strong></span> <span class='ocrx_word' id='word_1_430' title='bbox 2570 2249 2583 2280; x_wconf 81' lang='lat' dir='ltr'><strong>t</strong></span> <span class='ocrx_word' id='word_1_431' title='bbox 2615 2231 2703 2298; x_wconf 85' lang='lat' dir='ltr'><strong>qui</strong></span> <span class='ocrx_word' id='word_1_432' title='bbox 2738 2245 2823 2285; x_wconf 89' lang='lat' dir='ltr'><strong>me</strong></span> <span class='ocrx_word' id='word_1_433' title='bbox 2847 2229 3127 2285; x_wconf 87' lang='lat' dir='ltr'><strong>confessus</strong></span> <span class='ocrx_word' id='word_1_434' title='bbox 3151 2229 3310 2284; x_wconf 89' lang='lat' dir='ltr'><strong>fuerit</strong></span> <span class='ocrx_word' id='word_1_435' title='bbox 3334 2246 3351 2280; x_wconf 83' lang='grc'><strong>&gt;</strong></span> <span class='ocrx_word' id='word_1_436' title='bbox 3383 2246 3396 2295; x_wconf 92' lang='grc'><strong>;</strong></span> <span class='ocrx_word' id='word_1_437' title='bbox 3426 2245 3531 2282; x_wconf 93' lang='lat' dir='ltr'><strong>non</strong></span> <span class='ocrx_word' id='word_1_438' title='bbox 3558 2237 3640 2283; x_wconf 84' lang='lat' dir='ltr'><strong>est</strong></span> <span class='ocrx_word' id='word_1_439' title='bbox 3665 2228 3914 2284; x_wconf 84' lang='lat' dir='ltr'><strong>diversus</strong></span> <span class='ocrx_word' id='word_1_440' title='bbox 3961 2245 4052 2284; x_wconf 86' lang='lat' dir='ltr'><strong>ac-</strong></span> 
     </span>
    </p>
   </div>
   <div class='ocr_carea' id='block_1_52' title="bbox 2435 2321 4049 2392">
    <p class='ocr_par' dir='ltr' id='par_1_52' title="bbox 2435 2321 4049 2392">
     <span class='ocr_line' id='line_1_52' title="bbox 2435 2321 4049 2392; baseline 0 -17"><span class='ocrx_word' id='word_1_441' title='bbox 2435 2330 2518 2375; x_wconf 91' lang='lat' dir='ltr'><strong>tus</strong></span> <span class='ocrx_word' id='word_1_442' title='bbox 2545 2321 2873 2392; x_wconf 69' lang='lat' dir='ltr'><strong>quotidiana:</strong></span> <span class='ocrx_word' id='word_1_443' title='bbox 2901 2321 3256 2377; x_wconf 88' lang='lat' dir='ltr'><strong>confessionis</strong></span> <span class='ocrx_word' id='word_1_444' title='bbox 3285 2363 3299 2386; x_wconf 90' lang='lat'><strong>,</strong></span> <span class='ocrx_word' id='word_1_445' title='bbox 3331 2336 3358 2374; x_wconf 87' lang='lat' dir='ltr'><strong>a</strong></span> <span class='ocrx_word' id='word_1_446' title='bbox 3405 2336 3566 2375; x_wconf 89' lang='lat' dir='ltr'><strong>sensu</strong></span> <span class='ocrx_word' id='word_1_447' title='bbox 3601 2321 3894 2377; x_wconf 64' lang='lat' dir='ltr'><strong>Dominice</strong></span> <span class='ocrx_word' id='word_1_448' title='bbox 3923 2335 4049 2390; x_wconf 84' lang='lat' dir='ltr'><strong>pro-</strong></span> 
     </span>
    </p>
   </div>
   <div class='ocr_carea' id='block_1_53' title="bbox 2429 2415 4052 2486">
    <p class='ocr_par' dir='ltr' id='par_1_53' title="bbox 2429 2415 4052 2486">
     <span class='ocr_line' id='line_1_53' title="bbox 2429 2415 4052 2486; baseline 0.001 -17"><span class='ocrx_word' id='word_1_449' title='bbox 2429 2417 2795 2472; x_wconf 90' lang='lat' dir='ltr'><strong>nuntiationis.</strong></span> <span class='ocrx_word' id='word_1_450' title='bbox 2815 2417 2966 2484; x_wconf 90' lang='lat' dir='ltr'><strong>Quod</strong></span> <span class='ocrx_word' id='word_1_451' title='bbox 2985 2416 3125 2471; x_wconf 92' lang='lat' dir='ltr'><strong>enim</strong></span> <span class='ocrx_word' id='word_1_452' title='bbox 3141 2424 3224 2470; x_wconf 91' lang='lat' dir='ltr'><strong>est</strong></span> <span class='ocrx_word' id='word_1_453' title='bbox 3247 2415 3336 2486; x_wconf 91' lang='lat' dir='ltr'><strong>qui</strong></span> <span class='ocrx_word' id='word_1_454' title='bbox 3361 2415 3443 2482; x_wconf 72' lang='lat'><strong>(4)</strong></span> <span class='ocrx_word' id='word_1_455' title='bbox 3466 2431 3526 2470; x_wconf 90' lang='lat' dir='ltr'><strong>se</strong></span> <span class='ocrx_word' id='word_1_456' title='bbox 3551 2415 3854 2479; x_wconf 88' lang='lat' dir='ltr'><strong>conﬁtetur,</strong></span> <span class='ocrx_word' id='word_1_457' title='bbox 3887 2417 3936 2470; x_wconf 90' lang='lat' dir='ltr'><strong>id</strong></span> <span class='ocrx_word' id='word_1_458' title='bbox 3966 2424 4052 2470; x_wconf 80' lang='lat' dir='ltr'><strong>est</strong></span> 
     </span>
    </p>
   </div>
   <div class='ocr_carea' id='block_1_54' title="bbox 2430 2508 4047 2578">
    <p class='ocr_par' dir='ltr' id='par_1_54' title="bbox 2430 2508 4047 2578">
     <span class='ocr_line' id='line_1_54' title="bbox 2430 2508 4047 2578; baseline 0 -16"><span class='ocrx_word' id='word_1_459' title='bbox 2430 2508 2804 2573; x_wconf 84' lang='lat' dir='ltr'><strong>christianum,</strong></span> <span class='ocrx_word' id='word_1_460' title='bbox 2866 2511 3026 2564; x_wconf 90' lang='lat' dir='ltr'><strong>etiam</strong></span> <span class='ocrx_word' id='word_1_461' title='bbox 3071 2508 3122 2563; x_wconf 92' lang='lat' dir='ltr'><strong>id</strong></span> <span class='ocrx_word' id='word_1_462' title='bbox 3173 2523 3268 2578; x_wconf 89' lang='lat' dir='ltr'><strong>per</strong></span> <span class='ocrx_word' id='word_1_463' title='bbox 3292 2508 3433 2578; x_wconf 88' lang='lat' dir='ltr'><strong>quod</strong></span> <span class='ocrx_word' id='word_1_464' title='bbox 3479 2518 3562 2564; x_wconf 79' lang='lat' dir='ltr'><strong>est</strong></span> <span class='ocrx_word' id='word_1_465' title='bbox 3601 2508 3931 2574; x_wconf 81' lang='lat' dir='ltr'><strong>conﬁtetur,</strong></span> <span class='ocrx_word' id='word_1_466' title='bbox 3990 2508 4047 2562; x_wconf 88' lang='lat' dir='ltr'><strong>id</strong></span> 
     </span>
    </p>
   </div>
   <div class='ocr_carea' id='block_1_55' title="bbox 2427 2600 4047 2672">
    <p class='ocr_par' dir='ltr' id='par_1_55' title="bbox 2427 2600 4047 2672">
     <span class='ocr_line' id='line_1_55' title="bbox 2427 2600 4047 2672; baseline 0 -18"><span class='ocrx_word' id='word_1_467' title='bbox 2427 2611 2510 2655; x_wconf 88' lang='lat' dir='ltr'><strong>est</strong></span> <span class='ocrx_word' id='word_1_468' title='bbox 2531 2600 2825 2659; x_wconf 84' lang='lat' dir='ltr'><strong>Christum.</strong></span> <span class='ocrx_word' id='word_1_469' title='bbox 2856 2602 3084 2658; x_wconf 85' lang='lat' dir='ltr'><strong>Proinde</strong></span> <span class='ocrx_word' id='word_1_470' title='bbox 3129 2604 3217 2671; x_wconf 88' lang='lat' dir='ltr'><strong>qui</strong></span> <span class='ocrx_word' id='word_1_471' title='bbox 3268 2616 3326 2656; x_wconf 88' lang='lat' dir='ltr'><strong>se</strong></span> <span class='ocrx_word' id='word_1_472' title='bbox 3376 2603 3592 2672; x_wconf 86' lang='lat' dir='ltr'><strong>negavit</strong></span> <span class='ocrx_word' id='word_1_473' title='bbox 3633 2603 3991 2660; x_wconf 85' lang='lat' dir='ltr'><strong>christianum</strong></span> <span class='ocrx_word' id='word_1_474' title='bbox 4030 2643 4047 2669; x_wconf 91' lang='lat'><strong>,</strong></span> 
     </span>
    </p>
   </div>
   <div class='ocr_carea' id='block_1_56' title="bbox 2429 2693 4045 2766">
    <p class='ocr_par' dir='ltr' id='par_1_56' title="bbox 2429 2693 4045 2766">
     <span class='ocr_line' id='line_1_56' title="bbox 2429 2693 4045 2766; baseline 0.001 -19"><span class='ocrx_word' id='word_1_475' title='bbox 2429 2693 2480 2747; x_wconf 93' lang='lat' dir='ltr'><strong>in</strong></span> <span class='ocrx_word' id='word_1_476' title='bbox 2538 2694 2755 2749; x_wconf 89' lang='lat' dir='ltr'><strong>Christo</strong></span> <span class='ocrx_word' id='word_1_477' title='bbox 2830 2697 3058 2766; x_wconf 89' lang='lat' dir='ltr'><strong>negavit,</strong></span> <span class='ocrx_word' id='word_1_478' title='bbox 3116 2695 3359 2764; x_wconf 85' lang='lat' dir='ltr'><strong>negando</strong></span> <span class='ocrx_word' id='word_1_479' title='bbox 3414 2710 3471 2748; x_wconf 90' lang='lat' dir='ltr'><strong>se</strong></span> <span class='ocrx_word' id='word_1_480' title='bbox 3521 2695 3570 2748; x_wconf 94' lang='lat' dir='ltr'><strong>in</strong></span> <span class='ocrx_word' id='word_1_481' title='bbox 3625 2695 3842 2747; x_wconf 86' lang='lat' dir='ltr'><strong>Christo</strong></span> <span class='ocrx_word' id='word_1_482' title='bbox 3895 2709 4045 2760; x_wconf 86' lang='lat' dir='ltr'><strong>esse,</strong></span> 
     </span>
    </p>
   </div>
   <div class='ocr_carea' id='block_1_57' title="bbox 2427 2785 4048 2855">
    <p class='ocr_par' dir='ltr' id='par_1_57' title="bbox 2427 2785 4048 2855">
     <span class='ocr_line' id='line_1_57' title="bbox 2427 2785 4048 2855; baseline 0.001 -17"><span class='ocrx_word' id='word_1_483' title='bbox 2427 2785 2552 2838; x_wconf 89' lang='lat' dir='ltr'><strong>dum</strong></span> <span class='ocrx_word' id='word_1_484' title='bbox 2605 2795 2762 2855; x_wconf 84' lang='lat' dir='ltr'><strong>negat</strong></span> <span class='ocrx_word' id='word_1_485' title='bbox 2806 2801 2865 2840; x_wconf 90' lang='lat' dir='ltr'><strong>se</strong></span> <span class='ocrx_word' id='word_1_486' title='bbox 2919 2787 3293 2849; x_wconf 84' lang='lat' dir='ltr'><strong>christianum,</strong></span> <span class='ocrx_word' id='word_1_487' title='bbox 3343 2795 3396 2839; x_wconf 91' lang='lat' dir='ltr'><strong>ct</strong></span> <span class='ocrx_word' id='word_1_488' title='bbox 3433 2785 3704 2840; x_wconf 87' lang='lat' dir='ltr'><strong>Christum</strong></span> <span class='ocrx_word' id='word_1_489' title='bbox 3753 2794 3934 2839; x_wconf 84' lang='lat' dir='ltr'><strong>autem</strong></span> <span class='ocrx_word' id='word_1_490' title='bbox 3988 2786 4048 2840; x_wconf 90' lang='lat' dir='ltr'><strong>in</strong></span> 
     </span>
    </p>
   </div>
   <div class='ocr_carea' id='block_1_58' title="bbox 2427 2877 4049 2948">
    <p class='ocr_par' dir='ltr' id='par_1_58' title="bbox 2427 2877 4049 2948">
     <span class='ocr_line' id='line_1_58' title="bbox 2427 2877 4049 2948; baseline 0.001 -17"><span class='ocrx_word' id='word_1_491' title='bbox 2427 2893 2485 2932; x_wconf 89' lang='lat' dir='ltr'><strong>se</strong></span> <span class='ocrx_word' id='word_1_492' title='bbox 2540 2879 2824 2948; x_wconf 90' lang='lat' dir='ltr'><strong>negando,</strong></span> <span class='ocrx_word' id='word_1_493' title='bbox 2875 2878 3000 2933; x_wconf 91' lang='lat' dir='ltr'><strong>dum</strong></span> <span class='ocrx_word' id='word_1_494' title='bbox 3045 2893 3104 2933; x_wconf 90' lang='lat' dir='ltr'><strong>se</strong></span> <span class='ocrx_word' id='word_1_495' title='bbox 3157 2881 3208 2932; x_wconf 94' lang='lat' dir='ltr'><strong>in</strong></span> <span class='ocrx_word' id='word_1_496' title='bbox 3257 2877 3473 2933; x_wconf 89' lang='lat' dir='ltr'><strong>Christo</strong></span> <span class='ocrx_word' id='word_1_497' title='bbox 3517 2888 3711 2948; x_wconf 84' lang='lat' dir='ltr'><strong>negat,</strong></span> <span class='ocrx_word' id='word_1_498' title='bbox 3768 2879 4049 2932; x_wconf 85' lang='lat' dir='ltr'><strong>Christum</strong></span> 
     </span>
    </p>
   </div>
   <div class='ocr_carea' id='block_1_59' title="bbox 2425 2969 4048 3042">
    <p class='ocr_par' dir='ltr' id='par_1_59' title="bbox 2425 2969 4048 3042">
     <span class='ocr_line' id='line_1_59' title="bbox 2425 2969 4048 3042; baseline 0.001 -19"><span class='ocrx_word' id='word_1_499' title='bbox 2425 2986 2640 3040; x_wconf 88' lang='lat' dir='ltr'><strong>quoque</strong></span> <span class='ocrx_word' id='word_1_500' title='bbox 2681 2972 2912 3040; x_wconf 85' lang='lat' dir='ltr'><strong>negabit.</strong></span> <span class='ocrx_word' id='word_1_501' title='bbox 2983 2970 3058 3027; x_wconf 81' lang='lat' dir='ltr'><strong>Ita</strong></span> <span class='ocrx_word' id='word_1_502' title='bbox 3115 2980 3168 3026; x_wconf 90' lang='lat' dir='ltr'><strong>et</strong></span> <span class='ocrx_word' id='word_1_503' title='bbox 3207 2972 3297 3042; x_wconf 92' lang='lat' dir='ltr'><strong>qui</strong></span> <span class='ocrx_word' id='word_1_504' title='bbox 3353 2971 3404 3025; x_wconf 92' lang='lat' dir='ltr'><strong>in</strong></span> <span class='ocrx_word' id='word_1_505' title='bbox 3453 2969 3669 3026; x_wconf 87' lang='lat' dir='ltr'><strong>Christo</strong></span> <span class='ocrx_word' id='word_1_506' title='bbox 3723 2972 4048 3040; x_wconf 82' lang='lat' dir='ltr'><strong>negaverit,</strong></span> 
     </span>
    </p>
   </div>
   <div class='ocr_carea' id='block_1_60' title="bbox 2424 3063 4047 3134">
    <p class='ocr_par' dir='ltr' id='par_1_60' title="bbox 2424 3063 4047 3134">
     <span class='ocr_line' id='line_1_60' title="bbox 2424 3063 4047 3134; baseline 0.001 -18"><span class='ocrx_word' id='word_1_507' title='bbox 2424 3063 2697 3118; x_wconf 88' lang='lat' dir='ltr'><strong>Christum</strong></span> <span class='ocrx_word' id='word_1_508' title='bbox 2741 3064 2977 3133; x_wconf 87' lang='lat' dir='ltr'><strong>negahit.</strong></span> <span class='ocrx_word' id='word_1_509' title='bbox 3005 3065 3068 3118; x_wconf 81' lang='lat' dir='ltr'><strong>Et</strong></span> <span class='ocrx_word' id='word_1_510' title='bbox 3093 3065 3182 3134; x_wconf 91' lang='lat' dir='ltr'><strong>qui</strong></span> <span class='ocrx_word' id='word_1_511' title='bbox 3215 3064 3266 3118; x_wconf 93' lang='lat' dir='ltr'><strong>in</strong></span> <span class='ocrx_word' id='word_1_512' title='bbox 3298 3063 3513 3119; x_wconf 91' lang='lat' dir='ltr'><strong>Christo</strong></span> <span class='ocrx_word' id='word_1_513' title='bbox 3535 3065 3812 3120; x_wconf 86' lang='lat' dir='ltr'><strong>confessus</strong></span> <span class='ocrx_word' id='word_1_514' title='bbox 3838 3063 4047 3130; x_wconf 89' lang='lat' dir='ltr'><strong>fuerit,</strong></span> 
     </span>
    </p>
   </div>
   <div class='ocr_carea' id='block_1_61' title="bbox 2423 3156 4040 3226">
    <p class='ocr_par' dir='ltr' id='par_1_61' title="bbox 2423 3156 4040 3226">
     <span class='ocr_line' id='line_1_61' title="bbox 2423 3156 4040 3226; baseline 0.001 -17"><span class='ocrx_word' id='word_1_515' title='bbox 2423 3156 2696 3210; x_wconf 85' lang='lat' dir='ltr'><strong>Christum</strong></span> <span class='ocrx_word' id='word_1_516' title='bbox 2723 3157 3082 3211; x_wconf 79' lang='lat' dir='ltr'><strong>conﬁtebitur.</strong></span> <span class='ocrx_word' id='word_1_517' title='bbox 3116 3157 3431 3212; x_wconf 78' lang='lat' dir='ltr'><strong>Suffecisset</strong></span> <span class='ocrx_word' id='word_1_518' title='bbox 3463 3157 3621 3226; x_wconf 81' lang='lat' dir='ltr'><strong>igitur</strong></span> <span class='ocrx_word' id='word_1_519' title='bbox 3647 3167 3700 3210; x_wconf 85' lang='lat' dir='ltr'><strong>et</strong></span> <span class='ocrx_word' id='word_1_520' title='bbox 3730 3160 3773 3210; x_wconf 88' lang='lat' dir='ltr'><strong>si</strong></span> <span class='ocrx_word' id='word_1_521' title='bbox 3805 3157 3874 3210; x_wconf 90' lang='lat' dir='ltr'><strong>de</strong></span> <span class='ocrx_word' id='word_1_522' title='bbox 3900 3173 4040 3211; x_wconf 87' lang='lat' dir='ltr'><strong>con-</strong></span> 
     </span>
    </p>
   </div>
   <div class='ocr_carea' id='block_1_62' title="bbox 710 3247 4046 3326">
    <p class='ocr_par' dir='ltr' id='par_1_62' title="bbox 710 3247 4046 3326">
     <span class='ocr_line' id='line_1_62' title="bbox 710 3247 4046 3326; baseline 0 -22"><span class='ocrx_word' id='word_1_523' title='bbox 710 3266 861 3319; x_wconf 84' lang='lat' dir='ltr'><strong>super</strong></span> <span class='ocrx_word' id='word_1_524' title='bbox 888 3247 1151 3300; x_wconf 88' lang='lat' dir='ltr'><strong>dominum</strong></span> <span class='ocrx_word' id='word_1_525' title='bbox 1180 3262 1356 3311; x_wconf 89' lang='lat' dir='ltr'><strong>suum;</strong></span> <span class='ocrx_word' id='word_1_526' title='bbox 1386 3247 1507 3314; x_wconf 86' lang='lat' dir='ltr'><strong>quia</strong></span> <span class='ocrx_word' id='word_1_527' title='bbox 1540 3262 1662 3300; x_wconf 88' lang='lat' dir='ltr'><strong>cum</strong></span> <span class='ocrx_word' id='word_1_528' title='bbox 1695 3247 1949 3316; x_wconf 89' lang='lat' dir='ltr'><strong>magister</strong></span> <span class='ocrx_word' id='word_1_529' title='bbox 1978 3258 2032 3301; x_wconf 90' lang='lat' dir='ltr'><strong>et</strong></span> <span class='ocrx_word' id='word_1_530' title='bbox 2069 3248 2320 3304; x_wconf 89' lang='lat' dir='ltr'><strong>dominus</strong></span> <span class='ocrx_word' id='word_1_531' title='bbox 2347 3265 2390 3326; x_wconf 72' lang='grc' dir='ltr'><strong>ρ</strong></span> <span class='ocrx_word' id='word_1_532' title='bbox 2425 3247 2625 3302; x_wconf 86' lang='lat' dir='ltr'><strong>ﬁtendo</strong></span> <span class='ocrx_word' id='word_1_533' title='bbox 2701 3249 3074 3303; x_wconf 85' lang='lat' dir='ltr'><strong>tantummodo</strong></span> <span class='ocrx_word' id='word_1_534' title='bbox 3127 3248 3383 3304; x_wconf 90' lang='lat' dir='ltr'><strong>Dominus</strong></span> <span class='ocrx_word' id='word_1_535' title='bbox 3458 3250 3882 3317; x_wconf 88' lang='lat' dir='ltr'><strong>pronuntiasset.</strong></span> <span class='ocrx_word' id='word_1_536' title='bbox 3957 3249 4046 3305; x_wconf 77' lang='lat' dir='ltr'><strong>Ex</strong></span> 
     </span>
    </p>
   </div>
   <div class='ocr_carea' id='block_1_63' title="bbox 713 3339 2321 3410">
    <p class='ocr_par' dir='ltr' id='par_1_63' title="bbox 713 3339 2321 3410">
     <span class='ocr_line' id='line_1_63' title="bbox 713 3339 2321 3410; baseline 0.002 -15"><span class='ocrx_word' id='word_1_537' title='bbox 713 3343 827 3409; x_wconf 88' lang='lat' dir='ltr'><strong>ipse</strong></span> <span class='ocrx_word' id='word_1_538' title='bbox 875 3353 1165 3410; x_wconf 89' lang='lat' dir='ltr'><strong>perpessus</strong></span> <span class='ocrx_word' id='word_1_539' title='bbox 1211 3340 1280 3392; x_wconf 93' lang='lat' dir='ltr'><strong>sit</strong></span> <span class='ocrx_word' id='word_1_540' title='bbox 1311 3340 1735 3407; x_wconf 87' lang='lat' dir='ltr'><strong>persecutionem</strong></span> <span class='ocrx_word' id='word_1_541' title='bbox 1777 3349 1833 3394; x_wconf 91' lang='lat' dir='ltr'><strong>et</strong></span> <span class='ocrx_word' id='word_1_542' title='bbox 1875 3339 2216 3397; x_wconf 88' lang='lat' dir='ltr'><strong>traditionem</strong></span> <span class='ocrx_word' id='word_1_543' title='bbox 2267 3355 2321 3398; x_wconf 88' lang='lat' dir='ltr'><strong>et</strong></span> 
     </span>
    </p>
   </div>
   <div class='ocr_carea' id='block_1_64' title="bbox 712 3430 2317 3502">
    <p class='ocr_par' dir='ltr' id='par_1_64' title="bbox 712 3430 2317 3502">
     <span class='ocr_line' id='line_1_64' title="bbox 712 3430 2317 3502; baseline 0.001 -16"><span class='ocrx_word' id='word_1_544' title='bbox 712 3433 1062 3497; x_wconf 89' lang='lat' dir='ltr'><strong>occisionem,</strong></span> <span class='ocrx_word' id='word_1_545' title='bbox 1110 3431 1281 3486; x_wconf 91' lang='lat' dir='ltr'><strong>multo</strong></span> <span class='ocrx_word' id='word_1_546' title='bbox 1312 3431 1478 3500; x_wconf 88' lang='lat' dir='ltr'><strong>magis</strong></span> <span class='ocrx_word' id='word_1_547' title='bbox 1509 3431 1650 3485; x_wconf 87' lang='lat' dir='ltr'><strong>servi</strong></span> <span class='ocrx_word' id='word_1_548' title='bbox 1689 3440 1744 3485; x_wconf 91' lang='lat' dir='ltr'><strong>et</strong></span> <span class='ocrx_word' id='word_1_549' title='bbox 1779 3430 2024 3502; x_wconf 87' lang='lat' dir='ltr'><strong>discipuli</strong></span> <span class='ocrx_word' id='word_1_550' title='bbox 2073 3434 2317 3487; x_wconf 90' lang='lat' dir='ltr'><strong>eamdem</strong></span> 
     </span>
    </p>
   </div>
   <div class='ocr_carea' id='block_1_65' title="bbox 710 3523 2319 3596">
    <p class='ocr_par' dir='ltr' id='par_1_65' title="bbox 710 3523 2319 3596">
     <span class='ocr_line' id='line_1_65' title="bbox 710 3523 2319 3596; baseline 0 -16"><span class='ocrx_word' id='word_1_551' title='bbox 710 3524 1024 3596; x_wconf 78' lang='lat' dir='ltr'><strong>expendere</strong></span> <span class='ocrx_word' id='word_1_552' title='bbox 1068 3523 1370 3586; x_wconf 83' lang='lat' dir='ltr'><strong>debebunt,</strong></span> <span class='ocrx_word' id='word_1_553' title='bbox 1425 3538 1493 3578; x_wconf 91' lang='lat' dir='ltr'><strong>ne</strong></span> <span class='ocrx_word' id='word_1_554' title='bbox 1536 3523 1687 3593; x_wconf 88' lang='lat' dir='ltr'><strong>quasi</strong></span> <span class='ocrx_word' id='word_1_555' title='bbox 1732 3525 2036 3593; x_wconf 89' lang='lat' dir='ltr'><strong>superiores</strong></span> <span class='ocrx_word' id='word_1_556' title='bbox 2086 3527 2319 3596; x_wconf 78' lang='lat' dir='ltr'><strong>exempti</strong></span> 
     </span>
    </p>
   </div>
   <div class='ocr_carea' id='block_1_66' title="bbox 710 3614 2320 3686">
    <p class='ocr_par' dir='ltr' id='par_1_66' title="bbox 710 3614 2320 3686">
     <span class='ocr_line' id='line_1_66' title="bbox 710 3614 2320 3686; baseline 0.001 -14"><span class='ocrx_word' id='word_1_557' title='bbox 710 3617 779 3672; x_wconf 89' lang='lat' dir='ltr'><strong>de</strong></span> <span class='ocrx_word' id='word_1_558' title='bbox 848 3617 1124 3686; x_wconf 85' lang='lat' dir='ltr'><strong>iniquitate</strong></span> <span class='ocrx_word' id='word_1_559' title='bbox 1171 3614 1497 3679; x_wconf 88' lang='lat' dir='ltr'><strong>videantur;</strong></span> <span class='ocrx_word' id='word_1_560' title='bbox 1556 3615 1772 3685; x_wconf 86' lang='lat' dir='ltr'><strong>quando</strong></span> <span class='ocrx_word' id='word_1_561' title='bbox 1816 3615 1918 3670; x_wconf 89' lang='lat' dir='ltr'><strong>hoc</strong></span> <span class='ocrx_word' id='word_1_562' title='bbox 1972 3618 2144 3684; x_wconf 91' lang='lat' dir='ltr'><strong>ipsum</strong></span> <span class='ocrx_word' id='word_1_563' title='bbox 2218 3621 2320 3673; x_wconf 89' lang='lat' dir='ltr'><strong>suf-</strong></span> 
     </span>
    </p>
   </div>
   <div class='ocr_carea' id='block_1_67' title="bbox 713 3705 2320 3778">
    <p class='ocr_par' dir='ltr' id='par_1_67' title="bbox 713 3705 2320 3778">
     <span class='ocr_line' id='line_1_67' title="bbox 713 3705 2320 3778; baseline 0.001 -14"><span class='ocrx_word' id='word_1_564' title='bbox 713 3711 875 3764; x_wconf 88' lang='lat' dir='ltr'><strong>ﬁcere</strong></span> <span class='ocrx_word' id='word_1_565' title='bbox 926 3708 1004 3762; x_wconf 86' lang='lat' dir='ltr'><strong>eis</strong></span> <span class='ocrx_word' id='word_1_566' title='bbox 1068 3707 1135 3761; x_wconf 89' lang='lat' dir='ltr'><strong>ad</strong></span> <span class='ocrx_word' id='word_1_567' title='bbox 1201 3707 1422 3776; x_wconf 88' lang='lat' dir='ltr'><strong>gloriam</strong></span> <span class='ocrx_word' id='word_1_568' title='bbox 1482 3705 1696 3769; x_wconf 88' lang='lat' dir='ltr'><strong>debeat,</strong></span> <span class='ocrx_word' id='word_1_569' title='bbox 1746 3707 1946 3776; x_wconf 68' lang='lat' dir='ltr'><strong>aequari</strong></span> <span class='ocrx_word' id='word_1_570' title='bbox 1984 3709 2320 3778; x_wconf 88' lang='lat' dir='ltr'><strong>passionlbus</strong></span> 
     </span>
    </p>
   </div>
   <div class='ocr_carea' id='block_1_68' title="bbox 714 3799 2318 3871">
    <p class='ocr_par' dir='ltr' id='par_1_68' title="bbox 714 3799 2318 3871">
     <span class='ocr_line' id='line_1_68' title="bbox 714 3799 2318 3871; baseline 0.001 -14"><span class='ocrx_word' id='word_1_571' title='bbox 714 3802 926 3857; x_wconf 86' lang='lat' dir='ltr'><strong>Domini</strong></span> <span class='ocrx_word' id='word_1_572' title='bbox 952 3809 1006 3857; x_wconf 92' lang='lat' dir='ltr'><strong>et</strong></span> <span class='ocrx_word' id='word_1_573' title='bbox 1027 3800 1259 3871; x_wconf 82' lang='lat' dir='ltr'><strong>Magistri</strong></span> <span class='ocrx_word' id='word_1_574' title='bbox 1287 3817 1302 3864; x_wconf 86' lang='lat'><strong>;</strong></span> <span class='ocrx_word' id='word_1_575' title='bbox 1331 3799 1398 3854; x_wconf 89' lang='lat' dir='ltr'><strong>ad</strong></span> <span class='ocrx_word' id='word_1_576' title='bbox 1428 3815 1654 3870; x_wconf 89' lang='lat' dir='ltr'><strong>quarum</strong></span> <span class='ocrx_word' id='word_1_577' title='bbox 1684 3799 2017 3856; x_wconf 88' lang='lat' dir='ltr'><strong>tolerantiam</strong></span> <span class='ocrx_word' id='word_1_578' title='bbox 2049 3803 2318 3859; x_wconf 69' lang='lat' dir='ltr'><strong>aedificatus</strong></span> 
     </span>
    </p>
   </div>
   <div class='ocr_carea' id='block_1_69' title="bbox 711 3891 2318 3963">
    <p class='ocr_par' dir='ltr' id='par_1_69' title="bbox 711 3891 2318 3963">
     <span class='ocr_line' id='line_1_69' title="bbox 711 3891 2318 3963; baseline 0 -14"><span class='ocrx_word' id='word_1_579' title='bbox 711 3905 892 3949; x_wconf 89' lang='lat' dir='ltr'><strong>monet</strong></span> <span class='ocrx_word' id='word_1_580' title='bbox 931 3893 1104 3963; x_wconf 88' lang='lat' dir='ltr'><strong>(ibid.,</strong></span> <span class='ocrx_word' id='word_1_581' title='bbox 1128 3909 1177 3946; x_wconf 80' lang='grc' dir='ltr'><strong>υ.</strong></span> <span class='ocrx_word' id='word_1_582' title='bbox 1209 3891 1333 3962; x_wconf 71' lang='lat'><strong>28),</strong></span> <span class='ocrx_word' id='word_1_583' title='bbox 1359 3908 1463 3946; x_wconf 86' lang='lat' dir='ltr'><strong>non</strong></span> <span class='ocrx_word' id='word_1_584' title='bbox 1491 3907 1578 3946; x_wconf 89' lang='lat' dir='ltr'><strong>eos</strong></span> <span class='ocrx_word' id='word_1_585' title='bbox 1603 3893 1874 3958; x_wconf 86' lang='lat' dir='ltr'><strong>timendos,</strong></span> <span class='ocrx_word' id='word_1_586' title='bbox 1901 3893 1986 3963; x_wconf 91' lang='lat' dir='ltr'><strong>qui</strong></span> <span class='ocrx_word' id='word_1_587' title='bbox 2012 3893 2177 3948; x_wconf 90' lang='lat' dir='ltr'><strong>solum</strong></span> <span class='ocrx_word' id='word_1_588' title='bbox 2205 3911 2318 3949; x_wconf 87' lang='lat' dir='ltr'><strong>cor-</strong></span> 
     </span>
    </p>
   </div>
   <div class='ocr_carea' id='block_1_70' title="bbox 710 3984 2316 4058">
    <p class='ocr_par' dir='ltr' id='par_1_70' title="bbox 710 3984 2316 4058">
     <span class='ocr_line' id='line_1_70' title="bbox 710 3984 2316 4058; baseline 0.002 -19"><span class='ocrx_word' id='word_1_589' title='bbox 710 4003 805 4058; x_wconf 91' lang='lat' dir='ltr'><strong>pus</strong></span> <span class='ocrx_word' id='word_1_590' title='bbox 833 3986 1086 4050; x_wconf 87' lang='lat' dir='ltr'><strong>occidant,</strong></span> <span class='ocrx_word' id='word_1_591' title='bbox 1129 3984 1355 4038; x_wconf 87' lang='lat' dir='ltr'><strong>animant</strong></span> <span class='ocrx_word' id='word_1_592' title='bbox 1400 3993 1567 4036; x_wconf 90' lang='lat' dir='ltr'><strong>autem</strong></span> <span class='ocrx_word' id='word_1_593' title='bbox 1616 3985 1899 4052; x_wconf 80' lang='lat' dir='ltr'><strong>interﬁcere</strong></span> <span class='ocrx_word' id='word_1_594' title='bbox 1938 4001 2038 4038; x_wconf 86' lang='lat' dir='ltr'><strong>non</strong></span> <span class='ocrx_word' id='word_1_595' title='bbox 2081 3987 2316 4043; x_wconf 81' lang='lat' dir='ltr'><strong>valeant:</strong></span> 
     </span>
    </p>
   </div>
   <div class='ocr_carea' id='block_1_71' title="bbox 710 4078 2318 4153">
    <p class='ocr_par' dir='ltr' id='par_1_71' title="bbox 710 4078 2318 4153">
     <span class='ocr_line' id='line_1_71' title="bbox 710 4078 2318 4153; baseline -0.002 -16"><span class='ocrx_word' id='word_1_596' title='bbox 710 4083 801 4137; x_wconf 85' lang='lat' dir='ltr'><strong>sed</strong></span> <span class='ocrx_word' id='word_1_597' title='bbox 828 4083 904 4136; x_wconf 89' lang='lat' dir='ltr'><strong>illi</strong></span> <span class='ocrx_word' id='word_1_598' title='bbox 933 4083 1100 4153; x_wconf 86' lang='lat' dir='ltr'><strong>potius</strong></span> <span class='ocrx_word' id='word_1_599' title='bbox 1132 4088 1318 4132; x_wconf 87' lang='lat' dir='ltr'><strong>metum</strong></span> <span class='ocrx_word' id='word_1_600' title='bbox 1358 4078 1780 4142; x_wconf 86' lang='lat' dir='ltr'><strong>consecrandum,</strong></span> <span class='ocrx_word' id='word_1_601' title='bbox 1829 4078 1917 4149; x_wconf 89' lang='lat' dir='ltr'><strong>qui</strong></span> <span class='ocrx_word' id='word_1_602' title='bbox 1958 4088 2005 4133; x_wconf 86' lang='lat' dir='ltr'><strong>et</strong></span> <span class='ocrx_word' id='word_1_603' title='bbox 2050 4095 2234 4150; x_wconf 87' lang='lat' dir='ltr'><strong>corpus</strong></span> <span class='ocrx_word' id='word_1_604' title='bbox 2271 4093 2318 4134; x_wconf 91' lang='lat' dir='ltr'><strong>et</strong></span> 
     </span>
    </p>
   </div>
   <div class='ocr_carea' id='block_1_72' title="bbox 711 4168 2314 4240">
    <p class='ocr_par' dir='ltr' id='par_1_72' title="bbox 711 4168 2314 4240">
     <span class='ocr_line' id='line_1_72' title="bbox 711 4168 2314 4240; baseline 0 -14"><span class='ocrx_word' id='word_1_605' title='bbox 711 4175 933 4226; x_wconf 87' lang='lat' dir='ltr'><strong>animam</strong></span> <span class='ocrx_word' id='word_1_606' title='bbox 964 4171 1192 4226; x_wconf 87' lang='lat' dir='ltr'><strong>occidere</strong></span> <span class='ocrx_word' id='word_1_607' title='bbox 1217 4178 1263 4223; x_wconf 88' lang='lat' dir='ltr'><strong>et</strong></span> <span class='ocrx_word' id='word_1_608' title='bbox 1289 4168 1496 4239; x_wconf 83' lang='lat' dir='ltr'><strong>perdere</strong></span> <span class='ocrx_word' id='word_1_609' title='bbox 1522 4169 1678 4238; x_wconf 86' lang='lat' dir='ltr'><strong>possit</strong></span> <span class='ocrx_word' id='word_1_610' title='bbox 1703 4169 1757 4221; x_wconf 90' lang='lat' dir='ltr'><strong>in</strong></span> <span class='ocrx_word' id='word_1_611' title='bbox 1797 4169 2042 4240; x_wconf 83' lang='lat' dir='ltr'><strong>gehenna.</strong></span> <span class='ocrx_word' id='word_1_612' title='bbox 2086 4171 2314 4239; x_wconf 90' lang='lat' dir='ltr'><strong>Quinam</strong></span> 
     </span>
    </p>
   </div>
   <div class='ocr_carea' id='block_1_73' title="bbox 713 4261 2316 4333">
    <p class='ocr_par' dir='ltr' id='par_1_73' title="bbox 713 4261 2316 4333">
     <span class='ocr_line' id='line_1_73' title="bbox 713 4261 2316 4333; baseline -0.001 -12"><span class='ocrx_word' id='word_1_613' title='bbox 713 4265 768 4320; x_wconf 87' lang='lat' dir='ltr'><strong>hi</strong></span> <span class='ocrx_word' id='word_1_614' title='bbox 794 4265 960 4320; x_wconf 88' lang='lat' dir='ltr'><strong>solius</strong></span> <span class='ocrx_word' id='word_1_615' title='bbox 985 4263 1226 4333; x_wconf 87' lang='lat' dir='ltr'><strong>corporis</strong></span> <span class='ocrx_word' id='word_1_616' title='bbox 1255 4262 1688 4331; x_wconf 89' lang='lat' dir='ltr'><strong>interemptores,</strong></span> <span class='ocrx_word' id='word_1_617' title='bbox 1739 4261 1836 4314; x_wconf 90' lang='lat' dir='ltr'><strong>nisi</strong></span> <span class='ocrx_word' id='word_1_618' title='bbox 1870 4261 2127 4331; x_wconf 68' lang='lat' dir='ltr'><strong>praesides</strong></span> <span class='ocrx_word' id='word_1_619' title='bbox 2150 4273 2203 4318; x_wconf 90' lang='lat' dir='ltr'><strong>et</strong></span> <span class='ocrx_word' id='word_1_620' title='bbox 2232 4281 2316 4320; x_wconf 89' lang='lat' dir='ltr'><strong>re-</strong></span> 
     </span>
    </p>
   </div>
   <div class='ocr_carea' id='block_1_74' title="bbox 710 4351 2316 4423">
    <p class='ocr_par' dir='ltr' id='par_1_74' title="bbox 710 4351 2316 4423">
     <span class='ocr_line' id='line_1_74' title="bbox 710 4351 2316 4423; baseline -0.001 -12"><span class='ocrx_word' id='word_1_621' title='bbox 710 4371 807 4422; x_wconf 81' lang='lat' dir='ltr'><strong>ges</strong></span> <span class='ocrx_word' id='word_1_622' title='bbox 851 4352 1182 4423; x_wconf 84' lang='lat' dir='ltr'><strong>supradicti?</strong></span> <span class='ocrx_word' id='word_1_623' title='bbox 1236 4352 1480 4406; x_wconf 89' lang='lat' dir='ltr'><strong>homines</strong></span> <span class='ocrx_word' id='word_1_624' title='bbox 1527 4351 1739 4421; x_wconf 91' lang='lat' dir='ltr'><strong>opinor.</strong></span> <span class='ocrx_word' id='word_1_625' title='bbox 1768 4351 1898 4418; x_wconf 89' lang='lat' dir='ltr'><strong>Quis</strong></span> <span class='ocrx_word' id='word_1_626' title='bbox 1941 4353 2102 4407; x_wconf 86' lang='lat' dir='ltr'><strong>etiam</strong></span> <span class='ocrx_word' id='word_1_627' title='bbox 2122 4355 2316 4410; x_wconf 81' lang='lat' dir='ltr'><strong>animae</strong></span> 
     </span>
    </p>
   </div>
   <div class='ocr_carea' id='block_1_75' title="bbox 710 4442 2316 4521">
    <p class='ocr_par' dir='ltr' id='par_1_75' title="bbox 710 4442 2316 4521">
     <span class='ocr_line' id='line_1_75' title="bbox 710 4442 2316 4521; baseline -0.009 -19"><span class='ocrx_word' id='word_1_628' title='bbox 710 4448 1034 4508; x_wconf 87' lang='lat' dir='ltr'><strong>dominator,</strong></span> <span class='ocrx_word' id='word_1_629' title='bbox 1067 4444 1167 4499; x_wconf 84' lang='lat' dir='ltr'><strong>nisi</strong></span> <span class='ocrx_word' id='word_1_630' title='bbox 1195 4444 1334 4498; x_wconf 90' lang='lat' dir='ltr'><strong>Deus</strong></span> <span class='ocrx_word' id='word_1_631' title='bbox 1364 4442 1552 4496; x_wconf 87' lang='lat' dir='ltr'><strong>solus?</strong></span> <span class='ocrx_word' id='word_1_632' title='bbox 1579 4442 1710 4510; x_wconf 84' lang='lat' dir='ltr'><strong>Quis</strong></span> <span class='ocrx_word' id='word_1_633' title='bbox 1742 4443 1842 4497; x_wconf 88' lang='lat' dir='ltr'><strong>iste</strong></span> <span class='ocrx_word' id='word_1_634' title='bbox 1869 4443 2067 4521; x_wconf 86' lang='lat' dir='ltr'><strong>ignium</strong></span> <span class='ocrx_word' id='word_1_635' title='bbox 2093 4449 2316 4500; x_wconf 91' lang='lat' dir='ltr'><strong>commi-</strong></span> 
     </span>
    </p>
   </div>
   <div class='ocr_carea' id='block_1_76' title="bbox 709 4533 2315 4604">
    <p class='ocr_par' dir='ltr' id='par_1_76' title="bbox 709 4533 2315 4604">
     <span class='ocr_line' id='line_1_76' title="bbox 709 4533 2315 4604; baseline -0.001 -10"><span class='ocrx_word' id='word_1_636' title='bbox 709 4547 886 4602; x_wconf 88' lang='lat' dir='ltr'><strong>nator,</strong></span> <span class='ocrx_word' id='word_1_637' title='bbox 916 4537 1014 4592; x_wconf 90' lang='lat' dir='ltr'><strong>nisi</strong></span> <span class='ocrx_word' id='word_1_638' title='bbox 1044 4537 1105 4602; x_wconf 90' lang='lat' dir='ltr'><strong>is,</strong></span> <span class='ocrx_word' id='word_1_639' title='bbox 1140 4535 1258 4590; x_wconf 86' lang='lat' dir='ltr'><strong>sine</strong></span> <span class='ocrx_word' id='word_1_640' title='bbox 1285 4533 1436 4604; x_wconf 85' lang='lat' dir='ltr'><strong>cujus</strong></span> <span class='ocrx_word' id='word_1_641' title='bbox 1462 4534 1733 4588; x_wconf 87' lang='lat' dir='ltr'><strong>voluntate</strong></span> <span class='ocrx_word' id='word_1_642' title='bbox 1760 4551 1860 4590; x_wconf 90' lang='lat' dir='ltr'><strong>nec</strong></span> <span class='ocrx_word' id='word_1_643' title='bbox 1883 4551 2153 4604; x_wconf 87' lang='lat' dir='ltr'><strong>passerum</strong></span> <span class='ocrx_word' id='word_1_644' title='bbox 2178 4539 2315 4594; x_wconf 89' lang='lat' dir='ltr'><strong>alter</strong></span> 
     </span>
    </p>
   </div>
   <div class='ocr_carea' id='block_1_77' title="bbox 2426 3337 4038 3410">
    <p class='ocr_par' dir='ltr' id='par_1_77' title="bbox 2426 3337 4038 3410">
     <span class='ocr_line' id='line_1_77' title="bbox 2426 3337 4038 3410; baseline 0.002 -19"><span class='ocrx_word' id='word_1_645' title='bbox 2426 3337 2595 3392; x_wconf 89' lang='lat' dir='ltr'><strong>forma</strong></span> <span class='ocrx_word' id='word_1_646' title='bbox 2623 3339 2766 3394; x_wconf 92' lang='lat' dir='ltr'><strong>enim</strong></span> <span class='ocrx_word' id='word_1_647' title='bbox 2794 3340 3148 3395; x_wconf 88' lang='lat' dir='ltr'><strong>confessionis</strong></span> <span class='ocrx_word' id='word_1_648' title='bbox 3170 3381 3184 3406; x_wconf 90' lang='lat'><strong>,</strong></span> <span class='ocrx_word' id='word_1_649' title='bbox 3215 3342 3490 3394; x_wconf 89' lang='lat' dir='ltr'><strong>contrario</strong></span> <span class='ocrx_word' id='word_1_650' title='bbox 3510 3355 3725 3410; x_wconf 86' lang='lat' dir='ltr'><strong>quoque</strong></span> <span class='ocrx_word' id='word_1_651' title='bbox 3749 3340 3866 3409; x_wconf 88' lang='lat' dir='ltr'><strong>ejus</strong></span> <span class='ocrx_word' id='word_1_652' title='bbox 3891 3355 4038 3410; x_wconf 69' lang='lat' dir='ltr'><strong>pree-</strong></span> 
     </span>
    </p>
   </div>
   <div class='ocr_carea' id='block_1_78' title="bbox 2420 3433 4041 3505">
    <p class='ocr_par' dir='ltr' id='par_1_78' title="bbox 2420 3433 4041 3505">
     <span class='ocr_line' id='line_1_78' title="bbox 2420 3433 4041 3505; baseline 0.002 -19"><span class='ocrx_word' id='word_1_653' title='bbox 2420 3433 2795 3502; x_wconf 85' lang='lat' dir='ltr'><strong>judicaretur,</strong></span> <span class='ocrx_word' id='word_1_654' title='bbox 2846 3435 2895 3488; x_wconf 90' lang='lat' dir='ltr'><strong>id</strong></span> <span class='ocrx_word' id='word_1_655' title='bbox 2945 3444 3028 3489; x_wconf 91' lang='lat' dir='ltr'><strong>est</strong></span> <span class='ocrx_word' id='word_1_656' title='bbox 3058 3434 3607 3505; x_wconf 86' lang='lat' dir='ltr'><strong>negationi;perinde</strong></span> <span class='ocrx_word' id='word_1_657' title='bbox 3647 3434 3916 3505; x_wconf 87' lang='lat' dir='ltr'><strong>negationi</strong></span> <span class='ocrx_word' id='word_1_658' title='bbox 3958 3434 4041 3504; x_wconf 84' lang='lat'><strong>(5)</strong></span> 
     </span>
    </p>
   </div>
   <div class='ocr_carea' id='block_1_79' title="bbox 2423 3525 4039 3597">
    <p class='ocr_par' dir='ltr' id='par_1_79' title="bbox 2423 3525 4039 3597">
     <span class='ocr_line' id='line_1_79' title="bbox 2423 3525 4039 3597; baseline 0.001 -17"><span class='ocrx_word' id='word_1_659' title='bbox 2423 3528 2764 3595; x_wconf 83' lang='lat' dir='ltr'><strong>negationem</strong></span> <span class='ocrx_word' id='word_1_660' title='bbox 2841 3527 3064 3597; x_wconf 90' lang='lat' dir='ltr'><strong>rependi</strong></span> <span class='ocrx_word' id='word_1_661' title='bbox 3135 3543 3165 3580; x_wconf 93' lang='lat' dir='ltr'><strong>a</strong></span> <span class='ocrx_word' id='word_1_662' title='bbox 3238 3527 3502 3593; x_wconf 88' lang='lat' dir='ltr'><strong>Domino,</strong></span> <span class='ocrx_word' id='word_1_663' title='bbox 3576 3525 4039 3596; x_wconf 83' lang='lat' dir='ltr'><strong>quemadmodum</strong></span> 
     </span>
    </p>
   </div>
   <div class='ocr_carea' id='block_1_80' title="bbox 2424 3619 4040 3691">
    <p class='ocr_par' dir='ltr' id='par_1_80' title="bbox 2424 3619 4040 3691">
     <span class='ocr_line' id='line_1_80' title="bbox 2424 3619 4040 3691; baseline 0.001 -17"><span class='ocrx_word' id='word_1_664' title='bbox 2424 3621 2746 3675; x_wconf 88' lang='lat' dir='ltr'><strong>confessioni</strong></span> <span class='ocrx_word' id='word_1_665' title='bbox 2831 3621 2912 3691; x_wconf 88' lang='lat'><strong>(6)</strong></span> <span class='ocrx_word' id='word_1_666' title='bbox 3008 3620 3425 3675; x_wconf 88' lang='lat' dir='ltr'><strong>confessionem.</strong></span> <span class='ocrx_word' id='word_1_667' title='bbox 3525 3619 3593 3673; x_wconf 86' lang='lat' dir='ltr'><strong>Et</strong></span> <span class='ocrx_word' id='word_1_668' title='bbox 3688 3619 3809 3674; x_wconf 87' lang='lat' dir='ltr'><strong>ideo</strong></span> <span class='ocrx_word' id='word_1_669' title='bbox 3909 3635 4040 3676; x_wconf 88' lang='lat' dir='ltr'><strong>cum</strong></span> 
     </span>
    </p>
   </div>
   <div class='ocr_carea' id='block_1_81' title="bbox 2426 3710 4040 3781">
    <p class='ocr_par' dir='ltr' id='par_1_81' title="bbox 2426 3710 4040 3781">
     <span class='ocr_line' id='line_1_81' title="bbox 2426 3710 4040 3781; baseline 0.001 -15"><span class='ocrx_word' id='word_1_670' title='bbox 2426 3711 2477 3766; x_wconf 93' lang='lat' dir='ltr'><strong>in</strong></span> <span class='ocrx_word' id='word_1_671' title='bbox 2546 3714 2714 3768; x_wconf 86' lang='lat' dir='ltr'><strong>forma</strong></span> <span class='ocrx_word' id='word_1_672' title='bbox 2760 3712 3150 3780; x_wconf 89' lang='lat' dir='ltr'><strong>confessionis,</strong></span> <span class='ocrx_word' id='word_1_673' title='bbox 3223 3713 3383 3766; x_wconf 89' lang='lat' dir='ltr'><strong>etiam</strong></span> <span class='ocrx_word' id='word_1_674' title='bbox 3444 3710 3746 3781; x_wconf 82' lang='lat' dir='ltr'><strong>negationis</strong></span> <span class='ocrx_word' id='word_1_675' title='bbox 3795 3711 4040 3768; x_wconf 88' lang='lat' dir='ltr'><strong>conditio</strong></span> 
     </span>
    </p>
   </div>
   <div class='ocr_carea' id='block_1_82' title="bbox 2426 3804 4041 3878">
    <p class='ocr_par' dir='ltr' id='par_1_82' title="bbox 2426 3804 4041 3878">
     <span class='ocr_line' id='line_1_82' title="bbox 2426 3804 4041 3878; baseline -0.001 -17"><span class='ocrx_word' id='word_1_676' title='bbox 2426 3808 2788 3878; x_wconf 82' lang='lat' dir='ltr'><strong>intelligatur,</strong></span> <span class='ocrx_word' id='word_1_677' title='bbox 2839 3816 3064 3878; x_wconf 89' lang='lat' dir='ltr'><strong>apparet</strong></span> <span class='ocrx_word' id='word_1_678' title='bbox 3136 3806 3203 3863; x_wconf 93' lang='lat' dir='ltr'><strong>ad</strong></span> <span class='ocrx_word' id='word_1_679' title='bbox 3268 3805 3432 3859; x_wconf 89' lang='lat' dir='ltr'><strong>alium</strong></span> <span class='ocrx_word' id='word_1_680' title='bbox 3495 3804 3711 3859; x_wconf 91' lang='lat' dir='ltr'><strong>modum</strong></span> <span class='ocrx_word' id='word_1_681' title='bbox 3796 3805 4041 3874; x_wconf 80' lang='lat' dir='ltr'><strong>negatio-</strong></span> 
     </span>
    </p>
   </div>
   <div class='ocr_carea' id='block_1_83' title="bbox 2424 3897 4033 3970">
    <p class='ocr_par' dir='ltr' id='par_1_83' title="bbox 2424 3897 4033 3970">
     <span class='ocr_line' id='line_1_83' title="bbox 2424 3897 4033 3970; baseline -0.002 -15"><span class='ocrx_word' id='word_1_682' title='bbox 2424 3902 2508 3955; x_wconf 89' lang='lat' dir='ltr'><strong>nis</strong></span> <span class='ocrx_word' id='word_1_683' title='bbox 2539 3903 2808 3970; x_wconf 90' lang='lat' dir='ltr'><strong>pertinere</strong></span> <span class='ocrx_word' id='word_1_684' title='bbox 2830 3941 2846 3967; x_wconf 97' lang='lat'><strong>,</strong></span> <span class='ocrx_word' id='word_1_685' title='bbox 2880 3899 3020 3970; x_wconf 88' lang='lat' dir='ltr'><strong>quod</strong></span> <span class='ocrx_word' id='word_1_686' title='bbox 3053 3899 3120 3954; x_wconf 89' lang='lat' dir='ltr'><strong>de</strong></span> <span class='ocrx_word' id='word_1_687' title='bbox 3159 3914 3222 3954; x_wconf 89' lang='lat' dir='ltr'><strong>ea</strong></span> <span class='ocrx_word' id='word_1_688' title='bbox 3275 3899 3433 3953; x_wconf 91' lang='lat' dir='ltr'><strong>aliter</strong></span> <span class='ocrx_word' id='word_1_689' title='bbox 3477 3897 3731 3951; x_wconf 92' lang='lat' dir='ltr'><strong>Dominus</strong></span> <span class='ocrx_word' id='word_1_690' title='bbox 3783 3911 4033 3966; x_wconf 86' lang='lat' dir='ltr'><strong>pronun-</strong></span> 
     </span>
    </p>
   </div>
   <div class='ocr_carea' id='block_1_84' title="bbox 2423 3987 4041 4063">
    <p class='ocr_par' dir='ltr' id='par_1_84' title="bbox 2423 3987 4041 4063">
     <span class='ocr_line' id='line_1_84' title="bbox 2423 3987 4041 4063; baseline -0.004 -15"><span class='ocrx_word' id='word_1_691' title='bbox 2423 3995 2605 4060; x_wconf 87' lang='lat' dir='ltr'><strong>tiavit,</strong></span> <span class='ocrx_word' id='word_1_692' title='bbox 2636 4008 2796 4063; x_wconf 91' lang='lat' dir='ltr'><strong>quam</strong></span> <span class='ocrx_word' id='word_1_693' title='bbox 2827 3992 2894 4046; x_wconf 91' lang='lat' dir='ltr'><strong>de</strong></span> <span class='ocrx_word' id='word_1_694' title='bbox 2940 3989 3280 4046; x_wconf 88' lang='lat' dir='ltr'><strong>confessione</strong></span> <span class='ocrx_word' id='word_1_695' title='bbox 3303 4032 3317 4054; x_wconf 97' lang='lat'><strong>,</strong></span> <span class='ocrx_word' id='word_1_696' title='bbox 3372 3990 3602 4044; x_wconf 90' lang='lat' dir='ltr'><strong>dicendo</strong></span> <span class='ocrx_word' id='word_1_697' title='bbox 3634 4006 3647 4041; x_wconf 87' lang='lat'><strong>:</strong></span> <span class='ocrx_word' id='word_1_698' title='bbox 3693 3987 3795 4055; x_wconf 88' lang='lat' dir='ltr'><strong>Qui</strong></span> <span class='ocrx_word' id='word_1_699' title='bbox 3834 4005 3913 4043; x_wconf 83' lang='lat' dir='ltr'><strong>me</strong></span> <span class='ocrx_word' id='word_1_700' title='bbox 3941 4007 4041 4042; x_wconf 87' lang='lat' dir='ltr'><strong>ne-</strong></span> 
     </span>
    </p>
   </div>
   <div class='ocr_carea' id='block_1_85' title="bbox 2423 4083 4042 4157">
    <p class='ocr_par' dir='ltr' id='par_1_85' title="bbox 2423 4083 4042 4157">
     <span class='ocr_line' id='line_1_85' title="bbox 2423 4083 4042 4157; baseline -0.001 -18"><span class='ocrx_word' id='word_1_701' title='bbox 2423 4088 2658 4157; x_wconf 84' lang='lat' dir='ltr'><strong>gavcrit;</strong></span> <span class='ocrx_word' id='word_1_702' title='bbox 2714 4102 2818 4140; x_wconf 89' lang='lat' dir='ltr'><strong>non</strong></span> <span class='ocrx_word' id='word_1_703' title='bbox 2842 4127 2856 4150; x_wconf 95' lang='lat'><strong>,</strong></span> <span class='ocrx_word' id='word_1_704' title='bbox 2891 4104 2908 4136; x_wconf 74' lang='grc' dir='ltr'><strong>ε</strong></span> <span class='ocrx_word' id='word_1_705' title='bbox 2947 4084 3048 4151; x_wconf 87' lang='lat' dir='ltr'><strong>Qui</strong></span> <span class='ocrx_word' id='word_1_706' title='bbox 3102 4085 3153 4137; x_wconf 91' lang='lat' dir='ltr'><strong>in</strong></span> <span class='ocrx_word' id='word_1_707' title='bbox 3182 4099 3266 4138; x_wconf 90' lang='lat' dir='ltr'><strong>me</strong></span> <span class='ocrx_word' id='word_1_708' title='bbox 3302 4102 3348 4135; x_wconf 75' lang='grc' dir='ltr'><strong>ι.</strong></span> <span class='ocrx_word' id='word_1_709' title='bbox 3394 4083 3751 4152; x_wconf 78' lang='lat' dir='ltr'><strong>Prospeserat</strong></span> <span class='ocrx_word' id='word_1_710' title='bbox 3778 4083 3924 4136; x_wconf 89' lang='lat' dir='ltr'><strong>enim</strong></span> <span class='ocrx_word' id='word_1_711' title='bbox 3980 4092 4042 4138; x_wconf 85' lang='lat' dir='ltr'><strong>et</strong></span> 
     </span>
    </p>
   </div>
   <div class='ocr_carea' id='block_1_86' title="bbox 2425 4175 4035 4248">
    <p class='ocr_par' dir='ltr' id='par_1_86' title="bbox 2425 4175 4035 4248">
     <span class='ocr_line' id='line_1_86' title="bbox 2425 4175 4035 4248; baseline -0.001 -17"><span class='ocrx_word' id='word_1_712' title='bbox 2425 4178 2560 4232; x_wconf 83' lang='lat' dir='ltr'><strong>hanc</strong></span> <span class='ocrx_word' id='word_1_713' title='bbox 2610 4180 2712 4231; x_wconf 82' lang='lat' dir='ltr'><strong>vim</strong></span> <span class='ocrx_word' id='word_1_714' title='bbox 2766 4179 3079 4248; x_wconf 88' lang='lat' dir='ltr'><strong>plerumque</strong></span> <span class='ocrx_word' id='word_1_715' title='bbox 3128 4177 3179 4230; x_wconf 91' lang='lat' dir='ltr'><strong>in</strong></span> <span class='ocrx_word' id='word_1_716' title='bbox 3209 4176 3602 4246; x_wconf 79' lang='lat' dir='ltr'><strong>expugnatione</strong></span> <span class='ocrx_word' id='word_1_717' title='bbox 3631 4175 3865 4228; x_wconf 89' lang='lat' dir='ltr'><strong>nominis</strong></span> <span class='ocrx_word' id='word_1_718' title='bbox 3893 4175 4035 4230; x_wconf 84' lang='lat' dir='ltr'><strong>sub-</strong></span> 
     </span>
    </p>
   </div>
   <div class='ocr_carea' id='block_1_87' title="bbox 2421 4268 4032 4342">
    <p class='ocr_par' dir='ltr' id='par_1_87' title="bbox 2421 4268 4032 4342">
     <span class='ocr_line' id='line_1_87' title="bbox 2421 4268 4032 4342; baseline -0.003 -17"><span class='ocrx_word' id='word_1_719' title='bbox 2421 4280 2756 4336; x_wconf 82' lang='lat' dir='ltr'><strong>seCuturam;</strong></span> <span class='ocrx_word' id='word_1_720' title='bbox 2805 4271 2881 4342; x_wconf 80' lang='grc' dir='ltr'><strong>(η)</strong></span> <span class='ocrx_word' id='word_1_721' title='bbox 2931 4280 2986 4324; x_wconf 83' lang='grc' dir='ltr'><strong>ιιι</strong></span> <span class='ocrx_word' id='word_1_722' title='bbox 3017 4270 3107 4340; x_wconf 90' lang='lat' dir='ltr'><strong>qui</strong></span> <span class='ocrx_word' id='word_1_723' title='bbox 3135 4285 3194 4325; x_wconf 90' lang='lat' dir='ltr'><strong>se</strong></span> <span class='ocrx_word' id='word_1_724' title='bbox 3223 4269 3574 4324; x_wconf 80' lang='lat' dir='ltr'><strong>christianum</strong></span> <span class='ocrx_word' id='word_1_725' title='bbox 3609 4276 3866 4338; x_wconf 78' lang='lat' dir='ltr'><strong>negasset</strong></span> <span class='ocrx_word' id='word_1_726' title='bbox 3937 4268 4032 4338; x_wconf 89' lang='lat' dir='ltr'><strong>ip-</strong></span> 
     </span>
    </p>
   </div>
   <div class='ocr_carea' id='block_1_88' title="bbox 2422 4360 4045 4432">
    <p class='ocr_par' dir='ltr' id='par_1_88' title="bbox 2422 4360 4045 4432">
     <span class='ocr_line' id='line_1_88' title="bbox 2422 4360 4045 4432; baseline -0.001 -15"><span class='ocrx_word' id='word_1_727' title='bbox 2422 4377 2540 4417; x_wconf 87' lang='lat' dir='ltr'><strong>sum</strong></span> <span class='ocrx_word' id='word_1_728' title='bbox 2563 4379 2774 4432; x_wconf 85' lang='lat' dir='ltr'><strong>quoque</strong></span> <span class='ocrx_word' id='word_1_729' title='bbox 2787 4363 3060 4418; x_wconf 89' lang='lat' dir='ltr'><strong>Christum</strong></span> <span class='ocrx_word' id='word_1_730' title='bbox 3077 4362 3487 4430; x_wconf 88' lang='lat' dir='ltr'><strong>compelleretur</strong></span> <span class='ocrx_word' id='word_1_731' title='bbox 3503 4360 3925 4430; x_wconf 86' lang='lat' dir='ltr'><strong>blasphemando</strong></span> <span class='ocrx_word' id='word_1_732' title='bbox 3947 4375 4045 4416; x_wconf 84' lang='lat' dir='ltr'><strong>ne-</strong></span> 
     </span>
    </p>
   </div>
   <div class='ocr_carea' id='block_1_89' title="bbox 2421 4450 4042 4527">
    <p class='ocr_par' dir='ltr' id='par_1_89' title="bbox 2421 4450 4042 4527">
     <span class='ocr_line' id='line_1_89' title="bbox 2421 4450 4042 4527; baseline -0.001 -18"><span class='ocrx_word' id='word_1_733' title='bbox 2421 4471 2567 4524; x_wconf 74' lang='lat' dir='ltr'><strong>gare.</strong></span> <span class='ocrx_word' id='word_1_734' title='bbox 2603 4455 2676 4527; x_wconf 83' lang='lat' dir='ltr'><strong>(b)</strong></span> <span class='ocrx_word' id='word_1_735' title='bbox 2708 4457 2857 4511; x_wconf 82' lang='lat' dir='ltr'><strong>Sicut</strong></span> <span class='ocrx_word' id='word_1_736' title='bbox 2887 4470 2991 4510; x_wconf 90' lang='lat' dir='ltr'><strong>non</strong></span> <span class='ocrx_word' id='word_1_737' title='bbox 3019 4455 3147 4509; x_wconf 91' lang='lat' dir='ltr'><strong>olim</strong></span> <span class='ocrx_word' id='word_1_738' title='bbox 3182 4469 3347 4525; x_wconf 91' lang='lat' dir='ltr'><strong>pro...</strong></span> <span class='ocrx_word' id='word_1_739' title='bbox 3371 4455 3521 4522; x_wconf 91' lang='lat' dir='ltr'><strong>spice</strong></span> <span class='ocrx_word' id='word_1_740' title='bbox 3551 4453 3631 4524; x_wconf 90' lang='lat'><strong>(7)</strong></span> <span class='ocrx_word' id='word_1_741' title='bbox 3656 4468 3775 4506; x_wconf 90' lang='lat' dir='ltr'><strong>cum</strong></span> <span class='ocrx_word' id='word_1_742' title='bbox 3803 4450 3888 4523; x_wconf 91' lang='lat'><strong>(8)</strong></span> <span class='ocrx_word' id='word_1_743' title='bbox 3917 4463 4042 4507; x_wconf 79' lang='lat' dir='ltr'><strong>tota</strong></span> 
     </span>
    </p>
   </div>
   <div class='ocr_carea' id='block_1_90' title="bbox 2422 4544 4036 4619">
    <p class='ocr_par' dir='ltr' id='par_1_90' title="bbox 2422 4544 4036 4619">
     <span class='ocr_line' id='line_1_90' title="bbox 2422 4544 4036 4619; baseline -0.001 -17"><span class='ocrx_word' id='word_1_744' title='bbox 2422 4548 2529 4603; x_wconf 89' lang='lat' dir='ltr'><strong>ﬁde</strong></span> <span class='ocrx_word' id='word_1_745' title='bbox 2572 4549 2926 4619; x_wconf 88' lang='lat' dir='ltr'><strong>quorumdam</strong></span> <span class='ocrx_word' id='word_1_746' title='bbox 2971 4548 3318 4602; x_wconf 87' lang='lat' dir='ltr'><strong>colluctatum</strong></span> <span class='ocrx_word' id='word_1_747' title='bbox 3353 4547 3454 4601; x_wconf 87' lang='lat' dir='ltr'><strong>hoc</strong></span> <span class='ocrx_word' id='word_1_748' title='bbox 3499 4544 3659 4600; x_wconf 91' lang='lat' dir='ltr'><strong>modo</strong></span> <span class='ocrx_word' id='word_1_749' title='bbox 3692 4544 4036 4600; x_wconf 80' lang='lat' dir='ltr'><strong>horruimus.</strong></span> 
     </span>
    </p>
   </div>
   <div class='ocr_carea' id='block_1_91' title="bbox 709 4628 4043 4720">
    <p class='ocr_par' dir='ltr' id='par_1_91' title="bbox 709 4628 4043 4720">
     <span class='ocr_line' id='line_1_91' title="bbox 709 4628 4043 4720; baseline -0.001 -31"><span class='ocrx_word' id='word_1_750' title='bbox 709 4633 765 4689; x_wconf 87' lang='lat' dir='ltr'><strong>in</strong></span> <span class='ocrx_word' id='word_1_751' title='bbox 796 4642 990 4688; x_wconf 86' lang='lat' dir='ltr'><strong>terram</strong></span> <span class='ocrx_word' id='word_1_752' title='bbox 1014 4631 1195 4695; x_wconf 87' lang='lat' dir='ltr'><strong>cadit;</strong></span> <span class='ocrx_word' id='word_1_753' title='bbox 1226 4629 1276 4683; x_wconf 95' lang='lat' dir='ltr'><strong>id</strong></span> <span class='ocrx_word' id='word_1_754' title='bbox 1304 4639 1407 4693; x_wconf 89' lang='lat' dir='ltr'><strong>est,</strong></span> <span class='ocrx_word' id='word_1_755' title='bbox 1435 4643 1534 4684; x_wconf 90' lang='lat' dir='ltr'><strong>nec</strong></span> <span class='ocrx_word' id='word_1_756' title='bbox 1559 4628 1723 4683; x_wconf 86' lang='lat' dir='ltr'><strong>altera</strong></span> <span class='ocrx_word' id='word_1_757' title='bbox 1746 4643 1810 4720; x_wconf 79' lang='lat' dir='ltr'><strong>ex</strong></span> <span class='ocrx_word' id='word_1_758' title='bbox 1838 4629 2044 4685; x_wconf 83' lang='lat' dir='ltr'><strong>duabus</strong></span> <span class='ocrx_word' id='word_1_759' title='bbox 2067 4633 2315 4687; x_wconf 86' lang='lat' dir='ltr'><strong>substan-</strong></span> <span class='ocrx_word' id='word_1_760' title='bbox 2348 4663 2392 4720; x_wconf 69' lang='grc' dir='ltr'>υ</span> <span class='ocrx_word' id='word_1_761' title='bbox 2425 4641 2605 4709; x_wconf 83' lang='lat' dir='ltr'><strong>Itaque</strong></span> <span class='ocrx_word' id='word_1_762' title='bbox 2682 4640 2875 4695; x_wconf 87' lang='lat' dir='ltr'><strong>frustra</strong></span> <span class='ocrx_word' id='word_1_763' title='bbox 2958 4641 3060 4696; x_wconf 88' lang='lat' dir='ltr'><strong>erit</strong></span> <span class='ocrx_word' id='word_1_764' title='bbox 3119 4641 3321 4707; x_wconf 85' lang='lat' dir='ltr'><strong>dicere,</strong></span> <span class='ocrx_word' id='word_1_765' title='bbox 3368 4659 3387 4691; x_wconf 72' lang='grc' dir='ltr'><strong><em>ι</em></strong></span> <span class='ocrx_word' id='word_1_766' title='bbox 3423 4639 3536 4693; x_wconf 85' lang='lat' dir='ltr'><strong>Etsi</strong></span> <span class='ocrx_word' id='word_1_767' title='bbox 3607 4652 3696 4692; x_wconf 88' lang='lat' dir='ltr'><strong>me</strong></span> <span class='ocrx_word' id='word_1_768' title='bbox 3759 4651 4043 4706; x_wconf 72' lang='lat' dir='ltr'><strong>negavero</strong></span> 
     </span>
    </p>
   </div>
   <div class='ocr_carea' id='block_1_92' title="bbox 707 4719 2316 4794">
    <p class='ocr_par' dir='ltr' id='par_1_92' title="bbox 707 4719 2316 4794">
     <span class='ocr_line' id='line_1_92' title="bbox 707 4719 2316 4794; baseline -0.001 -12"><span class='ocrx_word' id='word_1_769' title='bbox 707 4727 798 4782; x_wconf 84' lang='lat' dir='ltr'><strong>tiis</strong></span> <span class='ocrx_word' id='word_1_770' title='bbox 850 4723 1113 4787; x_wconf 86' lang='lat' dir='ltr'><strong>hominis,</strong></span> <span class='ocrx_word' id='word_1_771' title='bbox 1160 4736 1286 4776; x_wconf 88' lang='lat' dir='ltr'><strong>caro</strong></span> <span class='ocrx_word' id='word_1_772' title='bbox 1328 4729 1420 4775; x_wconf 89' lang='lat' dir='ltr'><strong>aut</strong></span> <span class='ocrx_word' id='word_1_773' title='bbox 1467 4722 1687 4778; x_wconf 74' lang='lat' dir='ltr'><strong>anima?</strong></span> <span class='ocrx_word' id='word_1_774' title='bbox 1729 4719 1861 4788; x_wconf 91' lang='lat' dir='ltr'><strong>Quia</strong></span> <span class='ocrx_word' id='word_1_775' title='bbox 1912 4732 1967 4776; x_wconf 90' lang='lat' dir='ltr'><strong>et</strong></span> <span class='ocrx_word' id='word_1_776' title='bbox 2013 4725 2316 4794; x_wconf 76' lang='lat' dir='ltr'><strong>capillorum</strong></span> 
     </span>
    </p>
   </div>
   <div class='ocr_carea' id='block_1_93' title="bbox 707 4813 2314 4890">
    <p class='ocr_par' dir='ltr' id='par_1_93' title="bbox 707 4813 2314 4890">
     <span class='ocr_line' id='line_1_93' title="bbox 707 4813 2314 4890; baseline -0.001 -14"><span class='ocrx_word' id='word_1_777' title='bbox 707 4817 850 4890; x_wconf 83' lang='lat' dir='ltr'><strong>apud</strong></span> <span class='ocrx_word' id='word_1_778' title='bbox 881 4832 1003 4880; x_wconf 88' lang='lat' dir='ltr'><strong>eum</strong></span> <span class='ocrx_word' id='word_1_779' title='bbox 1032 4825 1256 4888; x_wconf 87' lang='lat' dir='ltr'><strong>regestus</strong></span> <span class='ocrx_word' id='word_1_780' title='bbox 1301 4824 1371 4869; x_wconf 88' lang='lat' dir='ltr'><strong>est</strong></span> <span class='ocrx_word' id='word_1_781' title='bbox 1425 4830 1664 4867; x_wconf 84' lang='lat' dir='ltr'><strong>numerus</strong></span> <span class='ocrx_word' id='word_1_782' title='bbox 1705 4813 1953 4886; x_wconf 84' lang='lat' dir='ltr'><strong>(ibid.,u.</strong></span> <span class='ocrx_word' id='word_1_783' title='bbox 1985 4817 2043 4871; x_wconf 79' lang='lat' dir='ltr'><strong>3i</strong></span> <span class='ocrx_word' id='word_1_784' title='bbox 2069 4815 2108 4888; x_wconf 88' lang='lat'><strong>).</strong></span> <span class='ocrx_word' id='word_1_785' title='bbox 2140 4816 2314 4875; x_wconf 85' lang='lat' dir='ltr'><strong>Nolite</strong></span> 
     </span>
    </p>
   </div>
   <div class='ocr_carea' id='block_1_94' title="bbox 2419 4729 4042 4802">
    <p class='ocr_par' dir='ltr' id='par_1_94' title="bbox 2419 4729 4042 4802">
     <span class='ocr_line' id='line_1_94' title="bbox 2419 4729 4042 4802; baseline -0.001 -17"><span class='ocrx_word' id='word_1_786' title='bbox 2419 4731 2812 4798; x_wconf 90' lang='lat' dir='ltr'><strong>christianum,</strong></span> <span class='ocrx_word' id='word_1_787' title='bbox 2864 4748 2968 4786; x_wconf 91' lang='lat' dir='ltr'><strong>non</strong></span> <span class='ocrx_word' id='word_1_788' title='bbox 3019 4733 3255 4802; x_wconf 87' lang='lat' dir='ltr'><strong>negabor</strong></span> <span class='ocrx_word' id='word_1_789' title='bbox 3293 4749 3323 4784; x_wconf 85' lang='lat' dir='ltr'><strong>a</strong></span> <span class='ocrx_word' id='word_1_790' title='bbox 3359 4730 3606 4794; x_wconf 90' lang='lat' dir='ltr'><strong>Christo;</strong></span> <span class='ocrx_word' id='word_1_791' title='bbox 3636 4745 3739 4783; x_wconf 89' lang='lat' dir='ltr'><strong>non</strong></span> <span class='ocrx_word' id='word_1_792' title='bbox 3768 4729 3910 4782; x_wconf 90' lang='lat' dir='ltr'><strong>enim</strong></span> <span class='ocrx_word' id='word_1_793' title='bbox 3944 4729 4042 4800; x_wconf 51' lang='lat' dir='ltr'><strong>ip.</strong></span> 
     </span>
    </p>
   </div>
   <div class='ocr_carea' id='block_1_95' title="bbox 2419 4821 4042 4897">
    <p class='ocr_par' dir='ltr' id='par_1_95' title="bbox 2419 4821 4042 4897">
     <span class='ocr_line' id='line_1_95' title="bbox 2419 4821 4042 4897; baseline 0 -18"><span class='ocrx_word' id='word_1_794' title='bbox 2419 4840 2536 4879; x_wconf 88' lang='lat' dir='ltr'><strong>sum</strong></span> <span class='ocrx_word' id='word_1_795' title='bbox 2569 4827 2809 4896; x_wconf 72' lang='lat' dir='ltr'><strong>negavi.)</strong></span> <span class='ocrx_word' id='word_1_796' title='bbox 2831 4825 2908 4879; x_wconf 81' lang='lat' dir='ltr'><strong>Ex</strong></span> <span class='ocrx_word' id='word_1_797' title='bbox 2937 4825 3025 4879; x_wconf 92' lang='lat' dir='ltr'><strong>illa</strong></span> <span class='ocrx_word' id='word_1_798' title='bbox 3050 4826 3195 4880; x_wconf 90' lang='lat' dir='ltr'><strong>enim</strong></span> <span class='ocrx_word' id='word_1_799' title='bbox 3210 4827 3494 4897; x_wconf 81' lang='lat' dir='ltr'><strong>negatione</strong></span> <span class='ocrx_word' id='word_1_800' title='bbox 3517 4821 3847 4879; x_wconf 86' lang='lat' dir='ltr'><strong>tantumdem</strong></span> <span class='ocrx_word' id='word_1_801' title='bbox 3866 4830 4042 4879; x_wconf 83' lang='lat' dir='ltr'><strong>tene-</strong></span> 
     </span>
    </p>
   </div>
   <div class='ocr_carea' id='block_1_96' title="bbox 1955 4929 2782 4997">
    <p class='ocr_par' dir='ltr' id='par_1_96' title="bbox 1955 4929 2782 4997">
     <span class='ocr_line' id='line_1_96' title="bbox 1955 4929 2782 4997; baseline 0.016 -13"><span class='ocrx_word' id='word_1_802' title='bbox 1955 4929 2334 4993; x_wconf 86' lang='lat' dir='ltr'><strong>LECTIONES</strong></span> <span class='ocrx_word' id='word_1_803' title='bbox 2375 4938 2782 4997; x_wconf 81' lang='lat' dir='ltr'><strong>VARIANTES.</strong></span> 
     </span>
    </p>
   </div>
   <div class='ocr_carea' id='block_1_97' title="bbox 867 5016 1653 5075">
    <p class='ocr_par' dir='ltr' id='par_1_97' title="bbox 867 5016 1653 5075">
     <span class='ocr_line' id='line_1_97' title="bbox 867 5016 1653 5075; baseline -0.005 -1"><span class='ocrx_word' id='word_1_804' title='bbox 867 5022 956 5075; x_wconf 77' lang='lat' dir='ltr'><strong>Est</strong></span> <span class='ocrx_word' id='word_1_805' title='bbox 977 5029 1031 5073; x_wconf 87' lang='lat' dir='ltr'><strong>et</strong></span> <span class='ocrx_word' id='word_1_806' title='bbox 1045 5019 1265 5072; x_wconf 82' lang='lat' dir='ltr'><strong>deﬁnitio</strong></span> <span class='ocrx_word' id='word_1_807' title='bbox 1287 5023 1341 5068; x_wconf 91' lang='lat' dir='ltr'><strong>et</strong></span> <span class='ocrx_word' id='word_1_808' title='bbox 1361 5021 1489 5071; x_wconf 87' lang='lat' dir='ltr'><strong>ratio</strong></span> <span class='ocrx_word' id='word_1_809' title='bbox 1511 5016 1653 5070; x_wconf 85' lang='lat' dir='ltr'><strong>Seml.</strong></span> 
     </span>
    </p>
   </div>
   <div class='ocr_carea' id='block_1_98' title="bbox 871 5083 1354 5137">
    <p class='ocr_par' dir='ltr' id='par_1_98' title="bbox 871 5083 1354 5137">
     <span class='ocr_line' id='line_1_98' title="bbox 871 5083 1354 5137; baseline -0.01 -1"><span class='ocrx_word' id='word_1_810' title='bbox 871 5086 937 5137; x_wconf 85' lang='lat' dir='ltr'><strong>Ut</strong></span> <span class='ocrx_word' id='word_1_811' title='bbox 956 5086 1001 5135; x_wconf 84' lang='lat' dir='ltr'><strong>si</strong></span> <span class='ocrx_word' id='word_1_812' title='bbox 1023 5085 1132 5134; x_wconf 88' lang='lat' dir='ltr'><strong>cod.</strong></span> <span class='ocrx_word' id='word_1_813' title='bbox 1166 5083 1354 5133; x_wconf 82' lang='lat' dir='ltr'><strong>Wouw.</strong></span> 
     </span>
    </p>
   </div>
   <div class='ocr_carea' id='block_1_99' title="bbox 881 5143 1322 5199">
    <p class='ocr_par' dir='ltr' id='par_1_99' title="bbox 881 5143 1322 5199">
     <span class='ocr_line' id='line_1_99' title="bbox 881 5143 1322 5199; baseline -0.014 0"><span class='ocrx_word' id='word_1_814' title='bbox 881 5146 1153 5199; x_wconf 83' lang='lat' dir='ltr'><strong>Ostendisti</strong></span> <span class='ocrx_word' id='word_1_815' title='bbox 1172 5143 1322 5196; x_wconf 77' lang='lat' dir='ltr'><strong>Seml.</strong></span> 
     </span>
    </p>
   </div>
   <div class='ocr_carea' id='block_1_100' title="bbox 875 5206 1183 5263">
    <p class='ocr_par' dir='ltr' id='par_1_100' title="bbox 875 5206 1183 5263">
     <span class='ocr_line' id='line_1_100' title="bbox 875 5206 1183 5263; baseline -0.019 0"><span class='ocrx_word' id='word_1_816' title='bbox 875 5211 998 5263; x_wconf 84' lang='lat' dir='ltr'><strong>Cum</strong></span> <span class='ocrx_word' id='word_1_817' title='bbox 1033 5206 1183 5259; x_wconf 84' lang='lat' dir='ltr'><strong>Seml.</strong></span> 
     </span>
    </p>
   </div>
   <div class='ocr_carea' id='block_1_101' title="bbox 865 5267 1308 5336">
    <p class='ocr_par' dir='ltr' id='par_1_101' title="bbox 865 5267 1308 5336">
     <span class='ocr_line' id='line_1_101' title="bbox 865 5267 1308 5336; baseline -0.02 -10"><span class='ocrx_word' id='word_1_818' title='bbox 865 5273 1148 5336; x_wconf 77' lang='lat' dir='ltr'><strong>Negatioue</strong></span> <span class='ocrx_word' id='word_1_819' title='bbox 1168 5267 1308 5321; x_wconf 79' lang='lat' dir='ltr'><strong>sentt.</strong></span> 
     </span>
    </p>
   </div>
   <div class='ocr_carea' id='block_1_102' title="bbox 797 5028 816 5077">
    <p class='ocr_par' dir='ltr' id='par_1_102' title="bbox 797 5028 816 5077">
     <span class='ocr_line' id='line_1_102' title="bbox 797 5028 816 5077; baseline 0 0"><span class='ocrx_word' id='word_1_820' title='bbox 797 5028 816 5077; x_wconf 85' lang='lat' dir='ltr'><strong>l</strong></span> 
     </span>
    </p>
   </div>
   <div class='ocr_carea' id='block_1_103' title="bbox 792 5091 822 5138">
    <p class='ocr_par' dir='ltr' id='par_1_103' title="bbox 792 5091 822 5138">
     <span class='ocr_line' id='line_1_103' title="bbox 792 5091 822 5138; baseline 0 0"><span class='ocrx_word' id='word_1_821' title='bbox 792 5091 822 5138; x_wconf 81' lang='grc'>2</span> 
     </span>
    </p>
   </div>
   <div class='ocr_carea' id='block_1_104' title="bbox 792 5154 821 5200">
    <p class='ocr_par' dir='ltr' id='par_1_104' title="bbox 792 5154 821 5200">
     <span class='ocr_line' id='line_1_104' title="bbox 792 5154 821 5200; baseline 0 0"><span class='ocrx_word' id='word_1_822' title='bbox 792 5154 821 5200; x_wconf 83' lang='lat'><strong>&#39;5</strong></span> 
     </span>
    </p>
   </div>
   <div class='ocr_carea' id='block_1_105' title="bbox 790 5213 820 5262">
    <p class='ocr_par' dir='ltr' id='par_1_105' title="bbox 790 5213 820 5262">
     <span class='ocr_line' id='line_1_105' title="bbox 790 5213 820 5262; baseline 0 0"><span class='ocrx_word' id='word_1_823' title='bbox 790 5213 820 5262; x_wconf 81' lang='grc'><strong>4</strong></span> 
     </span>
    </p>
   </div>
   <div class='ocr_carea' id='block_1_106' title="bbox 790 5277 822 5327">
    <p class='ocr_par' dir='ltr' id='par_1_106' title="bbox 790 5277 822 5327">
     <span class='ocr_line' id='line_1_106' title="bbox 790 5277 822 5327; baseline 0 0"><span class='ocrx_word' id='word_1_824' title='bbox 790 5277 822 5327; x_wconf 79' lang='lat'><strong>5</strong></span> 
     </span>
    </p>
   </div>
   <div class='ocr_carea' id='block_1_107' title="bbox 822 5025 846 5342">
    <p class='ocr_par' dir='ltr' id='par_1_107' title="bbox 822 5025 846 5342">
     <span class='ocr_line' id='line_1_107' title="bbox 822 5025 846 5342; baseline 0 0"><span class='ocrx_word' id='word_1_825' title='bbox 822 5025 846 5342; x_wconf 71' lang='grc' dir='ltr'>Ξ</span> 
     </span>
    </p>
   </div>
   <div class='ocr_carea' id='block_1_108' title="bbox 2489 5029 3850 5105">
    <p class='ocr_par' dir='ltr' id='par_1_108' title="bbox 2489 5029 3850 5105">
     <span class='ocr_line' id='line_1_108' title="bbox 2489 5029 3850 5105; baseline 0.001 -25"><span class='ocrx_word' id='word_1_826' title='bbox 2489 5029 2538 5105; x_wconf 66' lang='grc' dir='ltr'><strong>εξ)</strong></span> <span class='ocrx_word' id='word_1_827' title='bbox 2567 5029 2887 5105; x_wconf 65' lang='lat' dir='ltr'><strong>Confessiope</strong></span> <span class='ocrx_word' id='word_1_828' title='bbox 2911 5033 3052 5105; x_wconf 80' lang='lat' dir='ltr'><strong>Seml.</strong></span> <span class='ocrx_word' id='word_1_829' title='bbox 3230 5095 3241 5105; x_wconf 43' lang='lat'><strong>-</strong></span> <span class='ocrx_word' id='word_1_830' title='bbox 3366 5098 3377 5105; x_wconf 82' lang='lat'>_</span> <span class='ocrx_word' id='word_1_831' title='bbox 3545 5093 3557 5105; x_wconf 49' lang='lat'><strong><em>.</em></strong></span> <span class='ocrx_word' id='word_1_832' title='bbox 3839 5091 3850 5102; x_wconf 39' lang='lat'><strong>.</strong></span> 
     </span>
    </p>
   </div>
   <div class='ocr_carea' id='block_1_109' title="bbox 2403 5025 4034 5203">
    <p class='ocr_par' dir='ltr' id='par_1_109' title="bbox 2403 5025 4034 5203">
     <span class='ocr_line' id='line_1_109' title="bbox 2466 5025 3850 5155; baseline 0.005 -76"><span class='ocrx_word' id='word_1_833' title='bbox 2466 5025 2520 5155; x_wconf 38' lang='lat'><strong>16</strong></span> <span class='ocrx_word' id='word_1_834' title='bbox 2567 5029 2887 5083; x_wconf 85' lang='lat' dir='ltr'><strong>Confessione</strong></span> <span class='ocrx_word' id='word_1_835' title='bbox 2911 5033 3052 5084; x_wconf 83' lang='lat' dir='ltr'><strong>Seml.</strong></span> <span class='ocrx_word' id='word_1_836' title='bbox 3682 5089 3693 5101; x_wconf 64' lang='grc'><em>,</em></span> <span class='ocrx_word' id='word_1_837' title='bbox 3839 5091 3850 5102; x_wconf 50' lang='grc'><em>,</em></span> 
     </span>
     <span class='ocr_line' id='line_1_110' title="bbox 2403 5029 4034 5203; baseline 0.001 -57"><span class='ocrx_word' id='word_1_838' title='bbox 2403 5029 2779 5203; x_wconf 35' lang='lat' dir='ltr'><strong>“ﬂagiti-pice</strong></span> <span class='ocrx_word' id='word_1_839' title='bbox 2803 5099 2947 5146; x_wconf 85' lang='lat' dir='ltr'><strong>Pam.</strong></span> <span class='ocrx_word' id='word_1_840' title='bbox 2992 5103 3042 5146; x_wconf 86' lang='lat' dir='ltr'><strong>at</strong></span> <span class='ocrx_word' id='word_1_841' title='bbox 3080 5107 3194 5147; x_wconf 82' lang='lat' dir='ltr'><strong>vero</strong></span> <span class='ocrx_word' id='word_1_842' title='bbox 3207 5095 3377 5146; x_wconf 79' lang='lat' dir='ltr'><strong>desunt</strong></span> <span class='ocrx_word' id='word_1_843' title='bbox 3411 5093 3640 5160; x_wconf 71' lang='lat' dir='ltr'><strong>quazdam</strong></span> <span class='ocrx_word' id='word_1_844' title='bbox 3655 5091 3810 5144; x_wconf 69' lang='lat' dir='ltr'><strong>latera</strong></span> <span class='ocrx_word' id='word_1_845' title='bbox 3830 5106 3883 5144; x_wconf 84' lang='lat' dir='ltr'><strong>sn</strong></span> <span class='ocrx_word' id='word_1_846' title='bbox 3899 5095 4034 5151; x_wconf 80' lang='lat' dir='ltr'><strong>cod.</strong></span> 
     </span>
    </p>
   </div>
   <div class='ocr_carea' id='block_1_110' title="bbox 2450 5155 2940 5282">
    <p class='ocr_par' dir='ltr' id='par_1_110' title="bbox 2450 5155 2940 5282">
     <span class='ocr_line' id='line_1_111' title="bbox 2450 5155 2685 5217; baseline 0.004 -14"><span class='ocrx_word' id='word_1_847' title='bbox 2450 5155 2685 5217; x_wconf 56' lang='lat' dir='ltr'><strong>gobardi.’</strong></span> 
     </span>
     <span class='ocr_line' id='line_1_112' title="bbox 2474 5214 2940 5282; baseline 0.013 -17"><span class='ocrx_word' id='word_1_848' title='bbox 2474 5214 2549 5282; x_wconf 84' lang='lat'><strong>(8)</strong></span> <span class='ocrx_word' id='word_1_849' title='bbox 2575 5216 2630 5268; x_wconf 85' lang='lat' dir='ltr'><strong>In</strong></span> <span class='ocrx_word' id='word_1_850' title='bbox 2654 5218 2775 5270; x_wconf 87' lang='lat' dir='ltr'><strong>add.</strong></span> <span class='ocrx_word' id='word_1_851' title='bbox 2795 5221 2940 5271; x_wconf 87' lang='lat' dir='ltr'><strong>Pam.</strong></span> 
     </span>
    </p>
   </div>
   <div class='ocr_carea' id='block_1_111' title="bbox 2077 5355 2639 5424">
    <p class='ocr_par' dir='ltr' id='par_1_111' title="bbox 2077 5355 2639 5424">
     <span class='ocr_line' id='line_1_113' title="bbox 2077 5355 2639 5424; baseline 0.025 -14"><span class='ocrx_word' id='word_1_852' title='bbox 2077 5355 2639 5424; x_wconf 79' lang='lat' dir='ltr'><strong>COMMENTARIUS.</strong></span> 
     </span>
    </p>
   </div>
   <div class='ocr_carea' id='block_1_112' title="bbox 775 5465 2302 5555">
    <p class='ocr_par' dir='ltr' id='par_1_112' title="bbox 775 5465 2302 5555">
     <span class='ocr_line' id='line_1_114' title="bbox 775 5465 2302 5555; baseline -0.002 -22"><span class='ocrx_word' id='word_1_853' title='bbox 775 5478 854 5555; x_wconf 82' lang='lat' dir='ltr'><strong>(a)</strong></span> <span class='ocrx_word' id='word_1_854' title='bbox 899 5478 965 5536; x_wconf 90' lang='lat' dir='ltr'><strong>Ut</strong></span> <span class='ocrx_word' id='word_1_855' title='bbox 1009 5478 1095 5550; x_wconf 87' lang='lat' dir='ltr'><strong>qui</strong></span> <span class='ocrx_word' id='word_1_856' title='bbox 1139 5465 1565 5555; x_wconf 33' lang='lat' dir='ltr'><strong>stt-christianum</strong></span> <span class='ocrx_word' id='word_1_857' title='bbox 1608 5482 1858 5555; x_wconf 69' lang='lat' dir='ltr'><strong>negasset,</strong></span> <span class='ocrx_word' id='word_1_858' title='bbox 1901 5475 2066 5544; x_wconf 90' lang='lat' dir='ltr'><strong>ipsum</strong></span> <span class='ocrx_word' id='word_1_859' title='bbox 2106 5494 2302 5555; x_wconf 59' lang='lat' dir='ltr'><strong>quoque</strong></span> 
     </span>
    </p>
   </div>
   <div class='ocr_carea' id='block_1_113' title="bbox 703 5545 2300 5618">
    <p class='ocr_par' dir='ltr' id='par_1_113' title="bbox 703 5545 2300 5618">
     <span class='ocr_line' id='line_1_115' title="bbox 703 5545 2300 5618; baseline -0.002 -11"><span class='ocrx_word' id='word_1_860' title='bbox 703 5545 961 5608; x_wconf 68' lang='grc' dir='ltr'><strong>(ιΙιῖ-ἱὲηιηι</strong></span> <span class='ocrx_word' id='word_1_861' title='bbox 1017 5545 1400 5618; x_wconf 81' lang='lat' dir='ltr'><strong>compelleretur</strong></span> <span class='ocrx_word' id='word_1_862' title='bbox 1459 5545 1857 5618; x_wconf 67' lang='lat' dir='ltr'><strong>blasphemando</strong></span> <span class='ocrx_word' id='word_1_863' title='bbox 1915 5545 2125 5618; x_wconf 22' lang='lat' dir='ltr'><strong>negare.‘</strong></span> <span class='ocrx_word' id='word_1_864' title='bbox 2172 5545 2300 5604; x_wconf 85' lang='lat' dir='ltr'><strong>Tale</strong></span> 
     </span>
    </p>
   </div>
   <div class='ocr_carea' id='block_1_114' title="bbox 700 5616 2295 5694">
    <p class='ocr_par' dir='ltr' id='par_1_114' title="bbox 700 5616 2295 5694">
     <span class='ocr_line' id='line_1_116' title="bbox 700 5616 2295 5694; baseline -0.004 -14"><span class='ocrx_word' id='word_1_865' title='bbox 700 5625 954 5694; x_wconf 86' lang='lat' dir='ltr'><strong>quiddam</strong></span> <span class='ocrx_word' id='word_1_866' title='bbox 984 5629 1226 5694; x_wconf 82' lang='lat' dir='ltr'><strong>narratur</strong></span> <span class='ocrx_word' id='word_1_867' title='bbox 1252 5633 1279 5671; x_wconf 88' lang='lat' dir='ltr'><strong>a</strong></span> <span class='ocrx_word' id='word_1_868' title='bbox 1315 5617 1505 5681; x_wconf 86' lang='lat' dir='ltr'><strong>Plinio,</strong></span> <span class='ocrx_word' id='word_1_869' title='bbox 1541 5616 1842 5694; x_wconf 78' lang='lat' dir='ltr'><strong>nominatos</strong></span> <span class='ocrx_word' id='word_1_870' title='bbox 1880 5617 1946 5669; x_wconf 89' lang='lat' dir='ltr'><strong>ab</strong></span> <span class='ocrx_word' id='word_1_871' title='bbox 1981 5616 2165 5674; x_wconf 77' lang='lat' dir='ltr'><strong>indice</strong></span> <span class='ocrx_word' id='word_1_872' title='bbox 2210 5623 2295 5686; x_wconf 77' lang='lat' dir='ltr'><strong>qui</strong></span> 
     </span>
    </p>
   </div>
   <div class='ocr_carea' id='block_1_115' title="bbox 702 5686 2292 5760">
    <p class='ocr_par' dir='ltr' id='par_1_115' title="bbox 702 5686 2292 5760">
     <span class='ocr_line' id='line_1_117' title="bbox 702 5686 2292 5760; baseline -0.004 -9"><span class='ocrx_word' id='word_1_873' title='bbox 702 5686 760 5751; x_wconf 77' lang='lat' dir='ltr'><strong>se</strong></span> <span class='ocrx_word' id='word_1_874' title='bbox 789 5694 1004 5750; x_wconf 82' lang='lat' dir='ltr'><strong>ehristia</strong></span> <span class='ocrx_word' id='word_1_875' title='bbox 1018 5708 1112 5745; x_wconf 87' lang='lat' dir='ltr'><strong>nos</strong></span> <span class='ocrx_word' id='word_1_876' title='bbox 1141 5691 1401 5754; x_wconf 85' lang='lat' dir='ltr'><strong>dicerent,</strong></span> <span class='ocrx_word' id='word_1_877' title='bbox 1430 5686 1846 5760; x_wconf 78' lang='lat' dir='ltr'><strong>comprehensos</strong></span> <span class='ocrx_word' id='word_1_878' title='bbox 1901 5704 2140 5760; x_wconf 86' lang='lat' dir='ltr'><strong>negasse,</strong></span> <span class='ocrx_word' id='word_1_879' title='bbox 2175 5702 2292 5745; x_wconf 83' lang='lat' dir='ltr'><strong>tati-</strong></span> 
     </span>
    </p>
   </div>
   <div class='ocr_carea' id='block_1_116' title="bbox 705 5759 1689 5822">
    <p class='ocr_par' dir='ltr' id='par_1_116' title="bbox 705 5759 1689 5822">
     <span class='ocr_line' id='line_1_118' title="bbox 705 5759 1689 5822; baseline -0.007 -2"><span class='ocrx_word' id='word_1_880' title='bbox 705 5771 820 5822; x_wconf 85' lang='lat' dir='ltr'><strong>dem</strong></span> <span class='ocrx_word' id='word_1_881' title='bbox 851 5777 903 5822; x_wconf 88' lang='lat' dir='ltr'><strong>et</strong></span> <span class='ocrx_word' id='word_1_882' title='bbox 928 5763 1141 5820; x_wconf 79' lang='lat' dir='ltr'><strong>Chrlsm</strong></span> <span class='ocrx_word' id='word_1_883' title='bbox 1168 5760 1524 5815; x_wconf 73' lang='lat' dir='ltr'><strong>maledixisse.</strong></span> <span class='ocrx_word' id='word_1_884' title='bbox 1572 5759 1689 5813; x_wconf 72' lang='lat' dir='ltr'><strong>llic.</strong></span> 
     </span>
    </p>
   </div>
   <div class='ocr_carea' id='block_1_117' title="bbox 773 5831 2292 5912">
    <p class='ocr_par' dir='ltr' id='par_1_117' title="bbox 773 5831 2292 5912">
     <span class='ocr_line' id='line_1_119' title="bbox 773 5831 2292 5912; baseline -0.004 -18"><span class='ocrx_word' id='word_1_885' title='bbox 773 5837 849 5912; x_wconf 84' lang='lat' dir='ltr'><strong>(h)</strong></span> <span class='ocrx_word' id='word_1_886' title='bbox 898 5837 1041 5893; x_wconf 83' lang='lat' dir='ltr'><strong>Sicut</strong></span> <span class='ocrx_word' id='word_1_887' title='bbox 1073 5850 1171 5889; x_wconf 90' lang='lat' dir='ltr'><strong>non</strong></span> <span class='ocrx_word' id='word_1_888' title='bbox 1207 5832 1327 5887; x_wconf 88' lang='lat' dir='ltr'><strong>olim</strong></span> <span class='ocrx_word' id='word_1_889' title='bbox 1357 5846 1544 5904; x_wconf 89' lang='lat' dir='ltr'><strong>pro....</strong></span> <span class='ocrx_word' id='word_1_890' title='bbox 1576 5834 1714 5902; x_wconf 83' lang='lat' dir='ltr'><strong>spice</strong></span> <span class='ocrx_word' id='word_1_891' title='bbox 1747 5846 1862 5885; x_wconf 87' lang='lat' dir='ltr'><strong>cum</strong></span> <span class='ocrx_word' id='word_1_892' title='bbox 1893 5838 1996 5887; x_wconf 85' lang='lat' dir='ltr'><strong>tota</strong></span> <span class='ocrx_word' id='word_1_893' title='bbox 2029 5831 2132 5904; x_wconf 84' lang='lat' dir='ltr'><strong>fide</strong></span> <span class='ocrx_word' id='word_1_894' title='bbox 2169 5849 2292 5906; x_wconf 86' lang='lat' dir='ltr'><strong>quo-</strong></span> 
     </span>
    </p>
   </div>
   <div class='ocr_carea' id='block_1_118' title="bbox 2406 5486 4029 5545">
    <p class='ocr_par' dir='ltr' id='par_1_118' title="bbox 2406 5486 4029 5545">
     <span class='ocr_line' id='line_1_120' title="bbox 2406 5486 4029 5545; baseline 0.006 -9"><span class='ocrx_word' id='word_1_895' title='bbox 2406 5489 2639 5541; x_wconf 86' lang='lat' dir='ltr'><strong>rumdam</strong></span> <span class='ocrx_word' id='word_1_896' title='bbox 2676 5489 3004 5543; x_wconf 79' lang='lat' dir='ltr'><strong>colluctatam</strong></span> <span class='ocrx_word' id='word_1_897' title='bbox 3044 5491 3138 5544; x_wconf 85' lang='lat' dir='ltr'><strong>hoc</strong></span> <span class='ocrx_word' id='word_1_898' title='bbox 3177 5491 3327 5544; x_wconf 88' lang='lat' dir='ltr'><strong>modo</strong></span> <span class='ocrx_word' id='word_1_899' title='bbox 3371 5487 3680 5542; x_wconf 79' lang='lat' dir='ltr'><strong>Itorruimus.</strong></span> <span class='ocrx_word' id='word_1_900' title='bbox 3720 5486 3775 5542; x_wconf 87' lang='lat' dir='ltr'><strong>ln</strong></span> <span class='ocrx_word' id='word_1_901' title='bbox 3822 5486 4029 5545; x_wconf 79' lang='lat' dir='ltr'><strong>codice</strong></span> 
     </span>
    </p>
   </div>
   <div class='ocr_carea' id='block_1_119' title="bbox 2406 5557 4026 5632">
    <p class='ocr_par' dir='ltr' id='par_1_119' title="bbox 2406 5557 4026 5632">
     <span class='ocr_line' id='line_1_121' title="bbox 2406 5557 4026 5632; baseline 0.003 -22"><span class='ocrx_word' id='word_1_902' title='bbox 2406 5560 2746 5628; x_wconf 80' lang='lat' dir='ltr'><strong>Agohardino</strong></span> <span class='ocrx_word' id='word_1_903' title='bbox 2789 5561 2976 5616; x_wconf 79' lang='lat' dir='ltr'><strong>litterze</strong></span> <span class='ocrx_word' id='word_1_904' title='bbox 3019 5562 3224 5632; x_wconf 90' lang='lat' dir='ltr'><strong>aliquot</strong></span> <span class='ocrx_word' id='word_1_905' title='bbox 3270 5561 3610 5614; x_wconf 85' lang='lat' dir='ltr'><strong>intercidere.</strong></span> <span class='ocrx_word' id='word_1_906' title='bbox 3662 5557 3794 5632; x_wconf 83' lang='lat' dir='ltr'><strong>Non</strong></span> <span class='ocrx_word' id='word_1_907' title='bbox 3838 5559 4026 5627; x_wconf 84' lang='lat' dir='ltr'><strong>placet</strong></span> 
     </span>
    </p>
   </div>
   <div class='ocr_carea' id='block_1_120' title="bbox 2403 5629 4024 5702">
    <p class='ocr_par' dir='ltr' id='par_1_120' title="bbox 2403 5629 4024 5702">
     <span class='ocr_line' id='line_1_122' title="bbox 2403 5629 4024 5702; baseline -0.001 -19"><span class='ocrx_word' id='word_1_908' title='bbox 2403 5632 2541 5702; x_wconf 74' lang='lat' dir='ltr'><strong>quod</strong></span> <span class='ocrx_word' id='word_1_909' title='bbox 2571 5631 2620 5684; x_wconf 93' lang='lat' dir='ltr'><strong>in</strong></span> <span class='ocrx_word' id='word_1_910' title='bbox 2653 5633 2876 5701; x_wconf 79' lang='lat' dir='ltr'><strong>vulgatis</strong></span> <span class='ocrx_word' id='word_1_911' title='bbox 2905 5629 3229 5692; x_wconf 79' lang='lat' dir='ltr'><strong>editionihus</strong></span> <span class='ocrx_word' id='word_1_912' title='bbox 3258 5634 3464 5702; x_wconf 81' lang='lat' dir='ltr'><strong>legitur,</strong></span> <span class='ocrx_word' id='word_1_913' title='bbox 3511 5647 3606 5700; x_wconf 88' lang='lat' dir='ltr'><strong>pro</strong></span> <span class='ocrx_word' id='word_1_914' title='bbox 3650 5629 3854 5696; x_wconf 82' lang='lat' dir='ltr'><strong>auspice</strong></span> <span class='ocrx_word' id='word_1_915' title='bbox 3892 5647 4024 5685; x_wconf 80' lang='lat' dir='ltr'><strong>cum</strong></span> 
     </span>
    </p>
   </div>
   <div class='ocr_carea' id='block_1_121' title="bbox 2401 5699 4022 5771">
    <p class='ocr_par' dir='ltr' id='par_1_121' title="bbox 2401 5699 4022 5771">
     <span class='ocr_line' id='line_1_123' title="bbox 2401 5699 4022 5771; baseline 0.004 -20"><span class='ocrx_word' id='word_1_916' title='bbox 2401 5699 2453 5752; x_wconf 88' lang='lat' dir='ltr'><strong>in</strong></span> <span class='ocrx_word' id='word_1_917' title='bbox 2484 5711 2586 5754; x_wconf 87' lang='lat' dir='ltr'><strong>tota</strong></span> <span class='ocrx_word' id='word_1_918' title='bbox 2609 5703 2710 5770; x_wconf 78' lang='lat' dir='ltr'><strong>ﬁde</strong></span> <span class='ocrx_word' id='word_1_919' title='bbox 2736 5699 3090 5771; x_wconf 76' lang='lat' dir='ltr'><strong>quorumdam.</strong></span> <span class='ocrx_word' id='word_1_920' title='bbox 3120 5704 3279 5761; x_wconf 88' lang='lat' dir='ltr'><strong>Certe</strong></span> <span class='ocrx_word' id='word_1_921' title='bbox 3306 5699 3438 5758; x_wconf 84' lang='lat' dir='ltr'><strong>nihil</strong></span> <span class='ocrx_word' id='word_1_922' title='bbox 3468 5699 3553 5758; x_wconf 83' lang='lat' dir='ltr'><strong>hic</strong></span> <span class='ocrx_word' id='word_1_923' title='bbox 3578 5702 3766 5757; x_wconf 83' lang='lat' dir='ltr'><strong>deesse</strong></span> <span class='ocrx_word' id='word_1_924' title='bbox 3795 5701 4022 5758; x_wconf 79' lang='lat' dir='ltr'><strong>videtur</strong></span> 
     </span>
    </p>
   </div>
   <div class='ocr_carea' id='block_1_122' title="bbox 2401 5772 3023 5833">
    <p class='ocr_par' dir='ltr' id='par_1_122' title="bbox 2401 5772 3023 5833">
     <span class='ocr_line' id='line_1_124' title="bbox 2401 5772 3023 5833; baseline 0.016 -10"><span class='ocrx_word' id='word_1_925' title='bbox 2401 5772 2501 5826; x_wconf 87' lang='lat' dir='ltr'><strong>nisi</strong></span> <span class='ocrx_word' id='word_1_926' title='bbox 2532 5789 2726 5830; x_wconf 88' lang='lat' dir='ltr'><strong>nomen</strong></span> <span class='ocrx_word' id='word_1_927' title='bbox 2751 5776 2872 5833; x_wconf 90' lang='lat' dir='ltr'><strong>loci.</strong></span> <span class='ocrx_word' id='word_1_928' title='bbox 2907 5777 3023 5833; x_wconf 70' lang='lat' dir='ltr'><strong>llic.</strong></span> 
     </span>
    </p>
   </div>
  </div>
