4242 6492
175 381 275 437 Mi

1241 369 1606 429 ADVERSUS
1645 366 2022 425 GNOS'HCOS
2057 367 2458 426 SCORI’IACE.

3386 366 3492 423 “‘2

176 496 321 550 hitur
342 537 357 560 ,
408 508 511 563 qua
560 506 619 547 se
648 490 1000 546 christianum
1033 487 1308 560 negando,
1343 487 1609 543 Christum
1651 485 1703 540 in
1735 499 1794 540 se
1820 486 1873 547 Α
1900 484 2005 540 lius
2052 484 2134 557 (ά)
2181 488 2377 541 Aratus
2409 487 2623 551 Persea,
2656 492 2707 541 et
2735 483 2972 555 Cephea,
3008 490 3063 538 et
3085 483 3370 555 Erigonam
3394 526 3407 549 ,
3438 494 3492 540 et

184 602 420 659 negans,
457 588 622 641 etiam
654 585 825 655 ipsum
859 583 1093 654 negavit.
1129 582 1252 637 Plus
1281 591 1364 637 est
1393 590 1571 635 autem
1595 620 1610 644 ,
1644 576 1789 648 quod

186 679 571 736 etconl‘usioni
615 676 989 733 confusionem
1045 674 1401 729 comminatur
1473 689 1485 725 :
1547 670 1645 735 Qui
1711 684 1789 723 me

181 777 424 844 confusus
476 771 627 841 fuerit
672 786 845 824 coram
898 768 1202 830 hominibus,
1271 776 1318 819 et
1362 782 1454 835 ego
1501 762 1790 832 confundor

181 884 297 922 eum
319 883 491 920 coram
518 864 672 919 Putre
702 880 811 918 meo
859 866 942 933 qui
982 864 1036 916 in
1082 863 1221 917 caelis
1278 871 1373 915 est.
1405 859 1620 915 Sciebat
1643 858 1789 913 enim

180 974 211 1014 a
249 957 573 1013 confusione
604 956 689 1012 vel
717 957 950 1010 maxime
974 954 1193 1010 formari
1220 953 1561 1024 negationem
1589 967 1603 1003 :
1635 964 1788 1005 men-

182 1051 252 1106 tis
279 1060 477 1105 statum
503 1050 553 1103 in
579 1049 761 1103 fronte
789 1047 1109 1114 consistere;
1138 1047 1373 1119 priorem
1398 1059 1519 1101 esse
1547 1042 1784 1114 pudoris,

182 1158 343 1215 quam
368 1144 610 1213 corporis
641 1141 871 1212 plagam.

783 1231 1013 1289 CAPUT
1083 1232 1150 1289 Χ.

256 1327 358 1394 Qui
391 1342 519 1381 vero
550 1340 655 1381 non
685 1325 802 1391 hic,
832 1325 881 1379 id
912 1333 1016 1387 est,
1052 1340 1160 1379 non
1202 1324 1343 1378 intra
1374 1321 1514 1378 hunc
1531 1322 1791 1377 ambitum

182 1429 346 1475 terra:
374 1462 389 1487 ,
437 1436 537 1474 nec
586 1435 679 1489 per
722 1419 862 1473 hunc
905 1429 1262 1473 commeatum
1315 1419 1437 1471 vita:
1463 1458 1476 1481 ,
1526 1432 1623 1471 nec
1650 1416 1790 1486 apud

183 1514 437 1569 homines
469 1512 625 1583 hujus
675 1523 883 1567 natura:
912 1512 1212 1566 communis
1243 1510 1640 1567 confessionem
1690 1525 1790 1579 pu-

184 1615 302 1661 tant
346 1608 736 1672 constitutam,
768 1615 964 1676 quanta
1014 1607 1362 1675 pra'sumplio
1407 1616 1488 1660 est
1531 1605 1792 1658 adversus

181 1716 405 1754 munem
438 1698 680 1753 ordinem
726 1713 906 1752 rerum
942 1698 993 1752 in
1027 1698 1186 1751 terris
1216 1698 1332 1750 istis
1356 1739 1369 1759 ,
1404 1706 1459 1751 et
1492 1697 1542 1750 iu
1577 1696 1682 1749 vita
1717 1696 1792 1749 is-

184 1801 237 1844 tu
268 1831 281 1854 ,
336 1799 394 1844 ct
438 1790 537 1843 sub
586 1791 832 1843 humanis
881 1788 1237 1858 potestatibus
1289 1786 1793 1857 experinndarum?

1898 576 2187 631 Ariadnsm
2218 578 2357 632 inter
2383 577 2560 634 sidera
2590 576 2886 632 deliuiabit.
2932 577 3061 642 Quis
3089 586 3267 631 autem
3302 576 3489 648 prohi-

1893 667 2010 723 buit
2062 669 2344 725 Dominum
2404 671 2511 727 illic
2556 671 2719 726 etiam
2768 668 3165 725 confessionem
3212 669 3491 730 hominum

1892 762 2189 820 faciendam
2220 763 2499 821 manifeste
2534 764 2611 837 (6)
2642 765 3037 830 determinare,
3087 765 3176 819 ubi
3207 780 3359 819 suam
3402 764 3487 818 fu-

1894 866 2066 914 turam
2111 870 2296 929 aperte
2353 859 2755 931 pronuntiavit?
2803 868 2861 913 ut
2891 861 2962 913 ita
2991 858 3097 930 (7)
3125 868 3269 914 esset
3346 860 3493 929 posi-

1896 959 2040 1008 tum:
2080 952 2218 1020 «Qui
2249 954 2301 1009 in
2331 968 2416 1009 me
2438 954 2716 1009 confessus
2730 952 3084 1011 fueritcoram
3113 954 3419 1008 hominibus
3444 956 3494 1009 in

1893 1043 2073 1109 caelis,
2107 1056 2162 1100 et
2189 1059 2289 1115 ego
2319 1044 2369 1100 in
2400 1046 2493 1100 illo
2521 1045 2821 1101 confitebor
2848 1059 3029 1101 coram
3062 1046 3220 1101 Patre
3249 1061 3373 1101 meo
3403 1047 3494 1116 qui

1895 1135 1948 1191 in
1974 1137 2127 1193 etelis
2153 1140 2275 1192 est?
2309 1155 2325 1192 )
2374 1137 2597 1209 Eripere
2648 1154 2736 1193 me
2788 1136 2973 1194 debuit
3013 1154 3077 1193 es
3111 1138 3215 1193 isto
3268 1150 3497 1194 terrenae

1894 1227 2251 1287 confessionis
2312 1247 2528 1298 errore,
2589 1245 2749 1303 quam
2810 1232 3009 1303 suscipi
3056 1232 3224 1287 noluit
3255 1232 3405 1303 (8),
3451 1233 3496 1287 si

1895 1322 2172 1378 ctelestem
2201 1324 2583 1394 praecepisset,
2612 1314 2737 1395 quia
2762 1324 2937 1379 nullos
2961 1323 3099 1378 alios
3124 1325 3365 1379 homines
3397 1337 3497 1377 no-

1900 1430 2081 1470 veram
2131 1426 2328 1485 praeter
2372 1418 2578 1473 incolas
2613 1427 2814 1484 terrae;
2869 1432 2936 1472 ne
2977 1418 3095 1488 ipso
3140 1418 3353 1487 quidem
3403 1418 3502 1472 ad-

1899 1508 2007 1565 huc
2064 1520 2189 1564 tunc
2237 1511 2288 1565 in
2340 1512 2493 1567 cmlis
2542 1511 2760 1566 homine
2798 1519 3108 1581 conspecto.
3160 1510 3291 1579 Qum
3341 1526 3501 1580 porro

1901 1602 2037 1657 lides
2063 1619 2245 1659 rerum
2269 1647 2285 1673 ,
2326 1616 2381 1659 ιιι
2410 1614 2531 1677 post
2568 1620 2852 1661 excessum
2883 1606 2949 1659 ad
2991 1619 3220 1674 superna
3259 1604 3507 1660 subleva-

1899 1703 1984 1753 tus
2053 1691 2182 1765 (9),
2234 1694 2343 1751 illic
2408 1697 2667 1766 probarer
2718 1696 2869 1769 (10),
2925 1713 3032 1767 quo
3078 1712 3182 1750 non
3240 1697 3337 1750 nisi
3393 1699 3505 1766 jam

1900 1788 2163 1858 probatus
2210 1789 2558 1858 imponerer?
2591 1788 2662 1860 (e)
2689 1788 2798 1843 illic
2831 1788 2900 1843 de
2943 1798 3209 1858 praecepto
3242 1787 3354 1859 (11)
3379 1804 3507 1843 exa~

180 1883 449 1939 Nimirum
502 1898 623 1936 cum
675 1883 867 1936 anima:
894 1882 961 1937 de
991 1882 1309 1951 corporibus
1338 1882 1674 1936 excesserint
1700 1922 1713 1944 ,
1744 1888 1799 1935 et
1830 1885 1877 1944 B
1907 1881 2174 1945 minsrer,
2222 1895 2331 1950 quo
2377 1880 2480 1934 nisi
2527 1878 2889 1935 admittendus
2937 1879 3219 1950 pervenire
3251 1896 3353 1933 non
3381 1894 3506 1948 pos-

186 1994 287 2049 per
314 1976 523 2046 singula
554 1977 787 2030 tabulata
815 1976 1076 2030 cwlorum
1102 1974 1178 2048 (τι)
1208 1976 1273 2029 de
1300 1982 1564 2046 prmcepto
1589 1974 1667 2047 (Ι)
1722 1974 1796 2029 di-

190 2073 327 2142 Spici
362 2072 715 2140 cmiteriiit,i‘t
743 2071 1055 2140 interrogari
1084 2084 1276 2124 arcana
1308 2070 1391 2123 illa
1422 2068 1797 2124 haireticorum

192 2173 539 2219 sacramenta
568 2208 579 2228 ,
614 2174 740 2219 tunc
764 2164 1129 2217 conﬁtendum
1161 2163 1300 2231 apud
1330 2177 1485 2217 veras
1508 2170 1799 2231 potestates

187 2267 245 2311 et
282 2255 360 2327 (li)
388 2271 549 2309 veros
581 2255 825 2310 homines
850 2297 865 2318 ,
897 2254 1152 2310 Theletos
1182 2254 1391 2309 scilicet
1427 2264 1479 2309 et
1528 2254 1801 2309 Abascan-

190 2357 278 2403 tos
323 2356 383 2402 ct
427 2347 683 2402 Acinctos
713 2346 791 2417 (αὶ)
845 2345 1133 2401 Valentini.
1166 2346 1444 2401 Nostrates
1492 2346 1668 2409 enim,
1714 2346 1797 2399 in-

188 2449 405 2510 qmnnt,
436 2454 536 2493 nec
567 2439 679 2508 ipse
708 2438 1025 2509 Demiurgus
1056 2448 1366 2493 constanter
1404 2438 1648 2492 homines
1672 2452 1796 2507 pro-

181 2533 347 2587 linhat
377 2546 534 2587 veros
560 2547 680 2587 esse
711 2530 816 2603 (5),
848 2545 982 2601 quos
1011 2532 1326 2585 stillicidium
1350 2531 1520 2584 situla:
1545 2544 1591 2582 et
1623 2531 1798 2601 pulve-

181 2642 289 2678 rem
310 2640 450 2678 arca?
497 2634 545 2677 et
596 2634 864 2692 sputamen
914 2633 960 2677 et
1009 2624 1228 2678 locttslas
1273 2622 1587 2690 deputavit;
1635 2624 1796 2677 etiam

192 2717 601 2771 irrationalibus
619 2717 877 2785 jumentis
893 2716 1212 2786 adaequavit.
1240 2716 1401 2771 Plane
1424 2715 1495 2769 ita
1516 2716 1799 2785 scriptum.

183 2808 306 2864 Non
340 2819 516 2864 tamen
542 2809 740 2863 idcirco
766 2808 908 2862 aliud
937 2809 1167 2862 hominis
1196 2822 1368 2879 genus
1398 2808 1799 2878 intelligendum

185 2910 390 2971 prteter
412 2916 510 2955 nos
537 2914 721 2968 :.quos
748 2899 827 2971 (4)
843 2900 967 2969 quia
981 2900 1192 2954 constat
1214 2915 1357 2966 esse,
1376 2900 1801 2968 etcomparatio-

187 3008 259 3047 ne
278 2991 354 3063 (ε)
386 2992 466 3065 (5)
492 2993 658 3061 ροιυὶι
682 2992 903 3045 induere
923 3032 937 3058 ,
965 2990 1108 3045 salva
1131 2999 1187 3045 et
1203 2994 1532 3061 pr0prietate
1546 2990 1758 3060 generis
1783 3032 1799 3057 ,

187 3096 244 3141 et
274 3084 667 3155 singularitate.
691 3081 877 3154 Neque
900 3084 1042 3137 enim
1069 3083 1113 3137 si
1136 3082 1241 3137 vita
1274 3082 1459 3138 vitiata
1488 3092 1594 3147 est,
1621 3092 1677 3138 ut
1702 3082 1798 3138 de-

188 3176 398 3247 spectui
422 3174 654 3243 judieata
682 3174 954 3244 despectis
974 3182 1401 3244 compararetur,
1425 3175 1605 3229 statim
1632 3184 1791 3229 natu-

1904 1973 2066 2028 sem‘l
2103 1971 2413 2028 Christiano
2436 1971 2631 2027 coelum
2662 1981 2785 2028 ante
2833 1979 2981 2041 patet
3009 1982 3167 2041 quam
3216 1971 3337 2037 via;
3380 1971 3504 2039 quia

1906 2065 2048 2121 nulla
2104 2065 2186 2117 via
2243 2065 2295 2118 in
2340 2064 2572 2132 emtum,
2623 2063 2725 2117 nisi
2776 2063 2863 2119 cui
2913 2072 3055 2133 patet
3100 2064 3333 2125 ccelum;
3364 2063 3505 2132 quod

1906 2159 1992 2227 qui
2053 2158 2324 2227 attigerit,
2360 2155 2597 2211 intrabit.
2636 2154 2779 2224 Quas
2828 2156 2956 2210 mihi
2985 2155 3510 2225 potestatcsjanitri-

1904 2265 1996 2306 ces
2045 2252 2280 2306 afﬁrmas
2313 2250 2462 2321 juxta
2498 2264 2777 2305 romanam
2805 2251 3243 2321 superstitionem
3293 2249 3364 2324 (ι’)
3399 2251 3507 2307 Ja-

1904 2358 2030 2401 num
2049 2345 2330 2415 quemdam
2362 2344 2475 2415 (12)
2500 2356 2553 2398 et
2577 2343 2862 2398 Forculum
2878 2355 2929 2398 et
2945 2343 3343 2399 Limentinum?
3369 2360 3503 2416 quas

1901 2454 1929 2492 a
1960 2436 2215 2492 cancellis
2241 2436 2462 2491 ordinas
2490 2436 2827 2507 potestates?
2876 2436 2931 2491 Si
2962 2452 3195 2507 unquam
3224 2438 3395 2508 legisti
3435 2454 3498 2492 a-

1904 2530 2009 2600 pnd
2040 2529 2202 2584 David
2234 2529 2362 2603 (Ps.
2393 2529 2561 2585 XXIV
2583 2572 2597 2595 ,
2625 2528 2729 2600 7),
2772 2532 2970 2602 auferte
3019 2540 3190 2601 portas
3255 2532 3509 2603 principes

1905 2633 2094 2678 uestras
2117 2624 2255 2695 (15),
2287 2634 2334 2679 et
2372 2624 2693 2678 subleventur
2728 2634 2887 2693 porta
2938 2634 3159 2689 interna,
3200 2635 3245 2679 et
3299 2628 3506 2682 intrabit

1904 2732 1997 2771 rea:
2022 2716 2218 2788 glorior.
2253 2716 2309 2771 Si
2343 2717 2467 2770 item
2492 2716 2686 2771 audisti
2716 2715 2856 2786 apud
2896 2717 3061 2770 Amos
3090 2715 3229 2786 (IX,
3263 2716 3332 2788 6)
3365 2735 3377 2771 :
3407 2717 3507 2786 Qui

1904 2825 2168 2863 assensum
2186 2807 2334 2862 illum
2365 2825 2516 2863 suum
2557 2809 2779 2876 (edi/ient
2822 2810 2874 2861 in
2919 2808 3094 2874 culos,
3144 2818 3191 2861 et
3244 2812 3504 2880 profusio-

1907 2918 2020 2956 nem
2053 2919 2198 2955 suam
2245 2901 2427 2970 [undat
2468 2903 2519 2954 in
2548 2911 2743 2966 terras;
2773 2901 2907 2955 scito
2941 2910 2996 2955 et
3032 2915 3312 2956 ascensum
3358 2902 3500 2957 illum

1904 2996 2100 3051 exinde
2147 2996 2541 3064 complanatum
2595 2994 2835 3065 vestigiis
2892 2993 3121 3059 Domini,
3147 3003 3201 3049 et
3229 2995 3505 3052 introitum

1905 3086 2101 3142 exinde
2152 3096 2445 3142 reseratum
2498 3085 2700 3140 viribus
2751 3083 2989 3147 Christi,
3022 3100 3119 3139 nec
3174 3085 3337 3140 ullam
3384 3103 3500 3142 mo-

1909 3194 2023 3233 ram
2065 3189 2155 3233 aut
2203 3179 2554 3249 quaestionem
2613 3178 2667 3232 in
2716 3176 2899 3232 limine
2951 3175 3273 3233 Christianis
3319 3194 3513 3235 occur-

193 3284 257 3323 ra
290 3267 502 3321 sublata
550 3274 665 3331 est,
710 3276 766 3320 ut
803 3264 981 3319 aliain
1026 3266 1245 3321 nomine
1287 3266 1404 3336 ejus
1431 3266 1800 3337 deputaretur.
1829 3279 1877 3343 (ς
1911 3286 2126 3339 suram,
2154 3271 2245 3340 qui
2270 3286 2377 3325 non
2411 3268 2651 3342 dignosci
2700 3268 2932 3325 habeant
2970 3270 3093 3334 illic,
3134 3269 3227 3325 sed
3258 3273 3515 3339 agnosci;

194 3360 402 3429 Atquin
430 3369 676 3413 servatur
716 3370 933 3423 natura,
964 3358 1067 3414 etsi
1111 3358 1433 3414 suﬂ'unditur
1464 3362 1599 3427 vita,
1632 3375 1730 3415 nec
1752 3376 1808 3415 a-

199 3452 312 3505 lios
344 3451 491 3502 novit
516 3450 760 3503 Christus
800 3449 1080 3513 homines,
1115 3465 1274 3520 quam
1305 3449 1373 3506 de
1402 3452 1595 3515 quibus
1634 3452 1805 3507 dicit:

199 3544 367 3611 Quem
392 3559 470 3595 me
496 3542 639 3595 aiunt
674 3557 782 3596 esse
825 3542 1092 3596 homines?
1139 3553 1194 3598 et
1226 3560 1238 3596 :
1288 3543 1553 3610 Quomodo
1578 3544 1728 3599 uultis
1756 3554 1811 3600 ut

196 3637 397 3706 faciant
427 3636 564 3689 vobis
594 3634 847 3701 homines,
875 3646 920 3689 et
952 3636 1025 3689 ita
1050 3651 1138 3689 vos
1183 3637 1337 3707 facite
1392 3637 1513 3692 illis.
1565 3636 1700 3693 Vide
1742 3652 1811 3693 an

198 3731 504 3786 servaverit
527 3742 716 3798 genus,
751 3743 781 3782 a
806 3726 1001 3798 quibus
1020 3735 1075 3784 et
1097 3729 1458 3783 testimonium
1482 3729 1564 3784 sui
1590 3744 1815 3800 exspec-

200 3835 321 3892 tet,
348 3826 485 3880 etin
526 3839 662 3894 quos
685 3822 908 3894 justitim
951 3823 1122 3877 vicem
1163 3823 1400 3877 mandat.
1462 3823 1586 3878 Illos
1632 3834 1810 3880 autem

200 3917 460 3973 caelestes
488 3915 734 3969 homines
762 3913 808 3969 si
833 3912 1171 3984 expostulem
1218 3912 1347 3968 mihi
1405 3914 1645 3980 ostendi,
1680 3913 1812 3969 laci-

1914 3378 2012 3419 nee
2043 3362 2378 3432 interrogari.
2405 3362 2499 3417 sed
2523 3361 2753 3415 admitti.
2774 3360 2905 3415 Nam
2928 3360 3041 3415 etsi
3072 3359 3245 3417 adhuc
3275 3363 3513 3419 clausum

1914 3465 2070 3528 putas
2096 3456 2292 3513 calum
2314 3498 2330 3524 ,
2355 3464 2628 3511 memento
2648 3455 2828 3510 claves
2854 3455 2970 3522 ejus
2992 3454 3078 3509 hic
3106 3457 3388 3512 Dominum
3418 3459 3519 3514 Pe-

1916 3557 2029 3612 tro,
2060 3560 2109 3604 et
2133 3564 2229 3619 per
2249 3564 2403 3615 eum,
2436 3548 2694 3604 Ecclesia
2722 3546 3006 3617 reliquisse
3029 3591 3043 3614 ,
3074 3564 3211 3618 quas
3241 3550 3327 3605 hic
3345 3563 3517 3607 unus-

1915 3642 2140 3712 quisque
2188 3642 2546 3711 interrogatus
2594 3649 2754 3710 atque
2806 3639 3089 3694 confessus
3132 3639 3272 3696 feret
3310 3658 3517 3699 secum.

1919 3732 2025 3789 Sed
2056 3741 2333 3789 asseverat
2357 3733 2604 3787 diabolus
2634 3732 2741 3787 illic
2766 3731 3133 3787 conﬁtendum
3156 3773 3171 3797 ,
3206 3742 3264 3788 ut
3294 3738 3519 3794 suadeat

1918 3823 2004 3878 hic
2032 3824 2354 3894 negandum.
2388 3824 2464 3894 (g)
2494 3821 2723 3878 Pulchra
2752 3822 3003 3879 videlicet
3032 3822 3352 3881 documenta
3375 3842 3519 3897 prte-

1917 3915 2124 3970 mittam
2148 3955 2164 3981 ,
2214 3913 2294 3985 (h)
2342 3915 2511 3971 bonas
2550 3928 2761 3970 mecum
2802 3914 2982 3970 claves
3012 3912 3182 3971 feram
3209 3957 3226 3985 ,
3266 3919 3517 3977 timorem

1423 4030 1803 4088 LECTIONES
1840 4028 2257 4088 VARIANTES.

237 4128 355 4197 _(t)
393 4125 620 4191 Recepto
665 4125 775 4192 Κίρ.
814 4131 1049 4190 respecto
1091 4129 1181 4175 oet.
1236 4122 1446 4190 exempl.
1493 4134 1699 4189 receptu
1722 4124 1813 4174 La-

207 4196 353 4323 mi?)
375 4251 618 4323 aginetos
639 4247 789 4323 Seml.
817 4248 1048 4323 Egratos
1068 4248 1177 4323 cod.
1206 4258 1456 4323 stomun.
1474 4249 1584 4316 Εἰς.

284 4311 361 4377 (5‘)
387 4311 485 4376 Ipsi
528 4313 706 4363 eadem
764 4311 944 4376 iurgiis
1001 4318 1283 4362 constantes
1326 4311 1555 4363 homines
1600 4311 1824 4377 probabit

215 4374 377 4430 ςεηιι.
413 4374 425 4376 ⁷
766 4374 773 4376 ⁷

281 4439 362 4516 Ω.)
378 4434 710 4516 ,ρίέίξδ.⁸9ἶ⁷3(;
723 4512 740 4516 -
750 4498 839 4516 μη

276 4495 353 4629 tu

2009 4122 2065 4173 7i
2093 4122 2154 4171 At
2178 4122 2244 4171 ita
2268 4122 2388 4173 Jun.

2011 4181 2062 4235 8i
2087 4183 2338 4234 Noluisset
2362 4181 2518 4234 Seml.

2013 4243 2074 4361 θλ
2093 4247 2328 4297 Sublatus
2352 4243 2499 4315 Seml.

2016 4313 2034 4360 1
2079 4310 2093 4361 l
2122 4311 2309 4359 Prober
2334 4309 2486 4359 Seml.

2018 4310 2074 4361 10
2122 4311 2309 4359 Prober
2334 4310 2492 4359 Seml.‘

2018 4310 2093 4438 ιι)
2120 4371 2342 4438 Recepto
2372 4372 2544 4438 Venet.
2557 4365 2941 4438 receptu-85ml.

2026 4427 2102 4499 ιε’)
2125 4427 2343 4499 gemunt
2364 4432 2624 4499 guenidam
2648 4427 2803 4483 Semi.
2826 4429 3060 4483 Caroeam
3084 4437 3341 4498 quamdam
3364 4441 3520 4494 ινα,

2021 4494 2099 4561 t5)
2124 4495 2287 4548 Vestri
2311 4494 2418 4562 Rig.
2456 4497 2625 4547 Venet.

1666 4641 2146 4700 MMENTARIUS.

1666 4642 1913 4699 MMENT
1967 4642 2146 4700 RIUS.

285 4736 685 4815 CAP._X_.—(a)
709 4737 1044 4815 Depraacepto
1065 4642 1819 4815 dispicicmperint.ngriece-
1847 4643 2059 4815 Diost
2094 4735 2837 4815 minorem-Septentrionem
2877 4745 3122 4801 collocat.
3176 4746 3251 4799 De
3300 4746 3534 4815 Erigone

212 4811 538 4883 ptodispici,
558 4819 639 4863 est
666 4808 859 4883 inquiri
879 4820 935 4883 et
961 4811 1252 4865 examinari
1276 4826 1341 4863 an
1371 4821 1637 4883 praecepto
1664 4808 1821 4883 Chric

214 4879 284 4938 sti
318 4879 680 4948 paruerimus,
714 4879 778 4935 an
804 4879 1062 4935 fuerimus
1087 4881 1465 4935 constantesin
1482 4880 1824 4937 confessione

215 4953 457 5009 nominis
481 4951 675 5006 Christi
704 4966 884 5006 coram
920 4953 1290 5009 potestatibus.
1324 4951 1444 5007 RIG.

296 5027 314 5093 (
324 5022 382 5094 b)
438 5022 591 5094 Veros
619 5023 844 5077 homines
856 5064 871 5089 ,

225 5544 364 5582 τους.
394 5521 515 5576 RIG.

306 5592 387 5665 (e)
423 5591 815 5665 gomparatione
837 5592 1243 5665 potuitinduere.
1276 5590 1365 5649 Sic
1385 5592 1523 5649 liber
1551 5591 1840 5665 Agobardi.

232 5661 399 5722 Liber
426 5661 630 5728 Ursini,
661 5661 890 5719 innuer'e.
933 5664 1055 5721 th.

314 5733 399 5805 (ιι)
443 5734 628 5787 Aratus
659 5732 864 5807 Persea,
895 5744 941 5789 et
962 5734 1180 5806 Cephea,
1204 5743 1251 5787 et
1285 5734 1574 5807 Erigonam,
1603 5746 1705 5789 etc.
1757 5733 1848 5807 Yi-

236 5804 472 5887 deamat:
500 5806 648 5887 Arati
694 5804 1070 5887 ιριφηρρηεηά,
1096 5820 1266 5887 quem
1298 5804 1537 5887 sequitur
1566 5810 1725 5887 etiam
1754 5804 1847 5861 Ci-

239 5891 390 5949 cero,
417 5876 512 5938 lib.
544 5876 588 5936 ll
613 5877 675 5935 de
697 5875 824 5934 Nat.
854 5876 1037 5948 Deor.,
1061 5875 1149 5936 ubi
1185 5875 1457 5952 Cepheum
1501 5887 1557 5936 et
1592 5877 1850 5936 Perseum

1926 4806 2005 4865 sic
2037 4810 2304 4891 Arnobius
2343 4809 2435 4891 lib.
2473 4809 2601 4891 \_lll_:
2629 4806 3113 4891 Ετεςρορεεωρεηεα
3149 4817 3212 4871 de
3236 4806 3531 4891 (aquaam,

1927 4891 1979 4936 ut
2009 4885 2148 4949 uirgo
2172 4882 2302 4934 inter
2320 4890 2459 4934 astra
2482 4882 2741 4951 ignitasitI
2757 4885 2830 4939 De
2860 4882 3059 4944 Perseo
3086 4902 3138 4943 et
3167 4882 3398 4946 Ariadne
3426 4882 3524 4946 de:

1928 4954 2089 5034 n_iqu_e
2116 4950 2318 5034 (quem
2343 4952 2551 5034 imitari
2589 4953 2742 5034 solet
2764 4953 3024 5034 Auc_tor),
3043 4958 3282 5034 Justinus
3308 4972 3531 5034 martyr,

955 5024 1107 5077 eletos
1142 5024 1327 5077 scilicet
1354 5033 1399 5077 et
1430 5022 1737 5079 Abascantos
1782 5030 1828 5076 et
1939 5024 2164 5093 Apolog.
2199 5024 2243 5093 l,
2269 5022 2355 5093 ubi
2384 5030 2661 5093 postquam
2692 5024 2836 5081 illum
2876 5022 3021 5085 inter
3052 5030 3199 5085 Jovis
3226 5031 3422 5087 liberos
3448 5022 3534 5091 re;

178 5135 184 5139 ρ
219 5092 462 5150 Arinetos
494 5092 767 5149 Valentini.
817 5094 871 5147 In
896 5094 1234 5163 Agobardino
1261 5093 1377 5148 haec
1405 5095 1475 5149 ita
1506 5108 1564 5149 se
1593 5094 1828 5150 habent:

234 5165 396 5220 Veros
422 5166 718 5235 homines...
751 5166 874 5219 lctos
898 5165 1087 5219 scilicet
1124 5176 1170 5219 et
1207 5166 1434 5235 aginetos
1459 5174 1506 5219 et
1531 5166 1831 5220 abascantos

234 5237 515 5291 Valentini.
544 5235 597 5307 lu
627 5234 803 5291 Ursini
832 5237 967 5291 libro
1008 5237 1220 5307 legitur,
1244 5234 1523 5307 ’ageratos,
1569 5237 1830 5307 ejusmodi

223 5316 409 5363 autem
437 5306 691 5361 vocabula
716 5305 1223 5376 reperiuntur—inter
1249 5305 1415 5377 nugas
1441 5305 1833 5362 Valentiniauo~

225 5396 376 5444 rum,
406 5379 601 5449 quibus
635 5378 1004 5449 signiﬁcabant
1042 5380 1288 5435 homines
1316 5393 1471 5433 veros
1494 5418 1510 5443 ,
1544 5378 1831 5448 perfectos,

226 5450 650 5517 int’ascinabiles,
676 5458 1007 5518 constantes,
1035 5460 1263 5514 πλείους,
1292 5455 1640 5517 ἀεισκιντους,
1669 5452 1837 5513 ἀκινή-

1934 5092 2179 5169 censuit:
2215 5092 2353 5169 Quid
2378 5092 2634 5169 dicatum,
2656 5093 2846 5169 inquit,
2881 5100 3161 5166 Ariadnen,
3189 5113 3237 5155 et
3283 5119 3409 5169 quos
3447 5105 3533 5158 iti-

1937 5168 2229 5239 dematque
2257 5165 2402 5239 illum
2432 5166 2563 5217 inter
2590 5165 2761 5221 sidera
2779 5181 3006 5239 receptos
3031 5165 3154 5227 esse
3178 5165 3342 5227 aiunt.
3394 5174 3530 5230 Ρη.

2010 5238 2089 5309 (e)
2129 5235 2249 5309 illic
2274 5235 2338 5290 de
2364 5245 2616 5309 prtecepto
2649 5235 2988 5309 examinarer.
3031 5242 3120 5298 Sic
3176 5243 3336 5297 habet
3383 5255 3537 5305 vetus

1939 5307 2215 5385 esemplar
2245 5321 2396 5375 τρυε
2426 5307 2686 5385 scriptura
2702 5308 3001 5385 conﬁrmat
3024 5313 3164 5385 quod
3191 5328 3349 5384 supra
3378 5328 3534 5372 nota-

1939 5379 2133 5449 vimus,
2156 5382 2229 5449 7de
2252 5388 2502 5449 precepto
2530 5378 2731 5449 dispici.
2777 5381 2897 5439 Bia.

2017 5446 2094 5520 (l')
2133 5446 2327 5521 Ianum
2352 5446 2629 5521 quemdam
2662 5461 2709 5505 et
2751 5449 3035 5509 Forentum
3075 5464 3121 5509 et
3172 5454 3537 5516 Limentinum.

1946 5520 2004 5577 In
2030 5518 2326 5593 esepplari
2355 5518 2566 5593 legitur,
2594 5520 2822 5579 Barnum
2850 5525 3143 5593 quemdam.
3196 5527 3313 5583 ﬂio.

2020 5589 2097 5661 (g)
2127 5589 2352 5645 Pulchra
2372 5589 2873 5662 documenta.Quasi
2895 5612 3099 5653 musam
3126 5607 3321 5653 nostra
3351 5599 3551 5655 instru-

1950 5664 2304 5737 menta._Sic.
2342 5663 2433 5737 lib.
2473 5662 2665 5732 XXIX,
2709 5681 2759 5721 c.
2792 5666 2861 5723 de
2903 5668 3282 5726 Donetionibus
3307 5711 3323 5737 ,
3366 5668 3547 5725 Docu-

1951 5746 2121 5788 menta
2152 5735 2353 5787 idonea.
2386 5733 2505 5790 th.

2027 5806 2111 5886 (ιι)
2153 5804 2322 5886 Bonas
2357 5806 2529 5886 claves
2574 5824 2769 5886 mecum
2814 5811 2992 5886 feram.
3050 5811 3194 5886 Fidei
3249 5813 3554 5873 christiana

1956 5876 2330 5937 constantiam.
2357 5876 2489 5935 Nam
2520 5879 2661 5955 quod
2688 5876 2928 5957 sequitur
2950 5883 3017 5941 de
3044 5884 3255 5956 timore,
3288 5900 3383 5957 per
3410 5885 3556 5945 deri-
