4242 6492
731 389 829 445 159

2155 377 2612 436 TERTULLIANI

3934 376 4037 433 HO

724 505 885 560 etiam
935 501 1280 572 prophetaret
1325 499 1466 569 quod
1514 507 1570 555 et
1620 497 1719 568 ipsi
1743 497 1914 552 occidi
1956 494 2215 550 haberent
2257 493 2322 548 ad
2353 495 2402 553 A
2433 509 2552 562 ergo
2593 500 2812 546 metuere
2841 504 2960 546 cum
2987 504 3148 561 super
3173 490 3320 556 dicit,
3346 491 3519 544 multis
3546 491 3840 560 passeribus
3864 492 4036 545 antis-

719 595 1024 664 cxemplum
1082 593 1480 664 prophetarum.
1550 591 1864 659 Quanquam
1917 598 1971 642 et
2012 589 2055 641 si
2106 601 2320 641 omnem

725 687 863 745 hanc
885 685 1308 756 persecutionem
1329 683 1740 740 conditionalem
1765 683 1819 736 in
1841 681 1984 736 solos
2023 689 2146 735 tunc
2175 682 2319 750 Apo-

725 781 892 834 stolos
913 779 1254 841 destinasset,
1273 778 1456 847 utique
1483 791 1579 847 per
1608 775 1728 830 illos
1749 783 1994 830 cumtoto
2025 787 2323 827 sacrameno

727 883 798 934 to,
844 888 962 927 cum
1019 870 1308 941 propagine
1356 869 1610 934 nominis,
1665 882 1784 922 cum
1818 866 2036 923 traduce
2090 865 2324 934 Spiritus

724 965 902 1021 Sancti
931 965 980 1017 in
1013 978 1110 1018 nos
1137 977 1348 1034 quoque
1394 970 1688 1031 spectasset
1732 961 1893 1016 etiam
1933 958 2321 1030 persecutionis

722 1057 983 1113 obeunda:
1013 1055 1316 1122 disciplina,
1348 1062 1402 1106 ut
1444 1054 1495 1107 in
1535 1052 1901 1107 haereditarius
1927 1051 2238 1121 discipulos,
2269 1060 2322 1105 et

723 1147 1001 1219 apostolici
1048 1147 1270 1200 seminis
1299 1145 1538 1200 frutices.
1565 1146 1694 1200 Nam
1721 1155 1774 1200 et
1798 1161 1980 1200 rursus
2006 1145 2070 1199 ad
2095 1146 2323 1214 Aposto-

718 1241 801 1294 los
829 1239 1009 1310 dirigit
1048 1237 1284 1310 (Matt/1.,
1316 1237 1364 1291 Χ
1388 1279 1402 1303 ,
1439 1237 1562 1307 16);
1612 1237 1739 1292 Ecce
1776 1253 1867 1308 ego
1904 1238 2046 1290 mitto
2080 1253 2165 1290 vos
2206 1247 2323 1290 tan-

720 1349 872 1403 quam
901 1348 1015 1384 oves
1056 1331 1106 1383 in
1146 1331 1308 1383 medio
1341 1330 1621 1399 luporum;
1661 1338 1713 1383 et
1748 1329 1766 1399 (
1799 1346 1846 1382 υ.
1878 1329 1968 1398 17)
2009 1347 2022 1382 :
2055 1329 2235 1384 Cavete
2260 1331 2323 1384 ab

723 1423 1004 1478 hominibus
1028 1439 1044 1485 ;
1075 1422 1270 1476 tradent
1297 1423 1429 1475 enim
1455 1437 1542 1476 vos
1572 1421 1622 1474 in
1648 1437 1929 1486 consessus,
1960 1431 2004 1478 et
2029 1422 2080 1475 in
2103 1439 2322 1493 synaqo~

716 1518 793 1587 gis
816 1518 918 1571 suis
942 1516 1271 1586 ﬂagellabant
1291 1530 1398 1578 vos,
1429 1523 1472 1566 et
1501 1514 1568 1566 ad
1593 1513 1834 1582 prtesitles
1859 1523 1906 1567 et
1927 1516 2324 1585 reges‘perduce-

721 1609 861 1673 mini,
883 1608 979 1661 mei
1000 1623 1202 1671 caussa,
1226 1606 1279 1659 in
1307 1605 1648 1659 testimonium
1678 1605 1781 1659 illis
1810 1615 1855 1658 et
1886 1606 2192 1670 nationibus,
2217 1617 2319 1660 etc.

718 1699 850 1755 Cum
905 1708 1080 1754 autem
1110 1697 1326 1767 subjicit
1362 1697 1380 1768 (
1414 1715 1456 1751 υ.
1495 1697 1559 1751 21
1595 1699 1611 1764 )
1653 1715 1666 1749 :
1713 1695 1898 1750 Tradet
1944 1706 2111 1751 autem
2167 1701 2324 1767 frater

719 1794 930 1861 fratrem
950 1833 964 1856 ,
997 1800 1041 1844 et
1073 1800 1214 1857 pater
1245 1791 1408 1856 ﬁlium
1428 1789 1480 1843 in
1523 1799 1751 1854 mortem,
1783 1799 1828 1842 et
1859 1790 2120 1860 insurgent
2151 1791 2243 1856 ﬁlii
2271 1791 2323 1844 in

2428 587 2579 648 tatis;
2612 599 2716 641 non
2750 583 2968 648 frustra,
3005 583 3055 637 id
3085 592 3186 650 est,
3213 598 3319 637 non
3350 583 3465 638 sine
3491 583 3856 637 emolumento
3881 599 4039 638 casu-

2426 694 2514 734 ros
2569 681 2620 732 in
2669 689 2864 733 terram
2919 677 3278 752 repromittit;
3309 677 3353 731 si
3396 677 3564 746 magis
3608 677 3674 730 ab
3730 677 4039 733 hominibus

2430 787 2588 840 quam
2616 787 2647 825 a
2677 773 2787 827 Deo
2816 771 2984 826 occidi
3029 772 3310 840 eligamus.
3345 767 3524 823 Omnis
3571 770 3724 839 igitur
3747 771 3832 839 qui
3864 772 3915 823 in
3962 784 4043 824 me

2424 866 2687 934 confessus
2736 865 2883 934 fuerit
2924 880 3096 918 coram
3122 863 3431 929 hominibus,
3465 873 3512 916 et
3543 879 3634 934 ego
3664 865 3942 932 conﬁtebor
3988 866 4040 918 in

2425 958 2514 1012 illo
2533 975 2702 1012 coram
2738 957 2894 1012 Patre
2917 975 3025 1013 meo
3053 958 3140 1028 qui
3160 958 3214 1010 in
3244 957 3381 1011 caelis
3407 966 3500 1012 est.
3529 955 3596 1009 Et
3620 959 3782 1010 omnis
3820 960 3907 1026 qui
3946 973 4042 1010 ne-

2426 1050 2615 1120 gaverit
2646 1065 2723 1103 me
2745 1066 2916 1102 coram
2941 1048 3251 1110 hominibus,
3283 1058 3327 1101 et
3355 1065 3444 1118 ego
3472 1048 3664 1118 negabo
3693 1048 3837 1102 illum
3867 1064 4044 1102 coram

2428 1141 2584 1195 Patre
2609 1156 2718 1195 meo
2743 1143 2828 1212 qui
2855 1142 2908 1194 in
2935 1143 3072 1196 cmlis
3101 1150 3174 1194 est
3203 1141 3351 1207 (ibid.
3369 1181 3384 1206 ,
3411 1156 3460 1194 υ.
3481 1142 3552 1197 33
3572 1139 3613 1212 ).
3657 1140 3956 1205 Manifesta,
3988 1150 4044 1196 ut

2427 1233 2637 1302 opinor,
2692 1232 2933 1288 definitio
2984 1243 3038 1290 et
3087 1231 3225 1287 ratio
3276 1243 3360 1288 est
3396 1232 3477 1304 (1)
3519 1244 3624 1286 tam
3677 1232 4040 1288 confessionis

2425 1340 2585 1395 quam
2632 1325 2968 1396 negationis,
2999 1326 3100 1381 etsi
3142 1325 3420 1394 dispositio
3460 1324 3674 1380 diversa
3715 1336 3818 1381 est.
3851 1324 3953 1392 Qui
3981 1340 4041 1380 se

2425 1415 2775 1471 christianum
2837 1419 3158 1483 confitetur,
3209 1418 3406 1472 Christi
3459 1431 3581 1473 esse
3631 1427 3876 1472 testatur.
3934 1417 4034 1485 Qui

2428 1509 2624 1564 Christi
2657 1521 2759 1577 est,
2794 1511 2844 1565 in
2876 1511 3092 1566 Christo
3131 1512 3201 1565 sit
3232 1526 3452 1566 necesse
3480 1523 3581 1566 est.
3626 1511 3681 1567 Si
3737 1513 3787 1565 in
3827 1511 4044 1567 Christo

2427 1614 2530 1668 est,
2561 1605 2612 1658 in
2644 1604 2858 1660 Christo
2885 1606 3066 1672 utique
3091 1603 3395 1670 confitetur,
3423 1619 3543 1658 cum
3573 1619 3632 1658 se
3687 1606 4036 1658 christianum

2430 1698 2737 1750 confitetur.
2766 1696 2878 1750 Hoc
2905 1699 3048 1751 enim
3076 1711 3180 1750 non
3204 1705 3380 1766 potest
3401 1712 3542 1761 esse,
3573 1697 3670 1750 nisi
3695 1697 3761 1750 sit
3783 1697 3831 1750 in
3862 1696 4039 1751 Chris-

2433 1797 2506 1842 to.
2538 1788 2705 1843 Porro
2731 1830 2746 1856 ,
2783 1790 2832 1842 in
2883 1789 3098 1843 Christo
3148 1787 3452 1843 confitendo
3473 1831 3486 1852 ,
3519 1788 3790 1843 Christum
3823 1802 4036 1857 quoque

719 1896 980 1956 parentes,
1021 1895 1066 1938 et
1097 1884 1471 1951 mortiﬁcabunt
1501 1899 1626 1947 eos;
1671 1881 1948 1938 manifeste
1995 1883 2322 1954 iniquitatem
2355 1892 2403 1953 Β
2431 1882 2716 1936 confitetur
2751 1883 2838 1952 qui
2869 1884 2937 1936 sit
2984 1883 3035 1936 in
3065 1879 3282 1936 Christo
3302 1922 3317 1947 ,
3347 1881 3471 1935 dum
3503 1889 3557 1935 et
3587 1882 3700 1949 ipse
3732 1881 3781 1934 in
3819 1881 3913 1934 illo
3941 1890 4042 1946 est,

717 1982 872 2035 istam
903 1980 956 2033 in
985 1987 1213 2032 cteteros
1239 1977 1619 2047 pronuntiavit,
1649 1992 1806 2048 quam
1839 1979 1888 2031 in
1921 1978 2193 2048 Apostolis
2217 1994 2322 2032 non

714 2072 1035 2126 invenimus.
1069 2068 1235 2122 Nemo
1256 2069 1396 2123 enim
1424 2083 1610 2123 eorum
1639 2078 1731 2122 aut
1754 2068 1966 2123 fratrem
1998 2079 2089 2124 aut
2119 2080 2324 2138 patrem

716 2177 906 2233 passus
935 2171 1016 2216 est
1044 2159 1353 2215 traditorem
1380 2201 1394 2223 ,
1429 2159 1570 2228 qnod
1602 2161 1841 2230 plerique
1863 2164 1970 2229 jam
2003 2164 2189 2216 nostri.
2227 2163 2325 2217 De-

717 2254 842 2307 hinc
870 2253 936 2306 ad
965 2251 1250 2322 Apostolos
1279 2263 1492 2306 revocat
1534 2253 1583 2320 (v
1632 2250 1759 2320 22),
1805 2251 1870 2304 Et
1900 2253 2040 2306 eritis
2067 2253 2184 2306 odio
2214 2269 2322 2306 om-

715 2345 862 2400 nibus
893 2354 1098 2414 propter
1123 2360 1302 2397 nomen
1332 2361 1514 2397 meum.
1545 2343 1756 2409 Quanto
1783 2345 1950 2414 magis
1981 2361 2100 2411 nos,
2135 2360 2267 2415 quos
2293 2361 2323 2400 a

717 2440 1026 2510 parentibus
1046 2454 1258 2508 quoque
1285 2437 1420 2492 tradi
1441 2437 1689 2507 oportet?
1712 2437 1806 2500 Ita,
1839 2439 1949 2506 ipsa
1973 2438 2071 2492 hac
2099 2441 2323 2508 permis-

719 2533 861 2585 tione
889 2545 1029 2584 nunc
1056 2529 1122 2583 ad
1154 2529 1461 2597 Apostolos,
1493 2545 1636 2583 nunc
1661 2529 1727 2583 ad
1755 2545 1945 2584 omnes
1966 2530 2320 2600 disponendo,

716 2623 963 2678 eumdem
998 2624 1048 2676 in
1079 2623 1356 2676 universos
1386 2623 1616 2677 nominis
1654 2623 1852 2678 exitum
1890 2623 2096 2690 effudit,
2127 2625 2178 2679 in
2207 2627 2324 2696 qni-

715 2717 814 2772 bus
851 2717 1156 2772 consederit
1191 2730 1386 2771 nomen
1424 2731 1543 2770 cum
1585 2716 1692 2771 odii
1729 2720 1808 2774 sui
1855 2719 1989 2789 lege.
2027 2719 2126 2784 Qui
2153 2731 2322 2773 autem

712 2812 1004 2865 sustinuerit
1032 2826 1189 2879 usque
1217 2809 1271 2862 in
1314 2810 1487 2876 ﬁnem,
1518 2811 1614 2863 iste
1645 2811 1814 2864 salvus
1843 2811 1927 2879 ﬁet
1970 2809 2141 2881 (ibid).
2184 2813 2320 2879 Quid

714 2903 1048 2968 sustinendo,
1082 2903 1181 2956 nisi
1213 2902 1660 2972 persecutionem,
1691 2903 1793 2956 nisi
1825 2904 2186 2969 traditionem,
2219 2907 2320 2960 nisi

713 2995 1081 3051 occisionem?
1119 2993 1227 3048 Nec
1264 2994 1407 3048 enim
1439 2993 1582 3047 aliud
1611 3003 1694 3048 est
1733 2994 1998 3050 sustinere
2040 2997 2088 3050 in
2136 2997 2316 3062 finem,

713 3104 873 3162 quam
915 3087 1021 3158 pati
1062 3087 1246 3143 finem.
1283 3087 1345 3141 Et
1392 3086 1550 3141 ideo:
1583 3085 1703 3140 Non
1734 3098 1806 3141 est
1841 3088 2126 3155 discipulus
2169 3107 2319 3159 super

711 3181 1012 3254 magistrum
1051 3180 1188 3248 (ib.,
1222 3197 1269 3233 υ.
1300 3177 1432 3250 ‘25).
1473 3179 1662 3234 Statim
1705 3181 1978 3249 sequitur:
2012 3179 2122 3235 Nec
2148 3198 2320 3239 servus

2433 1986 2614 2046 utpote
2669 1976 3011 2032 ehristianus.
3085 1975 3216 2030 Nam
3274 1986 3329 2030 et
3365 1976 3407 2028 si
3449 1973 3528 2047 (2)
3582 1974 3726 2029 diem
3803 1975 4042 2041 dixeris,

2431 2069 2564 2124 lucis
2609 2085 2722 2124 rem
2774 2070 3014 2125 ostendis
3057 2070 3138 2140 (ὅ)
3177 2085 3296 2139 quae
3337 2069 3476 2123 diem
3511 2078 3747 2138 praestat,
3773 2070 3900 2124 licet
3940 2084 4044 2124 non

2431 2162 2633 2218 dixeris
2679 2163 2884 2227 lucem,
2954 2165 3061 2226 ita,
3115 2163 3212 2217 etsi
3268 2177 3372 2215 non
3441 2162 3647 2216 directo
3723 2164 4041 2232 pronuntia-

2432 2255 2527 2318 vit,
2571 2275 2584 2306 ι
2616 2257 2704 2324 qui
2740 2271 2824 2310 me
2848 2256 3128 2311 confessus
3153 2255 3352 2310 fuerit)
3385 2273 3398 2321 ;
3427 2271 3532 2309 non
3559 2264 3642 2310 est
3667 2255 3913 2310 diversus
3959 2271 4045 2311 ac-

2437 2355 2520 2400 tus
2547 2347 2874 2417 quotidianae
2903 2347 3257 2403 confessionis
3286 2389 3300 2412 ,
3333 2362 3360 2399 a
3407 2362 3568 2402 sensu
3602 2348 3893 2404 Dominicae
3921 2362 4043 2417 pro-

2429 2443 2797 2498 nuntiationis.
2816 2442 2967 2510 Quod
2987 2442 3127 2497 enim
3143 2450 3225 2496 est
3248 2442 3338 2512 qui
3362 2441 3444 2509 (4)
3467 2457 3527 2497 se
3551 2441 3854 2506 confitetur,
3886 2443 3936 2496 id
3963 2451 4046 2497 est

2431 2533 2805 2599 christianum,
2867 2537 3028 2590 etiam
3072 2534 3123 2589 id
3175 2550 3270 2605 per
3293 2534 3433 2605 quod
3480 2545 3563 2592 est
3603 2534 3930 2600 conﬁtetur,
3986 2535 4041 2590 id

2429 2636 2512 2680 est
2532 2627 2826 2685 Christum.
2856 2628 3085 2683 Proinde
3131 2630 3219 2697 qui
3269 2642 3328 2682 se
3378 2630 3593 2698 negavit
3633 2629 3987 2687 christianum
4023 2669 4041 2696 ,

2431 2719 2482 2772 in
2540 2719 2756 2775 Christo
2831 2723 3060 2791 negavit,
3116 2721 3360 2791 negando
3415 2736 3472 2775 se
3521 2721 3570 2774 in
3626 2721 3842 2774 Christo
3895 2736 4039 2786 esse,

2428 2810 2554 2863 dum
2606 2819 2763 2880 negat
2807 2826 2866 2866 se
2920 2813 3294 2874 christianum,
3344 2821 3397 2865 ct
3433 2811 3704 2867 Christum
3753 2821 3934 2866 autem
3985 2813 4040 2867 in

2429 2917 2486 2957 se
2541 2904 2825 2974 negando,
2876 2904 3001 2959 dum
3046 2919 3105 2960 se
3159 2907 3209 2958 in
3259 2903 3473 2960 Christo
3517 2914 3712 2974 negat,
3768 2905 4042 2959 Christum

2426 3011 2641 3065 quoque
2681 2998 2913 3066 negabit.
2984 2996 3058 3053 Ita
3115 3007 3168 3053 et
3208 2998 3298 3068 qui
3354 2998 3404 3052 in
3453 2996 3670 3052 Christo
3723 2999 4041 3067 negaverit,

2424 3088 2698 3143 Christum
2742 3090 2978 3158 negabit.
3006 3091 3069 3144 Et
3094 3091 3183 3160 qui
3216 3090 3267 3144 in
3299 3090 3513 3145 Christo
3535 3092 3812 3146 confessus
3839 3090 4039 3156 fuerit,

2423 3181 2696 3236 Christum
2723 3182 3082 3237 confitebitur.
3117 3183 3431 3238 Suffecisset
3463 3184 3621 3252 igitur
3647 3193 3700 3237 et
3730 3187 3774 3237 si
3806 3183 3875 3238 de
3901 3200 4033 3238 con-

711 3289 862 3343 super
890 3272 1152 3324 dominum
1181 3286 1357 3336 suum;
1387 3271 1508 3338 quia
1541 3287 1662 3324 cum
1696 3271 1950 3341 magister
1979 3283 2033 3326 et
2070 3273 2320 3329 dominus
2347 3290 2390 3352 ρ
2425 3272 2626 3328 fitendo
2702 3275 3074 3329 tantummodo
3128 3274 3383 3330 Dominus
3459 3276 3883 3343 pronuntiasset.
3957 3276 4038 3332 Ex

714 3366 829 3434 ipse
876 3378 1165 3434 perpessus
1212 3364 1280 3416 sit
1312 3364 1736 3432 persecutionem
1778 3373 1834 3419 et
1877 3364 2216 3421 traditionem
2267 3381 2322 3423 et

714 3457 1063 3520 occisionem,
1111 3455 1281 3510 multo
1312 3455 1480 3524 magis
1510 3456 1650 3510 servi
1689 3465 1744 3509 et
1780 3455 2025 3527 discipuli
2073 3459 2317 3512 eamdem

711 3548 1025 3620 expendere
1068 3547 1371 3612 debebunt,
1426 3562 1494 3603 ne
1537 3548 1688 3617 quasi
1732 3550 2036 3618 superiores
2086 3552 2320 3622 exempti

711 3641 780 3697 de
849 3641 1124 3710 iniquitate
1172 3639 1498 3704 videantur;
1557 3639 1772 3710 quando
1816 3640 1918 3696 hoc
1973 3643 2144 3709 ipsum
2219 3646 2321 3698 suf-

714 3734 876 3788 ficere
927 3732 1005 3786 eis
1068 3732 1135 3785 ad
1201 3732 1423 3801 gloriam
1483 3729 1696 3793 debeat,
1747 3732 1946 3801 aequari
1985 3735 2320 3803 passionibus

715 3826 926 3881 Domini
953 3834 1007 3881 et
1028 3824 1259 3895 Magistri
1288 3841 1303 3888 ;
1331 3823 1398 3878 ad
1429 3839 1654 3894 quarum
1683 3823 2018 3881 tolerantiam
2050 3828 2320 3884 aedilicans

711 3929 892 3972 monet
932 3917 1104 3987 (ibid.,
1128 3933 1178 3970 υ.
1209 3915 1333 3987 28),
1360 3932 1463 3971 non
1491 3932 1578 3970 eos
1604 3917 1874 3983 timendos,
1901 3918 1986 3988 qui
2012 3919 2176 3973 solum
2206 3936 2318 3974 cor-

711 4027 805 4082 pus
834 4010 1086 4075 occidant,
1130 4009 1356 4062 animam
1399 4017 1568 4061 autem
1616 4009 1900 4077 interﬁcere
1937 4026 2038 4064 non
2081 4013 2317 4069 valeant:

711 4107 801 4161 sed
828 4107 903 4160 illi
933 4107 1101 4177 potius
1132 4112 1318 4156 metum
1357 4103 1780 4166 consecrandum,
1829 4103 1917 4174 qui
1958 4113 2005 4158 et
2049 4121 2234 4175 corpus
2271 4118 2318 4160 et

711 4198 934 4250 animam
964 4195 1192 4250 occidere
1217 4203 1263 4247 et
1288 4193 1496 4263 perdere
1522 4194 1678 4262 possit
1704 4194 1757 4246 in
1797 4194 2042 4264 gehenna.
2086 4195 2314 4264 Quinam

713 4289 767 4344 hi
793 4289 960 4344 solius
985 4287 1226 4356 corporis
1254 4286 1689 4355 interemptores,
1739 4285 1836 4338 nisi
1870 4286 2126 4356 prmsides
2150 4299 2203 4343 et
2232 4305 2316 4344 re-

709 4395 806 4445 ges
851 4377 1182 4447 supradicti?
1236 4376 1480 4430 homines
1526 4375 1739 4445 opinor.
1767 4375 1898 4443 Quis
1941 4379 2101 4432 etiam
2122 4380 2316 4435 anima:

709 4472 1034 4532 dominator,
1066 4468 1166 4522 nisi
1195 4467 1334 4522 Deus
1363 4467 1552 4520 solus?
1579 4466 1710 4534 Quis
1741 4468 1842 4522 iste
1869 4467 2067 4546 ignium
2093 4473 2316 4524 commi-

708 4572 885 4626 nator,
915 4561 1014 4616 nisi
1044 4561 1105 4626 is,
1140 4560 1257 4614 sine
1284 4558 1436 4628 cujus
1461 4559 1733 4613 voluntate
1760 4575 1860 4614 nec
1883 4576 2153 4628 passerum
2178 4564 2314 4618 alter

2426 3363 2596 3418 forma
2623 3365 2766 3419 enim
2794 3366 3148 3420 confessionis
3170 3408 3185 3432 ,
3215 3368 3489 3420 contrario
3509 3382 3726 3437 quoque
3749 3367 3866 3436 ejus
3892 3382 4032 3437 prato

2420 3458 2795 3528 judicaretur,
2846 3461 2895 3514 id
2945 3471 3028 3515 est
3059 3461 3608 3531 negationi;perinde
3647 3461 3917 3532 negationi
3958 3461 4037 3532 (5)

2423 3554 2764 3620 negationem
2841 3553 3064 3623 rependi
3135 3568 3165 3607 a
3239 3554 3501 3620 Domino,
3576 3552 4036 3623 quemadmodum

2424 3646 2746 3701 confessioni
2831 3647 2912 3717 (6)
3007 3646 3425 3701 confessionem.
3525 3645 3592 3699 Et
3689 3645 3808 3701 ideo
3910 3663 4037 3703 cum

2425 3736 2477 3792 in
2546 3739 2715 3794 forma
2760 3738 3149 3805 confessionis,
3223 3739 3383 3792 etiam
3444 3736 3746 3807 negationis
3795 3739 4036 3795 conditio

2426 3834 2788 3904 intelligatur,
2839 3843 3064 3904 apparet
3136 3832 3203 3889 ad
3268 3832 3431 3886 alium
3494 3830 3711 3885 modum
3795 3831 4036 3901 negatio-

2424 3927 2508 3981 nis
2539 3929 2808 3996 pertinere
2830 3967 2845 3993 ,
2879 3926 3019 3996 quod
3052 3925 3119 3981 de
3159 3941 3221 3981 ea
3275 3926 3432 3980 aliter
3475 3924 3731 3978 Dominus
3782 3939 4026 3993 pronun-

2423 4021 2604 4086 tiavit,
2636 4034 2796 4089 quam
2827 4018 2894 4072 de
2939 4016 3279 4072 confessione
3303 4059 3316 4081 ,
3372 4016 3602 4070 dicendo
3633 4033 3646 4068 :
3693 4015 3794 4082 Qui
3834 4032 3915 4070 me
3939 4032 4031 4069 ne-

2423 4113 2657 4183 gaverit;
2714 4127 2856 4175 non,
2891 4131 2908 4162 ι
2946 4110 3047 4177 Qui
3101 4111 3152 4164 in
3181 4126 3266 4164 me
3302 4128 3348 4162 ι.
3393 4110 3750 4178 Prospexerat
3776 4110 3925 4163 enim
3973 4117 4030 4165 et

2425 4203 2560 4258 hanc
2610 4205 2712 4257 vim
2765 4204 3079 4274 plerumque
3127 4203 3178 4256 in
3208 4203 3601 4272 expugnatione
3630 4201 3865 4255 nominis
3894 4201 4024 4256 sub-

2421 4306 2755 4361 secuturam;
2804 4297 2881 4368 (a)
2930 4306 2985 4350 ut
3017 4296 3106 4366 qui
3135 4310 3194 4351 se
3223 4296 3574 4350 christianum
3609 4303 3865 4364 negasset
3936 4295 4020 4365 ip-

2421 4403 2539 4442 sum
2563 4404 2773 4458 quoque
2787 4389 3060 4444 Christum
3075 4389 3486 4456 compelleretur
3501 4387 3924 4456 blasphemando
3945 4401 4033 4441 ne-

2420 4497 2566 4549 gare.
2601 4481 2676 4552 (b)
2708 4482 2856 4536 Sit-ut
2886 4495 2990 4536 non
3019 4481 3146 4535 olim
3182 4496 3346 4550 pro...
3369 4481 3519 4548 spice
3550 4479 3630 4550 ('l)
3655 4494 3775 4532 cum
3804 4477 3887 4550 (8)
3919 4489 4030 4533 tota

2421 4574 2528 4628 fide
2571 4574 2925 4644 quorumdam
2970 4574 3317 4628 colluctatum
3352 4573 3453 4626 hoc
3499 4571 3658 4626 modo
3691 4571 4022 4625 horruimus.

708 4659 763 4714 in
794 4667 989 4712 terram
1014 4655 1195 4720 cadit;
1226 4653 1276 4708 id
1303 4663 1406 4717 est,
1436 4667 1534 4708 nec
1559 4652 1723 4707 altera
1746 4667 1810 4745 ex
1838 4654 2043 4709 duabus
2067 4658 2315 4712 substan-
2347 4687 2391 4745 υ
2425 4666 2604 4734 Itaque
2682 4665 2874 4720 frustra
2957 4667 3058 4721 erit
3118 4667 3320 4732 dicere,
3367 4684 3386 4717 ‹
3422 4664 3536 4720 Etsi
3607 4678 3694 4718 me
3759 4678 4028 4733 negavero

705 4751 797 4806 tiis
849 4747 1112 4812 hominis,
1159 4761 1286 4800 caro
1327 4753 1420 4799 aut
1467 4746 1687 4802 anima?
1729 4743 1861 4813 Quia
1912 4757 1967 4802 et
2013 4749 2315 4818 capillorum

705 4842 848 4914 apud
879 4857 1002 4904 eum
1031 4851 1256 4913 regestus
1300 4849 1371 4894 est
1425 4855 1664 4892 numerus
1704 4837 1952 4910 (ibid.,u.
1985 4842 2042 4895 3i
2068 4840 2108 4912 ).
2139 4841 2314 4899 Nolite

2419 4755 2770 4811 christianum
2795 4798 2811 4822 ,
2863 4774 2967 4811 non
3019 4759 3254 4827 negabor
3291 4774 3321 4810 a
3357 4756 3606 4820 Christo;
3635 4771 3738 4808 non
3769 4757 3913 4809 enim
3941 4755 4028 4826 ip-

2418 4865 2535 4904 sum
2568 4852 2808 4921 negavi.)
2831 4850 2907 4905 Ex
2936 4851 3024 4904 illa
3049 4852 3194 4906 enim
3209 4852 3493 4923 negatione
3515 4848 3848 4904 tantumdem
3867 4857 4024 4904 tene-

1954 4953 2334 5018 LECTIONES
2374 4963 2781 5022 VARIANTES.

821 5049 846 5365 Ξ

797 5049 846 5110 1)
866 5047 955 5099 Est
977 5055 1029 5098 et
1044 5045 1264 5110 deﬁnitio
1285 5049 1340 5094 et
1359 5045 1489 5096 ratio
1510 5041 1652 5094 Seml.
2465 5050 2536 5110 (6)
2566 5054 2886 5108 Confessione
2910 5058 3051 5110 seml.

797 5052 814 5100 1
866 5050 955 5099 Est
977 5055 1029 5098 et
1044 5050 1264 5096 deﬁnitio
1285 5050 1340 5094 et
1359 5050 1489 5096 ratio
1510 5050 1652 5094 Semt.
2488 5056 2518 5104 6
2566 5054 2886 5108 Confessione
2910 5058 3051 5110 semt.

791 5050 846 5228 εἰ
871 5110 936 5161 Ut
955 5111 1000 5160 si
1022 5110 1147 5184 cod.
1165 5108 1353 5158 Wouw.
2465 5050 2542 5228 1Ὶέ
2567 5118 2778 5188 Auspice
2802 5124 2946 5171 Pam.
2991 5128 3042 5172 ut
3079 5133 3192 5174 vero
3205 5121 3376 5172 desunt
3410 5115 3812 5186 quwdamlitem
3831 5119 3884 5172 in
3900 5121 4015 5176 cod.

791 5179 820 5224 5
880 5174 1151 5223 Ostendtstt
1171 5167 1321 5221 Scml.
2402 5179 2509 5228 Δσο
2543 5180 2672 5228 arm.

791 5167 844 5241 ᾇ)
880 5167 1321 5241 gstendistiScml.
2402 5167 2672 5241 Ag‘obardi.

797 5052 814 5100 1
866 5051 955 5099 Est
977 5055 1029 5098 et
1044 5051 1264 5096 deﬁnitio
1285 5051 1340 5094 et
1359 5051 1489 5096 ratio
1510 5051 1652 5094 semt.
2488 5056 2518 5104 6
2566 5054 2886 5108 Confessione
2910 5067 2939 5109 s

791 5114 821 5162 2
871 5110 936 5161 Ut
955 5111 1000 5160 si
1022 5110 1130 5159 cod.
1165 5108 1353 5158 Wouw.
2465 5051 2542 5228 i7;
2567 5118 2778 5182 Auspice
2802 5124 2939 5171 Pam.

791 5179 820 5224 3
880 5171 1151 5223 Ostendisti
1171 5167 1321 5221 Seml.
2402 5179 2509 5241 Ago
2543 5180 2672 5230 ardi.

789 5237 819 5285 4
874 5235 996 5286 Cum
1032 5231 1182 5307 Sensi.
2473 5239 2548 5308 (8)
2573 5241 2630 5294 In
2653 5243 2773 5296 add.
2794 5246 2939 5296 Pam.

789 5301 821 5350 5
864 5298 1148 5360 Negattoue
1167 5291 1308 5346 sani.

2075 5379 2638 5450 COMMENTARIUS.

774 5502 853 5579 (ξι)
897 5502 964 5560 Ut
1009 5502 1094 5573 qui
1138 5489 1563 5579 se__christianum
1606 5506 1857 5579 negasset,
1900 5499 2064 5568 ipsum
2105 5518 2302 5579 quoque

701 5569 960 5632 Christum
1016 5569 1399 5642 compelleretur
1459 5569 1856 5642 blasphemando
1913 5569 2123 5642 negare
2171 5569 2298 5630 Tale

698 5648 952 5717 quiddam
983 5651 1225 5717 narratur
1251 5657 1279 5694 a
1314 5641 1505 5703 Plinio,
1539 5641 1840 5717 nominatos
1878 5642 1944 5695 ab
1978 5641 2163 5699 indice
2209 5647 2294 5712 qui

699 5710 758 5775 se
787 5717 1112 5774 christianos
1141 5713 1400 5784 dicerent,
1429 5710 1845 5784 comprehensas
1899 5729 2139 5784 negasse,
2173 5710 2291 5772 tan.

703 5795 819 5845 dem
849 5800 902 5844 et
926 5787 1141 5843 Cbrlsm
1168 5783 1523 5838 maledixisse.
1570 5783 1686 5836 llic.

771 5859 847 5935 (li)
896 5861 1039 5916 Sicut
1073 5872 1170 5912 non
1207 5855 1328 5910 olim
1357 5870 1542 5927 pro....
1575 5857 1712 5925 spice
1745 5870 1860 5909 cum
1891 5863 1994 5911 tota
2028 5857 2131 5928 ﬁde
2167 5875 2291 5930 quo-

2405 5515 2638 5567 rumdam
2675 5517 3002 5570 colluctatum
3042 5518 3136 5570 hoc
3175 5518 3324 5571 modo
3369 5513 3678 5569 ltorruimus.
3719 5513 3775 5568 ln
3823 5511 4014 5570 codice

2406 5585 2745 5659 Agobardino
2787 5589 2974 5642 littera:
3017 5588 3221 5659 aliquot
3267 5588 3608 5641 intercidere.
3660 5584 3794 5659 Non
3839 5587 4013 5654 placet

2403 5657 2540 5728 quod
2570 5657 2619 5710 in
2652 5659 2874 5727 vulgatis
2903 5657 3226 5718 editionihus
3256 5659 3462 5728 legitur,
3508 5674 3603 5728 pro
3649 5657 3855 5724 auspice
3893 5673 4010 5710 cum

2401 5725 2452 5778 in
2483 5737 2585 5780 tota
2608 5729 2709 5795 ﬁde
2734 5725 3087 5797 quorumdam.
3117 5730 3276 5786 Certe
3303 5725 3434 5784 nihil
3465 5725 3549 5784 hic
3575 5729 3765 5784 deesse
3796 5729 4008 5784 videtur

2401 5797 2500 5851 nisi
2531 5814 2724 5856 nomen
2749 5802 2870 5858 loci.
2906 5803 3020 5859 illa.
