4242 6492
192 390 284 445 HI

1253 376 1616 435 ADVERSUS
1655 373 2032 431 GNOS'IICOS
2068 374 2467 432 SCORl’lACE.

3398 373 3502 429 14⁸2

191 505 330 558 bitur
353 545 366 567 ,
420 516 522 571 qua
572 515 630 555 se
661 499 1011 554 christianum
1045 495 1318 567 negando,
1354 494 1620 549 Christum
1663 492 1714 546 in
1747 505 1805 546 se
1831 493 1884 554 Α
1911 491 2016 546 lius
2063 491 2144 562 (ά)
2192 495 2386 546 Aratus
2419 493 2632 557 Persea,
2665 498 2716 546 et
2745 489 2983 560 Cephea,
3019 497 3074 544 et
3097 490 3381 562 Erigonam
3405 532 3418 554 ,
3449 501 3503 545 et

197 611 430 667 negans,
468 597 633 648 etiam
667 594 836 663 ipsum
871 591 1104 661 negavit.
1141 589 1263 644 Plus
1293 599 1375 643 est
1405 598 1582 641 autem
1607 627 1621 651 ,
1655 582 1800 654 quod

199 699 251 744 et
278 687 582 743 confusioni
627 685 1000 741 confusionem
1056 682 1412 736 comminatur
1484 697 1496 732 :
1558 677 1656 742 Qui
1723 691 1800 729 me

193 786 435 852 confusus
488 780 638 849 fuerit
685 794 855 832 coram
910 776 1213 837 hominibus,
1283 784 1329 827 et
1373 789 1464 842 ego
1512 768 1802 839 confundor

193 893 306 929 eum
329 892 502 928 coram
530 873 684 927 Patre
713 889 822 926 meo
871 874 953 940 qui
995 873 1046 924 in
1093 871 1232 924 caelis
1290 879 1383 923 est.
1416 867 1630 922 Sciebat
1655 865 1800 920 enim

192 983 220 1022 a
261 966 585 1021 confusione
617 964 700 1019 vel
729 965 961 1017 maxime
986 962 1204 1017 formari
1233 961 1572 1030 negationem
1601 975 1614 1010 :
1646 973 1799 1012 men-

195 1059 262 1113 tis
290 1068 488 1113 statum
516 1059 564 1110 in
591 1057 771 1110 fronte
801 1055 1120 1121 consistere;
1150 1055 1384 1126 priorem
1410 1067 1530 1108 esse
1558 1050 1796 1122 pudoris,

195 1166 353 1222 quam
379 1152 621 1220 corporis
653 1149 882 1218 plagam.

795 1239 1025 1296 CAPUT
1095 1240 1162 1295 X.

267 1335 368 1401 Qui
403 1349 530 1388 vero
563 1349 668 1387 non
697 1333 814 1397 hic,
844 1332 893 1386 id
925 1340 1027 1393 cst,
1065 1348 1171 1386 non
1214 1331 1354 1385 intra
1385 1329 1525 1385 hunc
1544 1329 1802 1384 ambitum

198 1437 357 1482 terra:
386 1470 401 1492 ,
449 1443 548 1481 nec
599 1443 690 1496 per
734 1426 874 1480 hunc
917 1436 1274 1479 commeatum
1327 1426 1448 1478 vita:
1475 1465 1488 1488 ,
1538 1439 1634 1477 nec
1663 1423 1802 1492 apud

197 1521 449 1575 homines
481 1521 637 1590 hujus
687 1531 895 1573 natura:
924 1520 1224 1573 communis
1255 1517 1652 1573 confessionem
1701 1531 1802 1585 pu-

199 1623 315 1668 tant
359 1615 704 1668 coostitutam
731 1654 747 1678 ,
781 1622 976 1682 quanta
1027 1614 1374 1682 pra-smnptio
1420 1623 1500 1666 est
1544 1611 1804 1664 adversus

197 1724 418 1761 otuncm
451 1706 691 1759 ordinem
739 1721 918 1759 rerum
955 1705 1005 1759 in
1040 1705 1197 1758 terris
1229 1705 1344 1757 istis
1369 1745 1380 1765 ,
1418 1713 1471 1757 et
1504 1704 1554 1756 in
1590 1703 1694 1755 vita
1729 1703 1804 1754 is-

200 1809 249 1851 ta
281 1839 294 1861 ,
350 1807 406 1850 ct
451 1798 550 1849 sub
599 1799 845 1849 humanis
894 1795 1248 1864 potcsmtibus
1302 1793 1806 1863 rxpcrimrdarurn?

1909 583 2196 637 Ariadnom
2229 585 2367 638 inter
2394 584 2570 639 sidera
2600 583 2896 639 deliniabit.
2943 584 3072 648 Quis
3101 592 3278 637 autem
3314 582 3500 653 prohi-

1906 673 2020 729 buit
2074 675 2355 731 Dominum
2414 677 2520 732 illic
2566 678 2728 732 etiam
2780 675 3175 732 confessionem
3224 675 3502 735 hominum

1904 769 2199 825 faciendam
2231 769 2509 827 manifeste
2544 772 2620 842 (6)
2653 771 3047 836 determinare,
3099 771 3186 824 ubi
3219 786 3370 824 suam
3413 770 3498 823 fo-

1906 873 2077 920 turam
2123 877 2306 935 aperte
2364 866 2765 938 pronuntiavit?
2814 875 2872 919 ut
2903 868 2973 919 ita
3002 864 3108 934 (7)
3137 874 3280 920 esset
3358 866 3504 934 posi-

1907 967 2052 1014 tum:
2091 978 2107 1010 i
2130 959 2228 1027 Qui
2260 961 2312 1016 in
2342 976 2426 1015 me
2449 962 2726 1016 confessus
2741 959 3095 1017 fueritcoram
3125 959 3430 1012 hominibus
3456 961 3504 1014 in

1905 1051 2084 1116 caelis,
2119 1064 2172 1107 et
2201 1067 2300 1122 ego
2330 1052 2380 1106 in
2411 1053 2503 1106 illo
2532 1053 2832 1107 confitebor
2859 1065 3040 1107 coram
3074 1051 3230 1106 Patre
3261 1066 3385 1106 meo
3415 1052 3506 1121 qui

1907 1143 1959 1198 in
1986 1145 2138 1199 caelis
2165 1147 2285 1199 est?
2320 1163 2336 1198 )
2387 1145 2607 1216 Eripere
2659 1162 2746 1200 me
2798 1143 2983 1200 debuit
3025 1160 3088 1199 ex
3123 1144 3225 1198 isto
3280 1156 3508 1199 terrenae

1907 1234 2262 1293 confessionis
2323 1254 2538 1304 errore,
2600 1252 2759 1308 quam
2821 1238 3019 1308 suscipi
3068 1237 3416 1308 noluit(8),
3463 1239 3507 1290 si

1907 1328 2184 1383 etelestem
2213 1331 2555 1400 praecepisset
2579 1373 2593 1395 ,
2623 1321 2747 1400 quia
2772 1330 2946 1384 nullos
2972 1330 3110 1384 alios
3135 1331 3376 1384 homines
3408 1343 3508 1382 no-

1912 1437 2093 1476 veram
2143 1433 2339 1491 praeter
2385 1425 2588 1478 incolas
2624 1433 2824 1490 terrae;
2880 1439 2946 1478 ne
2988 1424 3106 1494 ipso
3152 1424 3364 1491 quidem
3415 1424 3512 1476 ad-

1911 1515 2019 1570 huc
2077 1526 2201 1570 tunc
2249 1518 2299 1570 in
2352 1518 2504 1572 ctelis
2553 1517 2770 1572 homine
2809 1526 3118 1586 conspecto.
3171 1517 3301 1584 Qua
3353 1531 3512 1585 porro

1913 1609 2050 1663 fides
2077 1626 2256 1664 rerum
2281 1654 2296 1678 ,
2338 1623 2391 1665 ut
2423 1621 2542 1683 post
2580 1626 2862 1666 excessum
2895 1612 2960 1665 ad
3003 1625 3230 1679 superna
3271 1611 3518 1665 subleva-

1912 1711 1996 1758 tus
2067 1698 2194 1770 (9),
2246 1701 2355 1756 illic
2420 1703 2677 1771 probarer
2730 1702 2880 1775 (10),
2936 1719 3042 1772 quo
3090 1718 3192 1755 non
3251 1703 3348 1755 nisi
3404 1704 3515 1770 jam

1912 1794 2174 1864 probatus
2223 1795 2569 1863 imponerer?
2602 1794 2673 1865 (e)
2702 1795 2809 1848 illic
2843 1795 2910 1848 de
2955 1804 3220 1863 praecepto
3253 1792 3366 1864 (ll)
3391 1810 3518 1847 exa-

195 1891 461 1946 Nimirum
515 1905 634 1943 cum
687 1891 879 1942 anima:
907 1890 973 1943 de
1005 1889 1321 1958 corporibus
1352 1889 1685 1942 excesserint
1713 1929 1725 1950 ,
1757 1895 1811 1941 et
1844 1892 1889 1950 B
1921 1888 2186 1951 ininarer,
2235 1901 2343 1955 quo
2389 1886 2491 1939 nisi
2540 1885 2900 1940 admittendus
2948 1885 3230 1955 pervenire
3262 1902 3364 1939 non
3393 1900 3517 1954 pos-

204 2001 300 2055 pcr
328 1984 534 2053 singula
567 1984 799 2037 tabulata
829 1983 1089 2037 C(L‘lOl'llm
1116 1982 1190 2053 (ft)
1221 1983 1286 2035 de
1312 1989 1577 2052 [ii-recepto
1602 1981 1679 2052 (l)
1735 1981 1809 2035 di-

207 2080 339 2149 Sp'ici
375 2080 727 2147 (‘0‘.pt't‘ittl,t‘l
756 2078 1068 2147 interrogari
1097 2091 1288 2130 arcana
1321 2077 1403 2129 illa
1435 2075 1809 2130 ha'rctirorum

208 2181 551 2227 sacramenta
581 2216 592 2235 ,
627 2181 752 2226 tunc
777 2171 1141 2224 confitendum
1174 2169 1312 2237 apud
1344 2184 1497 2223 veras
1522 2177 1812 2238 potestates

203 2276 258 2319 ct
296 2265 372 2334 (b)
402 2279 561 2317 veros
595 2262 838 2316 homines
864 2304 878 2324 ,
911 2261 1164 2316 Thclelos
1195 2261 1404 2315 scilicet
1440 2270 1493 2315 ct
1541 2261 1813 2315 Abascan-

206 2367 291 2411 tos
337 2367 394 2410 et
441 2356 695 2409 Acinetos
727 2354 804 2424 (2)
858 2353 1146 2408 Valentini.
1180 2353 1458 2408 Nostrates
1505 2353 1681 2416 enim,
1728 2353 1810 2405 in-

205 2457 418 2516 quiunt,
449 2463 549 2500 nec
581 2447 692 2515 ipse
721 2446 1038 2516 Demiurgus
1070 2455 1380 2500 constanter
1417 2445 1661 2498 homines
1686 2460 1809 2512 pro-

199 2541 359 2594 babat
389 2555 547 2593 vcros
573 2555 693 2594 esse
724 2538 828 2609 (ὅ),
861 2554 995 2608 quos
1025 2539 1340 2591 stillicidium
1364 2538 1533 2591 situla:
1559 2551 1604 2589 et
1637 2539 1811 2608 pulve-

198 2647 462 2686 rcmnrca!
512 2643 556 2684 et
609 2643 877 2699 sputamen
927 2641 973 2684 et
1023 2632 1241 2684 locustas
1287 2629 1600 2696 deputavit;
1649 2631 1810 2684 etiam

209 2725 614 2778 irrationalibus
633 2723 1225 2793 jumentisadiequavit.
1254 2723 1414 2777 Plane
1439 2723 1507 2776 ita
1530 2723 1812 2792 scriptum.

201 2816 318 2870 Non
351 2828 529 2871 tamen
557 2816 753 2870 idcirco
780 2816 921 2868 aliud
951 2817 1181 2868 hominis
1210 2829 1382 2885 genus
1413 2815 1812 2884 intelligendum

203 2918 402 2978 prmter
425 2924 524 2962 nos
551 2926 563 2959 :
584 2922 734 2975 .quos
761 2907 840 2978 (4)
857 2908 979 2976 quia
995 2909 1206 2960 constat
1229 2923 1369 2972 esse,
1389 2920 1440 2962 et
1455 2907 1814 2974 comparatio-

205 3016 270 3053 nc
292 2997 365 3070 (τ)
399 2999 480 3071 (5)
507 3001 670 3068 potuit
697 2999 916 3052 induere
937 3040 951 3064 ,
979 2998 1122 3052 salva
1147 3007 1200 3052 et
1218 3001 1545 3068 prOprietate
1560 2997 1772 3067 generis
1798 3039 1812 3063 ,

205 3104 256 3146 et
287 3091 680 3162 singularitate.
706 3089 890 3160 Neque
914 3091 1056 3144 enim
1084 3090 1127 3144 si
1151 3090 1256 3143 vita
1289 3090 1472 3145 vitiata
1503 3099 1607 3154 est,
1636 3099 1690 3144 ut
1716 3089 1812 3145 de-

205 3184 411 3253 spectui
436 3181 668 3250 indic-ita
697 3181 967 3250 despectis
987 3190 1415 3250 compararetur,
1440 3182 1619 3235 statim
1647 3192 1805 3236 natu-

1918 1994 2028 2034 sem
2057 1980 2078 2032 ?
2116 1978 2424 2033 Christiano
2448 1977 2642 2033 coelum
2674 1988 2797 2034 ante
2847 1985 2992 2046 patet
3021 1987 3178 2046 quam
3229 1977 3348 2042 via;
3392 1978 3515 2045 quia

1920 2072 2060 2127 nulla
2117 2071 2198 2124 via
2256 2071 2307 2124 in
2353 2071 2584 2136 caelum,
2636 2069 2737 2122 nisi
2789 2070 2874 2124 cui
2925 2078 3065 2138 patet
3113 2070 3345 2130 coelum;
3377 2069 3517 2138 quod

1919 2166 2006 2233 qui
2066 2165 2336 2233 attigerit,
2372 2161 2609 2217 intrabit.
2649 2160 2791 2230 Quas
2840 2162 2967 2215 mihi
2997 2162 3521 2230 potestatcsjsnitri-

1917 2272 2009 2312 ces
2059 2258 2292 2312 afﬁrmas
2326 2257 2474 2326 juxta
2511 2271 2788 2311 romanam
2817 2257 3255 2326 superstitionem
3306 2255 3376 2329 (Γ)
3411 2257 3517 2312 Ja-

1918 2366 2043 2407 num
2063 2352 2342 2421 quemdam
2374 2351 2486 2421 (l2)
2513 2362 2566 2404 et
2591 2349 3355 2405 ForculumetLimenlinum?
3382 2366 3514 2421 quos

1915 2461 1942 2499 a
1974 2443 2228 2498 cancellis
2254 2443 2474 2497 ordinas
2503 2443 2838 2513 potestates?
2889 2442 2943 2497 Si
2973 2458 3206 2512 unquam
3237 2443 3407 2513 legisti
3448 2459 3509 2497 a-

1919 2537 2022 2606 pud
2054 2536 2215 2590 David
2247 2535 2374 2608 (Ps.
2406 2535 2573 2590 XXIV
2596 2579 2609 2600 ,
2638 2535 2741 2606 7),
2786 2539 2982 2608 auferte
3032 2547 3202 2606 portas
3269 2538 3520 2608 principes

1920 2631 2268 2700 vestras(i5),
2300 2640 2347 2684 et
2385 2631 2705 2684 subleventur
2741 2640 2899 2699 porta
2951 2640 3171 2694 ceterum,
3213 2642 3257 2684 ct
3313 2633 3518 2687 intrabit

1919 2739 2010 2777 rex
2036 2723 2231 2794 gloriw.
2267 2722 2322 2776 Si
2357 2723 2480 2776 item
2505 2722 2698 2776 audisti
2729 2721 2868 2791 apud
2909 2723 3074 2776 Amos
3103 2721 3210 2791 (IX
3230 2765 3242 2787 ,
3276 2722 3344 2793 6)
3377 2741 3389 2777 :
3419 2723 3518 2790 Qui

1919 2832 2181 2869 assensum
2199 2814 2346 2868 illum
2379 2831 2529 2869 suum
2570 2815 2792 2882 a'diﬁcat
2835 2817 2886 2866 in
2933 2815 3106 2880 caelos,
3157 2825 3203 2866 et
3257 2817 3516 2884 profusio-

1921 2925 2033 2961 nem
2068 2925 2212 2961 suam
2258 2907 2440 2976 fundat
2482 2909 2531 2960 in
2561 2917 2756 2971 terras;
2786 2907 2919 2960 scito
2954 2917 3008 2960 et
3045 2921 3324 2960 ascensum
3371 2907 3512 2962 illum

1919 3002 2114 3057 exinde
2161 3001 2555 3069 complanatum
2610 3001 2846 3070 vestigiis
2905 2999 3133 3064 Domini,
3160 3009 3213 3054 et
3242 3001 3518 3057 introitum

1919 3093 2115 3148 exinde
2166 3102 2458 3148 reseratum
2512 3091 2713 3145 viribus
2765 3089 3001 3153 Christi.
3035 3106 3132 3144 nec
3188 3091 3349 3145 ullam
3398 3108 3512 3146 mo—

1923 3201 2037 3240 ram
2079 3196 2169 3239 aut
2218 3186 2568 3254 quaestionem
2627 3184 2679 3237 in
2730 3183 2912 3236 limine
2964 3181 3286 3238 Christianis
3332 3199 3526 3239 occur-

208 3291 268 3330 ra
304 3275 516 3328 sublata
565 3282 680 3337 cst,
726 3283 780 3326 ut
818 3272 995 3326 aliain
1041 3273 1258 3327 nomine
1301 3273 1418 3342 ejus
1447 3273 1814 3343 deputaretur.
1843 3286 1891 3349 ο
1926 3293 2140 3344 suram,
2169 3278 2258 3345 qui
2285 3292 2390 3331 non
2425 3274 2664 3347 dignosci
2715 3274 2944 3330 habeant
2984 3275 3105 3340 illic,
3148 3275 3241 3330 sed
3271 3279 3526 3342 agnosci;

209 3367 415 3436 Atquin
445 3376 690 3420 servatur
730 3377 947 3430 natura,
979 3366 1081 3420 etsi
1125 3366 1448 3420 suffunditur
1478 3369 1612 3434 vita,
1647 3382 1744 3422 nec
1766 3383 1821 3421 a-

214 3459 324 3512 lios
357 3459 505 3510 novit
531 3458 774 3510 Christus
815 3456 1094 3520 homines,
1130 3473 1288 3527 quam
1320 3456 1388 3512 de
1417 3459 1609 3521 quibus
1649 3459 1819 3514 dicit:

215 3553 378 3618 Quem
407 3567 485 3602 me
512 3551 652 3602 aiunt
689 3565 796 3602 esse
840 3550 1106 3603 homines?
1154 3559 1208 3604 et
1241 3568 1252 3602 :
1303 3549 1567 3616 Quomodo
1593 3552 1742 3605 vultis
1771 3561 1825 3606 ut

211 3645 410 3712 faciunt
441 3644 578 3696 vobis
609 3642 860 3708 homines,
891 3653 935 3696 et
966 3643 1039 3695 ita
1064 3658 1152 3695 vos
1197 3644 1350 3713 facile
1407 3643 1527 3697 illis.
1581 3643 1714 3698 Vide
1757 3659 1826 3700 an

213 3739 519 3792 servaverit
543 3750 730 3805 genus,
767 3751 795 3788 a
821 3734 1015 3804 quibus
1035 3743 1089 3790 et
1112 3736 1472 3789 testimonium
1497 3735 1578 3790 sui
1605 3751 1829 3806 exspec-

217 3843 334 3899 tet,
362 3834 499 3887 etin
542 3846 677 3900 quos
701 3829 922 3900 justitize
966 3831 1136 3883 vicem
1178 3830 1414 3884 mandat.
1477 3829 1601 3884 Illos
1647 3841 1825 3885 autem

216 3925 473 3980 caelestes
504 3922 748 3976 homines
777 3920 823 3976 si
848 3919 1184 3991 expostulem
1233 3919 1361 3975 mihi
1420 3921 1660 3986 ostendi,
1695 3919 1826 3975 faci-

1929 3385 2026 3425 nec
2059 3369 2392 3438 interrogari.
2419 3368 2512 3423 sed
2537 3368 2766 3421 admitti.
2787 3366 2917 3420 Nam
2941 3367 3054 3420 etsi
3086 3365 3258 3422 adhuc
3288 3370 3525 3424 clausum

1929 3472 2084 3534 putas
2112 3463 2306 3518 calum
2329 3504 2344 3530 ,
2369 3470 2640 3516 memento
2663 3462 2841 3515 claves
2868 3461 2983 3528 ejus
3005 3460 3090 3515 hic
3120 3463 3400 3517 Dominum
3431 3464 3531 3518 Pc-

1930 3565 2043 3618 tro,
2075 3567 2123 3610 et
2148 3571 2243 3624 per
2263 3571 2385 3609 cum
2404 3597 2417 3620 ,
2452 3554 2708 3609 Ecclesiae
2736 3553 3020 3623 reliquisse
3044 3597 3056 3620 ,
3088 3569 3224 3623 quas
3255 3556 3340 3610 hic
3359 3569 3528 3611 unus-

1930 3649 2154 3718 quisque
2203 3648 2560 3716 interrogatus
2608 3655 2767 3716 atque
2820 3645 3103 3699 confessus
3147 3645 3285 3702 feret
3324 3663 3529 3703 secum.

1933 3738 2039 3794 Sed
2072 3748 2347 3794 asseverat
2372 3739 2617 3793 diabolus
2649 3738 2755 3791 illic
2781 3738 3146 3792 confitendum
3170 3780 3185 3803 ,
3220 3748 3278 3794 ut
3307 3744 3531 3798 suadeat

1933 3829 2018 3884 hic
2047 3830 2368 3900 negandum.
2403 3831 2478 3900 (g)
2509 3827 2736 3883 Pulchra
2767 3827 3016 3883 videlicet
3047 3827 3364 3886 documenta
3389 3849 3531 3902 prte-

1932 3921 2139 3975 mittam
2163 3962 2178 3987 ,
2230 3921 2308 3991 (li)
2358 3922 2525 3976 bonas
2565 3933 2774 3975 mecum
2817 3919 2997 3975 claves
3027 3917 3196 3976 feram
3223 3962 3239 3990 ,
3280 3925 3530 3981 timorem

1439 4037 1818 4094 LECTIONES
1856 4035 2273 4094 VARIANTES.

251 4198 259 4204 ὴ
293 4136 367 4198 (1)
407 4133 634 4197 Recepto
681 4133 790 4199 Rig.
829 4140 1064 4197 respecto
1105 4137 1195 4182 oet.
1251 4129 1461 4197 exempl.
1508 4141 1714 4195 receptu
1737 4131 1828 4181 La-

224 4205 362 4320 ""(12)
388 4259 632 4319 Aginetos
655 4255 804 4308 Seml.
833 4255 1062 4318 Egratos
1083 4256 1191 4306 cod.
1225 4265 1470 4321 Wouwer.
1490 4256 1599 4321 Rig.

299 4317 372 4380 (5)
401 4317 498 4383 Ipsi
543 4321 721 4369 eadem
779 4317 958 4383 iurgiis
1017 4325 1298 4369 constantes
1341 4317 1570 4370 homines
1615 4317 1839 4383 probabit

231 4383 389 4435 Scml.

295 4446 372 4522 tt)
393 4441 725 4522 ,ριξίξδβςῐηιχ

293 4502 364 4570 (ὃ)
393 4502 515 4556 lisse
530 4520 570 4570 Ae
594 4506 954 4570 comparatione
968 4502 1130 4570 _Seml.

293 4513 341 4570 (35
394 4513 515 4556 lisse
541 4520 570 4555 e
594 4520 700 4556 com
736 4513 954 4554 aratione
982 4513 996 4556 ἕ

290 4513 362 4635 (6i
394 4567 652 4618 Manifesta
677 4521 828 4619 demit
854 4564 996 4619 seml.

2025 4128 2079 4179 7i
2109 4129 2169 4176 At
2194 4128 2258 4176 ita
2283 4128 2402 4179 Jun.

2027 4188 2077 4241 8i
2103 4190 2353 4240 Noluisset
2378 4188 2532 4240 Seml.

2029 4249 2080 4303 9i
2109 4254 2343 4302 Sublatus
2368 4249 2514 4302 Seml.

2109 4258 2343 4302 Sublatus
2368 4258 2507 4321 Sani;

2032 4320 2050 4366 l
2095 4318 2109 4366 i
2137 4317 2325 4364 Prober
2351 4316 2501 4364 Seml.

2034 4371 2108 4437 li)
2136 4377 2357 4437 Recepto
2388 4378 2553 4426 Venet.
2572 4371 2956 4437 receptuﬁeyrl.

2043 4434 2116 4504 12')
2142 4434 2356 4504 Qardum
2379 4438 2638 4504 guemdam
2663 4434 2817 4487 Seml.
2841 4435 3074 4488 Cardeam
3099 4441 3355 4504 quamdam
3379 4445 3534 4498 Era",

2037 4499 2114 4566 15)
2140 4501 2302 4554 Vestri
2327 4499 2433 4568 Rig.
2471 4503 2640 4552 Venet.

1592 4648 2162 4706 COMMENTARIUS.

299 4744 700 4827 CAP.-xl.—(:t)
725 4745 797 4799 De
810 4755 1059 4827 pracepto
1081 4744 1620 4827 dispicicmperintﬂe
1635 4759 1834 4827 prince-
1863 4743 1918 4803 D
1945 4755 2078 4827 post.
2110 4741 2852 4827 minoremHSeptentri‘nnem
2892 4751 3136 4805 collocat.
3189 4751 3269 4827 _Do_
3315 4751 3547 4818 Erigone

231 4820 552 4891 ptodispici.
573 4828 654 4871 est
682 4814 875 4891 inqui_ri
895 4829 950 4891 et
976 4814 1267 4872 examinari
1291 4834 1356 4870 an
1387 4827 1652 4891 pra-cepto
1679 4814 1836 4891 Chri-

232 4887 296 4947 Sti
331 4887 695 4957 paruerimus,
730 4887 793 4942 an
820 4887 1077 4942 fuerimus
1103 4896 1410 4942 constantes
1430 4888 1479 4941 in
1498 4887 1839 4943 confessione

234 4963 470 5018 nominis
495 4960 689 5014 Christi
719 4975 899 5014 coram
936 4961 1306 5018 potestatibus.
1340 4957 1459 5013 Rlc.

310 5033 393 5105 (b)
451 5031 606 5105 Veros
634 5032 886 5105 homines,
927 5029 1342 5105 Teletosscilicet
1370 5029 1752 5105 etAAbascantos
1799 5035 1843 5082 et

201 5142 206 5146 ο
238 5100 474 5158 Acinetos
508 5101 781 5157 Valentini.
833 5103 885 5154 In
911 5102 1249 5170 Agobardino
1277 5100 1392 5154 IRBC
1421 5102 1490 5155 ita
1522 5115 1578 5154 se
1609 5100 1843 5156 habent:

251 5175 408 5228 Veros
434 5175 732 5228 homines...
766 5174 888 5227 lctos
913 5173 1102 5227 scilicet
1141 5184 1185 5226 et
1223 5174 1449 5242 aginetos
1475 5181 1521 5225 et
1547 5172 1846 5226 abascantos

251 5245 529 5300 Valentini.
559 5244 612 5297 In
642 5243 818 5299 Ursini
847 5246 982 5299 libro
1025 5245 1235 5314 legitur,
1286 5254 1538 5314 ageratos,
1585 5244 1845 5314 ejusmodi

242 5325 422 5372 autem
451 5315 705 5369 vocabula
731 5312 1238 5382 reperiuntur‘inter
1265 5312 1431 5384 nugas
1457 5312 1848 5368 Valentiniano-

1943 4812 2020 4871 Sic
2053 4816 2319 4892 Arnobius
2359 4815 2450 4869 lib.
2488 4815 2617 4892 γη)
2646 4812 3127 4892 Erigonesuspensa
3163 4822 3226 4875 de
3251 4812 3545 4892 (aqueo'est,

1943 4897 1995 4941 ut
2025 4891 2163 4954 virgo
2187 4887 2317 4940 inter
2336 4896 2474 4939 astra
2498 4887 2658 4956 ignita
2671 4887 2755 4940 siti
2773 4889 2844 4942 De
2876 4887 3073 4948 Perseo
3102 4907 3152 4946 et
3181 4887 3411 4949 Ariadne
3440 4887 3538 4950 de;

1945 4960 2104 5038 nique
2133 4957 2333 5038 (quem
2358 4957 2566 5038 imitari
2605 4958 2758 5038 solet
2779 4958 3039 5038 Auctor),
3058 4963 3296 5038 Justinus
3323 4977 3545 5038 martyr,

1954 5031 2180 5098 Apolog.
2215 5030 2254 5092 1,
2285 5027 2370 5082 ubi
2400 5036 2676 5097 postquam
2708 5029 2850 5085 illum
2892 5027 3035 5090 inter
3067 5035 3214 5089 Jovis
3241 5035 3437 5090 liberos
3463 5027 3548 5095 re;

1951 5101 2195 5155 censuit:
2231 5098 2368 5174 Quid
2394 5098 2649 5174 dicamus,
2671 5099 2860 5174 inquit,
2897 5106 3175 5171 Ariadnen,
3204 5118 3250 5159 et
3298 5123 3424 5174 quos
3462 5109 3548 5162 iti-

1953 5174 2066 5226 dem
2096 5177 2245 5243 atque
2273 5171 2417 5243 illum
2449 5172 2579 5222 inter
2607 5172 2775 5225 sidera
2795 5187 3021 5243 receptos
3046 5194 3151 5231 esse
3193 5171 3357 5230 aiunt.
3410 5179 3546 5234 Patr.

2025 5243 2105 5314 (e)
2145 5241 2266 5314 lllic
2290 5241 2354 5295 de
2380 5251 2631 5314 pracepto
2665 5241 3003 5302 examinarer.
3046 5248 3135 5303 Sic
3191 5248 3350 5302 habet
3398 5260 3552 5309 vetus

1954 5313 2230 5390 exemplar
2262 5327 2412 5379 :qua:
2442 5313 2702 5390 scriptura
2718 5314 3016 5390 confirmat
3039 5319 3178 5390 quod
3206 5334 3363 5389 supra
3393 5332 3549 5376 nota-

244 5405 389 5452 rum,
420 5388 615 5457 quibus
650 5385 1020 5456 significabant
1058 5387 1303 5440 homines
1331 5399 1486 5440 veros
1510 5424 1526 5449 ,
1560 5384 1846 5455 perfectos,

245 5458 665 5525 infascinabiles,
691 5466 1022 5524 constantes,
1052 5467 1278 5520 πλείους,
1309 5462 1655 5523 ἀεισιάντους,
1685 5458 1852 5519 ἀκινή-

243 5554 376 5590 τους.
409 5530 530 5583 Βιο.

321 5600 401 5672 (c)
438 5598 829 5672 Qamparatione
852 5599 1259 5672 potuitinduera.
1292 5597 1380 5655 Sic
1401 5599 1539 5655 liber
1568 5597 1856 5671 Agobardi.

251 5669 412 5728 Liber
441 5669 645 5735 Ursini,
676 5669 905 5726 innuer'e.
949 5671 1071 5727 th.

328 5741 412 5810 (tl)
457 5743 642 5795 Aratus
675 5739 878 5813 Persea.
911 5752 956 5796 et
978 5742 1195 5813 Cephea,
1221 5751 1267 5794 et
1301 5741 1590 5813 Erigonam,
1620 5752 1720 5795 elc.
1774 5740 1863 5813 Υἱ-

254 5815 486 5868 deantur
514 5814 661 5884 Arati
710 5811 1086 5884 lg’ltrenomena,
1123 5828 1282 5884 quem
1315 5811 1552 5884 sequitur
1583 5817 1740 5867 etiam
1771 5811 1862 5866 Ci-

258 5899 404 5955 cero,
431 5883 526 5945 lib.
561 5883 604 5941 ll
628 5884 690 5942 de
713 5882 840 5941 Nat.
870 5883 1053 5955 Deor.,
1077 5882 1165 5942 ubi
1202 5882 1474 5958 Cepheum
1518 5894 1572 5942 et
1609 5885 1866 5942 Perseum

1956 5385 2149 5454 vimus,
2182 5387 2245 5438 de
2269 5393 2518 5454 pra'cepto
2547 5383 2746 5454 dispici.
2793 5386 2911 5444 Βία.

2033 5452 2109 5526 (i')
2150 5452 2343 5526 Ianum
2368 5452 2645 5526 quemdani
2679 5467 2725 5509 et
2768 5455 3050 5514 Fat-culum
3091 5470 3137 5513 et
3187 5459 3553 5520 Limentinum.

1963 5527 2019 5582 In
2046 5524 2342 5598 exemplari
2371 5524 2582 5595 legitur,
2611 5525 2838 5582 Barnum
2867 5531 3158 5598 quemdam.
3212 5532 3328 5587 th.

2036 5595 2113 5667 (g)
2142 5595 2889 5678 Pu‘tc/iradocu'in'enta.Quasi
2912 5618 3113 5678 caussa)
3142 5612 3336 5678 nostra
3367 5604 3566 5678 instru-

1966 5683 2165 5724 menta.
2200 5669 2320 5730 Sic.
2358 5668 2448 5741 lib.
2489 5668 2681 5736 XXIX,
2726 5686 2774 5725 c.
2808 5671 2877 5727 de
2919 5673 3298 5730 Doustionibus
3323 5716 3338 5741 ,
3383 5673 3562 5730 Docu-

1967 5753 2135 5794 menta
2168 5741 2369 5792 idonea.
2402 5739 2520 5795 Βία.

2043 5812 2126 5885 (b)
2169 5809 2338 5885 Bonas
2374 5811 2545 5885 claves
2590 5828 2784 5870 mecum
2830 5815 3007 5885 feram.
3066 5815 3210 5872 Fidei
3265 5818 3570 5876 christiana

1972 5882 2345 5942 constantiam.
2373 5882 2505 5940 Nam
2536 5885 2677 5960 quod
2705 5882 2943 5962 sequitur
2966 5887 3032 5945 de
3061 5889 3270 5960 timore,
3304 5905 3398 5962 per
3427 5890 3571 5949 deri-
