4242 6492
713 388 820 447 143

2111 383 2570 443 TERTULLIANI

3915 381 4019 438 144

711 517 903 560 eorum
928 541 944 569 ,
964 501 1054 574 qui
1080 499 1255 558 solum
1283 513 1479 570 corpus
1498 499 1776 565 occidunt,
1807 499 1886 572 (α)
1908 500 2099 555 animae
2120 509 2300 554 autem
2329 504 2377 560 Λ
2408 507 2631 570 possunt
2651 514 2757 554 non
2784 514 2884 554 una
2914 500 3216 571 sequi,qu:e
3242 508 3297 556 et
3316 499 3515 556 aditnm
3547 508 3602 555 et
3623 499 3944 569 exitnm(8).
3968 499 4018 555 id

710 595 846 651 nihil
885 593 1090 649 faciunt
1115 612 1128 648 :
1176 591 1584 649 commendatus
1613 607 1709 648 ero
1735 593 1894 662 hujus
1925 594 2176 663 praecepti
2205 593 2301 648 de-

709 687 984 755 sertione;
1011 685 1234 742 honeste
1256 687 1308 740 in
1336 685 1648 742 caelestibus
1669 684 1849 750 stabo,
1875 684 1951 756 (b)
1993 686 2082 755 qui
2112 685 2162 740 in
2194 693 2304 741 ter-

713 780 865 836 renis
885 790 1029 835 stare
1059 793 1166 835 non
1199 778 1378 849 potui;
1405 777 1684 834 sustinebo
1734 777 1968 848 majores
1994 789 2302 847 potestates,

710 872 800 940 qui
832 870 1130 927 minoribus
1160 871 1335 935 cessi;
1386 869 1636 926 merebor
1669 868 1901 940 denique
1931 871 2168 936 admitti,
2195 873 2305 940 jam

709 962 978 1018 exclusus.
1022 963 1273 1032 Suppetit
1317 961 1492 1017 adhuc
1547 961 1730 1017 dicere
1765 981 1778 1018 :
1809 961 1852 1015 si
1907 962 1957 1015 in
1998 961 2308 1019 etelestibus

713 1055 1104 1119 Confitendum,
1137 1064 1192 1111 et
1221 1055 1306 1108 hic
1364 1054 1443 1127 (1)
1483 1055 1782 1124 negandum
1809 1062 1924 1117 est;
1958 1070 2078 1108 nam
2108 1053 2186 1124 (9.)
2221 1054 2307 1110 ubi

709 1147 938 1202 alterum
964 1189 979 1213 ,
1011 1148 1078 1202 ibi
1098 1147 1176 1218 (3)
1205 1155 1522 1218 utrumque;
1550 1146 1742 1201 aemula
1765 1147 1906 1200 enim
1929 1162 2154 1216 qumque
2173 1162 2306 1201 con-

694 1249 951 1317 currunt.
986 1240 1156 1295 Etiam
1200 1241 1630 1310 persecutionem
1665 1239 1716 1292 in
1743 1240 1895 1293 cmiis
1921 1239 2106 1308 agitari
2138 1254 2305 1308 opor-

706 1333 864 1397 tebit,
889 1348 1006 1402 quae
1024 1331 1379 1386 confessionis
1408 1331 1776 1402 negationisve
1798 1331 2020 1385 materia
2045 1340 2150 1386 est.
2171 1329 2306 1397 Quid

708 1425 888 1495 itaque
914 1438 1124 1490 cessas,
1155 1423 1513 1478 audacissime
1539 1423 1793 1477 ltaretice
1817 1465 1832 1488 ,
1867 1432 2036 1477 totum
2062 1423 2309 1477 ordinem

707 1518 1021 1573 christiana:
1062 1517 1436 1572 concussionis
1466 1517 1515 1570 in
1547 1533 1777 1586 superna
1813 1516 2106 1572 transferre
2128 1557 2142 1583 ,
2175 1525 2229 1572 et
2258 1518 2308 1572 in

706 1611 897 1682 primis
919 1653 932 1675 ,
963 1610 1137 1680 ipsum
1172 1610 1403 1664 nominis
1435 1610 1613 1664 odium
1655 1610 1762 1664 illic
1787 1609 2092 1675 collocare,
2125 1608 2210 1663 ubi
2243 1609 2308 1664 ad

712 1703 886 1758 Patris
929 1701 1201 1758 dexteram
1247 1701 1501 1772 praesidet
1538 1700 1828 1756 Christus?
1859 1700 1974 1755 Illic
2015 1701 2311 1757 constitues

708 1793 791 1865 (li)
816 1804 866 1848 ct
905 1807 1204 1864 synagogas
1246 1792 1552 1846 Judtcorutn
1576 1833 1591 1858 ,
1626 1785 1802 1846 fontes
1831 1793 2265 1862 persecutionum
2292 1834 2308 1860 ,

2407 605 2508 663 est,
2563 596 2768 651 initium
2821 597 3086 668 ﬁnemque
3134 596 3444 666 disponunt.
3503 593 3670 650 Porro
3725 603 3780 647 ct
3834 593 4018 646 odium

2409 687 2641 743 nominis
2672 689 2758 744 hic
2785 690 2907 756 erit,
2936 699 2992 745 et
3013 689 3310 758 persecutio
3333 689 3419 744 hic
3436 685 3691 756 erumpit,
3723 694 3778 741 et
3801 685 4021 740 traditio

2411 780 2497 836 hic
2523 780 2786 851 producit,
2815 791 2868 836 et
2897 781 3242 852 interrOgatio
3271 781 3357 835 ltic
3379 777 3675 849 compellit,
3703 785 3759 833 et
3799 777 4024 831 carnifi-

2410 873 2527 927 cina
2559 871 2644 928 hic
2684 873 2924 938 destevit,
2961 884 3015 928 et
3055 882 3222 928 totum
3278 873 3420 928 hunc
3466 870 3708 926 ordinem
3759 869 3812 924 in
3864 867 4026 924 torris

2412 963 2678 1019 confessio
2716 965 2795 1018 vel
2834 966 3043 1034 negatio
3069 963 3346 1034 expungit.
3379 962 3542 1034 Igitur
3583 949 3628 1017 si
3659 971 3854 1016 caetera
3888 961 3976 1014 hic
4004 1000 4020 1025 ,

2413 1069 2511 1110 nec
2535 1053 2804 1110 confeSsio
2832 1056 2957 1110 alibi
2981 1071 2995 1120 ;
3018 1056 3061 1110 si
3085 1054 3355 1110 confessio
3382 1054 3531 1117 alibi,
3567 1067 3664 1108 nec
3688 1061 3882 1108 caetera
3915 1051 4020 1106 hic.

2414 1148 2704 1204 Enimvero
2723 1163 2827 1204 non
2841 1149 2967 1204 alibi
2991 1159 3209 1215 caetera;
3237 1149 3414 1220 itaque
3427 1163 3526 1204 nec
3550 1147 3817 1204 Confessio
3841 1148 3891 1201 in
3914 1162 4027 1204 cu:-

2413 1240 2486 1295 lo.
2513 1245 2617 1296 Aut
2643 1243 2686 1296 si
2722 1241 2880 1296 aliam
2912 1242 3099 1296 volunt
3131 1256 3254 1297 esse
3284 1241 3546 1297 rationem
3585 1239 4028 1309 interrogationis

2414 1343 2468 1388 et
2504 1333 2856 1389 confessionis
2882 1334 3141 1401 caelestis,
3174 1335 3356 1404 utique
3381 1344 3437 1390 et
3478 1334 3721 1390 ordinem
3761 1349 3920 1389 suum
3953 1334 4027 1389 illi

2413 1437 2622 1482 struere
2652 1427 2922 1482 debebunt
2948 1427 3112 1482 alium
3154 1427 3331 1499 longe,
3362 1438 3416 1483 et
3441 1428 3510 1483 ab
3545 1428 3643 1484 ista
3671 1428 4027 1497 dispositione

2414 1521 2705 1583 diversum,
2735 1538 2853 1592 quae
2907 1523 3198 1592 Scriptttris
3241 1532 3474 1587 notatur,
3513 1532 3567 1576 et
3611 1535 3898 1593 possumus
3953 1521 4030 1586 (9)

2414 1614 2616 1678 dicere,
2649 1613 2912 1680 Viderint,
2942 1614 3068 1670 dum
3095 1615 3178 1669 hic
3197 1615 3575 1670 ordoterrenze
3599 1613 4035 1684 interrogationis

2420 1717 2474 1764 et
2505 1708 2878 1774 confessionis,
2903 1724 2966 1762 ex
2998 1709 3218 1762 materia
3239 1707 3534 1762 decurrens
3564 1707 3957 1777 persecutionis
3982 1715 4037 1761 ct

2426 1803 2709 1858 discordiae
2737 1801 2962 1872 publica:
3003 1803 3054 1856 in
3087 1817 3303 1866 nomen,
3333 1801 3510 1856 salvus
3546 1801 3615 1855 sit
3645 1816 3754 1856 suae
3784 1800 3906 1854 fidei
3934 1818 3949 1865 ;
3979 1817 4039 1870 υι

707 1886 848 1956 apud
877 1902 1008 1958 quas
1035 1887 1275 1958 Apostoli
1301 1886 1502 1957 ﬂagella
1535 1886 1778 1956 perpessi
1806 1895 1968 1951 sunt,
1997 1896 2051 1940 et
2078 1887 2305 1957 populos

2422 1891 2493 1949 ita
2521 1894 2844 1951 credendum
2870 1896 2940 1950 sit
2963 1896 3094 1950 sicut
3119 1905 3170 1950 et
3201 1894 3452 1950 scribitur
3479 1893 3618 1968 (IO),
3638 1894 3706 1948 ita
3730 1895 4038 1964 intelligen-

707 1980 986 2038 nationum
1034 1993 1155 2034 cum
1201 1995 1300 2034 suo
1342 1979 1558 2049 quidem
1591 1979 1770 2044 circo,
1803 1980 1892 2034 ubi
1922 1979 2074 2035 facile
2100 1981 2315 2036 concla-

706 2081 878 2138 mam,
914 2072 986 2145 (ε)
1019 2089 1036 2121 ι
1069 2069 1355 2142 Usquequo
1379 2087 1548 2141 genus
1588 2070 1847 2126 tertium?
1876 2090 1895 2122 ι
1930 2070 2035 2127 Sed
2055 2083 2108 2126 et
2126 2071 2316 2129 fratres

707 2175 924 2219 nostros
946 2173 999 2219 ct
1035 2175 1214 2235 patres
1240 2175 1293 2219 et
1319 2163 1454 2218 filios
1483 2173 1534 2218 et
1559 2178 1746 2218 socrus
1785 2175 1837 2217 et
1864 2179 2029 2218 nurus
2053 2174 2107 2219 ct
2131 2165 2316 2221 dome-

704 2255 871 2312 sticos
899 2267 1109 2312 nostros
1141 2256 1335 2311 ibidem
1361 2256 1617 2312 exhibere
1642 2255 1863 2311 debebis
1913 2257 2018 2328 (5),
2061 2274 2153 2327 per
2182 2274 2316 2327 quos

705 2349 922 2402 traditio
943 2348 1199 2418 diSposita
1223 2357 1306 2402 est
1331 2364 1342 2400 :
1377 2348 1502 2402 item
1530 2364 1682 2418 reges
1708 2359 1761 2402 et
1787 2350 2039 2417 praesides
2060 2359 2114 2403 et
2140 2365 2316 2403 arma-

707 2453 792 2494 tas
833 2448 1145 2510 potestates,
1196 2438 1335 2509 apud
1376 2455 1509 2510 quos
1547 2455 1734 2495 caussa
1769 2441 2039 2511 purganda
2085 2441 2164 2512 (6)
2211 2451 2314 2496 est.

706 2532 828 2588 Erit
863 2543 1009 2588 certe
1036 2533 1196 2588 etiam
1236 2548 1420 2589 carcer
1451 2533 1503 2587 in
1541 2533 1702 2598 etelo,
1737 2548 1928 2588 carens
1953 2534 2086 2597 sole,
2114 2543 2205 2588 aut
2236 2536 2316 2588 in-

707 2627 872 2698 gratis
925 2627 1240 2693 luminosus,
1289 2639 1342 2681 et
1389 2627 1597 2682 vincula
1646 2626 1874 2681 fortasse
1925 2627 1994 2682 de
2046 2629 2217 2691 zonis,
2262 2637 2318 2682 et

705 2719 964 2790 equuleus
1002 2719 1120 2774 axis
1168 2720 1278 2788 ipse
1314 2718 1403 2788 qui
1447 2727 1660 2787 torquet
1693 2736 1705 2770 :
1742 2727 1854 2771 tum
1905 2719 1950 2772 si
2002 2717 2318 2788 lapidandus

709 2815 1034 2870 cliristianus
1055 2856 1069 2879 ,
1119 2812 1408 2884 grandines
1435 2813 1694 2878 aderunt;
1737 2811 1781 2865 si
1811 2811 2067 2878 urendus,
2096 2811 2317 2866 fulmina

709 2925 820 2980 pra:
860 2924 1018 2963 manu
1045 2919 1200 2973 sunt;
1245 2907 1290 2962 si
1334 2906 1699 2969 trucidandus,
1730 2906 1942 2960 Orionis
1968 2906 2158 2960 armati
2200 2922 2316 2960 ma-

706 3018 811 3059 nus
841 3001 921 3075 (7)
949 2999 1292 3072 operabitnr;
1323 3000 1366 3054 si
1411 2998 1490 3072 (d)
1538 2999 1720 3055 bestiis
1751 2997 2036 3065 finiendus,
2067 2996 2138 3069 (e)
2169 3012 2320 3053 ursas

707 3097 1023 3167 scptemtrio
1043 3096 1271 3161 emittet,
1290 3094 1537 3149 zodiacus
1561 3103 1742 3148 tauros
1765 3103 1818 3147 et
1847 3093 2046 3146 leones.
2077 3091 2202 3145 Hmc
2228 3091 2316 3160 qui

708 3189 1023 3244 sustinuerit
1050 3189 1101 3242 in
1131 3188 1316 3255 linem,
1345 3187 1445 3242 istc
1470 3187 1572 3241 erit
1597 3186 1795 3240 salvus.
1836 3183 2049 3254 Ergone
2097 3191 2152 3238 et
2199 3183 2320 3238 linis

2420 1991 2546 2046 dum
2570 1990 2639 2046 sit
2663 1991 2817 2047 sicuti
2847 1989 3078 2046 auditur.
3113 1989 3210 2045 Hic
3233 2004 3448 2045 omnem
3475 1989 3720 2044 ordinem
3768 1991 4038 2054 sustineo,

2419 2081 2536 2152 ipso
2581 2082 2804 2137 Domino
2849 2097 2957 2137 non
2985 2081 3142 2136 aliam
3176 2082 3446 2153 regionem
3478 2082 3661 2135 mundi
3707 2080 4036 2137 destinante.

2420 2174 2554 2242 Quid
2591 2175 2734 2230 enim
2763 2183 2882 2245 post
2907 2173 3262 2229 confessionis
3300 2184 3354 2228 ct
3395 2173 3694 2245 negationis
3743 2173 4038 2227 terminum

2421 2265 2734 2336 subjungit?
2767 2263 2850 2319 Ne
2899 2265 3196 2335 putaveritis
3243 2265 3362 2334 (II)
3407 2265 3599 2319 uenisse
3628 2281 3706 2319 me
3728 2266 3803 2318 uti
3858 2281 4040 2336 pacem

2420 2359 2615 2411 mittam
2643 2358 2694 2411 in
2724 2367 2936 2421 terram;
2957 2373 3058 2411 non
3084 2358 3217 2424 veni,
3246 2357 3336 2411 sed
3363 2366 3416 2411 nt
3445 2359 3769 2423 macha'rant,
3823 2369 3957 2411 certe
3985 2359 4040 2411 in

2422 2459 2630 2504 terram.
2672 2450 2793 2504 Veni
2833 2451 2967 2506 enim
3015 2450 3239 2504 dividere
3281 2451 3537 2504 hominem
3573 2450 3813 2506 adversus
3842 2460 4042 2521 patrem

2420 2561 2588 2609 suum,
2624 2555 2671 2598 ct
2703 2545 2864 2612 filiam
2891 2545 3130 2598 adversus
3169 2553 3381 2598 matrem
3407 2560 3574 2608 suam,
3603 2553 3650 2598 et
3693 2559 3898 2598 socrum
3936 2546 4040 2596 rul-

2421 2653 2594 2691 vcrstts
2642 2653 2825 2689 nurum
2853 2653 2999 2690 suam
3025 2653 3044 2690 :
3080 2645 3127 2689 et
3157 2635 3351 2689 inimici
3397 2636 3592 2689 homini
3638 2636 3899 2690 domestici
3933 2639 4040 2692 sui.

2423 2729 2514 2783 Sic
2539 2729 2674 2782 enim
2722 2728 2956 2798 efficitur,
3003 2737 3058 2781 ut
3089 2727 3258 2781 tradat
3288 2731 3446 2798 frater
3473 2730 3683 2798 fratrem
3708 2728 3761 2781 in
3798 2739 4040 2793 mortem,

2421 2831 2467 2874 et
2491 2831 2632 2889 pater
2657 2820 2841 2889 filium,
2874 2829 2919 2873 et
2945 2821 3210 2890 insurgunt
3239 2819 3336 2887 ﬁlii
3367 2820 3418 2872 in
3447 2829 3699 2889 parentes,
3727 2830 3773 2874 et
3796 2822 3929 2874 mori
3951 2838 4042 2875 eos

2423 2915 2633 2984 faciant.
2691 2912 2756 2966 Et
2805 2914 2890 2982 qui
2937 2913 3230 2968 sustinuerit
3258 2914 3312 2966 in
3353 2913 3527 2981 finem,
3580 2913 3660 2966 hic
3715 2915 3887 2966 salvus
3941 2914 4043 2967 erit

2427 3006 2642 3072 (Matt,
2676 3005 2746 3073 Χ,
2776 3007 2846 3061 δι
2867 3016 2911 3059 et
2946 3007 3100 3076 seq.).
3135 3005 3283 3060 Adeo
3314 3013 3455 3059 totus
3483 3004 3568 3060 ltic
3596 3004 3730 3060 ordo
3750 3004 4046 3060 dominicae

2425 3100 2728 3164 machaeras,
2757 3114 2862 3151 non
2895 3099 2946 3151 in
2977 3098 3171 3152 coelum
3204 3098 3404 3162 missa),
3432 3097 3526 3152 sed
3559 3097 3612 3152 in
3643 3107 3838 3152 terram
3861 3140 3877 3164 ,
3929 3100 4046 3153 illic

2423 3192 2698 3248 constituit
2736 3191 2898 3245 etiam
2939 3189 3356 3254 confessionem,
3386 3205 3507 3258 qua:
3553 3191 3606 3244 in
3658 3189 3818 3244 finem
3870 3190 4046 3245 su.~ti-

707 3283 764 3337 in
795 3280 968 3346 caalis,
997 3289 1050 3336 et
1075 3281 1272 3350 passio,
1297 3289 1352 3335 et
1377 3279 1595 3344 oceisio,
1630 3291 1681 3333 et
1713 3279 1881 3348 prima
1909 3277 2178 3332 confessio
2202 3277 2224 3331 ?
2249 3278 2317 3332 Et
2342 3283 2388 3346 C
2422 3285 2603 3341 nenda
2636 3297 2853 3354 passura
2881 3293 2966 3339 est
2992 3294 3242 3338 mortem.

708 3374 802 3430 ubi
827 3389 976 3440 caro,
1008 3371 1256 3427 omnibus
1279 3372 1391 3426 istis
1425 3371 1768 3426 necessaria?
1796 3370 1881 3426 ubi
1912 3370 2147 3440 corpus?
2173 3369 2314 3439 quod

708 3466 884 3522 solum
913 3466 981 3524 ab
1009 3465 1313 3521 hominibus
1353 3465 1514 3520 habet
1543 3463 1734 3519 occidi.
1781 3463 1904 3518 Ilmc
1951 3463 2104 3518 nobis
2154 3463 2314 3516 etiam

711 3560 974 3615 ludicrum
1002 3560 1053 3613 in
1085 3557 1302 3613 modum
1347 3566 1490 3612 certa
1535 3557 1669 3610 ratio
1713 3555 2001 3620 mandavit,
2035 3571 2133 3610 nec
2175 3554 2317 3609 ullus

713 3653 921 3708 obicem
955 3650 1370 3720 praescriptionis
1397 3649 1548 3703 istius
1573 3647 1839 3712 extrudet,
1873 3658 1930 3700 nt
1970 3662 2072 3700 non
2101 3658 2314 3700 omnem

713 3746 957 3801 ordinem
991 3742 1396 3813 persecutionis,
1442 3757 1655 3796 omnem
1699 3740 1816 3811 ejus
1857 3754 2059 3794 caussa
2108 3737 2314 3792 firmam

717 3845 1021 3912 paraturam
1064 3836 1186 3891 illuc
1231 3833 1519 3889 transferre
1561 3843 1804 3903 cogatur,
1847 3832 1934 3886 ubi
1995 3829 2318 3886 confessioni

714 3931 890 3986 forum
941 3929 1170 3985 dederit.
1215 3927 1488 3999 Siquidem
1534 3926 1803 3982 confessio
1857 3941 1888 3980 a
1945 3925 2321 3996 persecutione

718 4023 1018 4091 deducitur,
1058 4032 1114 4078 et
1155 4022 1457 4094 persecutio
1493 4021 1544 4076 in
1590 4020 1929 4076 confessione
1969 4019 2172 4073 linitur.
2213 4015 2323 4071 Nec

3031 3373 3263 3432 CAPUT
3328 3374 3420 3430 ΧΙ.

2496 3471 2696 3528 Eadem
2800 3470 2962 3541 igitur
3052 3467 3222 3522 forma
3257 3509 3271 3533 ,
3364 3475 3560 3523 cetera
3651 3483 3866 3539 quoque
3969 3470 4045 3526 ad

2428 3564 2674 3636 martyrii
2724 3563 2994 3633 pertinere
3037 3558 3397 3614 defendimus.
3459 3559 3561 3623 Qui
3608 3559 3806 3628 pluris,
3864 3561 4049 3631 inquit

2425 3658 2577 3730 (Luc.
2611 3655 2773 3726 XIV),
2809 3654 2980 3726 fecerit
3010 3654 3161 3706 ctiam
3187 3654 3412 3706 animam
3440 3668 3586 3706 suam
3615 3669 3767 3718 quam
3809 3671 3906 3717 me,
3931 3673 4050 3710 non

2425 3761 2497 3804 est
2525 3765 2604 3804 me
2631 3749 2838 3817 dignus;
2866 3745 2915 3799 id
2934 3754 3035 3806 est,
3059 3744 3149 3815 qni
3173 3744 3422 3798 maluerit
3450 3743 3631 3799 vivere
3654 3760 3740 3800 me
3764 3747 4046 3816 negando,

2424 3859 2584 3914 quam
2612 3842 2748 3896 mori
2772 3836 3095 3896 confitendo.
3117 3836 3450 3901 Quianimam
3469 3853 3613 3889 suam
3639 3837 3903 3904 invenerit,
3928 3857 4051 3908 per.

2427 3940 2512 3992 det
2539 3939 2683 3991 illam
2705 3949 2724 3998 ;
2744 3934 2829 4004 qui
2855 3947 2970 3986 vero
2999 3930 3272 4001 perdiderit
3285 3932 3383 3983 mei
3409 3930 3840 3993 eaussa,inreniet
3867 3933 4045 3987 illam.

2429 4027 2660 4084 Proinde
2679 4025 2823 4080 enim
2855 4021 3059 4078 invenit
3079 4020 3328 4091 (12)eam
3359 4021 3504 4092 (Ιὸ),
3529 4022 3620 4093 qui
3641 4021 3849 4093 negarit
3875 4023 4052 4080 lucri-

1941 4151 2318 4212 LECTIONES
2351 4139 2762 4207 VARIANTES.

818 4275 863 4326 Il
888 4274 982 4325 Vel
1007 4274 1157 4326 Seml.

809 4337 858 4388 2i
884 4338 970 4387 Na:
999 4337 1151 4388 Seml.

889 4401 1074 4473 Ibidem
1096 4397 1417 4473 codLthtw.
1451 4399 1572 4449 Jun.

811 4458 863 4590 ,4)
888 4463 1168 4534 Constituas
1191 4458 1338 4512 Seml.

811 4526 842 4574 5
886 4521 1273 4590 Debettsﬁhen.
1310 4518 1460 4590 Segni.
1484 4518 1698 4590 _0bet_'th.

810 4581 860 4651 6)
887 4587 1150 4651 I’ugnanda
1172 4584 1322 4651 luteis.
1362 4582 1514 4636 Seml.
1560 4581 1759 4635 Oberth.

811 4648 865 4712 7)
889 4648 1065 4700 Munus
1084 4648 1227 4702 seml.
1267 4649 1390 4699 Jun.

2346 4605 2400 4666 D

2491 4255 2564 4322 (8)
2591 4249 3066 4322 Quasdenn'LSeml.
3101 4255 3206 4313 post
3249 4249 3402 4302 Rhea.

2515 4317 2563 4382 9')
2594 4319 2842 4382 Pessima
2861 4317 2971 4382 Rig-

2521 4373 2600 4432 IO)
2629 4380 2692 4429 Ut
2715 4378 2860 4428 demit
2885 4373 3035 4426 Seml.
3082 4385 3145 4425 ea:
3178 4373 3332 4426 Rhea.

2522 4435 2600 4500 Il)
2625 4441 2882 4491 Putaverit
2899 4435 3050 4489 Seml.
3076 4445 3178 4500 post
3199 4436 3354 4490 thert.

2514 4505 2590 4564 12)
2626 4505 2857 4564 Inveniet
2874 4511 3021 4564 Fl‘tm.

2514 4562 2588 4634 15)
2620 4567 2709 4618 lllo
2729 4563 2880 4617 Seml.
2905 4562 3034 4614 illam
3052 4562 3207 4613 Fratt.

2086 4737 2640 4802 COMMENTARIUS.

733 4891 852 4934 sum
881 4877 1145 4961 adjicitur.
1170 4875 1290 4961 Ipse
1313 4868 1788 4961 Tertullianusnli-b.
1816 4868 1884 4923 de
1911 4867 2099 4922 Anima
2131 4887 2144 4921 :
2198 4861 2328 4919 Tota

735 4940 964 5022 paradisi
983 4949 1138 5004 clavis
1168 4940 1281 5002 tuus
1306 4945 1512 5022 sanguis
1539 4953 1631 5022 est.
1655 4940 1772 5022 lito.
1806 5009 1817 5022 _
1932 5007 1944 5019 ο

807 5021 886 5093 (a)
903 5022 1098 5075 Anima!
1121 5029 1284 5093 autem
1313 5007 1441 5093 nihil
1463 5014 1674 5093 faciunt.
1699 5011 1790 5093 S_ic
1806 5007 2330 5093 loquisolet'l‘er'tul-

733 5079 993 5159 lianu's,nt
1003 5093 1110 5161 jam
1125 5079 1662 5161 observavim'uslibro
1678 5079 2199 5161 adversusYalentin.
2210 5079 2327 5161 lito.

817 5164 900 5238 (b)
917 5150 1038 5238 Ὠᾆὶ
1077 5164 1129 5217 in
1159 5159 1366 5215 terrenis
1391 5168 1524 5212 stare
1548 5171 1648 5210 non
1676 5154 1838 5226 potui.
1861 5153 2108 5220 Dejectus
2127 5150 2334 5205 scilicet

831 5237 955 5292 ﬁde.
991 5237 1107 5292 th.

733 5243 803 5298 dc
831 5240 955 5294 ﬁde.
991 5240 1107 5292 RIG.
1740 5296 1749 5306 ,
2001 5293 2011 5303 .
2058 5292 2068 5302 .

819 5309 897 5384 (c)
944 5307 1210 5384 Usqueun
1237 5298 1650 5384 genusjertiunt.
1695 5293 2324 5384 Lib}?!Aqrsittll-ffgtlltt:

736 5367 1135 5451 At‘e'xemplar'
1177 5367 1478 5451 Agebardi,
1522 5369 1744 5451 tertium.
1776 5367 1936 5451 Quod.
1975 5367 2328 5451 rectissimum

736 5432 1194 5519 cisset-dvocetipsc
1224 5432 1753 5519 gl‘ertullianusulib.
1804 5439 1818 5488 I
1874 5436 1937 5489 ad
1977 5435 2097 5519 .Nat.
2137 5432 2327 5519 'I’la‘ne,

737 5505 1163 5602 inquit—[tertium
1187 5533 1348 5602 genus.
1366 5513 1602 5592 dicimur.
1626 5507 1687 5563 Si
1715 5524 1816 5577 qua
1850 5507 1988 5602 apJnd
2028 5522 2112 5558 vos
2153 5505 2330 5602 saltent

913 5579 1006 5660 est,
1046 5579 1210 5646 edati;
1253 5585 1399 5660 uelim
1428 5582 1646 5652 primum
1671 5590 1716 5632 et
1745 5579 2018 5632 secundum
2052 5593 2226 5647 genus,
2274 5585 2329 5628 ut

733 5678 804 5729 ita
835 5674 897 5726 de
929 5658 1072 5722 tertio
1093 5671 1299 5716 constet.
1345 5658 1462 5729 Ιΐιιιιἶ

808 5717 894 5816 (iii
931 5717 1109 5816 έέειξίε
1136 5731 1407 5816 ﬁniendis
1445 5724 1537 5816 9υὲ
1568 5717 2328 5816 ⁵⁶Ξ¹ίε⁰ξκξ¹ξ¹ρδὲἓξίῐξὶίῖῗτηνέ·

735 5789 1276 5870 tofinors'obetinda,
1310 5803 1416 5853 vita
1449 5794 1698 5870 Iinienda.
1753 5791 1876 5870 Dies
1923 5789 2195 5870 finitionis,

734 5858 1278 5958 sciip'tione'qnadam
1307 5871 1444 5925 inter
1469 5867 1792 5923 collectanea
1815 5861 2048 5929 Grutcri,
2074 5877 2136 5916 cx
2167 5862 2324 5934 Apia-

2430 4874 2522 4914 no.
2553 4856 2616 4913 Si
2646 4854 2977 4925 permanserit
3004 4869 3162 4921 usque
3196 4853 3249 4925 in
3287 4852 3420 4907 diem
3447 4853 3692 4925 finitionis
3718 4870 3842 4915 sum,
3890 4861 4052 4925 quod

2430 4930 2498 4985 de
2553 4924 2706 4982 vidua
2761 4927 2972 4981 dicitur.
3031 4924 3782 4988 Finiendus,consumendus.
3814 4924 4054 4996 Fabius,

2432 5001 2712 5056 declamat.
2739 4999 2806 5052 I9
2829 5016 2840 5051 :
2867 4997 3058 5070 [filium
3083 4995 3364 5070 verberibus
3394 4996 3688 5070 ignibusque
3722 4995 4054 5070 consumpsi.

2435 5073 2713 5141 Ulpianus,
2759 5069 2850 5124 lib.
2885 5066 3150 5141 V|,§sed
3188 5078 3243 5122 et
3288 5067 3334 5121 si
3387 5066 3505 5141 quis
3535 5083 3546 5119 :
3571 5066 3686 5122 Non
3739 5079 3862 5123 tunc
3907 5066 4055 5128 cum

2434 5138 2784 5212 consumptus
2824 5150 2925 5203 est,
2971 5138 3064 5212 sed
3104 5153 3223 5193 cum
3264 5138 3592 5212 sententiam
3615 5153 3798 5207 passus
3831 5151 3933 5194 est.
3983 5143 4061 5198 Et

2437 5215 2530 5268 lib.
2567 5215 2631 5268 Ill
2664 5210 2744 5266 De
2785 5212 2958 5281 ptenis
2985 5228 2996 5262 :
3029 5211 3357 5281 Prangnantis
3389 5210 3626 5264 mulieris
3655 5215 4058 5270 consumenda:

2433 5300 2590 5356 pmna
2621 5280 2883 5348 differtur;
2912 5281 3050 5356 quod
3081 5280 3236 5351 vulgo
3261 5281 3528 5350 adjicitur,
3560 5281 3833 5346 denotata,
3863 5282 4059 5340 inter-

2436 5351 2826 5426 pretamentum
2848 5351 2956 5426 est.
2991 5351 3109 5426 th.

2511 5426 2584 5499 (e)
2629 5425 2787 5481 Ursas
2835 5423 3124 5499 Septentrio
3172 5422 3376 5499 emittet.
3431 5421 3696 5499 Expendit
3747 5422 4060 5499 diligenter

2434 5494 2582 5568 signa
2615 5499 2700 5552 illa
2739 5512 2857 5566 qua:
2899 5494 3566 5568 mathematicitantonere
3591 5495 3894 5568 observant.
3933 5495 4058 5552 Ur-

2435 5563 2524 5624 sa's
2552 5570 2636 5623 hic
2665 5563 2818 5622 vocat
2847 5583 2965 5635 qua:
2995 5565 3414 5634 Septenttriones
3441 5563 3710 5619 dicuntur.
3740 5566 3862 5621 Duae
3883 5582 4057 5633 sunt,

2436 5640 2610 5704 major
2660 5649 2713 5693 et
2761 5638 2972 5701 minor,
3022 5651 3142 5704 qua:
3188 5637 3256 5691 ob
3303 5635 3704 5704 dispositionem
3756 5636 4058 5696 stellarum

2433 5720 2634 5766 ll'lOﬂCS
2660 5723 2713 5764 et
2740 5709 3160 5777 Septemtriones
3188 5707 3545 5776 appellantur,
3571 5707 3772 5766 Gnccis
3799 5708 4059 5777 plaustra

2427 5791 2639 5850 ἄμαξαι.
2689 5779 2778 5836 Sic
2803 5784 2996 5834 Aratus
3026 5781 3079 5833 in
3109 5777 3375 5833 Pltwnom.

3748 5870 3813 5922 Ls:
3848 5870 3946 5924 Pa.

2519 5877 2652 5937 Ᾰξιτθι
2673 5884 2752 5935 ἅμα.
2774 5888 2964 5938 τρςχόωσι,
2986 5888 3027 5923 τὸ
3051 5880 3097 5930 δὴ
3121 5885 3310 5923 Iuliano.
3341 5873 3498 5933 Ᾰμιξαι.
