2121 3246
95 206 151 236 με

628 203 811 234 ADVERSUS
829 201 1018 232 GNOSTICOS
1035 202 1236 231 SCORPIACE.
1272 198 1275 202 ’

1694 199 1749 230 116

97 263 221 293 faciendo
233 263 333 295 vitam;
349 262 395 290 sed
410 262 450 299 (1)
466 262 560 298 perdel
575 262 601 290 in
614 262 777 296 gclteunam,
802 262 846 297 qui
867 270 896 290 sc
913 262 935 291 Α
950 261 1007 288 lt;er
1019 265 1135 295 agtmtur
1148 260 1208 297 (16)
1219 267 1280 296 qua)
1294 260 1438 295 przrdicata
1448 267 1503 289 non
1519 260 1600 289 sunt?
1611 258 1671 289 Non
1685 264 1748 288 sunt

97 316 172 347 putat
189 310 311 346 negando
324 309 481 337 lucrifacere
495 308 534 344 (2)
544 316 614 336 cam.
631 308 728 336 Perdet
741 313 829 336 autem
839 316 898 335 eam

98 357 132 384 ad
146 364 281 392 prmscns,
295 356 341 391 qui
355 354 495 383 confessus
518 354 668 387 occiditur;
681 353 727 382 sed
742 355 900 382 inventurus

98 410 159 430 eam
181 402 207 429 iu
228 402 309 429 vitam
326 406 465 430 aeternam.
479 400 533 435 Ipsi
544 400 660 436 denique
676 400 813 435 prtesidcs,
837 407 898 428 cum

98 448 240 477 hortantur
255 448 296 484 (5)
310 448 454 483 negationi,
472 447 510 484 (a)
524 455 597 475 serra
613 447 725 474 animant
747 451 817 474 tuan:
828 467 836 478 ,
860 447 901 474 di-

97 499 174 525 cunt,
202 498 230 521 et
257 494 309 521 noli
336 494 449 521 animum
466 498 536 520 tuam
550 493 666 528 perdere.
679 493 737 527 Quo
758 492 838 520 modo
858 492 899 528 (ι)

99 540 257 575 loqueretur
266 539 399 572 Christus,
412 539 463 567 nisi
476 546 529 575 quo
542 539 622 567 modo
635 539 676 575 (5)
690 543 848 566 tractaretur
859 538 900 574 (6)

98 586 280 615 christianos?
305 586 358 614 Sed
386 593 447 614 cum
463 585 586 620 prohibet
604 586 727 614 meditari
744 585 900 621 responsio-

99 640 162 661 nem
186 633 219 660 ad
249 633 376 663 tribunal.
405 632 520 660 famulos
542 639 607 660 suos
633 632 750 665 instruit,
772 631 899 666 Spiritum

102 680 233 708 Sanctum
249 687 442 716 retpousuruni
456 679 617 715 repromiltit
632 679 738 715 (Matth.
755 679 788 711 Χ.
802 678 858 713 20);
874 683 901 707 ct

98 733 161 753 tum
175 726 202 753 in
214 733 324 753 carcere
346 726 454 753 fratrem
475 725 531 753 vult
554 725 655 753 visitari
669 725 788 760 (ΜαιιΙι.Ι
803 723 900 760 XXV),

98 771 263 799 mufessoris
286 772 400 806 imperat
421 779 531 804 curam;
555 775 583 800 et
608 779 668 799 cum
691 772 774 799 Deum
795 772 900 799 vindic-

99 822 153 845 tam
160 816 292 845 facturum
302 817 449 845 electorum
462 825 572 845 suorum
582 817 696 845 affirmat
703 818 821 854 (Mattlr.,
831 818 900 853 XV),

98 863 239 898 passiones
263 863 419 891 consolatur
437 863 543 891 illorum
561 872 567 890 :
581 863 663 891 etiam
679 864 720 900 (ὁ)
733 864 760 891 in
775 864 901 898 parabola

97 910 258 944 scminis(7)
267 915 327 945 post
338 910 467 945 cespitem
483 909 603 941 arefacti,
616 910 834 946 persecutionum
859 909 901 946 (8)

950 307 1022 334 cnitn
1049 307 1106 334 lucc
1127 307 1270 342 pncdicata
1283 315 1344 341 qua:
1356 312 1481 342 aguntur,
1492 306 1516 335 si
1531 307 1582 334 alia
1603 311 1666 334 sunt
1688 314 1749 342 quau

951 353 1140 388 praedicantur,
1169 358 1197 381 et
1222 360 1275 381 non
1301 353 1358 380 bare
1384 361 1445 388 quas
1469 358 1594 389 aguntur.
1617 354 1653 380 At
1666 359 1749 385 nunc,

950 399 1012 435 quia
1032 399 1090 435 (17)
1112 400 1168 435 ipsa
1190 405 1254 428 sunt
1275 399 1301 428 in
1325 400 1424 434 rebus,
1439 408 1500 436 quas
1513 400 1572 437 (18)
1585 400 1612 428 in
1625 400 1749 434 vocibus,

950 446 1029 473 aliter
1041 445 1112 474 dicta
1125 446 1290 479 creduntur;
1305 447 1369 483 quid
1384 447 1459 475 fieret
1473 446 1497 474 si
1510 446 1592 475 aliter
1607 446 1676 475 facta
1689 447 1749 482 (l9)

952 491 1157 520 invenirentur?
1169 492 1221 520 Sed
1236 493 1294 521 lucc
1303 497 1345 520 est
1354 492 1412 528 (‘20)
1426 493 1588 529 perversitas
1601 492 1674 525 ﬁdei,
1689 500 1756 528 pro-

952 538 1011 566 bata
1029 546 1081 566 non
1095 539 1206 567 credere
1218 558 1226 572 ,
1241 546 1294 566 non
1308 538 1418 574 probata
1432 545 1604 574 praesumere.
1624 537 1673 566 Cui
1688 545 1752 573 per-

952 585 1073 613 rersitati
1096 585 1161 613 illttd
1183 593 1291 621 quoque
1313 592 1459 621 opponam,
1475 591 1505 613 ut
1525 586 1547 613 si
1565 585 1623 613 bac
1636 593 1697 620 quae
1712 585 1752 612 sic

951 636 1067 666 aguntur
1079 631 1305 666 quemadmodum
1325 632 1426 667 scripta
1439 636 1521 664 sunt,
1536 639 1590 660 non
1602 636 1682 660 erunt
1695 632 1753 667 ipsa

952 685 1012 712 ιιιιίυ
1025 677 1213 712 praedicantur,
1230 678 1274 706 illa
1287 685 1347 713 qua:
1359 685 1412 706 non
1425 678 1541 706 debeant
1554 678 1593 706 sic
1605 678 1647 714 agi
1660 685 1754 713 quem-

952 723 1097 751 admodum
1113 724 1212 760 scripta
1235 729 1315 758 sunt,
1340 732 1374 752 ne
1394 729 1421 753 et
1443 725 1500 760 ipsa
1515 724 1612 752 horum
1627 724 1753 759 exemplo

953 770 1147 804 periclitentur,
1162 770 1268 798 excludi
1279 770 1411 805 siquidem
1424 770 1497 798 aliud
1512 770 1539 798 in
1548 770 1669 803 vocibus,
1680 770 1753 798 aliud

953 817 979 844 in
994 817 1074 845 rebus
1088 821 1147 850 est;
1161 822 1189 845 et
1203 816 1262 853 (2|)
1274 817 1435 853 relinquitur
1445 825 1496 845 nec
1510 817 1653 853 praidicata
1666 817 1754 845 ~videri

953 872 1013 892 eum
1038 864 1196 896 evenerint.
1210 864 1327 892 sialiter
1351 864 1530 899 medicantur
1542 871 1623 900 quam
1645 863 1756 892 evenire

954 910 1063 938 habent.
1072 910 1248 946 thuomodo
1262 910 1408 938 credentur
1420 918 1480 946 qua:
1493 918 1545 938 non
1560 914 1640 938 erunt
1651 910 1753 946 ιιι-ωᾱί-

97 955 196 991 figurat
205 956 340 984 ardorem.
357 955 421 984 Haec
434 956 457 983 si
474 963 526 983 non
542 956 575 983 ita
588 956 756 992 accipiuntur
771 955 901 991 quemad-
915 959 939 990 Β
953 962 1022 989 cata,
1031 957 1091 991 quia
1106 964 1158 984 non
1173 957 1208 984 ita
1219 957 1449 992 eruntpnndicata
1462 957 1599 992 quomodo
1613 957 1754 985 eveniunt?

97 1002 209 1030 modum
232 1002 447 1037 pronuntiantur,
457 1001 603 1029 sincdubio
612 1006 902 1037 prmtcrquamﬁonant

95 1049 222 1084 sapiunt;
247 1054 274 1076 et
295 1048 367 1076 aliud
382 1048 407 1076 in
423 1048 532 1076 vocibus
545 1048 615 1082 erit,
629 1048 701 1076 aliud
716 1048 743 1075 in
759 1048 901 1080 sensibus;

96 1100 125 1123 ut
138 1096 276 1131 allegoria
288 1116 296 1128 ,
314 1100 342 1123 ut
357 1095 507 1131 parabolas,
521 1100 551 1123 ιιι
564 1095 717 1131 :cnigutata.
736 1094 901 1130 Quemcum-

95 1149 150 1177 que
174 1142 256 1177 igitur
275 1141 448 1177 conceperint
468 1146 576 1169 ventum
600 1141 641 1177 (9)
663 1142 903 1177 argumentationis

98 1190 201 1224 scorpii
221 1189 283 1223 isti,
295 1196 465 1224 quocumque
475 1195 505 1216 se
519 1189 642 1216 acumine
656 1188 817 1224 impegerint
827 1209 834 1220 ,
850 1196 917 1216 uua~

94 1235 151 1270 jam
165 1236 237 1263 linea
251 1240 311 1263 est:
327 1234 360 1262 ad
374 1234 447 1270 ipsas
459 1242 504 1263 res
517 1235 742 1270 provocabuntur,
758 1242 793 1263 an
807 1242 903 1263 secun-

95 1282 160 1309 dum
175 1281 331 1316 Scripturas
343 1282 534 1316 transigantur.
550 1281 688 1317 Siquidem
705 1286 768 1309 tunc
778 1281 850 1309 aliud
863 1281 902 1309 si-

96 1329 271 1364 gnificabitur
286 1329 313 1356 in
334 1328 481 1364 Scripturis
494 1350 503 1362 ,
517 1330 539 1357 si
555 1336 606 1356 Iton
621 1328 737 1364 idipsum
752 1329 903 1365 reperiatur

98 1375 126 1403 iu
140 1375 234 1402 rebus.
247 1374 323 1409 Quod
330 1374 401 1402 enim
408 1375 537 1409 scriptum
551 1379 603 1405 est.
615 1374 666 1402 hoc
673 1375 784 1403 evenire
794 1380 903 1410 oporte-

96 1421 148 1449 bit.
163 1421 261 1454 Porro,
271 1425 334 1448 tunc
343 1420 528 1456 evenietquod
535 1425 578 1448 est
590 1420 649 1456 (10)
662 1421 800 1456 scriptum,
811 1421 833 1448 si
849 1428 902 1448 non

95 1467 171 1495 aliud
185 1466 245 1503 (ll)
258 1467 374 1495 eveniet.
397 1465 466 1494 Ecce
489 1471 574 1493 autem
600 1470 625 1493 et
652 1467 711 1494 odio
730 1467 852 1494 habentur
870 1467 902 1494 ab

97 1514 217 1541 omnibus
241 1513 395 1545 hominibus,
413 1514 450 1548 (c)
466 1512 574 1540 nominis
596 1521 703 1544 caussa.
727 1512 863 1548 quomodo
876 1518 904 1541 ct

96 1561 232 1596 scriptum
242 1565 301 1592 est;
317 1565 341 1587 et
355 1561 481 1588 tradimur
498 1560 576 1588 etiant
589 1568 605 1586 ll
621 1560 756 1595 proximis,
768 1559 903 1595 qutnuodo

98 1613 125 1636 ct
138 1608 270 1643 scriptum
283 1612 341 1641 est;
356 1612 380 1635 et
398 1607 562 1642 perducimur
574 1607 609 1634 ad
623 1611 774 1642 potestates,
789 1612 813 1634 et
823 1607 903 1635 inter—

954 1003 991 1031 lta
1015 1003 1133 1031 lucrctici
1157 1011 1217 1038 qua:
1237 1003 1417 1038 praidicautttr
1437 1010 1490 1031 non
1514 1008 1544 1031 ut
1566 1004 1677 1039 probata
1692 1008 1757 1032 sunt

954 1048 1099 1082 credendo,
1108 1056 1140 1077 cu
1161 1057 1222 1085 qua:
1243 1056 1293 1077 nec
1306 1049 1448 1084 prmdicata
1463 1053 1536 1083 sunt,
1551 1050 1674 1078 credunt.

1263 1095 1377 1125 CAPUT
1398 1096 1457 1125 XII.

989 1144 1055 1178 Quis
1077 1151 1148 1172 nunc
1165 1144 1297 1172 medullas
1320 1144 1519 1180 Scripturarum
1546 1146 1631 1182 magis
1651 1152 1755 1179 nosset,

953 1198 1033 1225 quam
1045 1191 1100 1225 ipsa
1108 1190 1207 1218 (Iliristi
1216 1190 1322 1218 schola?
1331 1199 1400 1226 quos
1407 1196 1435 1219 et
1442 1191 1493 1219 sibi
1502 1191 1652 1228 discipulos
1666 1194 1757 1221 Domi.

955 1244 1005 1264 nus
1013 1236 1159 1272 adoptavit,
1171 1237 1262 1265 omnia
1276 1238 1368 1273 utique
1382 1237 1552 1270 cdocendos;
1569 1243 1595 1266 et
1609 1239 1686 1267 nobis
1699 1247 1756 1267 ma-

954 1283 1052 1317 gistros
1067 1283 1219 1316 adornavit,
1234 1283 1323 1310 omnia
1339 1284 1430 1319 utique
1442 1283 1580 1312 docturos.
1592 1284 1634 1320 (d)
1646 1284 1694 1311 (Ini
1710 1293 1759 1320 po-

955 1328 1007 1355 titts
1022 1329 1132 1363 Iiguram
1148 1329 1220 1356 vocis
1230 1336 1287 1356 sua:
1296 1329 1459 1357 declarasset
1470 1350 1477 1362 ,
1491 1337 1571 1365 quam
1583 1330 1626 1358 cui
1638 1330 1755 1365 effigiem

954 1374 1046 1410 gloriae
1059 1382 1114 1402 sua:
1129 1375 1371 1408 revelavit,l’etro,
1385 1375 1496 1408 Jacobo,
1512 1375 1619 1408 Joauui.
1636 1382 1664 1404 ct
1678 1382 1756 1413 post-

954 1428 985 1449 ea
1012 1420 1111 1453 Paulo,
1129 1428 1208 1456 quem
1226 1420 1262 1457 (e)
1279 1421 1394 1456 paradisi
1411 1429 1517 1457 quoque
1530 1427 1682 1458 compotem
1694 1422 1759 1452 fecit

954 1473 1017 1495 autc
1031 1468 1208 1503 martyrium?
1223 1469 1263 1495 An
1278 1473 1305 1495 et
1319 1468 1355 1495 illi
1375 1468 1453 1496 aliter
1463 1476 1542 1503 quam
1556 1470 1674 1497 sentiunt
1688 1470 1757 1498 scri-

955 1513 1030 1546 Imut,
1043 1514 1153 1541 fallaci-.c
1167 1513 1296 1548 magistri,
1313 1521 1365 1540 non
1382 1514 1520 1542 veritatis?
1536 1515 1630 1543 Petrus
1649 1515 1757 1551 quidem

955 1559 988 1586 ad
1001 1559 1124 1587 Ponticus
1138 1569 1144 1587 :
1164 1559 1266 1593 Quanta
1276 1561 1353 1592 enim,
1366 1559 1453 1595 inquit
1468 1559 1495 1595 (l
1511 1559 1582 1588 Petr.
1599 1560 1642 1597 ll),
1658 1561 1759 1598 gloria,

955 1607 976 1634 si
990 1615 1039 1634 non
1054 1612 1080 1633 nt
1094 1607 1264 1642 delinquentes
1279 1607 1430 1641 puniamt'ni,
1448 1607 1595 1635 sustinetis!
1615 1607 1678 1635 Haec
1690 1608 1758 1636 citius

96 1662 239 1690 rogantur,
261 1658 285 1681 et
305 1657 461 1689 torquentur,
476 1658 500 1680 et
514 1653 676 1687 conﬁtemur,
693 1657 716 1680 et
730 1653 901 1686 trucidantur,
915 1657 938 1689 (ς
955 1655 1037 1690 gratia
1061 1658 1107 1687 cst,
1129 1654 1155 1680 in
1178 1655 1226 1681 hoc
1236 1658 1259 1681 et
1274 1653 1356 1681 vocati
1371 1653 1439 1686 estis,
1455 1654 1574 1689 quoniam
1598 1658 1623 1681 et
1643 1654 1761 1682 Christus

100 1699 247 1735 quomodo
257 1704 285 1727 et
298 1700 427 1734 scriptum
449 1704 490 1727 cst
509 1698 629 1733 (Matth,
645 1699 692 1732 Χ).
707 1699 753 1727 Sic
775 1699 903 1728 Dominus

98 1746 196 1774 edixit.
213 1745 242 1773 Si
253 1745 332 1773 aliter
345 1746 428 1773 cdixit
450 1745 518 1778 lucc,
529 1753 578 1773 cur
600 1753 653 1773 non
668 1745 748 1773 aliter
762 1746 901 1779 eveniunt,

68 1812 70 1814 τ
99 1801 183 1830 quam
198 1793 256 1828 (l2)
274 1793 358 1821 edixit
368 1814 376 1826 ,
391 1792 417 1820 id
432 1797 483 1826 est,
500 1791 726 1825 quemadmodum
742 1792 844 1820 edixit!
857 1793 905 1820 Αι-

99 1841 167 1875 quin
184 1848 238 1868 non
248 1840 327 1868 aliter
336 1839 465 1868 eveniunt
476 1846 555 1875 quam
569 1838 668 1868 edixit:
682 1846 747 1874 ergo
760 1839 829 1867 sicut
842 1847 906 1868 eve-

101 1887 193 1919 niunt,
205 1886 241 1913 ita
254 1884 312 1922 (l3)
327 1885 428 1918 edixit,
447 1885 482 1912 ita
495 1885 632 1913 eveniunt.
646 1884 713 1912 Nam
725 1892 775 1913 nec
786 1885 906 1913 licuisset

101 1933 184 1961 aliter
194 1933 312 1965 evenire,
327 1939 407 1967 qualn
423 1931 525 1964 edixit;
541 1939 590 1959 nec
605 1931 663 1966 ipse
676 1931 755 1959 aliter
764 1932 904 1966 edixisset,

101 1986 186 2013 quam
208 1978 318 2006 evenire
342 1977 480 2006 voluisset.
495 1977 544 2010 Ita,
559 1985 612 2005 non
627 1977 699 2005 aliud
718 1977 907 2013 signiﬁcabunt

102 2025 326 2061 Scriptumul),
337 2032 417 2060 quam
426 2024 452 2052 in
460 2024 541 2052 rebus
548 2024 777 2059 recognoscimus.
785 2026 839 2053 Aut
847 2025 869 2060 (1
876 2025 907 2060 5)

103 2071 129 2100 si
155 2071 275 2100 nondum
294 2075 412 2107 aguntur
425 2070 471 2099 illa
483 2078 543 2106 qua:
558 2070 748 2106 praedicantur,
770 2071 907 2106 quomodo

956 1709 1046 1736 passus
1064 1706 1100 1728 est
1119 1708 1165 1735 pro
1178 1701 1259 1732 nobis,
1273 1700 1417 1738 relinquens
1430 1699 1499 1727 vobis
1511 1700 1655 1736 exemplum
1666 1706 1760 1728 semet-

956 1748 1050 1780 ipsum.
1064 1752 1090 1773 ut
1100 1746 1269 1782 asseqrtamini
1284 1747 1389 1781 uestigia
1402 1746 1492 1781 ipsius.
1507 1746 1542 1774 Et
1556 1754 1651 1775 rursus
1659 1746 1682 1782 (Ι
1698 1747 1759 1775 Pet.

956 1793 1002 1829 IV)
1017 1802 1024 1822 :
1040 1792 1132 1819 Diti-cli
1144 1813 1152 1826 ,
1166 1801 1198 1820 ne
1218 1793 1390 1826 expavescens
1406 1793 1530 1820 ustionem
1541 1813 1550 1826 ,
1565 1800 1622 1828 qua
1634 1793 1720 1828 agitur
1732 1794 1761 1821 iis

956 1840 1060 1867 vobisin
1071 1839 1244 1871 tentatiouem,
1256 1839 1328 1873 quasi
1340 1846 1432 1865 novum
1443 1838 1542 1866 accidat
1562 1838 1631 1866 vobis
1646 1846 1657 1866 :
1667 1839 1760 1866 etenim

957 1886 1095 1915 secundum
1109 1886 1176 1922 quod
1188 1886 1380 1913 communicatis
1395 1885 1554 1920 passionibtss
1567 1885 1661 1913 Cltristi
1670 1907 1678 1920 ,
1693 1894 1760 1922 gau-

957 1933 1023 1966 dete,
1040 1932 1077 1959 uti
1093 1936 1116 1959 et
1128 1932 1154 1959 iu
1166 1932 1316 1959 reuelatione
1327 1931 1417 1967 glorise
1428 1933 1483 1963 eius
1494 1932 1627 1967 gaudeatis
1638 1933 1759 1960 exultan-

958 1984 1006 2008 ιιι.
1015 1979 1046 2006 ss
1057 1978 1244 2006 dedecoramiui
1257 1978 1284 2005 in
1298 1978 1359 2013 (se)
1374 1978 1477 2005 nomine
1489 1977 1595 2011 Christi,
1609 1968 1674 2005 sedis
1687 1978 1759 2012 estis,

957 2026 1077 2061 quoniam
1091 2025 1174 2061 gloria
1186 2030 1209 2052 et
1225 2024 1271 2052 Dei
1288 2024 1394 2059 spiritus
1415 2024 1549 2059 requiescit
1568 2023 1625 2059 (‘23)
1638 2024 1666 2050 in
1678 2024 1759 2057 vobis,

958 2073 1021 2100 dum
1041 2080 1074 2100 ne
1094 2072 1150 2108 quis
1173 2077 1282 2100 vestrum
1297 2072 1420 2107 patiatur,
1436 2075 1464 2099 ut
1487 2070 1626 2104 homicida,
1641 2076 1686 2099 aut
1705 2072 1760 2107 fur,

718 2128 911 2159 LECTIONES
929 2130 1137 2159 VARIANTES.

149 2189 176 2251 ii
193 2187 351 2251 E3385...
363 2216 439 2251 ςᾳηι.

149 2248 177 2285 5)
193 2248 442 2285 ῳωηθῃιιιζθξυιεπ.
460 2249 536 2276 Sunt.
545 2248 644 2276 Oberllt.

141 2252 165 2281 (3
193 2252 355 2276 Cobet-tantur
367 2252 442 2275 Rhea.
460 2252 471 2275 ε

151 2284 164 2328 ἑ
194 2281 320 2311 Quomodo
330 2280 382 2317 alii.

137 2252 178 2377 ii
194 2312 385 2377 imitat:
396 2311 471 2337 W-

194 2345 322 2381 Iractatur
332 2344 385 2381 alii.

151 2378 178 2408 '1)
195 2376 323 2401 Sermonis
333 2376 387 2408 ltig.

150 2410 178 2438 8)
191 2407 218 2432 In
230 2407 405 2439 persecutione
415 2404 467 2439 πίῃ.
479 2411 493 2431 e
503 2404 566 2431 libro
576 2405 659 2439 ueteri.

151 2437 374 2497 ξὲὶοὲοὲοὲιᾶηυε
387 2437 463 2470 igitur
473 2437 634 2470 oomeperiut
646 2443 769 2463 venenum
786 2440 843 2463 Jun.

141 2499 197 2566 iit}
212 2499 378 2563 8:25am-

962 2224 988 2246 οι
994 2189 1120 2246 (sliglErgo
1127 2190 1191 2216 sicut
1200 2190 1326 2220 eveniunt,
1337 2190 1370 2215 ita
1388 2189 1469 2216 demit.
1482 2191 1567 2217 Venet.
1579 2188 1697 2217 ubstitttit
1705 2196 1764 2218 vero

992 2253 1046 2284 (16)
1064 2252 1120 2278 Ista:
1135 2252 1195 2284 add.
1209 2252 1284 2278 Seml.

992 2284 1044 2316 trs)
1062 2284 1091 2308 At
1105 2283 1179 2309 Seml.

1009 2314 1046 2345 l6)
1064 2316 1175 2346 Aguntur
1192 2316 1265 2340 demit
1281 2314 1356 2341 86ml.
1375 2317 1429 2347 post
1444 2314 1522 2342 Men.

1007 2347 1045 2377 17)
1064 2347 1121 2371 Cum
1136 2348 1215 2371 ('iarc.

1006 2378 1044 2403 l8)
1062 2378 1091 2402 Et
1107 2379 1166 2403 add.
1182 2379 1255 2403 Seml.

1007 2408 1046 2434 19)
1066 2410 1125 2433 Acta
1137 2408 1211 2434 Seml.

1005 2440 1046 2471 20)
1063 2440 1116 2465 Erit
1128 2441 1203 2467 Semt.

1006 2471 1044 2502 2|}
1063 2471 1099 2497 lla
1110 2476 1167 2497 Jun.

997 2503 1050 2533 (22)
1068 2503 1096 2528 In
1104 2502 1179 2528 demit
1190 2503 1265 2529 Seml.

997 2533 1049 2566 (25)
1066 2534 1215 2567 Requieseet
1225 2533 1301 2561 then.
1311 2533 1385 2560 Seml.
1399 2533 1498 2561 Obertlt.

796 2585 1078 2617 COMMENTARIUS.

147 2657 227 2686 CAP.
236 2655 358 2692 XL—(a)
365 2655 445 2684 Serua
453 2664 564 2683 strumam
574 2655 815 2684 luam.Cousimiles
827 2657 914 2685 Pater-

113 2695 141 2722 ui
150 2692 362 2729 proconsulisad
375 2692 538 2729 Cyprianum
551 2699 631 2729 voces
644 2693 911 2721 occurruntinltislo-

111 2727 156 2758 ria
168 2729 300 2764 passionis
313 2727 451 2764 fortissimi
470 2728 606 2764 martyris.
627 2736 694 2763 quas
707 2733 735 2756 et
745 2729 909 2764 Augustinus

110 2763 232 2800 exagitat
241 2771 324 2792 serm.
338 2763 372 2800 de
385 2763 479 2800 eodem
490 2763 571 2800 Cypr.
586 2763 646 2792 th.

150 2798 240 2836 (6)11:
254 2798 377 2836 parabolo
401 2798 580 2836 sentinis‘post
603 2799 721 2834 cespitem
743 2802 856 2836 are/acu.
880 2800 909 2828 ln

111 2833 264 2871 exemplari
278 2835 385 2870 legitur,
394 2833 434 2871 (In
448 2834 570 2868 parabolu
581 2833 705 2862 sermonis
720 2841 776 2869 post
787 2833 909 2870 cespitem

111 2872 262 2908 arcfncljjn
278 2870 478 2908 persecutionum
493 2871 585 2908 ﬁgurat
595 2872 722 2898 ardorem.
739 2871 798 2899 litc.

153 2905 194 2941 (ε)
206 2906 325 2933 Nominis
336 2914 436 2933 caussa.
451 2905 523 2933 Istud
534 2906 746 2934 satisexcussuut
755 2908 829 2934 estin
840 2907 910 2942 Apo-

114 2944 162 2979 log
178 2964 185 2975 ,
202 2943 246 2970 ubi
260 2941 428 2970 ostendimus
441 2949 473 2969 ex
487 2942 602 2976 antiquis
625 2950 783 2978 responsum
803 2941 881 2974 esse.
895 2951 911 2970 c

965 2660 1175 2724 lag:inlesntéqnue
1189 2659 1307 2694 laudern,
1321 2667 1410 2696 neque
1422 2660 1583 2697 vituperium
1598 2663 1701 2698 sperari
1716 2662 1764 2691 de—

996 2741 1072 2769 CAP.
1081 2741 1177 2770 Χ11.-
1183 2742 1279 2776 (ιι)συὶ
1289 2743 1372 2777 potius
1378 2742 1488 2778 figuram
1495 2744 1562 2771 uocis
1571 2751 1624 2770 suae
1633 2744 1763 2772 declaras-

961 2782 1008 2804 set.
1024 2777 1161 2814 Sermonis
1174 2778 1212 2806 sui
1227 2778 1362 2814 mysteria,
1380 2777 1556 2814 sacramenta,
1571 2786 1632 2806 cum
1656 2780 1758 2807 scilicet

962 2813 1112 2841 reccdunta
1127 2813 1283 2851 litterissuis
1296 2821 1402 2846 sensus,
1415 2818 1442 2841 ut
1453 2813 1511 2849 ipse
1519 2815 1636 2850 loquitur
1645 2815 1762 2851 liocipso

962 2856 1055 2883 opere,
1067 2857 1127 2884 cap.
1145 2851 1187 2877 lii.
1205 2850 1264 2877 th.

998 2895 1036 2931 (ο)
1052 2895 1171 2932 I’arutlisi
1183 2904 1282 2930 quoque
1299 2901 1439 2931 competent
1454 2896 1515 2932 facit
1528 2902 1586 2923 ante
1599 2897 1761 2931 martyrium.

964 2931 1030 2959 Dum
1047 2931 1147 2959 scilicet
1162 2937 1251 2967 raptus
1264 2932 1297 2960 ad
1312 2939 1395 2967 usque
1408 2931 1514 2960 tertium
1526 2933 1633 2964 caalutn,
1651 2940 1682 2960 ea
1698 2933 1763 2960 vidit
