4242 6492
745 387 850 444 H7

2173 389 2636 448 TERTULLIANI

3955 394 4059 451 148

743 516 829 556 ora
882 503 1163 574 maleﬁcus,
1208 515 1298 560 aut
1341 504 1418 578 (α)
1465 505 1621 562 alieni
1646 507 1951 578 speculator.
1986 506 2048 562 Si
2075 515 2243 561 autem
2282 515 2341 560 ut
2366 511 2420 567 Α
2444 505 2813 563 candidantur.
2838 505 2973 573 Quia
3009 514 3065 562 et
3115 507 3297 563 Esaias
3324 507 3425 580 (Is.
3455 505 3496 574 Ι,
3531 508 3624 582 18)
3649 525 3718 566 ex
3759 525 3951 567 russeo
3979 513 4056 584 (5)

741 600 1046 654 christianus
1064 642 1080 666 ,
1113 617 1176 653 ne
1201 603 1487 664 erubescat;
1508 600 1758 672 glori/ieci
1785 611 1950 654 autem
1976 599 2249 654 Dominum
2286 600 2340 654 in

739 694 944 745 nomine
965 695 1079 746 isto.
1104 692 1340 748 Joannes
1369 709 1515 757 vero,
1545 703 1602 748 ut
1626 696 1785 749 etiam
1820 709 1916 763 pro
1947 694 2199 749 fratribus
2220 709 2342 749 nos-

740 787 836 838 tris
862 785 1066 838 animas
1091 800 1350 854 ponamus
1372 827 1387 850 ,
1416 787 1680 852 hortatur,
1710 801 1909 855 negans
1939 787 2187 841 timorem
2220 800 2344 842 esse

741 878 794 930 in
821 879 1107 932 dilectione
1150 876 1190 946 (I
1219 877 1375 933 Joan.
1410 879 1498 944 IV,
1531 878 1622 952 18)
1654 897 1667 933 :
1705 878 1938 948 Perfecta
1965 884 2098 934 enim
2137 881 2343 936 dilectio

739 973 881 1040 {oras
908 969 1080 1037 abiicit
1107 971 1338 1024 timorem
1367 986 1386 1024 :
1420 972 1658 1040 quoniam
1683 971 1834 1023 timor
1861 987 2060 1040 poenam
2089 970 2268 1036 habet;
2294 982 2341 1027 et

739 1064 828 1132 qui
855 1065 1011 1124 timet,
1047 1080 1147 1118 non
1177 1073 1249 1117 est
1288 1063 1540 1132 perfectus
1576 1065 1626 1116 in
1669 1064 1952 1117 dilectione.
1982 1063 2150 1132 Quem
2181 1066 2340 1120 timo-

744 1171 858 1209 rem
889 1156 1107 1226 intelligi
1139 1157 1494 1226 praestat,nisi
1522 1157 1820 1228 negationis
1853 1157 2339 1225 auctorem‘lQuam

747 1250 1092 1304 dilectionem
1124 1251 1421 1320 perfectam
1444 1249 1698 1317 affirmat,
1743 1250 1844 1306 nisi
1899 1251 2212 1321 fugatricem
2270 1255 2340 1309 ti-

737 1345 927 1408 moris,
945 1353 999 1397 et
1027 1344 1396 1399 animatrieem
1429 1342 1807 1399 confessionis?
1831 1343 2000 1411 Quam
2027 1358 2239 1412 plenam
2270 1347 2339 1399 ti-

736 1449 889 1489 more
943 1436 1146 1505 puniat,
1195 1435 1297 1489 nisi
1341 1449 1498 1504 quam
1544 1444 1766 1504 negator
1795 1434 2058 1488 relaturus
2084 1445 2186 1501 est,
2218 1450 2338 1492 cum

736 1545 962 1597 corpore
989 1538 1043 1583 et
1074 1529 1249 1582 anima
1281 1527 1602 1582 occidendus
1627 1528 1678 1582 in
1707 1527 1950 1598 gehenna
1979 1528 2083 1600 (I)?
2114 1529 2264 1596 Quod
2293 1530 2338 1584 si

734 1638 834 1692 pro
865 1622 1148 1686 fratribus,
1176 1632 1376 1692 quanto
1414 1621 1582 1690 magis
1609 1637 1705 1690 pro
1737 1621 1961 1677 Domino
2004 1623 2337 1679 moriendum

738 1718 923 1780 dot-et,
952 1717 1083 1770 satis
1112 1715 1178 1770 de
1205 1714 1528 1785 Apocalypsi
1549 1729 1762 1784 quoque
1787 1731 1883 1770 sua
1913 1716 2203 1770 instructus
2225 1715 2340 1772 haec

737 1812 962 1866 Suadere
987 1811 1001 1864 I
1030 1808 1369 1863 Maudaverat
1407 1809 1604 1862 etenim
1631 1809 1851 1877 spiritus
1877 1809 1943 1862 ad
1974 1808 2221 1878 angelum
2251 1823 2340 1864 ec-

2445 609 2500 655 et
2546 601 2764 655 coccino
2818 603 3031 656 niveum
3086 611 3140 656 et
3188 603 3404 656 laneum
3464 605 3809 672 repromittit.
3862 605 4051 675 Magna

2445 691 2604 746 etiam
2669 691 2909 764 Babylon
2957 707 3080 747 cum
3135 693 3464 749 describitur
3531 696 3679 750 ebria
3740 708 4054 753 sanctorum

2446 799 2656 848 cruore.
2683 785 2801 840 sine
2827 785 2992 840 dubio
3020 786 3254 840 ebrietas
3289 787 3405 856 ejus
3437 788 3814 858 martyriorum
3846 790 4055 858 poculis

2449 877 2798 942 ministratur,
2844 891 3072 946 quorum
3105 877 3336 931 formido
3363 877 3488 947 quid
3514 878 3745 932 relatura
3776 880 3869 945 sit,
3901 896 4054 951 teque

2447 966 2768 1021 ostenditur.
2802 966 2948 1024 Inter
2996 984 3183 1023 omnes
3235 969 3376 1024 enim
3420 969 3710 1038 reprobos;
3769 970 3878 1025 imo
3931 984 4056 1028 ante

2444 1073 2651 1114 omnes.
2710 1059 2935 1116 Timidis
2973 1071 3174 1126 autem,
3223 1061 3414 1132 inquit,
3438 1061 3632 1116 dehinc
3659 1065 3892 1126 caeteris,
3927 1081 4052 1132 par-

2444 1151 2603 1207 ticula
2641 1153 2694 1206 in
2729 1163 2919 1223 stagno
2947 1154 3084 1223 ignis
3109 1163 3163 1208 et
3188 1154 3484 1223 sulphuris.
3514 1154 3605 1210 Sic
3632 1156 3794 1211 timor
3834 1158 3954 1226 ejus
4001 1161 4050 1214 in

2446 1244 2683 1314 Epistola
2711 1246 2829 1315 ejus
2857 1244 2904 1314 (ι
2928 1246 3086 1301 Joan.
3120 1245 3748 1318 IV,18l,quemdilectio
3779 1249 3926 1305 foras
3957 1251 4052 1305 ab-

2438 1334 2575 1407 jicit,
2609 1337 2766 1392 habet
2795 1352 3032 1408 pinnam.

3028 1428 3258 1486 CAPUT
3297 1429 3435 1486 XIII.

2516 1520 2712 1576 Paulus
2731 1535 2860 1576 vero
2881 1522 3168 1592 Apostolus
3193 1523 3260 1577 de
3290 1532 3634 1592 persecutore
3655 1523 3793 1595 (Act.
3813 1524 3936 1594 IX),
3957 1527 4046 1596 qui

2444 1615 2648 1684 primus
2695 1615 2950 1670 Ecclesite
3003 1617 3315 1686 sanguinem
3359 1617 3514 1682 fudit,
3560 1629 3747 1688 postea
3802 1621 4046 1689 gladium

2442 1706 2585 1777 stylo
2611 1718 2845 1770 mutans,
2895 1716 2947 1762 et
2989 1719 3310 1764 convertens
3341 1709 3663 1764 machaeram
3691 1712 3743 1765 in
3772 1724 4012 1768 aratrum
4039 1730 4054 1779 ;

2444 1799 2600 1868 lupus
2626 1813 2787 1869 rapax
2815 1799 3113 1869 Benjamin,
3142 1799 3342 1856 dehinc
3377 1803 3492 1871 ipse
3518 1803 3750 1858 afferens
3771 1803 3852 1875 (6)
3876 1819 4056 1860 escam

733 1905 911 1958 clesiu
942 1902 1340 1971 Sniyrnaeorum
1391 1901 1631 1970 (Apocal.
1671 1897 1734 1962 II,
1783 1899 1871 1970 I0)
1899 1916 1913 1952 :
1946 1899 2077 1954 Ecce
2104 1900 2338 1956 diabolus
2367 1905 2414 1966 B
2443 1899 2734 1953 Secundum
2761 1898 2950 1967 Jacob,
2983 1901 3216 1970 qualiter
3238 1902 3514 1972 martyria,
3535 1901 3645 1970 jam
3678 1911 3731 1956 et
3759 1902 3862 1956 sibi
3897 1913 4052 1972 opta-

735 2013 797 2050 ea:
838 2012 1047 2050 numero
1077 2005 1162 2049 tuo
1192 1995 1424 2066 conjiciet
1450 1993 1529 2064 (ἓ)
1559 1995 1612 2047 in
1655 2010 1931 2059 carcereos,
1981 2003 2034 2048 ut
2082 1996 2339 2049 tentemini

734 2089 909 2141 diebus
949 2088 1142 2141 decem.
1183 2085 1307 2139 Esto
1341 2086 1510 2150 ﬁdelis
1533 2086 1602 2138 ad
1631 2094 1841 2140 mortem
1883 2102 2040 2155 usque
2063 2127 2077 2149 ,
2113 2097 2160 2140 et
2206 2087 2336 2140 dabo

732 2183 820 2233 tibi
849 2181 962 2233 vim:
991 2196 1251 2232 coronam.
1299 2178 1428 2232 Item
1458 2177 1522 2230 ad
1557 2177 2001 2246 Pergamenorum
2037 2176 2106 2232 de
2143 2178 2336 2248 Antipa

732 2271 1046 2325 ﬁdelissimo
1075 2281 1306 2340 martyre
1342 2267 1625 2322 interfecto
1654 2269 1704 2321 in
1734 2267 2062 2324 habitatione
2099 2269 2333 2324 Satanae.

732 2362 864 2417 Item
899 2363 962 2416 ad
1002 2361 1568 2431 Philadelpltenorum,
1597 2359 1741 2429 quod
1766 2375 1794 2414 a
1828 2361 2122 2416 tentatione
2151 2361 2334 2416 ultima

729 2457 1071 2518 liberaretur,
1099 2455 1189 2524 qui
1217 2454 1426 2512 Domini
1458 2468 1653 2508 nomen
1692 2468 1796 2508 non
1828 2463 2044 2521 negarat
2099 2451 2195 2524 (b).
2227 2453 2335 2507 Ex-

731 2549 854 2604 inde
876 2549 1066 2602 victori
1095 2549 1286 2616 cuique
1332 2547 1592 2614 promittit
1636 2560 1776 2600 nunc
1806 2546 2054 2600 arborem
2085 2545 2209 2598 vita:
2233 2585 2250 2610 ,
2281 2556 2336 2600 et

729 2640 922 2693 mortis
953 2640 1164 2695 veniam
1213 2638 1464 2693 secundze
1507 2653 1692 2692 :nunc
1743 2639 1914 2693 latens
1963 2653 2158 2692 manna
2213 2653 2332 2693 cum

729 2731 938 2785 calculo
967 2730 1216 2796 candido,
1246 2741 1297 2785 et
1331 2730 1548 2785 nomine
1576 2731 1757 2800 ignoto
1790 2746 1805 2785 :
1832 2745 1972 2785 nunc
2004 2729 2193 2786 ferreae
2222 2731 2331 2784 vir-

731 2841 813 2893 ga:
844 2834 1158 2894 potestatem
1187 2864 1202 2889 ,
1234 2836 1287 2880 et
1313 2825 1486 2879 stella:
1514 2826 1792 2880 matutinae
1819 2826 2114 2880 claritatem
2145 2844 2159 2882 :
2194 2842 2335 2882 nunc

730 2918 906 2971 allmn
931 2919 1134 2984 vestiri,
1169 2934 1268 2974 nec
1298 2919 1463 2974 deleri
1508 2920 1576 2974 de
1619 2920 1755 2974 libro
1777 2920 1920 2985 vita',
1955 2929 2010 2974 et
2028 2920 2332 2975 columnam

729 3010 844 3066 fieri
881 3013 930 3066 in
961 3013 1053 3067 Dei
1079 3013 1302 3083 templo,
1336 3014 1387 3066 in
1418 3013 1634 3068 nomine
1657 3014 1751 3067 Dei
1795 3023 1849 3066 et
1873 3013 2103 3077 Domini,
2131 3024 2186 3068 et
2240 3013 2334 3068 Je-

732 3107 964 3161 rusalem
997 3107 1234 3163 caelestis
1267 3107 1542 3176 inscripta,
1589 3123 1729 3160 nunc
1767 3106 2004 3161 residere
2051 3122 2172 3160 cum
2225 3107 2332 3161 Do-

731 3200 880 3252 mino
919 3199 970 3252 in
1027 3200 1220 3252 throno
1250 3198 1385 3266 ejus,
1415 3198 1556 3266 quod
1598 3197 1883 3266 aliquando
1915 3197 2158 3252 Zebedaei
2211 3198 2333 3252 liliis

2445 1988 2604 2054 bilia,
2665 1991 3043 2046 commendat!
3096 2007 3218 2046 eum
3268 1992 3336 2046 de
3366 1993 3446 2064 (7)
3479 1992 4057 2049 Thessalonicensibus

2441 2083 2680 2151 gaudens
2712 2101 2726 2138 :
2761 2083 2872 2150 Uti,
2905 2085 3078 2156 inquit
3099 2084 3165 2156 (II
3198 2085 3427 2140 Thessal.
3457 2087 3496 2151 I,
3528 2088 3680 2156 3,4).
3706 2090 4058 2159 glorienturin

2443 2175 2578 2228 vobis
2625 2177 2678 2229 in
2728 2175 2969 2230 Ecclesiis
3003 2176 3098 2232 Dei
3138 2195 3228 2246 pro
3261 2178 3529 2232 tolerantia
3557 2190 3720 2233 uestra
3749 2192 3794 2233 et
3829 2182 3934 2247 ﬁde
3959 2224 3974 2246 ,
4005 2184 4058 2235 in

2441 2267 2673 2320 omnibus
2716 2269 3142 2336 persecutionibus
3167 2279 3212 2320 et
3243 2272 3512 2338 pressaris,
3542 2273 3721 2338 quibus
3775 2274 3850 2344 (c)
3898 2275 4058 2327 susti-

2441 2360 2568 2412 netis
2597 2371 2908 2414 ostentamen
2942 2363 3076 2426 justi
3097 2363 3288 2433 jadicii
3331 2361 3459 2428 Dei,
3507 2376 3562 2416 ut
3589 2366 3732 2434 digiti
3761 2366 4055 2419 habeamini

2441 2465 2598 2519 regno
2623 2453 2758 2519 ejus,
2792 2469 2885 2520 pro
2907 2470 3008 2522 quo
3053 2464 3098 2507 et
3141 2455 3400 2523 patimini.
3425 2457 3576 2510 Sicut
3600 2465 3656 2510 et
3684 2457 3750 2510 ad
3778 2456 4058 2512 Romanos

2439 2540 2616 2613 (Rom.
2655 2543 2718 2610 V,
2759 2545 2846 2614 II)
2878 2561 2892 2600 :
2930 2545 3050 2599 Non
3099 2548 3262 2600 solum
3289 2557 3480 2614 autem,
3531 2566 3701 2602 verum
3728 2553 3884 2604 etiam
3910 2554 4055 2605 exul-

2441 2643 2603 2688 tantes
2630 2635 2681 2688 in
2711 2639 2996 2704 pressaris;
3023 2640 3144 2692 certi
3179 2640 3257 2710 (8)
3287 2642 3423 2710 quod
3452 2659 3691 2709 pressura
3726 2645 4055 2699 tolerantiam

2441 2728 2661 2795 per/icit,
2710 2728 2982 2782 tolerantia
3029 2746 3146 2785 vero
3192 2732 3559 2801 probationem,
3608 2737 3842 2804 probatio
3880 2750 4054 2790 autem

2439 2834 2618 2886 spem,
2656 2837 2768 2887 spes
2800 2837 2916 2875 vero
2943 2839 3042 2876 non
3069 2827 3351 2893 confundit.
3393 2827 3455 2880 Et
3487 2844 3670 2882 rursus
3702 2828 3880 2899 (Rom.
3919 2830 4048 2898 VIII,

2446 2911 2530 2976 I7)
2567 2930 2579 2963 :
2611 2911 2758 2978 Quod
2779 2915 2820 2966 si
2849 2915 2969 2980 ﬁlii,
2996 2925 3042 2968 et
3066 2917 3324 2980 ha'redes;
3347 2920 3570 2972 htcredes
3591 2923 3794 2990 quitlem
3819 2923 3936 2988 Dei,
3968 2942 4054 2978 co-

2440 3006 2664 3060 hwretles
2699 3023 2813 3061 vero
2843 3007 3031 3063 Christi
3059 3027 3077 3063 :
3107 3012 3354 3080 siquidem
3397 3017 3732 3085 compatiiuur
3755 3018 3861 3089 (9),
3893 3022 3971 3072 uti
4001 3032 4050 3075 ct

2438 3113 2553 3151 cum
2603 3100 2691 3152 illo
2741 3102 3106 3170 glori/icemur.
3160 3103 3358 3172 Reputo
3407 3109 3539 3160 cnim
3586 3111 3848 3176 passiones
3891 3115 4051 3183 hujus

2439 3193 2676 3259 temporis
2707 3209 2806 3246 non
2844 3211 2950 3248 esse
2979 3197 3161 3265 dignas
3187 3199 3254 3250 atl
3286 3201 3523 3268 gloriam,
3550 3218 3664 3270 qua:
3689 3205 3742 3255 in
3788 3206 3935 3258 nobis
3971 3222 4051 3259 re-

728 3292 1043 3360 ncgahatur.
1076 3290 1303 3358 Quinam
1337 3290 1419 3345 isti
1455 3299 1558 3343 tam
1591 3290 1726 3343 beati
1756 3289 2006 3354 victores,
2058 3288 2158 3342 nisi
2210 3304 2332 3357 pro-
2358 3299 2402 3362 ρ
2437 3285 2682 3337 velabitur
2734 3285 2868 3356 (I0).
2929 3286 2997 3341 Et
3055 3289 3178 3342 ideo
3226 3291 3566 3359 postmodum
3623 3311 3635 3348 :
3690 3294 3836 3359 Quis,
3870 3297 4053 3365 inquit

733 3385 846 3455 prie
893 3385 1196 3454 martyres?
1242 3384 1454 3438 Illorum
1489 3383 1687 3438 etenim
1720 3383 1978 3446 victorim,
2015 3397 2244 3452 quorum
2276 3391 2330 3437 et

729 3492 956 3546 pagum;
987 3492 1172 3531 eorum
1201 3490 1329 3530 vero
1358 3491 1546 3544 pugna:
1566 3515 1582 3540 ,
1610 3489 1836 3544 quorum
1869 3483 1926 3529 et
1953 3475 2188 3543 sanguis.
2222 3474 2328 3530 Sed

728 3581 784 3625 et
828 3571 1041 3625 interim
1071 3571 1147 3639 (c)
1176 3569 1275 3624 sub
1300 3569 1453 3623 altari
1486 3580 1780 3640 martyrum
1823 3569 2019 3622 animte
2060 3568 2327 3638 placidum

733 3662 1041 3731 quiescunt,
1064 3661 1145 3731 (d)
1172 3671 1225 3715 et
1257 3661 1445 3714 ﬁducia
1485 3659 1704 3712 ultionis
1738 3661 2048 3728 patientiam
2082 3670 2326 3727 pascunt,

734 3764 786 3806 et
839 3753 1036 3806 induta:
1083 3753 1259 3814 stolis.
1302 3751 1582 3805 candidam
1616 3751 1698 3823 (5)
1726 3753 1985 3806 claritatis
2034 3765 2326 3822 usurpant,

730 3848 904 3902 donec
955 3861 1005 3900 ct
1049 3847 1135 3901 alii
1187 3846 1512 3902 Consortium
1563 3844 1772 3900 Illarum
1819 3845 2004 3914 gloriae
2048 3846 2326 3915 impleant.

729 3940 863 3995 Nam
895 3951 945 3994 et
977 3955 1162 3993 rursus
1193 3940 1473 3992 innumera
1519 3936 1806 3991 multitudo
1835 3937 1996 3992 albati
2037 3947 2091 3993 et
2139 3941 2330 4008 palmis

730 4033 966 4086 victorite
997 4032 1232 4096 insignes
1261 4029 1602 4093 revelantur;
1641 4029 1849 4083 scilicet
1888 4029 1954 4082 de
2000 4031 2330 4087 Antichristo

729 4127 1123 4194 triumphantes
1154 4123 1408 4192 (i).sicut
1436 4136 1570 4177 unus
1597 4137 1662 4176 ex
1693 4121 2057 4192 presbyteris;
2097 4122 2165 4176 lli
2191 4134 2325 4190 sunt,

733 4221 805 4272 ait
837 4219 1018 4287 (Apoc.
1049 4215 1156 4275 νει,
1190 4214 1303 4280 ill),
1327 4215 1415 4284 qui
1437 4215 1637 4267 ueniunt
1661 4229 1723 4266 ex
1746 4213 1836 4266 illa
1864 4230 2098 4280 pressura
2120 4232 2328 4285 magna,

732 4323 778 4366 ct
823 4314 1052 4364 laverunt
1092 4309 1441 4362 vestimentum
1467 4324 1635 4368 suum,
1667 4316 1713 4359 et
1739 4306 2135 4359 candidaverunt
2164 4306 2332 4376 ipsunt

729 4402 784 4455 in
812 4403 1059 4473 sanguine
1097 4401 1214 4470 agni
1240 4415 1258 4452 :
1281 4399 1505 4453 vestilus
1535 4398 1678 4451 enim
1710 4396 1924 4462 animae,
1958 4411 2104 4450 caro.
2133 4397 2332 4453 Sordes

731 4499 945 4568 quidem
978 4499 1300 4567 baptismate
1326 4492 1636 4559 abluuntur,
1672 4490 1894 4546 macula:
1922 4505 2052 4546 vero
2075 4493 2334 4564 martyrio

2435 3375 2614 3449 (Rom.
2649 3378 2792 3443 VIII,
2826 3381 2939 3451 35),
2970 3383 3224 3450 separabit
3268 3401 3360 3438 nos
3409 3402 3442 3438 α
3493 3388 3762 3444 dilectione
3807 3390 4053 3448 Christi?

2434 3491 2688 3543 pressura,
2720 3493 2786 3530 an
2811 3479 3070 3546 angustia,
3103 3495 3170 3531 an
3213 3482 3398 3547 fames,
3441 3500 3510 3536 an
3553 3485 3777 3546 nuditas.
3807 3503 3872 3540 an
3904 3490 4046 3556 peri-

2433 3568 2622 3632 culum,
2670 3586 2738 3622 an
2781 3571 3071 3635 mae/uera,
3127 3573 3405 3626 secundum
3447 3576 3584 3639 quod
3626 3579 3874 3645 scriptum
3923 3593 3997 3634 est
4028 3598 4047 3637 :

2435 3664 2504 3712 tui
2527 3659 2645 3732 (II)
2671 3678 2852 3716 caussa
2880 3664 3250 3730 mortiﬁcamur
3277 3675 3381 3718 tota
3411 3667 3513 3730 die,
3549 3669 3776 3734 deputati
3796 3689 3970 3728 sumus
3993 3685 4051 3729 ut

2435 3767 2614 3820 pecora
2635 3753 2974 3822 jugulationis
3013 3769 3032 3816 ;
3061 3755 3150 3808 sed
3167 3757 3219 3808 in
3246 3757 3479 3812 omnibus
3500 3759 3607 3812 istis
3637 3763 4048 3830 superuincirnus

2433 3861 2527 3914 pro
2558 3861 2615 3898 eo
2641 3846 2729 3911 qui
2761 3862 2852 3901 nos
2877 3846 3072 3900 dilexit.
3105 3846 3420 3902 Persuasum
3445 3851 3578 3903 enim
3611 3851 3872 3916 habemus,
3904 3857 4046 3926 quod

2432 3955 2590 4007 neque
2618 3956 2773 4003 mors,
2803 3957 2962 4008 neque
2995 3943 3114 4003 vita,
3149 3959 3308 4012 neque
3333 3945 3512 4008 virtus,
3547 3962 3705 4015 neque
3729 3949 4042 4014 sublimitas,

2434 4048 2590 4100 neque
2619 4032 2952 4102 profundum,
2985 4050 3142 4104 neque
3168 4035 3275 4087 alia
3308 4037 3533 4089 conditio
3566 4040 3745 4106 poterit
3773 4057 3865 4093 nos
3894 4058 3925 4094 a
3951 4043 4037 4095 di-

2435 4122 2646 4176 lectione
2691 4121 2788 4176 Dei
2816 4139 3056 4194 separare
3080 4167 3093 4189 ,
3121 4141 3235 4194 qua»:
3262 4136 3333 4180 est
3365 4128 3416 4179 in
3441 4126 3642 4182 Christo
3663 4127 3698 4182 Ι
3705 4146 3791 4183 esu
3823 4129 4049 4188 Domino

2441 4226 2632 4270 nostra.
2679 4215 2784 4270 Sed
2816 4227 2868 4271 et
2899 4215 3187 4272 Corinthiis
3219 4219 3496 4288 passiones
3541 4235 3664 4273 suas
3712 4237 4044 4279 enumerans

2437 4310 2506 4380 (II
2529 4310 2646 4364 Cor.
2683 4309 2775 4375 XI,
2806 4311 2918 4379 33),
2960 4310 3268 4382 patiendum
3312 4313 3494 4382 utique
3525 4313 3807 4382 praelinivit
3833 4334 3846 4370 :
3875 4316 3938 4370 lu
3961 4317 4048 4370 la-

2438 4401 2638 4455 boribus
2665 4401 3029 4465 abundantius,
3075 4403 3129 4455 in
3174 4404 3460 4456 carceribus
3493 4404 3794 4471 plurimum,
3825 4407 3879 4460 in
3910 4424 4050 4461 mor-

2440 4494 2570 4548 tibus
2615 4494 2835 4561 stepius;
2883 4510 2914 4546 a
2959 4491 3163 4548 Judteis
3195 4494 3460 4565 quinquies
3505 4495 3861 4570 quadragenas
3912 4501 4047 4555 citra

1945 4611 2323 4668 LECTIONES
2361 4612 2771 4670 VARIANTES.

789 4746 862 4869 (εξ
897 4750 1182 4826 Gebennam
1208 4747 1358 4800 Seml.

790 4815 839 4869 (2
898 4813 1264 4869 Conpettllhen.
1291 4815 1356 4861 Se

813 4807 862 4877 2)
898 4813 1264 4877 Conjieitllhen.
1291 4809 1440 4877 Senil.
1471 4807 1666 4861 Oberth.

813 4871 1629 4938 5)7Aniinaepatientiamgpascuut,
1649 4879 1700 4938 et
1720 4873 1898 4938 indutae
1930 4871 2071 4938 stolis
2111 4872 2324 4938 candidae

729 4932 1037 4987 ali'ifﬁdncia
1061 4938 1262 4997 ultionis
1285 4932 1537 4985 candidam
1561 4932 1711 4986 Seml.
1736 4934 1952 4999 pluribus
1971 4934 2196 4999 demptis.

787 4999 862 5122 (ι)
898 5000 1241 5062 Triumphales
1263 4999 1414 5051 Seml.

808 5064 860 5122 5)
894 5061 1018 5113 Rufo
1042 5060 1190 5112 Seml.

808 5060 860 5126 5)
894 5061 1018 5113 Rufo
1042 5060 1190 5112 Seml.

2490 4750 2563 4812 (6)
2601 4751 2714 4812 Ipse
2739 4753 2886 4801 etiam
2911 4764 3074 4801 eseam
3091 4751 3240 4804 Rhea.
3269 4751 3420 4804 Seml.
3448 4751 3645 4806 Oberth.

2495 4815 2567 4873 (7)
2604 4813 2680 4862 De
2704 4813 2836 4867 abest
2863 4818 3031 4865 Venet.

2515 4877 2566 4938 8)
2601 4877 2722 4926 Arte
2747 4876 2893 4952 Rhea.
3134 4875 3331 4928 Oberth.

2494 4876 3242 5052 illicillitll“l'é‘l£i‘é’ilmw..
3263 5004 3330 5052 Se

2519 5000 2598 5059 10)
2636 5000 2824 5051 Habeat
2847 5001 3063 5051 revelari
3089 5001 3242 5053 Rhea.
3263 5001 3414 5054 Seml.
3453 5000 3650 5054 Oberth.

2494 5064 2598 5126 (ll)
2631 5063 2735 5114 Tua
2758 5067 2865 5116 cod.
2890 5064 3157 5130 Agobardi.

2093 5161 2654 5225 COMMENTARIUS.

723 5326 840 5381 quae
888 5311 1068 5367 nullus
1110 5325 1331 5366 narrare
1357 5317 1536 5380 potest
1557 5307 1984 5378 autesprimere,
2015 5317 2106 5364 aut
2147 5309 2310 5367 etiam
2336 5307 2389 5369 D
2416 5307 2586 5366 instar
2613 5312 2792 5366 altaris
2821 5322 3113 5436 martyrum
3143 5309 3512 5367 immolationi.
3542 5310 3666 5366 Βία.

723 5384 1044 5436 θοςζὶωιὶοηθ
1068 5381 1546 5436 comprehendere.
1574 5380 1652 5434 ιε
1675 5379 1766 5433 PR.
2505 5384 2582 5436 (di
2619 5383 2678 5436 Et
2710 5385 2892 5436 fiducia
2920 5402 2951 5436 u
2979 5386 3128 5436 tionis
3162 5385 3452 5436 patientiam
3483 5399 3666 5436 pascua

2979 5397 2992 5435 l

722 5379 1044 5451 cogitatione
1068 5379 1546 5450 comprehendere.
1574 5380 1652 5434 Ls
1675 5379 1766 5433 Pu.

793 5450 870 5526 (ει)
903 5455 1067 5508 Alieni
1113 5454 1419 5525 speculator.
1465 5453 1685 5508 Alienas
1713 5450 1914 5507 scilicet
1939 5466 2103 5579 ἶεθιὲε
2144 5467 2319 5512 curas.

1992 5540 2020 5578 ε
2091 5541 2139 5578 a.

1992 5540 2020 5578 Ε
2046 5540 2139 5578 ΡΒ.

789 5594 882 5672 (_h)_
910 5593 1117 5672 Domini
1139 5613 1322 5672 _n_o_men
1349 5612 1451 5672 non
1480 5602 1713 5672 negarat.
1757 5594 1836 5672 Et
1858 5596 2043 5672 Apoc.
2073 5593 2185 5669 (III.
2218 5599 2244 5672 VI
2258 5599 2314 5672 0)

717 5677 770 5739 et
799 5660 819 5719 ’1
847 5660 972 5720 (lor.
1132 5666 1220 5738 I3)
1242 5660 1628 5723 conferendum
1653 5682 1668 5728 ;
1703 5678 1756 5720 et
1781 5660 1940 5735 alibi,
1973 5660 2166 5737 tempus
2191 5660 2306 5724 dia-l

719 5738 817 5790 boli
842 5738 1198 5794 breve.'S£tlL.

788 5809 861 5875 (c)
896 5809 1003 5862 Sub
1025 5811 1176 5863 altari
1199 5820 1476 5879 martyrum
1505 5812 1690 5865 animle
1717 5811 1971 5875 placidum
2022 5812 2298 5879 quiescunt.

715 5880 914 5934 Altaris
961 5884 1217 5937 vocabulo
1262 5882 1544 5952 siguillcari
1593 5884 1800 5937 videtur
1848 5893 1984 5937 terra
2014 5926 2025 5946 ,
2061 5900 2176 5951 qua!
2210 5887 2305 5940 fuit

2505 5384 2582 5449 id)
2619 5383 2678 5436 Et
2707 5385 2892 5452 ﬁducia
2920 5383 3128 5439 ultionis
3159 5385 3452 5453 patientiam
3482 5393 3696 5450 pascunt
3748 5392 3796 5438 el
3836 5383 4035 5441 induti:

2428 5454 2592 5526 stolis.
2653 5455 2772 5508 llzcc
2824 5456 3190 5523 supplevimus
3229 5471 3292 5510 ex
3353 5455 3680 5526 membranis
3732 5457 4030 5526 Agohardi.

2429 5525 2714 5596 Eleganter
2739 5525 2837 5591 ait,
2872 5535 3166 5596 martyrum
3198 5527 3402 5596 animas
3431 5525 3530 5578 sub
3554 5527 3709 5579 altari
3752 5525 4033 5596 depositas

2425 5595 2474 5649 in
2521 5613 2668 5657 spem
2719 5595 3125 5652 resurrectionis
3167 5595 3429 5666 placidum
3457 5597 3757 5663 quiescere,
3788 5595 3851 5652 ac
3881 5601 4030 5655 velut

2421 5668 2472 5721 in
2506 5667 2762 5737 refrigerii
2792 5677 2942 5736 prato
2972 5667 3158 5722 fiducia
3189 5667 3405 5722 ultionis
3429 5667 3747 5792 patientianli‘
3774 5685 4024 5734 pascere.

3755 5757 3823 5792 ιο.

3755 5757 3823 5796 IG.

2483 5811 2628 5864 CAP.
2671 5810 2879 5864 XIII.—
2906 5811 2977 5880 (0)
3010 5811 3280 5862 Sttslinclis
3301 5819 3609 5861 nslt'ttlrtmcn
3653 5813 3776 5880 jttsli
3800 5814 4010 5878 jttdicii,

2420 5883 2728 5952 Expectatis
2757 5888 3060 5946 adventum,
3094 5885 3474 5937 exhibitioncm
3502 5882 3708 5950 jndicii.
3747 5883 3864 5937 llic.
