4242 6492
214 416 318 474 149

1269 412 1628 470 ADVERSUS
1666 406 2043 468 GNOSTICOS
2079 406 2478 464 SCORPIACE.

3413 403 3517 460 150

206 548 366 586 unum
389 533 584 600 accepi,
619 540 696 584 ter
719 529 870 600 virgis
900 543 1081 594 caesus,
1107 527 1259 582 semel
1281 528 1563 597 lapidatus,
1592 537 1646 582 et
1673 526 1803 580 reli-
1832 527 1886 586 Α
1910 524 1951 578 si
1983 524 2351 593 negaverimus,
2379 531 2426 577 et
2454 522 2541 576 ille
2567 537 2659 576 nos
2685 521 2908 591 negabit;
2927 520 2972 574 si
2998 535 3099 574 non
3123 519 3397 585 credimus,
3423 519 3512 572 ille

208 641 340 696 qua.
385 626 515 694 Qua.-
543 628 587 679 si
619 626 788 695 magis
828 623 1165 679 incommoda
1193 637 1350 691 quam
1383 621 1634 692 martyria
1665 621 1811 675 vide-

207 719 428 783 buntur,
464 729 639 773 tamen
682 732 865 772 rursus
907 734 920 768 :
963 715 1183 786 Propter
1206 714 1363 785 quod,
1408 713 1662 782 iuquit(ll
1691 714 1809 768 (lor.

209 813 324 881 XII,
361 814 472 884 10),
504 815 619 868 boni
642 814 772 868 duco
799 817 852 867 in
879 813 1281 881 inﬁrmitatibus,
1310 812 1363 865 in
1395 811 1624 883 injuriis,
1644 811 1697 862 in
1726 825 1815 862 ne-

209 910 545 973 cessitatibus,
577 909 626 960 in
659 907 1108 976 persecutionibus,
1132 906 1184 958 in
1206 904 1452 974 angustiis
1474 919 1566 974 pro
1588 902 1811 956 Christo.

206 1000 387 1055 Etiam
423 1001 474 1054 in
507 1000 869 1069 superioribus
898 997 965 1070 (ll
986 997 1102 1053 Cor.
1136 995 1226 1060 IV,
1257 999 1350 1064 8):
1388 997 1487 1062 Qui
1509 997 1560 1049 in
1585 996 1814 1049 omnibus

205 1093 528 1157 tribulemur,
557 1098 645 1145 sed
672 1108 773 1144 non
804 1100 1233 1161 coangustemur;
1263 1099 1307 1142 et
1334 1089 1653 1156 indigeamus
1681 1128 1694 1152 ,
1726 1089 1814 1142 sed

204 1200 312 1238 non
357 1183 797 1254 perindigeamus;
827 1183 1064 1251 quoniam
1101 1180 1182 1251 (l)
1236 1180 1663 1250 persecutionibus
1705 1182 1815 1251 agi-

203 1286 393 1341 tentur,
417 1276 504 1329 sed
530 1292 629 1328 non
655 1274 1101 1343 derelinquamur;
1131 1275 1215 1342 qui
1246 1274 1568 1338 deiiciamur,
1599 1273 1686 1327 sed
1713 1290 1815 1328 non

204 1384 475 1439 pereamus
505 1383 523 1420 :
551 1384 748 1436 semper
773 1367 1215 1434 mortiﬁcationem
1246 1366 1432 1420 Christi
1458 1366 1586 1420 Jestt
1620 1368 1675 1419 in
1702 1382 1817 1420 cor-

201 1476 332 1528 pore
360 1469 530 1513 nostro
559 1461 986 1528 circumferentes.
1037 1459 1143 1513 Sed
1186 1459 1316 1525 etsi,
1363 1459 1555 1528 inquit,
1599 1459 1818 1512 exterior

205 1555 360 1608 homo
406 1565 578 1608 noster
600 1554 824 1616 vitiatur,
857 1568 984 1607 caro
1014 1553 1240 1618 scilicet,
1267 1551 1316 1604 vi
1346 1553 1814 1626 persecutionum;

202 1647 296 1700 sed
316 1648 806 1701 interiorrenouotur
819 1646 955 1700 dieet
975 1648 1092 1711 die;
1119 1647 1294 1699 anima
1318 1646 1550 1706 scilicet,
1577 1663 1671 1718 spe
1695 1663 1819 1718 pro-

205 1738 549 1792 missionum.
579 1739 708 1791 Nam
740 1739 882 1809 quod
926 1738 990 1794 ad
1022 1754 1281 1808 pra‘sens,
1305 1739 1586 1808 temporale
1623 1751 1668 1793 et
1717 1742 1820 1795 leve

203 1848 460 1901 pressurte
485 1843 670 1887 nostra:
691 1850 778 1900 per
799 1850 1180 1904 supergressum
1224 1835 1276 1886 in
1328 1850 1705 1904 supergressum
1737 1835 1813 1905 (9.)

202 1937 450 1980 aeternum
479 1929 677 1997 pondus
714 1929 892 1999 gloria:
948 1928 1143 1995 perﬁcit
1175 1927 1254 1996 (5)
1285 1929 1448 1991 nobis,
1481 1945 1582 1982 non
1609 1929 1810 1982 intuen-
1843 1933 1889 1992 B

203 2018 336 2071 tibus
363 2035 476 2086 qua:
503 2020 754 2084 videntur,
794 2021 882 2072 sed
926 2035 1039 2088 qua:
1080 2035 1182 2072 non
1222 2020 1479 2073 videntur.
1513 2020 1640 2085 Quae
1681 2023 1815 2075 enint

201 2111 461 2176 ridentur,
479 2113 881 2179 temporalia,de
911 2114 1264 2168 incommodis
1291 2114 1513 2182 dicens;
1564 2132 1676 2185 qua:
1699 2133 1816 2171 vero

202 2219 307 2258 non
358 2206 607 2268 videntur,
663 2217 869 2267 wterna.
937 2207 1004 2261 de
1051 2208 1284 2276 prmmiis
1359 2209 1434 2277 (4)
1521 2209 1810 2278 spondens.

203 2295 782 2352 Thessalonicensibus
829 2299 910 2367 (5)
942 2315 1069 2355 vero
1095 2299 1162 2353 de
1197 2301 1421 2355 vinculis
1447 2302 1686 2357 scribens
1713 2303 1812 2373 (a),

207 2383 396 2451 utique
453 2384 636 2436 beatos
677 2382 991 2450 afﬁrmavit,
1026 2382 1196 2453 (Phil.
1251 2384 1288 2448 I,
1319 2385 1435 2452 ‘29),
1476 2387 1668 2452 quibus
1716 2388 1815 2441 do-

203 2484 394 2527 natum
450 2484 590 2529 esset
649 2491 747 2528 non
805 2485 1003 2528 tantum
1052 2479 1254 2530 credere
1301 2477 1355 2531 in
1409 2477 1684 2545 Christum,
1728 2481 1816 2534 sed

201 2569 359 2620 etiam
408 2586 499 2637 pro
541 2570 652 2638 ipso
695 2571 850 2640 pati:
892 2569 1157 2634 Eunulem.
1207 2573 1406 2643 inquit,
1462 2593 1675 2647 agonem
1721 2578 1814 2630 ha-

201 2661 374 2716 bentes
401 2679 546 2730 quem
588 2663 640 2716 in
675 2680 750 2716 me
784 2665 1004 2730 vidistis,
1057 2677 1103 2719 et
1137 2684 1269 2722 nunc
1308 2669 1523 2723 audistis
1551 2669 1654 2743 (ti).
1681 2671 1818 2726 Nam

203 2761 252 2806 et
306 2755 352 2806 si
405 2755 534 2806 liber
589 2771 740 2825 super
791 2757 1122 2823 sacriﬁcium,
1177 2761 1369 2828 gaudeo
1426 2770 1472 2814 et
1523 2766 1817 2833 congaudeo

203 2845 444 2898 omnibus
487 2845 641 2909 vobis,
696 2847 903 2915 perinde
942 2857 989 2901 et
1037 2864 1121 2901 vos
1160 2851 1373 2920 gaudete
1417 2863 1462 2905 et
1509 2854 1820 2924 congaudete

202 2936 332 2987 mihi
390 2935 585 3004 (ibid.,
643 2935 716 3002 ll,
780 2937 906 3008 17).
968 2938 1126 2994 Vides
1179 2957 1336 3010 quam
1392 2946 1628 3014 martyrii
1681 2946 1815 3002 dell-

203 3026 320 3080 niat
369 3024 714 3090 felicitatem,
768 3030 851 3082 cui
891 3030 957 3084 de
1000 3032 1195 3099 gaudio
1241 3043 1424 3089 mutuo
1474 3037 1701 3105 acquirit
1727 3053 1817 3093 εο-

203 3118 561 3172 lemnitatem.
618 3117 684 3174 Ut
741 3122 1020 3188 proximus
1067 3123 1299 3193 denique
1351 3127 1461 3181 voti
1517 3130 1598 3183 sui
1646 3129 1818 3186 factus

203 3217 311 3273 est,
365 3210 594 3278 qualiter
635 3210 702 3264 de
743 3223 1026 3282 prospectu
1069 3215 1184 3284 ejus
1214 3218 1496 3274 exsultans
1528 3220 1812 3278 Timotheo

203 3304 396 3359 scribit
443 3303 522 3375 (7)
559 3303 628 3374 (ll
655 3303 788 3360 Tim.
822 3306 911 3372 ιν,
946 3307 1117 3379 6,7)?
1145 3309 1256 3381 Ego
1282 3313 1411 3366 enint
1431 3315 1544 3384 jam
1583 3316 1733 3384 libor,
1763 3328 1811 3372 et

203 3404 404 3465 tempus
426 3397 756 3464 dijunctionis
780 3398 932 3451 instat
956 3399 1057 3469 (8).
1086 3400 1312 3471 Agonem
1329 3405 1508 3458 bonum
1537 3407 1805 3474 decertavi,

203 3503 418 3539 cursum
445 3489 812 3554 consummavi,
847 3489 1001 3557 ﬁdem
1032 3494 1316 3557 custodivi;
1348 3507 1570 3566 superest
1597 3515 1804 3567 corona,

207 3596 369 3649 quam
398 3579 522 3633 mihi
545 3578 795 3636 Dominus
821 3584 912 3638 illa
947 3585 1030 3640 die
1055 3588 1248 3652 reddet,
1280 3589 1483 3644 scilicet
1523 3593 1806 3660 passionis.

209 3672 357 3728 Satis
386 3684 439 3727 et
465 3673 579 3742 ipse
609 3689 769 3744 supra
797 3677 1060 3732 allocutus
1087 3676 1107 3749 (
1134 3678 1175 3734 ll
1202 3679 1338 3733 'l'im.
1372 3680 1436 3744 ll,
1469 3684 1557 3749 ll;
1582 3683 1630 3740 Il
1675 3684 1805 3741 Tim.

215 3768 270 3832 1,
328 3766 410 3833 8)
446 3782 460 3820 :
490 3764 690 3820 Fidelis
735 3784 898 3821 sermo
938 3783 957 3822 :
1011 3770 1053 3822 si
1105 3773 1238 3824 enim
1281 3778 1582 3830 commortui
1635 3795 1812 3836 sumus

207 3857 436 3925 Christo,
469 3869 515 3912 et
536 3861 879 3925 convivemus;
908 3861 953 3914 si
980 3860 1290 3934 su/Ierimus,
1311 3876 1355 3921 et
1373 3871 1812 3940 conregnabimus;

1916 615 2082 682 ﬁdelis
2121 624 2214 676 est.
2250 631 2436 685 negare
2479 631 2534 668 se
2561 630 2662 666 non
2707 622 2886 683 potest.
2914 610 2998 667 Ne
3038 627 3158 683 ergo
3185 612 3518 683 confundaris

1916 707 2161 777 martyrio
2206 705 2408 760 Domini
2451 707 2633 771 nostri,
2671 722 2827 777 neque
2866 721 2949 760 me
2978 705 3202 758 uinctum
3226 706 3358 773 ejus;
3392 703 3514 772 quia

1918 799 2273 869 praedixerat:
2310 796 2430 852 Non
2461 800 2592 853 enim
2636 799 2772 852 dedit
2814 799 2959 852 nobis
2991 797 3128 851 Deus
3169 797 3404 861 spiritum
3448 798 3517 849 ti-

1919 891 2094 955 moris,
2125 892 2212 944 sed
2240 891 2436 944 virtutis
2463 902 2509 943 et
2538 891 2819 943 dilectionis
2841 901 2887 942 et
2919 905 3061 943 sana:
3076 889 3276 942 mentis.
3308 889 3514 943 Virtute

1919 984 2062 1038 enim
2095 985 2324 1053 patimur
2353 1000 2417 1038 ex
2449 983 2738 1039 dilemione
2769 984 2820 1038 in
2854 984 3042 1048 Deum,
3072 992 3126 1037 et
3153 997 3280 1036 sana
3313 991 3514 1046 ntentc,

1917 1090 2040 1131 cum
2073 1075 2142 1130 ob
2185 1076 2546 1130 innocentiam
2589 1075 2840 1145 patimur.
2872 1073 2978 1130 Sed
3000 1083 3053 1128 et
3085 1072 3254 1128 sicubi
3278 1073 3517 1126 toleran-

1927 1171 2051 1223 tiam
2088 1169 2343 1236 prrecipit,
2389 1170 2580 1238 quibus
2613 1169 2784 1238 magis
2826 1184 2944 1222 eam
2972 1183 3132 1237 quam
3179 1167 3518 1236 passionibus

1923 1260 2224 1331 prospicit?
2272 1261 2439 1314 sicubi
2481 1262 2549 1315 ab
2598 1260 2896 1314 idololatria
2939 1259 3164 1325 divellit,
3191 1257 3270 1330 (b)
3298 1258 3423 1328 quid
3467 1259 3517 1312 ei

1923 1356 2090 1426 magis
2114 1370 2273 1425 quam
2305 1355 2559 1426 martyris
2590 1353 2899 1424 prtevellit?

2515 1489 2740 1545 CAPUT
2771 1488 2912 1544 XIV.

1995 1603 2158 1658 Plane
2190 1611 2368 1658 monet
2396 1603 2671 1656 Romanos
2697 1601 2715 1674 (
2746 1602 2902 1656 Rom.
2934 1599 3076 1666 Xlll,
3106 1599 3200 1654 6-7
3226 1600 3244 1668 )
3273 1599 3522 1656 omnibus

1923 1695 2283 1768 potestatibus
2322 1691 2533 1764 subjici,
2563 1695 2683 1763 quia
2717 1711 2816 1747 non
2856 1690 2918 1746 sit
2949 1701 3166 1761 potestas
3189 1692 3285 1745 nisi
3315 1709 3346 1744 a
3387 1690 3517 1757 Deo,

1923 1791 2044 1858 quia
2083 1806 2182 1842 non
2211 1791 2319 1842 sine
2339 1805 2520 1841 caussa
2547 1788 2773 1857 gladium
2821 1795 2993 1857 gestet,
3039 1797 3091 1839 et
3132 1785 3254 1855 quia
3298 1785 3524 1838 ministe-

1921 1882 2052 1934 rium
2091 1883 2165 1950 (9)
2194 1886 2255 1935 sit
2286 1881 2412 1946 Dei;
2445 1880 2533 1934 sed
2578 1889 2622 1933 et
2668 1879 2846 1943 ultrix,
2879 1878 3073 1947 inquit,
3105 1878 3155 1930 in
3185 1877 3315 1929 iram
3351 1878 3395 1931 ei
3435 1880 3522 1947 qui

1921 1976 2112 2029 malum
2155 1977 2349 2046 fecerit.
2393 1976 2522 2028 Nam
2554 1985 2606 2028 et
2636 1974 2974 2044 pricniiscrat
3012 1989 3025 2026 :
3075 1971 3344 2040 Principes
3389 1974 3520 2026 enim

1922 2083 2021 2120 non
2061 2076 2177 2119 sunt
2209 2066 2378 2119 timori
2417 2066 2547 2119 bono
2586 2065 2748 2130 operi,
2780 2065 2869 2118 sed
2913 2064 3068 2118 malo.
3111 2062 3198 2118 Vis
3225 2073 3394 2118 autem
3418 2082 3522 2119 non

1922 2159 2094 2210 timere
2121 2158 2451 2227 potestatem?
2473 2161 2555 2228 fac
2585 2157 2790 2220 bonum,
2822 2167 2867 2210 et
2895 2156 3098 2210 laudem
3126 2156 3188 2210 ab
3223 2173 3282 2211 ea
3305 2160 3517 2227 referes.

1925 2251 1997 2322 (ε)
2037 2251 2129 2305 Dei
2158 2269 2277 2324 ergo
2293 2253 2531 2306 ministra
2558 2262 2627 2306 est
2651 2253 2736 2305 tibi
2765 2253 2816 2304 in
2843 2253 3047 2306 bonum.
3081 2251 3142 2307 Si
3166 2269 3280 2306 vero
3325 2253 3517 2306 malum

1921 2344 2100 2411 facias,
2131 2347 2267 2399 time.
2301 2346 2396 2411 lta,
2426 2361 2530 2400 non
2564 2347 2615 2399 in
2648 2345 2931 2401 occasione
2955 2345 3244 2400 frustrandi
3275 2349 3514 2419 martyrii

1917 2437 2068 2507 jubet
2099 2449 2147 2492 te
2166 2439 2353 2508 subjici
2376 2439 2752 2509 poteSIatibus,
2776 2438 2869 2493 sed
2895 2439 2947 2492 in
2973 2439 3357 2507 provocatione
3380 2440 3519 2495 bene

1922 2530 2162 2595 vivendi,
2205 2532 2365 2584 etiam
2411 2531 2510 2585 sub
2541 2531 2754 2584 illarum
2789 2541 3057 2600 respectu,
3095 2533 3248 2600 quasi
3295 2532 3520 2602 adjutri-

1922 2639 2043 2678 cum
2085 2623 2328 2693 justitiaz,
2371 2624 2522 2694 quasi
2563 2624 2927 2677 ministrarum
2975 2623 3138 2678 divini
3183 2621 3390 2692 judicii,
3435 2623 3522 2678 bic

1922 2717 2085 2771 etiam
2116 2717 2183 2771 de
2216 2717 2530 2772 nocentibus
2559 2716 2981 2788 prtejudicantis.
3010 2716 3210 2771 Dehinc
3228 2726 3280 2772 et
3298 2719 3521 2786 exequi-

1925 2818 2010 2864 tur
2054 2809 2323 2880 quomodo
2368 2810 2494 2864 velit
2540 2821 2591 2864 te
2636 2809 2825 2880 subjici
2871 2810 3250 2880 potestatibus,
3295 2809 3522 2865 reddere

1917 2901 2133 2972 jubens,
2181 2903 2262 2955 cui
2295 2903 2561 2969 tributum,
2596 2904 2863 2966 tributum;
2894 2904 2975 2955 cui
3003 2904 3240 2973 vectigal,
3273 2905 3483 2974 uectigal
3503 2918 3522 2966 ;

1922 2994 1975 3048 id
2029 3003 2112 3049 est
2141 2995 2158 3062 (
2193 2993 2343 3048 Matt.
2378 2994 2545 3058 XXII,
2575 2994 2639 3048 21
2671 2996 2689 3065 )
2717 3011 2829 3062 qua:
2865 3004 2981 3048 sunt
3002 2993 3243 3058 thsaris,
3281 2995 3474 3050 Ctesari
3499 3039 3515 3062 ,

1923 3096 1972 3142 et
1995 3104 2105 3156 qua:
2134 3086 2250 3150 Dei,
2279 3085 2414 3149 Deo;
2435 3087 2600 3141 solius
2626 3085 2744 3158 (10)
2770 3096 2946 3141 autem
2973 3087 3063 3140 Dei
3094 3086 3521 3158 homo.(d)Con-

1922 3181 2130 3235 dixerat
2157 3179 2361 3234 scilicet
2392 3179 2603 3243 Petrus,
2641 3195 2820 3250 regem
2871 3179 3088 3251 quidem
3119 3180 3511 3246 honorandum;

1924 3281 1980 3326 ut
2021 3281 2196 3325 tamen
2240 3280 2366 3325 tunc
2406 3285 2497 3326 rex
2527 3272 2845 3337 bonoretur,
2879 3286 3002 3326 cum
3032 3270 3145 3326 suis
3169 3274 3332 3327 rebus
3357 3273 3516 3327 insis-

1839 3348 1882 3411 Ο
1921 3365 2001 3429 tit,
2050 3379 2172 3418 cum
2199 3378 2228 3416 a
2257 3362 2450 3417 divinis
2496 3363 2787 3418 honoribus
2815 3363 2969 3433 longe
2992 3372 3094 3426 est;
3125 3364 3246 3433 quia
3290 3373 3343 3418 et
3372 3374 3521 3433 pater

1913 3467 1967 3512 et
1989 3466 2159 3510 mater
2187 3455 2475 3526 diligemur
2501 3456 2783 3524 (ll),cum
2816 3454 2926 3509 Deo
2977 3469 3080 3508 non
3119 3456 3512 3523 comparabun-

1915 3558 2021 3604 tur.
2051 3549 2338 3615 Caeterum,
2381 3563 2544 3619 super
2574 3549 2741 3604 Deum
2767 3547 2914 3619 diligi
2960 3562 3061 3603 nec
3102 3548 3337 3603 animam
3374 3548 3506 3603 lice-

1914 3642 2012 3698 bit.

2525 3755 2752 3813 CAPUT
2791 3754 2910 3812 XV.

1991 3878 2123 3931 Num
2154 3889 2285 3948 ergo
2315 3883 2370 3930 et
2391 3872 2460 3947 (e)
2496 3872 3083 3944 Apostolorumlitterte
3105 3870 3334 3928 mobiles
3357 3869 3471 3942 (12)
3496 3871 3519 3922 't

1435 4026 1812 4087 LECTIONES
1855 4033 2259 4091 VAIUANTES.

298 4185 349 4246 1)
386 4185 476 4246 Qui
501 4189 650 4236 etiam
674 4195 786 4237 Jun.

293 4247 346 4309 2)
383 4249 586 4313 insuper
612 4263 703 4313 per
713 4248 874 4313 _Rhctt.
900 4248 1049 4301 Seml.
1079 4247 1274 4300 Oberth.

295 4313 349 4370 3)
388 4310 625 4362 Perﬁciet‘
638 4310 741 4361 alii.

297 4372 348 4438 4)
382 4373 640 4438 Promissis
663 4376 770 4438 cod.
795 4372 1041 4438 Agobard.

386 4435 782 4499 Philippensihus
801 4435 949 4488 rm.

293 4497 348 4552 Gl
385 4497 576 4549 Auditis
595 4501 746 4552 Enen.
775 4498 922 4550 Seml.
955 4497 1147 4552 Oberllt.

2033 4194 2048 4268 )
2083 4194 2305 4268 Exsultat
2325 4191 2783 4268 dicens'lfimotheo
3169 4190 3364 4245 Oberth.

1999 4260 2052 4379 8;
2088 4257 2405 4328 Deversionis
2428 4255 2605 4306 insistit
2627 4254 2778 4305 Rhea.
2799 4254 2947 4306 Seml.
2979 4253 3175 4306 Oberth.

2002 4319 2033 4370 9
2089 4319 2306 4368 Munstra
2329 4314 2480 4379 Rhea.
2508 4315 2654 4379 Seml.
2683 4315 2878 4379 Oberth.

2004 4376 2080 4431 10)
2117 4381 2259 4429 Solus
2285 4378 2423 4429 Rhen.
2454 4376 2606 4431 Seml.
2640 4377 2837 4431 Oberth.

1834 4359 1888 4418 D
1981 4359 2060 4431 ‘io
2090 4359 2743 4431 ’ἓόιῦξὶτὴἕιῖἒεῖνῐὶΤώέ

1974 4379 2080 4566 (lli
2113 4443 2390 4514 Diligenter
2413 4444 2564 4492 Fran.
2599 4444 2743 4512 Pam.

2002 4507 2076 4566 l2)
2109 4505 2313 4555 Nobiles
2335 4507 2479 4555 Pam.
2508 4504 2690 4554 nubtlte
2711 4505 2743 4553 ,Ι

2002 4507 2076 4568 12)
2109 4505 2313 4555 Nobiles
2335 4507 2479 4555 Pam.
2508 4504 2690 4554 nubila).
2711 4505 2834 4554 Jun.

1604 4627 2167 4688 COMMENTARIUS.

285 4783 366 4859 (ε)
386 4785 926 4859 (Thessalonicensibus
947 4789 1144 4859 verotle
1167 4789 1380 4843 vinculis
1406 4790 1649 4844 scribens.
1678 4789 1801 4845 Cas-

209 4857 466 4982 tigantlus
520 4858 799 4940 hiqdocus
825 4868 879 4913 et
908 4860 1006 4941 leg.
1044 4858 1481 4942 Philippensibus,
1518 4873 1626 4945 tum
1672 4864 1801 4943 quia

209 4944 240 4982 τι
284 4928 428 4982 ditur
477 4930 540 4982 de
589 4931 800 4982 uinculis
829 4945 860 4982 e
896 4931 1089 4982 aurbus
1143 4941 1337 4982 scripta
1365 4942 1449 4982 est
1481 4949 1626 4982 nrtor
1672 4935 1755 4982 illa
1782 4974 1799 4982 -

208 4928 428 4982 additur
477 4930 540 4982 de
589 4928 800 5002 uinculis
829 4945 860 4984 e
896 4928 1089 4998 quibus
1143 4934 1337 4998 scripta
1365 4942 1449 4987 est
1481 4934 1626 5002 prior
1672 4928 1755 4985 illa
1782 4974 1799 4999 ,

211 5010 406 5073 neutra
463 5016 588 5073 vero
627 5002 690 5054 ad
741 5001 1290 5073 _Tbessalonicenses;
1324 5013 1433 5056 tum
1461 5001 1602 5073 quod
1654 5005 1801 5058 inve-

212 5071 432 5125 niantur
478 5071 704 5140 Philipp.
741 5071 790 5135 l,
843 5073 896 5134 7.
928 5083 980 5126 et
1029 5088 1146 5142 qua:
1179 5071 1800 5143 sequuntur—Scripturie

213 5143 570 5197 testimonia:
611 5143 662 5196 in
728 5159 954 5225 quorum
1015 5144 1176 5225 priori
1230 5160 1532 5225 exngrtuco
1584 5149 1802 5225 retinuit

211 5228 407 5266 νυοί-ιιι
457 5228 692 5282 agonem;
743 5215 794 5268 in
863 5215 1145 5282 posteriori
1197 5216 1476 5270 confirmat
1520 5217 1802 5271 lectionem

215 5283 511 5357 latinorum
534 5284 956 5357 emendatiorem
987 5285 1252 5351 Codicum,
1297 5287 1386 5356 qui
1419 5287 1600 5357 legunt
1626 5289 1807 5344 intuta-

215 5355 297 5407 lor
319 5372 481 5426 supra
501 5356 826 5415 sacriﬁcium.
865 5373 960 5425 pro
981 5372 1046 5411 eo
1075 5359 1216 5426 quod
1247 5359 1334 5412 alii
1364 5355 1596 5413 aemulor.
1633 5362 1766 5414 Pus.

289 5427 373 5500 (b)
405 5424 543 5489 Quid
570 5428 614 5480 ei
639 5430 796 5500 magis
817 5424 969 5500 quam
990 5424 1236 5499 martyrio
1257 5429 1496 5498 prtevellit
1519 5431 1542 5484 ?
1570 5433 1657 5484 Ait
1681 5432 1812 5486 Ter-

213 5499 502 5552 tullianus:
529 5498 706 5552 Sicubi
737 5498 977 5553 homines
1006 5498 1145 5554 Deus
1165 5503 1234 5555 ab
1255 5501 1551 5556 idololatria
1580 5503 1809 5564 divellit,

215 5569 349 5642 quid
396 5570 563 5642 magis
605 5569 920 5625 idololatriae
971 5573 1250 5640 prauvellit.
1293 5573 1435 5641 quod
1490 5575 1811 5642 prtevulsuui

219 5641 406 5693 statim
440 5641 537 5763 (pals:
566 5655 820 5711 Opponat,
849 5658 1006 5713 quam
1033 5645 1286 5715 martyria
1313 5641 1532 5698 fortium
1562 5645 1815 5700 christia-

219 5725 418 5763 norum
445 5752 456 5762 .
544 5727 612 5763 rc.

219 5725 418 5765 narum
442 5725 464 5762 ἴ
498 5725 612 5766 HIC.

293 5800 446 5878 CAP.
466 5802 753 5878 XlV_.—(c)
773 5801 868 5861 Dei
881 5823 998 5877 ergo
1027 5807 1254 5861 ministra
1271 5818 1364 5861 est.
1390 5807 1444 5861 ln
1461 5807 1822 5878 Agobardino,

222 5872 320 5949 Dei
339 5872 760 5949 ergogninister..'.
781 5879 852 5931 lix
875 5872 1066 5946 quibus
1083 5879 1314 5948 vestigiis
1327 5872 1544 5949 apparot
1568 5872 1823 5949 scriptum

223 5947 411 6014 fuisse,
447 5945 539 6000 Dei
565 5964 682 6018 ergo
712 5945 1037 6003 ministerium
1065 5961 1156 6014 est,
1184 5945 1239 6003 ut
1264 5945 1442 6020 supra.
1479 5951 1598 6005 R16.

1979 4791 2058 4864 (d)
2091 4791 2402 4847 Condixerat
2429 4792 2621 4847 scilicet
2648 4791 2856 4848 Petrus.
2885 4793 3236 4856 Condixerat.
3271 4794 3371 4849 hoc
3397 4804 3497 4857 est.

1904 4877 2023 4918 cum
2045 4864 2208 4918 Paulo
2230 4865 2457 4928 dixerat,
2477 4873 2840 4919 consentanea
2868 4865 3030 4921 Paulo
3052 4866 3260 4920 dixerat
3285 4866 3497 4930 Petrus,

1903 4934 1992 4990 Sic
2022 4935 2114 4989 lib.
2147 4936 2213 4990 de
2240 4936 2470 4990 Corona.
2501 4934 2652 5002 Quod
2680 4951 2823 5005 teque
2844 4937 2973 5004 ﬁdes
3005 4954 3207 5062 pagana
3237 4939 3485 4992 condixit.

3145 5024 3213 5064 ια.

1975 5098 2059 5154 CA
2071 5098 2128 5152 P.
2148 5097 2415 5168 XV.—(c)
2433 5098 2788 5163 Apostolorum
2804 5099 2980 5152 littera!
2993 5100 3218 5155 mobiles.
3243 5099 3367 5154 lltrc
3389 5102 3518 5155 seri-

1912 5181 2062 5240 ptura
2079 5183 2152 5223 es
2173 5171 2490 5238 exemplaris
2508 5168 2705 5233 Ursini,
2723 5186 2879 5237 quam
2896 5173 3059 5225 secuti
3078 5185 3259 5224 sumus
3276 5173 3511 5226 editione

1915 5243 2082 5311 prima
2098 5243 2245 5310 quasi
2263 5243 2463 5294 litteras
2480 5242 2705 5295 mobiles
2719 5241 3010 5308 Septimius
3023 5243 3266 5304 dixisset,
3283 5259 3401 5310 qua:
3417 5259 3506 5296 sa-

1916 5324 2104 5382 perent
2120 5321 2469 5381 prmterquatn
2485 5322 2760 5373 sonarent,
2777 5323 2832 5367 et
2853 5312 3000 5370 aliud
3014 5323 3157 5366 esset
3183 5313 3232 5366 in
3256 5315 3499 5376 vocibus,

1916 5383 2061 5437 aliud
2087 5385 2135 5436 in
2165 5385 2428 5436 sensibus.
2460 5383 2610 5437 Nunc
2641 5390 2844 5438 mutare
2865 5385 3188 5439 sententiam
3217 5385 3494 5438 nobiscum

1920 5456 2099 5517 liceat,
2132 5457 2322 5522 quibus
2353 5470 2456 5507 non
2489 5453 2633 5507 aliud
2665 5455 2767 5507 erit
2805 5456 3040 5509 studium
3071 5469 3231 5522 quam
3276 5455 3408 5508 veri.
3444 5453 3504 5507 In

1921 5525 2189 5596 Agobardi
2216 5526 2350 5578 libro
2376 5525 2669 5593 Septimius
2698 5526 2793 5587 ait,
2831 5524 2970 5578 Nunt
3001 5541 3120 5596 ergo
3151 5533 3195 5579 et
3233 5525 3510 5596 Apostolo-

1921 5595 2035 5651 rum
2062 5597 2240 5650 litterae
2269 5597 2497 5650 nobiles?
2524 5595 2656 5663 Quae
2685 5595 2841 5650 lectio
2863 5595 3136 5650 retinenda
3169 5605 3268 5650 est.
3296 5595 3509 5648 Etenim

1928 5678 2271 5737 posteaquam
2331 5669 2570 5733 probavit
2637 5668 2957 5722 auctoritate
3008 5668 3390 5738 prophetarum
3459 5676 3510 5720 et

1931 5739 2224 5806 Evangelii,
2251 5738 2501 5809 martyria
2535 5740 2740 5792 fortiter
2760 5737 3144 5809 obeundaesse
3169 5737 3510 5806 Christianis,

1928 5820 2086 5880 atque
2137 5811 2236 5864 hoc
2286 5807 2406 5864 esse
2446 5822 2772 5880 praeceptum
2823 5811 2935 5865 sive
2978 5807 3283 5862 mandatum
3335 5824 3375 5880 ag
3410 5809 3515 5862 lto-

1933 5878 2095 5944 miiio,
2122 5881 2170 5934 id
2201 5882 2359 5936 etiam
2391 5881 2579 5950 probat
2603 5878 2780 5936 citatis
2809 5880 3185 5948 Apostolorum
3218 5878 3428 5940 litteris,
3453 5889 3511 5933 et

1932 5954 2221 6025 subjungit,
2258 5951 2395 6007 Nunt
2428 5968 2544 6020 ergo
2577 5965 2619 6008 et
2666 5954 3021 6023 Apostolorum
3051 5952 3231 6007 litterae
3268 5949 3461 6005 nobiles
3484 5951 3509 6002 1’
