4242 6492
711 400 809 456 iiii

2087 392 2554 451 TERTULLIANI

3916 396 4018 452 153

707 520 786 589 (ιι)
818 527 868 571 et
897 533 993 573 nos
1023 531 1401 589 usquequaque
1439 519 1708 589 simplices
1739 519 1954 585 animae,
1990 518 2091 590 (ιι)
2119 528 2174 571 et
2219 534 2309 573 sos
2337 519 2384 579 Α
2413 518 2590 574 exitus
2618 518 3021 587 Apostolorum;
3070 514 3170 571 nisi
3197 514 3340 586 quod
3374 524 3425 568 et
3464 528 3656 569 sensus
3691 514 3743 568 in
3782 516 4019 569 exitibus

714 611 985 667 lummodo
1011 611 1296 674 columbae,
1324 610 1396 681 (ε)
1427 611 1656 667 libenter
1684 622 1928 667 errantes
1954 613 1978 665 ?
2016 611 2179 665 credo
2227 614 2307 664 vi-

706 701 862 755 vendi
906 702 1221 768 cupiditate.
1281 702 1355 756 lla
1390 717 1520 757 vero
1541 704 1631 769 sit,
1666 713 1723 759 ut
1762 702 2017 758 recedant
2050 718 2079 757 a
2116 703 2309 758 litteris

707 794 819 848 suis
861 807 1072 847 sensus.
1105 788 1237 859 Quae
1270 803 1448 848 tamen
1491 809 1680 864 passos
1728 794 2019 861 Apostolos
2062 795 2263 850 scimus
2288 837 2304 862 ,

708 884 992 940 manifesta
1031 884 1270 940 doctrina
1318 896 1430 951 est;
1485 887 1622 942 banc
1675 887 1920 959 intelligo
1959 886 2126 943 solam
2175 887 2309 941 Acta

709 979 1024 1040 decurrens;
1070 978 1200 1032 nihil
1229 994 1449 1047 quaero;
1478 993 1725 1033 carceres
1753 978 1881 1046 illic,
1910 987 1965 1034 et
1989 977 2223 1044 vincula,
2254 986 2311 1033 et

705 1072 935 1141 ﬂagella,
967 1081 1021 1126 et
1048 1086 1205 1139 saxa,
1233 1081 1286 1126 et
1305 1071 1487 1143 gladii,
1530 1082 1585 1128 et
1619 1073 1847 1143 impetus
1874 1072 2213 1137 Judzeorum,
2255 1080 2313 1126 et

708 1177 880 1220 enatus
907 1166 1205 1230 nationum,
1236 1176 1290 1220 et
1342 1166 1675 1221 tribunorum
1697 1166 1985 1237 clogia(l),
2016 1176 2071 1221 et
2120 1180 2306 1235 regum

710 1260 999 1325 auditoria,
1059 1269 1113 1313 et
1164 1260 1547 1330 proconsulum
1601 1260 1909 1323 tribunalia,
1966 1267 2022 1313 et
2081 1258 2309 1313 (ltus-aris

707 1370 901 1408 nomen
952 1354 1295 1421 interpretem
1341 1369 1446 1407 nou
1499 1352 1717 1407 habent.
1775 1350 1928 1419 Quod
1976 1350 2055 1422 (tl)
2114 1350 2307 1405 Petrus

708 1445 935 1499 (auditur
963 1445 1063 1515 (2),
1096 1445 1237 1514 quod
1268 1445 1337 1516 (ε)
1369 1445 1673 1515 Stephanus
1699 1445 2041 1515 opprimitur,
2066 1443 2205 1513 quod
2231 1444 2303 1513 (f)

709 1539 942 1595 Jacobus
972 1540 1298 1604 immolatur,
1314 1539 1455 1610 quod
1473 1539 1549 1611 (g)
1574 1538 1769 1593 Paulus
1784 1536 2212 1609 distrahitnr(h),
2229 1536 2308 1605 ip-

709 1631 1167 1700 Stn'umsauguine
1182 1632 1378 1699 scripta
1394 1641 1536 1685 sunt.
1569 1632 1634 1701 (i)
1667 1631 1799 1686 Etsi
1832 1630 1990 1685 iidem
2022 1629 2309 1684 Commen-

710 1727 826 1779 tarii
873 1725 984 1797 (5)
1037 1725 1262 1778 voluerit
1320 1724 1622 1785 luereticus,
1685 1725 2041 1779 instrumenta
2098 1721 2307 1791 imperii

715 1821 1023 1887 loquentur,
1044 1828 1099 1873 ut
1124 1818 1327 1888 lapides
1353 1818 1675 1873 Jerusalem.
1704 1817 1852 1871 Vitas
1878 1816 2148 1871 Cmsarum
2180 1815 2309 1885 legi-

2414 624 2763 679 recognosco.
2791 610 2931 664 Nihil
2954 610 3095 666 enim
3120 609 3259 679 passi
3300 607 3545 671 fuissent,
3572 608 3715 677 quod
3740 622 3847 661 non
3871 608 4019 675 prius

2415 703 2721 773 patiendum
2773 718 2893 758 esse
2933 702 3249 758 sensissent.
3284 703 3365 769 (ι)
3406 700 3538 755 Cum
3578 701 3791 756 vincula
3847 701 4015 758 Paulo

2412 797 2629 867 Agahus
2670 805 2820 866 gestu
2851 810 3063 867 quoque
3094 794 3486 865 prophetassct,
3520 794 3771 863 discipuli
3818 793 4013 848 nentes

2412 898 2466 944 et
2500 898 2716 944 orantes
2759 902 2829 943 ne
2895 903 2955 944 se
2995 886 3328 946 Jerosolvma
3386 896 3772 950 committeret,
3814 886 4016 940 frustra

2412 992 2723 1038 oravcrnnt.
2756 981 2849 1037 Ille
2876 982 3044 1044 enim.
3074 980 3219 1053 quod
3252 995 3467 1047 semper
3502 980 3761 1035 docuerat
3802 982 4019 1034 anima-

2413 1084 2498 1131 tus
2528 1092 2540 1128 :
2576 1074 2713 1141 Quid
2741 1075 2897 1146 ﬂetis,
2942 1074 3132 1144 inquit,
3162 1083 3207 1127 ct
3237 1074 3548 1129 contristatis
3576 1090 3662 1128 cor
3693 1089 3861 1127 meum
3890 1073 3915 1125 2³
3958 1074 4018 1126 At

2412 1185 2503 1244 ego
2545 1185 2648 1223 non
2708 1168 2861 1222 modo
2920 1167 3125 1221 vincula
3170 1166 3507 1236 Jerosolymis
3550 1167 3656 1229 pati
3693 1166 4015 1235 optaverim,

2411 1278 2581 1316 verum
2608 1262 2760 1315 etiam
2780 1260 2910 1315 mori
2934 1277 3025 1327 pro
3048 1260 3251 1314 nomine
3277 1258 3483 1313 Domini
3514 1260 3609 1311 mei
3634 1258 3761 1312 Iesu
3798 1258 4015 1312 Christi.

2412 1354 2576 1416 Atque
2603 1356 2673 1405 ita
2716 1360 2992 1415 cesserunt,
3029 1352 3243 1405 dicendo
3267 1369 3286 1406 :
3317 1351 3437 1405 Fiat
3500 1351 3735 1406 uoluntas
3805 1350 4019 1404 Domini

2414 1444 2553 1515 (Act.
2601 1444 2748 1510 XXI,
2784 1445 2870 1508 15,
2910 1444 3001 1509 14)
3032 1461 3047 1510 ;
3083 1443 3307 1498 ﬁdentes
3358 1443 3583 1507 scilicet,
3632 1443 3911 1511 passiones
3950 1442 4021 1495 ad

2413 1536 2744 1591 voluntatem
2796 1536 2890 1591 Dei
2936 1536 3227 1605 pertinere.
3278 1534 3395 1590 Non
3428 1537 3571 1591 enim
3624 1534 4020 1589 dehortationis

2415 1628 2660 1689 consilio,
2690 1628 2785 1683 sed
2831 1627 3133 1682 dilectionis
3162 1628 3397 1682 retinere
3440 1635 3780 1681 tantaverant
3813 1626 3918 1697 (ὃ).
3965 1636 4021 1679 ιιι

2414 1720 2729 1790 Apostolum
2776 1718 3169 1784 desiderantes,
3205 1734 3311 1773 non
3357 1728 3414 1773 ιιι
3450 1720 3765 1790 martyrium
3808 1720 4017 1773 dissua-

2414 1812 2625 1868 dentes.
2655 1810 2807 1880 Quod
2854 1811 2900 1866 si
2944 1811 3055 1881 jam
3104 1820 3231 1865 tunc
3277 1809 3537 1866 Prodicus
3570 1819 3661 1863 aut
3700 1810 4021 1864 Valentinus

716 1929 856 1975 tntis;
898 1914 1156 1966 orientem
1186 1912 1344 1965 Iidem
1379 1911 1560 1965 ltomtc
1585 1911 1788 1980 primus
1816 1907 1957 1965 Nero
1986 1908 2306 1962 cruentavit.
2342 1917 2385 1978 Β
2414 1905 2712 1967 assisteret,
2743 1917 3066 1974 suggerens,
3094 1904 3167 1975 (j)
3199 1917 3304 1957 non
3338 1903 3390 1957 in
3420 1903 3578 1957 terris
3608 1916 3731 1957 esse
3753 1902 4021 1955 confitcn-

710 2006 861 2060 'I‘uuc
901 2006 1089 2060 Petrus
1119 2006 1185 2059 ab
1215 2005 1385 2059 altero
1410 2004 1672 2073 .ciugitur,
1722 2018 1843 2056 cum
1890 2001 2036 2057 cruci
2070 2001 2305 2055 adstrin-

709 2102 872 2169 gitur.
916 2100 1065 2154 'l‘uuc
1114 2100 1307 2153 Paulus
1364 2097 1600 2152 civitatis
1668 2111 1909 2150 romana:
1956 2094 2310 2163 consequitur

715 2192 1072 2256 nativitatem,
1126 2206 1248 2247 cum
1305 2189 1414 2243 illic
1438 2188 1678 2260 martyrii
1703 2188 2001 2243 renascitur
2030 2184 2312 2255 generesi-

713 2296 841 2340 late.
869 2284 993 2338 Ila-c
1020 2285 1341 2353 ubicumque
1361 2283 1468 2352 jam
1502 2282 1704 2352 legero,
1730 2281 1835 2351 pati
1865 2281 2034 2342 disco;
2067 2292 2165 2332 nec
2194 2290 2313 2331 mea

711 2382 934 2437 interest
964 2395 1099 2451 quos
1128 2394 1322 2451 sequar
1348 2378 1588 2450 martyrii
1614 2377 1926 2448 magistros,
1955 2386 2223 2428 sensusue
2244 2387 2311 2426 an

2413 1996 2540 2053 dum
2565 1996 2651 2065 (G)
2678 1995 2820 2067 apud
2845 1995 3113 2059 homines;
3145 1996 3322 2049 minus
3352 2010 3500 2057 vero,
3540 2009 3606 2049 ne
3633 1994 3650 2063 (
3662 1995 3717 2061 7)
3750 1993 3895 2047 Deus
3926 1994 4022 2046 hu-

2416 2105 2632 2146 manum
2658 2089 2975 2161 sanguinem
3006 2089 3174 2153 sitiat,
3207 2104 3305 2143 nec
3332 2088 3580 2142 Christus
3607 2088 3777 2141 vicem
3805 2087 4019 2155 passio—

2418 2184 2537 2247 nis,
2592 2183 2742 2251 quasi
2808 2189 2865 2236 et
2926 2180 3044 2250 ipse
3098 2179 3166 2233 de
3215 2193 3279 2233 ea
3339 2179 3568 2233 salutem
3625 2187 4023 2234 consecuturus

2419 2283 2695 2345 exposcat;
2743 2272 2924 2326 statim
2970 2270 3211 2325 audisset
3238 2286 3266 2323 a
3307 2286 3468 2325 servo
3506 2270 3623 2333 Dei,
3652 2270 3730 2339 (k)
3762 2270 3907 2339 quod
3933 2285 4028 2322 au-

2420 2367 2592 2423 dierat
2621 2380 2653 2419 a
2684 2364 2912 2420 Domino
2932 2363 3179 2419 diabolus
3200 2381 3212 2416 :
3236 2363 3453 2427 Recede,
3484 2363 3705 2431 Satana,
3726 2364 4030 2417 scandalum

1960 2489 2249 2546 LECTION
2258 2489 2338 2546 ES
2379 2485 2789 2543 VARIANTES.

775 2614 847 2675 (l)
884 2612 1070 2675 Ijillogia
1092 2619 1207 2661 Jan.

773 2672 845 2738 (ὲ)
883 2672 1051 2725 Editur
1077 2673 1290 2738 (sta-sml
1309 2672 1409 2738 ttig.

882 2728 1205 2789 Cutnme‘nt'ari
1231 2728 1383 2799 11110ιῇ
1421 2731 1567 2799 Seml.
1610 2728 1807 2783 Obcrth.

777 2797 850 2863 (4)
876 2801 1091 2852 Seisseut
1116 2800 1225 2849 cod.
1249 2797 1495 2862 Agolmrtl.

2534 2597 2555 2660 )
2589 2599 2930 2648 Tentavcrunt
2953 2599 3102 2649 Rhea.
3126 2595 3491 2660 Sttml._0berth.

2534 2599 2555 2660 )
2589 2599 2930 2648 Tentavcrunt
2953 2599 3102 2649 Rhea.
3126 2599 3272 2647 St'ntt.
3297 2599 3429 2647 Obert

2482 2599 2555 2786 ἓξ)
2585 2660 2863 2735 Cominium
2886 2660 3039 2712 Rhea.
3066 2659 3211 2709 Seml.
3234 2656 3429 2709 Oberth.

2503 2726 2556 2786 7)
2591 2722 2852 2786 Homines,
2873 2725 3002 2786 quod
3025 2738 3118 2774 nec
3142 2721 3289 2773 Seml.

2503 2726 2556 2787 7)
2591 2722 2826 2775 Homines
2839 2761 2852 2787 ,
2873 2725 3002 2787 quod
3025 2738 3118 2774 nec
3142 2721 3289 2773 Seml.

2091 2895 2653 2956 COMMENTARIUS.

720 3050 831 3104 Ilor.
872 3056 957 3103 est
988 3064 998 3098 :
1030 3044 1216 3101 Nonne
1241 3050 1366 3097 sunt
1395 3040 1648 3095 omnibus
1692 3046 1853 3101 natm,
1907 3036 2091 3102 clara,
2142 3036 2319 3092 mani-

2430 3034 2570 3089 Ionis
2596 3035 2647 3089 in
2673 3034 2898 3090 cerebro
2928 3049 3241 3103 percussum
3267 3035 3537 3091 interiisse
3565 3035 3803 3095 tradunt:
3834 3034 3932 3088 sed
3958 3051 4027 3090 ex

716 3120 911 3197 lustre?
942 3118 1005 3172 lit
1048 3133 1178 3197 sane
1210 3123 1366 3197 sunt.
1403 3112 1519 3166 Mox
1554 3112 1791 3197 iugorit:
1839 3110 1911 3197 Ita
1961 3124 2091 3197 vero
2118 3110 2311 3197 sit,"ut
2343 3136 2388 3197 ρ
2426 3106 2715 3197 llegesippi
2771 3108 3099 3197 narratione,
3154 3108 3287 3163 satis
3338 3108 3519 3197 inepta
3558 3116 3614 3161 ct
3669 3108 3842 3197 iutilij,
3898 3124 4032 3197 qua:

718 3190 970 3247 recedant
1000 3204 1027 3240 a
1065 3187 1256 3240 litteris
1287 3188 1398 3239 suis
1433 3184 1671 3237 sensus?
1717 3196 1815 3235 nec
1858 3191 1963 3234 tam
2011 3183 2171 3233 clara!
2202 3180 2310 3233 illa:

716 3264 825 3317 sint
874 3271 928 3313 et
980 3258 1296 3321 manifestie,
1342 3255 1468 3323 quin
1515 3254 1799 3323 admittant
1849 3251 2311 3323 interpretationis

717 3332 942 3401 alicujus
972 3320 1373 3396 benignitatem.
1407 3325 1695 3401 veniamus
1717 3322 1782 3377 ad
1802 3338 1890 3401 res
1922 3323 2087 3392 ipsas.
2116 3320 2312 3401 \[idca-

718 3392 978 3472 nutsiptid
1014 3392 1227 3466 ips'imet
1262 3398 1525 3472 Apostoli,
1560 3394 2110 3472 suat-iturlitterarum
2141 3392 2311 3472 inter-

722 3464 922 3545 pretes,
974 3464 1248 3545 fecerint._
1282 3464 1450 3545 Vitam
1498 3478 1646 3521 certe
1688 3466 1821 3545 ipsi“
1848 3479 1999 3545 suam
2052 3464 2313 3545 martyrio

721 3535 1032 3616 impendere
1064 3558 1169 3616 non
1218 3540 1616 3616 dubitaverunt,
1669 3538 1737 3592 de
1789 3535 2070 3592 Dominico
2108 3538 2313 3591 scilicet

720 3609 989 3688 ptui-cepto
1021 3614 1150 3667 nihil
1175 3613 1524 3682 ambigentes.
1562 3609 1682 3666 Ilio.

792 3714 867 3782 (τι)
904 3710 969 3764 Et
1002 3726 1091 3763 nos
1122 3723 1473 3782 usquequaque
1510 3704 1768 3782 simplices
1794 3701 2001 3782 aniuuc.
2037 3700 2163 3782 ηερε
2190 3708 2315 3754 sunt

721 3773 884 3847 dicta,
913 3782 992 3837 vel
1010 3773 1370 3851 potiusaculei
1393 3773 1734 3847 scorpiorum
1757 3815 1771 3842 ,
1801 3773 2103 3899 ευῇιίῗιιιοιιί
2130 3786 2311 3840 supra.

1958 3859 2029 3899 to.

1958 3859 2029 3901 IG.

794 3947 874 4016 (h)
923 3944 987 3999 Et
1015 3940 1652 4016 solummodo”columine.
1671 3937 1801 4016 _Non
1827 3936 1991 4016 etiam
2019 3933 2310 4016 prudentia

726 4004 1024 4087 serpi’utes,
1042 4014 1305 4067 alluditad
1340 4012 1463 4066 illud
1487 4010 1863 4087 Christi__apttd_
1885 4006 2108 4087 Matth;
2138 4004 2315 4087 {istoin

722 4078 991 4161 prudentes
1013 4088 1139 4141 sicut
1161 4094 1438 4155 serpentes,
1468 4092 1512 4136 ct
1542 4081 1795 4152 simplices
1820 4080 1951 4204 sing
1972 4078 2240 4132 columba.

1957 4164 2026 4204 IG.

1957 4164 2026 4206 IG.

796 4254 869 4326 (ιτ)
904 4252 1138 4326 lubt-nter
1164 4257 1411 4326 errantes.
1441 4246 1657 4326 Incauta
1686 4244 2027 4326 simplicitate
2051 4243 2316 4298 aberran-

727 4316 825 4387 lt‘S‘,
855 4316 910 4379 et
936 4324 1211 4376 avulantes
1242 4321 1309 4373 ab
1335 4319 1620 4373 dominicis
1650 4316 1878 4373 milibus.
1911 4317 2032 4371 llic.

795 4420 873 4487 (d)
908 4417 1089 4470 Pun-us
1116 4416 1346 4467 avditur.
1376 4413 1465 4467 Sic
1495 4412 1656 4487 habet
1680 4421 1833 4464 vetus
1868 4408 2148 4487 exemplar
2175 4412 2317 4487 Ago-

726 4481 894 4545 bardi.
926 4489 1306 4545 Verumtamen
1348 4501 1469 4538 etnn
1516 4484 1615 4536 hoc
1647 4483 1763 4537 loco
1786 4490 1988 4535 mortes
2015 4481 2305 4549 Apostolo-

726 4579 841 4617 rum
907 4578 1001 4629 per
1048 4558 1432 4629 suppliciorum
1490 4571 1684 4629 genera
1742 4548 2108 4629 designentur,
2148 4548 2305 4629 ‘Pelri

726 4620 1025 4702 passionem
1080 4620 1516 4702 si'g'nilicantiore'
1559 4626 1725 4680 verbo
1776 4620 2095 4702 descriptam
2145 4620 2307 4702 fuisse

724 4694 1066 4764 arbitramur,
1113 4694 1166 4752 et
1213 4698 1527 4753 mendosum
1576 4711 1694 4751 esse
1740 4694 1883 4765 quod
1932 4694 2016 4747 hic
2059 4694 2305 4765 legimus,

723 4776 953 4829 avditur.
1003 4772 1185 4839 Itaque
1225 4768 1508 4839 legendum
1541 4768 1726 4833 editur,
1764 4764 1911 4836 quod
1942 4774 2042 4829 est,
2082 4764 2312 4819 sustolli-

726 4858 809 4899 tur
854 4856 905 4897 et
946 4842 1310 4912 suspenditur,
1359 4841 1498 4912 edita
1543 4847 1594 4892 ct
1639 4848 1819 4912 erecta
1860 4851 2038 4912 cruce,
2086 4844 2309 4912 ὑψοςῠςει.

725 4918 867 4986 quod
927 4906 1131 4977 vulgata
1180 4915 1356 4965 versio
1391 4911 1545 4986 dixit,
1570 4909 1857 4986 exaltatur.
1893 4908 2047 4986 luat].
2085 4926 2144 4986 ε.
2175 4906 2307 4986 Xll_:

723 4978 804 5043 in
837 4995 993 5055 ξρειωῡιῖ
1023 4994 1069 5040 ιι
1102 5001 1323 5055 Tum;
1371 4984 1529 5035 verba
1569 4992 1694 5055 sunt
1732 4981 1925 5055 Christi
1963 4978 2313 5047 signiﬁcantis

766 5077 827 5114 ua
856 5052 1026 5113 morte
1049 5070 1187 5111 esset
1210 5052 1501 5111 inoriturus
1532 5071 1543 5105 :
1577 5052 1638 5106 Si
1662 5054 1911 5108 exaltatus
1933 5055 2077 5121 [uero
2105 5067 2135 5102 a
2156 5060 2310 5103 terra.

732 5122 989 5201 Sulpitius
1025 5129 1253 5184 Severus
1296 5145 1309 5182 :
1364 5124 1546 5180 Petrus
1594 5124 1647 5177 in
1691 5141 1891 5179 crucem
1937 5122 2167 5250 διίξιαιιιι
2216 5131 2311 5176 est.

2031 5211 2100 5250 IG.

2031 5211 2100 5251 IG.

727 5369 759 5423 ἁ
807 5295 880 5379 (_c)
922 5294 1251 5421 διΙιΙιὶρΙιαιιιιε
1271 5292 1596 5365 appriutitur.
1629 5289 1833 5361 [mpetu
1870 5303 2147 5356 saxorum,
2175 5287 2314 5359 lapi-

766 5380 961 5422 :tttun0.
1063 5382 1132 5423 IG.

766 5380 961 5422 :tttonc.
1014 5380 1132 5423 1116.

802 5460 875 5531 (f)
905 5459 1128 5531 Jacolms
1166 5455 1480 5531 immolatur.
1522 5454 1717 5531 lfratet:
1760 5451 1991 5531 Domini,
2037 5467 2103 5531 an
2147 5451 2313 5531 frater

724 5523 949 5587 Joannis
976 5531 998 5582 ?
1030 5530 1268 5583 Fratrem
1290 5526 1511 5581 Joannis
1541 5523 1783 5579 Herodes
1814 5524 2082 5577 interemit
2109 5523 2309 5590 gladio;

728 5605 919 5665 Lucas,
952 5604 1070 5656 Act.
1096 5600 1191 5654 ΧΙῘ
1225 5618 1238 5652 2
1266 5596 1428 5653 Ᾰνειὶι
1460 5603 1508 5651 δὲ
1541 5605 1761 5660 lixae”,
1790 5606 1867 5650 τὸν
1891 5599 2308 5664 αἱδῒλρδνκυρίιυ,

724 5690 985 5745 μαχαιρξιε
1021 5671 1244 5745 quodin
1277 5668 1674 5745 martyrologiis
1700 5667 1960 5745 accipitur
1998 5682 2095 5745 pro
2125 5665 2314 5745 decol-

726 5736 941 5807 lati'on'e',
973 5736 1274 5800 ct'minime
1300 5736 1551 5795 Convenit
1580 5736 1960 5793 immolationi.
2008 5738 2184 5805 Itaque
2239 5736 2314 5791 tli-

727 5823 951 5878 oendum
1009 5818 1095 5873 bie
1149 5813 1419 5883 designari
1472 5812 1731 5883 Jacobum
1784 5809 2001 5863 fratrem
2046 5807 2309 5883 Domini,

722 5908 879 5964 quem
914 5885 1195 5957 Eusebius,
1228 5878 1575 5959 Epiphanius,
1621 5882 1995 5953 Hieronymus,
2037 5878 2177 5935 iuste
2206 5880 2309 5934 ful-

2426 3188 2625 3241 tamen,
2658 3187 2914 3246 quantum
2946 3179 3011 3231 ad
3047 3194 3219 3247 genus
3246 3180 3455 3242 mortis,
3490 3178 3688 3231 ﬁrmari
3736 3178 3985 3232 videatur
4012 3220 4030 3243 ,

2418 3248 2565 3301 hisce
2613 3248 2856 3315 Septimii
2902 3254 3067 3302 nostri
3117 3250 3295 3302 verbis
3346 3267 3357 3302 :
3396 3257 3452 3301 ιιι
3495 3249 3755 3302 Iacobum
3805 3251 4031 3303 fratrem

2420 3318 2632 3373 Domini
2690 3319 3023 3374 immolatum
3086 3318 3252 3374 fuisse
3300 3320 3520 3385 dixerit,
3575 3321 3713 3373 fuste
3758 3320 3977 3373 fullonis
4009 3363 4024 3387 ,

2420 3399 2669 3458 tanquam
2712 3406 2861 3460 popae
2890 3392 3083 3444 malleo
3105 3407 3199 3446 seu
3225 3392 3396 3456 clava,
3430 3400 3742 3447 mactatum.
3809 3391 3926 3445 llic.

2496 3463 2571 3531 (ε)
2607 3460 2809 3515 Paulus
2839 3463 3158 3518 distrahitur.
3192 3462 3379 3533 Capite
3410 3470 3663 3531 separato
3696 3473 3752 3516 et
3783 3464 3853 3516 ab
3897 3479 4023 3517 cer!

2418 3532 2533 3586 \icc
2578 3535 2770 3587 reciso.
2822 3534 3227 3601 Separationem
3280 3550 3413 3601 opus
3454 3549 3576 3587 esse
3622 3538 3909 3586 machaerzc
3952 3538 4030 3588 ait

2418 3603 2737 3673 Septimius,
2774 3604 2866 3657 lib.
2912 3603 2975 3658 IV
3007 3603 3367 3658 advcr.lll:trc.
3391 3612 3445 3657 et
3487 3603 3659 3657 Lucas
3706 3607 4028 3671 διιμερισμιν

2416 3672 2549 3745 dixit
2575 3673 2716 3743 quod
2746 3673 3218 3745 Μ;ιι11ι.μαχαιριιν.
3237 3674 3420 3745 Itaque
3445 3674 3765 3729 distrahitur
3802 3674 4021 3745 Paulus

2416 3744 2797 3811 decollatione,
2829 3746 3177 3815 principalem
3211 3745 3455 3815 corporis
3484 3756 3690 3815 partem
3715 3744 4025 3800 auferente.

2419 3815 2551 3870 Nam
2602 3817 2703 3888 hoc
2742 3817 2935 3870 accidit
2978 3819 3040 3871 iis
3069 3820 3158 3888 qui
3193 3818 3281 3871 tali
3312 3817 3575 3888 supplicio
3603 3818 3932 3885 plectuntur,
3964 3828 4029 3872 ιιι

2418 3903 2524 3942 non
2545 3886 2736 3942 cadant
2768 3888 2983 3957 integri,
3017 3886 3115 3943 nec
3140 3886 3628 3958 jaceautcadavere
3649 3897 3781 3942 toto.
3808 3890 4025 3943 Etenim

2418 3959 2800 4015 decollatorum
2854 3961 3025 4029 cupita
3080 3960 3188 4030 pilo
3240 3962 3353 4016 fere
3413 3969 3504 4014 aut
3546 3958 3717 4013 hasta:
3750 3962 4018 4084 lprmlixa.

3803 4047 3874 4084 ια.

3803 4047 3874 4085 IG.

2495 4102 2575 4172 (h)
2634 4101 2890 4166 Caditur,
2920 4102 3259 4170 opprimitur,
3308 4100 3637 4166 immolatur,
3690 4101 4021 4155 distrahitur.

2420 4172 2579 4229 Ludit
2608 4172 2900 4242 Septimius
2926 4173 2977 4225 in
3020 4173 3314 4227 antithetis.
3349 4173 3506 4227 Petro
3542 4173 3881 4239 Stephanum
3923 4190 4025 4242 op-

2442 4246 2589 4299 ionit.
2622 4245 2830 4299 Etenim
2870 4244 3060 4298 Petrus
3090 4245 3142 4297 in
3175 4258 3337 4299 cruce
3364 4245 3540 4299 editus
3570 4255 3621 4297 et
3653 4244 3924 4308 sublimis,
3961 4256 4020 4299 at

2438 4318 2724 4386 Stephanus
2755 4330 2949 4370 acervo
2991 4330 3242 4369 saxorum
3284 4316 3526 4369 obrutus.
3578 4315 3841 4370 Iacobum
3887 4330 4025 4369 vero

2420 4389 2644 4457 Opponit
2689 4386 2871 4441 Paulo.
2909 4387 3117 4440 Etenim
3154 4386 3344 4439 Paulus
3383 4396 3628 4442 truncato
3660 4388 3837 4454 rapite
3884 4386 4023 4440 duas

2424 4459 2477 4513 iu
2498 4456 2693 4528 partes
2722 4458 3011 4513 distractus
3036 4469 3118 4513 est
3147 4473 3160 4520 ;
3194 4466 3248 4510 at
3285 4456 3517 4512 Jacobus
3544 4459 3874 4521 immolatus,
3912 4458 4023 4512 ictu

2336 4533 2386 4593 D
2414 4529 2568 4584 fustis
2596 4530 2825 4583 afflictus
2854 4540 3031 4590 terrm,
3053 4529 3287 4583 concidit
3316 4532 3535 4595 integer.
3568 4528 4014 4582 Victimariornm

2413 4602 2690 4672 disciplina
2722 4610 2857 4663 erat,
2913 4601 3113 4656 hostias
3148 4602 3217 4653 ita
3248 4603 3456 4655 cardere
3498 4611 3549 4654 et
3578 4602 3921 4672 exatiittiat‘c,
3959 4611 4017 4654 ut

2419 4690 2524 4725 non
2557 4671 2927 4736 'reluctarent,
2984 4672 3077 4727 sed
3126 4675 3277 4742 quasi
3328 4681 3520 4741 sponte
3564 4671 4015 4798 Rrecumherent.

3612 4760 3681 4798 ιο.

3612 4760 3681 4799 IG.

2488 4838 2554 4908 (i)
2597 4837 2659 4891 Et
2688 4838 2731 4891 si
2771 4838 2921 4904 ﬁdem
2948 4838 3295 4891 commentarii
3347 4837 3558 4892 voluerit
3589 4838 3876 4891 Ittt’reticus.
3902 4836 4020 4891 Hoc

2417 4921 2519 4974 ρει,
2562 4910 2617 4963 Si
2670 4923 2736 4963 ex
2767 4910 3097 4976 publicorum
3144 4910 3301 4963 etiam
3320 4909 3657 4961 archivorum
3701 4909 3807 4961 lidc
3832 4908 4019 4963 doceri

2419 4982 2667 5035 voluerit.
2704 4980 2792 5035 Sic
2823 4979 3342 5036 lib.deldololatrin:
3373 4977 3557 5033 Volunt
3596 4980 3786 5032 scilicet
3820 4988 4021 5048 tempus

2420 5052 2800 5121 persecutionis,
2830 5063 2873 5105 et
2902 5053 3068 5106 locum
3108 5051 3395 5114 tribunalis,
3435 5061 3538 5105 etc.
3567 5050 3689 5106 llic.

2493 5144 2568 5216 (j)
2602 5146 2722 5199 Non
2753 5146 2803 5198 in
2832 5145 2979 5199 terris
3006 5161 3114 5199 esse
3138 5144 3485 5212 conﬁtendum
3506 5145 3648 5213 apud
3671 5144 3921 5198 homines.
3952 5144 4021 5200 lli

2420 5231 2633 5287 quoque
2656 5229 2777 5271 sunt
2806 5216 2979 5271 aculei
3007 5216 3364 5286 scorpiorum,
3395 5226 3451 5270 ut
3480 5231 3663 5283 supra.

2493 5307 2573 5380 (It)
2606 5308 2756 5375 Quod
2781 5308 3015 5380 audierat
3042 5326 3071 5361 a
3097 5306 3313 5380 Domino
3340 5306 3592 5380 diabolus.
3610 5305 3745 5364 Imo.
3773 5306 3890 5380 ipso
3910 5306 4016 5362 Pc-

2421 5376 3038 5445 tru's,'blattb.,XVl,25.
3058 5379 3161 5433 Sed
3195 5380 3385 5448 aliquis
3412 5393 3535 5448 erga
3566 5378 3781 5432 Petrum
3814 5376 4018 5434 affectu

2421 5451 2651 5506 Mattbaei
2700 5453 3058 5505 narrationem
3122 5451 3200 5504 sic
3261 5451 3428 5517 accipi
3485 5449 3682 5511 voluit,
3738 5451 3891 5519 quasi
3950 5465 4018 5505 ca

2419 5523 2603 5585 verba,
2634 5531 2852 5591 propter
2880 5538 3000 5591 quae
3034 5520 3249 5574 Petrum
3290 5521 3540 5574 Christus
3585 5521 3853 5586 increpat,
3901 5535 4017 5576 non

2422 5604 2525 5649 tam
2558 5594 2671 5665 ipse
2700 5593 2888 5648 Petrus
2933 5593 3263 5665 protulisset,
3306 5607 3464 5661 quam
3500 5606 3593 5665 per
3629 5607 3692 5645 us
3721 5592 3863 5665 Petri
3896 5592 4020 5646 tlia~

2421 5662 2591 5720 bolus'.
2626 5664 2916 5719 Enimvero
2942 5663 3381 5732 Chrysostomus,
3425 5671 3482 5715 ut
3514 5664 3566 5715 iu
3599 5662 3882 5719 manifesta
3926 5679 4013 5729 rc,

2416 5746 2598 5803 aperte
2644 5737 2954 5790 contradicit
2987 5755 2997 5787 ε
3034 5740 3112 5789 eiu
3142 5737 3289 5797 εἶπεν,
3319 5740 3343 5786 ὁ
3387 5741 3593 5791 Σατανᾶς
3637 5741 3884 5802 ἐξοῇξατι
3930 5739 4020 5789 διὰ

2416 5816 2519 5870 σοῦ,
2551 5808 2657 5862 ἀλλ’
2684 5813 2828 5874 ὕπαγε
2860 5814 3009 5860 ὀπίσω
3030 5832 3123 5875 μὴν
3144 5848 3155 5869 ,
3190 5810 3375 5860 iuravi
3396 5845 3410 5865 ,
3446 5810 3522 5858 uti
3555 5813 3643 5875 γὰρ
3684 5813 3913 5871 inf/opm
3962 5812 4020 5865 ἦν

2415 5887 2501 5935 rei?
2532 5886 2876 5948 ἀντικειμὲνιυ,
2908 5890 2962 5934 τὸ
2988 5891 3060 5948 μὲ
3088 5883 3255 5932 παθεῖν
3280 5888 3359 5931 τεν
3380 5883 3605 5949 Χριστόν.
3667 5875 3784 5930 lito.
