4242 6492
187 410 293 466 953

1327 407 1531 464 LIBER
1573 407 1936 466 ADVERSUS
1975 407 2329 466 PRAXEAM.
3393 405 3499 462 ιδι

181 527 309 577 mihi
337 541 422 588 es;
453 523 531 595 (ti)
558 526 802 596 scriptum
833 534 904 579 est
933 525 1237 579 :Dominnm
1267 524 1431 579 Deum
1469 535 1612 580 tuum
1640 525 1770 577 utlo-
1807 531 1855 588 Α
1886 526 1982 579 ista
2015 524 2095 593 (Ι)
2124 523 2377 587 sulTudit;
2416 523 2489 593 (ὁ)
2539 523 2665 577 nulli
2710 523 3043 577 infirmorum
3075 519 3226 575 facile
3265 520 3366 575 nisi
3413 520 3496 592 (‘2)

183 617 342 672 rubis.
375 628 420 670 et
451 617 527 668 illi
553 617 650 669 soli
679 619 860 672 servies
883 617 1060 686 (Matt.
1089 617 1386 682 XXVI,9.5;
1414 618 1500 679 Ν.
1537 620 1646 685 10).
1673 617 1780 671 Sed

183 717 237 760 ct
270 725 410 762 nunc
432 709 617 762 audire
646 708 880 772 debebit,
915 719 1178 780 quatenus
1209 710 1379 766 multo
1407 718 1544 779 post,
1578 724 1784 764 venena

1892 618 2155 678 nocitura,
2185 619 2228 669 si
2258 616 2348 686 qui
2379 632 2483 670 non
2513 615 2648 670 hanc
2680 626 2920 671 nostram
2948 630 3013 670 ex
3046 615 3128 685 (5)
3159 613 3264 668 fide
3297 613 3492 683 praebi-

1893 709 2050 774 herit,
2080 710 2162 763 vel
2189 709 2348 763 etiatn
2377 708 2738 780 superbiberit
2766 708 3066 780 potionem.

1432 821 1814 882 LECTIONES
1851 823 2272 880 VARIANTES.

256 938 327 997 (l)
365 938 450 986 llla
479 947 626 989 Pran.

247 1001 322 1060 (2)
356 1002 460 1052 Nisi
476 1001 625 1052 inser.
648 1000 746 1063 nig.

1969 936 2036 1000 (5)
2069 937 2136 989 Ea
2163 938 2314 989 Fran.

1544 1103 2106 1163 COMMENTARIUS.

258 1264 330 1331 (τι)
360 1262 622 1333 Scriptum
643 1273 714 1318 est
731 1281 748 1318 :
763 1262 1038 1320 Dominum
1067 1265 1227 1321 Deum
1247 1277 1385 1322 tuum
1407 1267 1781 1327 adorabis,etc.

189 1333 312 1409 Hac
347 1335 416 1387 ita
464 1352 521 1409 se
554 1335 748 1388 habent
787 1338 850 1409 in,
875 1341 1194 1408 exemplari,
1241 1356 1360 1409 qua:
1409 1351 1586 1394 tamen
1640 1340 1782 1394 haud

189 1407 391 1458 feriunt
419 1407 701 1480 quicquam
734 1409 797 1460 ad
839 1407 1152 1463 Tertulliani
1188 1407 1545 1480 propositum,
1580 1420 1633 1464 ct
1659 1413 1778 1477 Opi-

188 1490 251 1528 na
263 1489 380 1528 mur
399 1478 552 1530 insita
571 1478 732 1532 fuisse
754 1480 941 1534 eadem
970 1496 1150 1548 manu,
1169 1478 1269 1553 qua
1287 1478 1598 1552 pra‘ccdens
1615 1484 1780 1538 incre-

1897 1269 2040 1340 patio
2066 1267 2271 1340 (letorta
2302 1267 2352 1322 in
2389 1267 2684 1334 diabolum,
2715 1266 2896 1340 ablato
2924 1266 3141 1320 nomine
3163 1264 3333 1340 Petri.
3352 1263 3461 1340 “nit:
3487 1302 3500 1317 .

1966 1340 2046 1422 (ὴ)
2073 1338 2565 1422 Nulli'ialirmormn
2584 1340 2749 1422 .[acife
2779 1339 2874 1420 nisi
2904 1341 3154 1422 nocitura.
3182 1336 3322 1418 Nulli
3340 1336 3500 1422 facile

1888 1407 2162 1479 nisi,'pro,
2197 1409 2332 1465 Nulli
2365 1428 2467 1466 non
2497 1407 2653 1466 facile
2681 1411 2946 1466 nocitura.
2973 1409 3063 1465 Sic
3110 1409 3253 1479 loqui
3298 1407 3498 1479 placuit

1885 1481 2168 1552 Septimio.
2205 1482 2322 1538 th.

644 1817 1025 1901 QUINTI
1077 1816 1562 1890 SEPTIMII
1604 1815 2215 1887 FLOBENTIS
2271 1812 3006 1886 TERTULLIANI

386 1983 986 2128 LIBER
1091 1985 2150 2134 ADVERSUS
2250 1984 3294 2129 PRAXEAM.

1050 2222 1779 2260 __—-—————-———===

181 2355 569 2394 ARGI'MENTUM.
595 2368 668 2379 —-—
699 2340 933 2395 Praxeas
973 2338 1150 2410 Phryx
1198 2353 1261 2392 cx
1318 2336 1441 2392 Asia
1484 2333 1780 2402 oriundus,
1813 2331 1862 2392 B

259 2435 384 2486 lidei
427 2449 613 2487 caussa
645 2437 693 2487 in
719 2448 991 2487 earirerem
1026 2431 1298 2502 conjectus
1339 2431 1504 2496 olim,
1547 2429 1616 2484 ob
1640 2431 1793 2497 cujus

268 2537 564 2587 :erumnas,
601 2542 704 2579 non
729 2526 1016 2579 admodum
1039 2523 1434 2591 mcmorandas,
1452 2523 1633 2577 animo
1661 2524 1795 2578 mul-

266 2629 382 2671 tmn
429 2620 784 2680 intumuerat;
819 2619 885 2673 de
919 2620 1152 2673 Ecclesia
1187 2627 1362 2671 tamen
1388 2616 1600 2687 egregie
1628 2617 1791 2671 tueri-

262 2720 351 2762 tus
384 2721 532 2773 erat;
581 2728 698 2764 cum
745 2713 884 2764 enim
921 2709 1162 2765 Pontifex
1221 2708 1611 2778 (Eleutherius
1638 2709 1792 2773 aliis,

256 2805 381 2856 aliis
411 2804 589 2857 Victor
615 2804 836 2873 dicitur)
863 2803 1242 2868 lllontanistas,
1273 2803 1362 2872 qui
1392 2803 1442 2856 in
1478 2801 1792 2855 transmissa

262 2896 388 2949 fidei
441 2897 770 2964 professione
801 2898 1094 2951 catholicos
1144 2912 1202 2952 se
1251 2897 1524 2958 ferebant,
1573 2895 1790 2964 jamjam

257 2989 658 3042 communionis
719 2989 911 3042 litteris
951 2989 1152 3042 donare
1209 2989 1404 3054 Vellet,
1449 2988 1678 3042 Praxeas
1723 3005 1786 3041 ex

264 3080 392 3132 Asia
424 3090 531 3133 lum
562 3081 856 3135 adventans
884 3081 1125 3150 vulgatos
1152 3097 1210 3132 ea
1245 3081 1296 3133 in
1327 3081 1597 3146 provincia
1641 3079 1790 3133 Mon-

260 3174 576 3227 tanistarum
606 3189 816 3228 errores
848 3175 1080 3242 aperuit,
1115 3172 1418 3242 ellecitquc,
1447 3189 1514 3226 ne
1541 3171 1789 3227 homines

265 3266 340 3317 illi
371 3267 609 3332 poutilii-i
638 3267 842 3333 optimo
876 3265 1184 3328 illuderent,
1213 3279 1340 3318 suus
1365 3264 1580 3316 t‘lemum
1623 3263 1789 3317 fastus

257 3355 518 3408 misurum
545 3357 774 3424 perdidit
803 3375 814 3409 :
839 3356 966 3408 dum
995 3355 1136 3408 enim
1157 3355 1407 3425 martyris
1437 3355 1604 3408 titulis
1653 3372 1786 3408 nun-
1816 3338 1859 3397 (ἶ

255 3463 419 3516 quam
477 3464 580 3500 non
626 3448 917 3515 gloriatur,
969 3461 1310 3500 communem
1362 3461 1485 3500 eum
1538 3444 1787 3514 superbis

259 3539 514 3592 omnibus
563 3541 783 3592 sortitus
825 3550 906 3594 est
956 3539 1158 3592 exitum
1186 3581 1199 3604 ,
1233 3553 1384 3592 nova:
1413 3547 1573 3593 scctzc
1605 3537 1784 3592 infelix

255 3632 537 3695 conditor;
571 3649 730 3687 unmn
759 3635 902 3687 enim
932 3633 1094 3688 llemn
1127 3633 1195 3686 ita
1227 3633 1459 3703 agnovit,
1495 3639 1551 3686 ut
1571 3646 1784 3684 omnem

256 3741 609 3794 personarum
655 3726 1054 3779 distinctionem
1086 3725 1315 3790 tolleret,
1349 3739 1667 3779 asseverare
1690 3739 1786 3777 au-

251 3833 348 3868 sus
372 3858 386 3880 ,
419 3817 591 3884 ipsum
626 3817 835 3870 Patrem
870 3832 1086 3870 carnem
1119 3817 1412 3886 sumpsisse
1437 3857 1454 3882 ,
1484 3817 1534 3870 in
1566 3831 1782 3870 crucem

253 3918 456 3975 actum,
487 3920 539 3965 ct
562 3910 630 3963 ad
653 3926 802 3964 suam
830 3911 987 3964 hodie
1015 3910 1291 3964 dexteram
1319 3907 1624 3963 c0iisidere.
1653 3909 1782 3962 Sec-

255 4013 460 4056 talores
505 4003 646 4057 illius
687 4001 1080 4070 Patropassiani
1129 4011 1218 4055 aut
1251 3999 1580 4054 ‘Monarchiri
1627 4000 1777 4064 dicti,

253 4094 396 4164 quod
425 4110 583 4148 unam
623 4094 882 4149 duntaxat
909 4095 1264 4148 sanctESsimze
1293 4093 1568 4148 Trinitatis
1598 4106 1780 4164 perso-

254 4205 376 4243 nam
407 4198 723 4244 statuerent.

178 4282 736 4346 Ρνωειτιιιιίδείητυιη,
791 4280 931 4352 quod
987 4289 1134 4336 certe
1186 4291 1309 4351 post
1359 4282 1564 4351 lapsum
1622 4296 1776 4336 suum

251 4375 496 4442 scripsit,
529 4384 612 4428 est
641 4373 768 4428 illud
795 4385 980 4429 contra
1009 4375 1292 4439 Praxeam,
1316 4391 1423 4447 quo
1464 4376 1624 4430 fidem
1654 4375 1776 4431 Tri-

255 4467 440 4519 nitatis
471 4467 696 4536 suscipit
724 4466 1138 4532 defendendam,
1173 4467 1240 4523 de
1273 4469 1369 4524 hac
1400 4472 1594 4524 etenim
1631 4468 1777 4523 Mon-

1798 2221 1890 2264 e

1897 2225 2647 2260 9—,

1963 2340 2148 2386 censet
2180 2331 2408 2387 Verbum
2436 2332 2526 2389 Dei
2555 2333 2927 2405 Tertullianus,
2957 2339 3131 2394 solum
3154 2350 3272 2410 post
3298 2343 3500 2398 extrin-

1971 2437 2149 2478 sccam
2201 2425 2316 2493 cjus
2366 2426 2743 2494 prolationem,
2782 2445 2875 2491 seu
2918 2431 3406 2490 manifestalioncm
3439 2437 3494 2492 in

1974 2515 2211 2570 universi
2256 2518 2531 2571 creatione
2582 2517 2771 2574 factam
2799 2521 2952 2590 juxta
2996 2525 3494 2594 antiquissimorum

1972 2608 2343 2679 theologorum
2390 2611 2639 2680 loquendi
2669 2613 2890 2682 phrasin
2919 2625 2974 2671 ct
3015 2617 3232 2672 modutn
3257 2637 3270 2685 ;
3297 2620 3496 2677 fatetur

1973 2708 2150 2752 tamen
2181 2699 2479 2754 Sermonem
2522 2702 2573 2754 in
2627 2705 2909 2772 primordio
2950 2709 3092 2779 apud
3123 2707 3287 2764 Deum
3319 2713 3497 2782 fuisse.

1974 2788 2113 2843 Nam
2165 2792 2256 2844 etsi
2308 2791 2442 2846 Dens
2470 2794 2693 2848 nondum
2746 2796 3049 2852 Sermonem
3075 2817 3223 2854 suam
3256 2804 3496 2873 miserat,

1971 2883 2186 2950 proinde
2210 2899 2323 2936 cunt
2353 2900 2468 2936 cum
2493 2886 2606 2953 ipsa
2637 2895 2681 2939 ct
2709 2887 2760 2940 in
2785 2889 2900 2957 ipsa
2927 2893 3125 2945 ratione
3151 2895 3286 2947 intra
3314 2906 3497 2950 semet-

1970 2975 2136 3043 ipsum
2165 2975 2400 3037 Iiabebat,
2426 2979 2576 3031 tacite
2593 2980 2864 3049 cogitando
2892 2990 2936 3035 et
2958 2982 3274 3052 disponendo
3300 3004 3494 3054 secum,

1966 3080 2081 3133 qua!
2109 3063 2410 3119 Sermonem
2438 3083 2556 3120 mox
2585 3079 2690 3122 erat
2719 3071 2970 3125 dicturus.
3018 3073 3095 3128 Ex
3135 3091 3243 3146 quo
3275 3081 3499 3147 patescit

1963 3173 2071 3227 quo
2096 3159 2146 3212 in
2174 3173 2335 3213 sensu
2361 3161 2485 3214 alibi
2509 3163 2703 3217 dixerit
2735 3183 2747 3219 :
2785 3164 2907 3220 Fuit
2934 3177 3102 3222 autent
3122 3182 3340 3242 tempus,
3378 3189 3493 3227 cum

1965 3263 2011 3305 et
2039 3253 2278 3306 delictum
2308 3263 2354 3308 et
2389 3253 2558 3310 Filius
2591 3275 2691 3313 non
2733 3260 2850 3329 fuit,
2871 3262 3120 3320 videlicet
3144 3276 3397 3336 quantum
3429 3267 3497 3322 ad

1966 3354 2244 3400 externam
2275 3364 2370 3418 per
2398 3352 2729 3407 creationem
2763 3370 2942 3409 rerum
2978 3359 3493 3428 manilestationem,

1967 3441 2260 3508 priesertim
2304 3455 2426 3496 cum
2475 3444 2642 3500 dixit:
2671 3443 2793 3498 Fiat
2820 3447 2956 3502 lux:
2987 3465 3106 3502 nam
3134 3463 3392 3520 quantum
3421 3453 3490 3508 ad

1963 3541 2364 3607 generationem
2406 3542 2470 3596 ad
2505 3543 2642 3597 intra
2675 3559 2895 3614 semper
2921 3544 3017 3599 fuit
3041 3562 3162 3601 cum
3199 3549 3308 3602 beo
3337 3549 3494 3606 Patre

1967 3632 2132 3688 Filius
2174 3634 2288 3704 ejus
2318 3637 2538 3690 verbum
2570 3647 2625 3692 et
2655 3638 2947 3705 sapientia.
2993 3639 3240 3695 Ostendit
3273 3641 3494 3711 insoper

1965 3725 2332 3793 'l'ertallianns,
2380 3727 2574 3784 Filium
2607 3745 2669 3784 ex
2701 3730 2875 3785 Patris
2921 3745 3041 3786 esse
3089 3733 3385 3788 substantia
3439 3745 3495 3790 et

1961 3818 2218 3886 Spiritum
2250 3821 2504 3875 Sanctum
2545 3837 2574 3876 a
2622 3823 2780 3880 Patre
2815 3840 2911 3894 per
2942 3824 3135 3880 Filium
3169 3829 3481 3897 procedere;

1964 3911 2217 3976 Verbum,
2239 3913 2381 3983 quod
2401 3917 2468 3970 ab
2491 3916 2636 3969 omni
2667 3919 2968 3973 :eternitate
2990 3929 3107 3973 erat
3132 3922 3270 3991 apud
3302 3921 3490 3988 Deum,

1959 4006 2210 4074 quodque
2253 4009 2406 4076 quasi
2452 4024 2516 4062 ex
2565 4024 2631 4062 eo
2680 4009 2745 4064 ad
2791 4013 3082 4066 creandum
3111 4024 3164 4067 et
3197 4016 3489 4084 regendum

1960 4096 2214 4150 mumlum
2232 4098 2381 4165 exiit,
2406 4113 2687 4169 personam
2716 4116 2834 4155 esse
2858 4104 3386 4176 subsistentem,qua:
3405 4117 3489 4160 ta-

1962 4205 2082 4244 men
2114 4200 2162 4245 et
2193 4192 2337 4246 varia
2368 4208 2397 4246 a
2430 4193 2602 4248 Patris
2630 4194 2931 4251 substantia
2963 4212 3069 4251 non
3094 4211 3205 4264 est;
3233 4199 3358 4256 inde
3381 4216 3490 4258 non

1956 4283 2105 4352 sequi
2134 4282 2402 4339 duosesse
2418 4282 2774 4341 Deosctduos
2798 4287 3085 4353 Domitios;
3123 4291 3336 4356 Filium,
3375 4309 3483 4350 non

1958 4373 2213 4439 Patrem,
2269 4376 2465 4431 factum
2523 4378 2832 4446 hominem,
2893 4397 2992 4436 nec
3047 4383 3274 4440 desiisse
3317 4387 3488 4444 Deum

1957 4481 2108 4531 cs;-e,
2142 4469 2277 4523 adeo
2309 4480 2363 4523 ut
2390 4479 2593 4526 natura:
2627 4471 2875 4529 humana:
2904 4473 3159 4530 idiomata
3190 4477 3240 4531 in
3271 4477 3492 4534 Christo

253 4561 467 4615 lanista:
493 4561 561 4615 ab
588 4562 828 4616 Ecclesia
866 4563 1130 4616 catholica
1162 4579 1266 4617 non
1292 4562 1645 4618 dissidebant.
1675 4563 1773 4618 Voo
1803 4552 1856 4612 D

247 4653 442 4708 cabulo
492 4652 768 4708 Trinitatis
794 4654 895 4708 hoc
928 4655 979 4708 in
1010 4670 1172 4724 opere
1202 4655 1484 4722 Septimius
1515 4670 1775 4724 expresse

249 4749 438 4808 utitur,
471 4753 526 4799 et
557 4745 796 4800 fraudem
844 4745 1094 4816 patefacit
1125 4746 1501 4801 hmreticorum
1550 4762 1772 4801 monar-

245 4838 382 4890 chize
430 4853 622 4891 nomen
659 4840 1030 4908 usurpanlium
1061 4849 1119 4894 ut
1147 4841 1352 4894 unicum
1379 4841 1772 4910 omnipotentem

243 4933 427 4983 mundi
453 4942 727 4986 creatorem
767 4950 822 4987 se
849 4934 1106 4987 vindicare
1131 4931 1436 4989 rudioribus
1471 4934 1770 5002 suadeant,

243 5025 374 5078 dum
409 5026 618 5080 interim
650 5026 714 5080 de
739 5028 886 5080 unico
925 5028 1141 5081 liceresin
1171 5027 1384 5096 faciunt.
1419 5027 1488 5084 Ut
1517 5027 1690 5083 Patris
1719 5038 1776 5085 et

247 5119 367 5172 Filii
429 5134 775 5188 personarum
819 5121 1216 5177 distinctionem
1266 5122 1502 5185 evincat,
1536 5131 1770 5192 oportet,

250 5211 446 5280 inquit,
473 5221 632 5265 totum
670 5214 734 5266 de
769 5211 904 5266 Filio
932 5213 1215 5267 examinari
1241 5256 1256 5280 ,
1285 5231 1351 5267 an
1379 5215 1464 5280 sit,
1495 5223 1542 5267 et
1571 5215 1656 5282 qui
1682 5215 1768 5279 sit,

239 5313 288 5355 et
308 5304 567 5372 quomodo
593 5304 724 5358 sit...
751 5305 877 5358 Ante
891 5305 1062 5358 omnia
1091 5304 1226 5358 Deus
1257 5313 1362 5359 erat
1395 5305 1624 5359 solus....
1652 5305 1771 5375 quia

242 5397 536 5450 niliilaliud
555 5399 862 5453 extrinsecus
884 5409 1068 5469 pra'ter
1094 5399 1258 5452 illam.
1285 5398 1530 5453 Craterum
1560 5414 1623 5452 ne
1654 5408 1773 5451 tunc

238 5495 448 5563 quidem
477 5496 656 5559 solus;
700 5495 912 5549 habebat
941 5496 1074 5549 enim
1114 5511 1283 5549 secum
1324 5495 1572 5547 rationem
1599 5509 1770 5557 suam,

1955 4561 2168 4616 inventa
2200 4560 2421 4618 fuerint.
2460 4564 2579 4620 Uno
2606 4566 2798 4633 verbo,
2833 4569 3116 4638 perspicuae
3147 4571 3196 4624 in
3221 4569 3324 4626 hoc
3348 4581 3491 4628 trac.

1953 4665 2063 4710 tatu
2090 4656 2347 4712 Ecclesia:
2374 4659 2529 4713 fidem
2561 4658 2629 4713 de
2665 4659 2942 4716 Trinitatis
2969 4649 3182 4718 necnon
3237 4663 3484 4724 Incarna-

1952 4747 2111 4803 tionis
2142 4751 2413 4820 mysteriis
2437 4751 2705 4822 explanat.
2751 4751 2920 4808 Luae.

2449 4883 2676 4944 CAPUT
2726 4884 3023 4944 PRIMUM.

1951 5023 2116 5079 Varie
2142 5023 2388 5079 diabolus
2409 5023 2695 5080 aemulatus
2721 5033 2804 5080 est
2834 5025 3138 5081 veritatem.
3195 5026 3486 5086 Affectavit

1883 5117 2024 5170 illam
2057 5117 2345 5187 aliquando
2375 5115 2719 5171 defendendo
2760 5127 3070 5172 concutere.
3105 5117 3332 5175 Unicum
3357 5121 3480 5176 Do-

1881 5210 2082 5264 minum
2137 5209 2368 5266 vindicat
2410 5210 2836 5280 omnipotentem
2874 5209 3061 5265 mundi
3119 5212 3479 5284 conditorem,

1879 5313 1937 5356 ut
1967 5312 2021 5356 et
2063 5303 2130 5357 de
2158 5305 2315 5358 unico
2359 5303 2607 5358 haeresim
2651 5303 2832 5356 faciat.
2867 5301 3046 5371 Ipsum
3091 5305 3220 5359 dicit
3263 5305 3478 5364 Patrem

1875 5396 2222 5453 descendisse
2266 5399 2315 5452 in
2362 5398 2629 5466 Virginem
2662 5396 2768 5470 (l),
2803 5398 2976 5468 ipsum
3025 5414 3091 5453 ex
3141 5415 3202 5454 ea
3252 5411 3476 5470 natum,

1877 5491 2052 5560 ipsum
2088 5506 2326 5560 passum,
2355 5491 2583 5561 denique
2618 5493 2793 5561 ipsum
2825 5507 2944 5546 esse
2971 5490 3153 5546 Jcsmn
3177 5491 3473 5549 Christum.

236 5588 466 5650 verbum,
499 5587 800 5655 sapientiam
821 5605 838 5650 ;
857 5604 1008 5657 quant
1040 5598 1213 5657 postea
1241 5587 1308 5638 ad
1333 5596 1473 5640 extra
1501 5586 1687 5650 emisit,
1721 5595 1769 5638 et
1876 5582 2090 5637 Excidit
2117 5583 2219 5637 sibi
2250 5582 2492 5646 coluber,
2526 5583 2649 5652 quia
2679 5582 2862 5637 losum
2893 5579 3166 5637 Christum
3193 5593 3315 5653 post
3345 5584 3475 5653 bap-

240 5683 414 5751 {actus
464 5689 537 5734 est
584 5696 748 5734 sermo
776 5683 1013 5736 exterior.
1045 5681 1361 5738 Sermonem
1392 5679 1764 5750 appellandmn
1871 5676 2025 5730 tisma
2053 5674 2273 5731 Joannis
2313 5686 2541 5742 tcntans,
2575 5685 2634 5731 ut
2680 5675 2870 5731 Filium
2900 5675 2990 5734 Dei
3020 5691 3308 5749 aggressus
3342 5685 3468 5743 est;

1409 5793 1784 5850 LECTIONES
1827 5789 2241 5846 VARIANTES.

228 5893 302 5959 (l)
337 5889 543 5954 Virgine
569 5887 720 5940 Seml.
