  <div class='ocr_page' id='page_1' title='image "/cluster/home/n/w/nwhite01/storage/ocr_20150623/2/hvd.32044015466741/094.png"; bbox 0 0 4262 6490; ppageno 0'>
   <div class='ocr_carea' id='block_1_1' title="bbox 205 411 300 465">
    <p class='ocr_par' dir='ltr' id='par_1_1' title="bbox 205 411 300 465">
     <span class='ocr_line' id='line_1_1' title="bbox 205 411 300 465; baseline 0.011 -1"><span class='ocrx_word' id='word_1_1' title='bbox 205 411 300 465; x_wconf 75' lang='grc'><strong>153</strong></span> 
     </span>
    </p>
   </div>
   <div class='ocr_carea' id='block_1_2' title="bbox 1335 403 3506 464">
    <p class='ocr_par' dir='ltr' id='par_1_2' title="bbox 1335 403 3506 464">
     <span class='ocr_line' id='line_1_2' title="bbox 1335 403 3506 464; baseline -0.001 -2"><span class='ocrx_word' id='word_1_2' title='bbox 1335 406 1539 462; x_wconf 81' lang='lat' dir='ltr'><strong>LIBER</strong></span> <span class='ocrx_word' id='word_1_3' title='bbox 1580 405 1944 464; x_wconf 80' lang='lat' dir='ltr'><strong>ADVERSUS</strong></span> <span class='ocrx_word' id='word_1_4' title='bbox 1982 405 2336 464; x_wconf 77' lang='lat' dir='ltr'><strong>PRAXEAM.</strong></span> <span class='ocrx_word' id='word_1_5' title='bbox 3401 403 3506 459; x_wconf 63' lang='grc' dir='ltr'><strong>εδδ</strong></span> 
     </span>
    </p>
   </div>
   <div class='ocr_carea' id='block_1_3' title="bbox 200 517 3504 596">
    <p class='ocr_par' dir='ltr' id='par_1_3' title="bbox 200 517 3504 596">
     <span class='ocr_line' id='line_1_3' title="bbox 200 517 3504 596; baseline -0.001 -21"><span class='ocrx_word' id='word_1_6' title='bbox 200 527 316 578; x_wconf 77' lang='lat' dir='ltr'><strong>mihi</strong></span> <span class='ocrx_word' id='word_1_7' title='bbox 343 541 429 586; x_wconf 85' lang='lat' dir='ltr'><strong>es;</strong></span> <span class='ocrx_word' id='word_1_8' title='bbox 459 523 538 595; x_wconf 79' lang='grc' dir='ltr'><strong>(ιι)</strong></span> <span class='ocrx_word' id='word_1_9' title='bbox 566 525 810 596; x_wconf 85' lang='lat' dir='ltr'><strong>scriptum</strong></span> <span class='ocrx_word' id='word_1_10' title='bbox 842 533 913 578; x_wconf 79' lang='lat' dir='ltr'><strong>est</strong></span> <span class='ocrx_word' id='word_1_11' title='bbox 942 523 1245 578; x_wconf 80' lang='lat' dir='ltr'><strong>:llominum</strong></span> <span class='ocrx_word' id='word_1_12' title='bbox 1274 523 1438 577; x_wconf 76' lang='lat' dir='ltr'><strong>Deum</strong></span> <span class='ocrx_word' id='word_1_13' title='bbox 1476 534 1620 578; x_wconf 85' lang='lat' dir='ltr'><strong>tuum</strong></span> <span class='ocrx_word' id='word_1_14' title='bbox 1648 523 1778 576; x_wconf 87' lang='lat' dir='ltr'><strong>mlo-</strong></span> <span class='ocrx_word' id='word_1_15' title='bbox 1815 529 1864 586; x_wconf 85' lang='grc' dir='ltr'><strong>Λ</strong></span> <span class='ocrx_word' id='word_1_16' title='bbox 1895 524 1990 577; x_wconf 79' lang='lat' dir='ltr'><strong>ista</strong></span> <span class='ocrx_word' id='word_1_17' title='bbox 2023 523 2103 590; x_wconf 82' lang='lat' dir='ltr'><strong>(l)</strong></span> <span class='ocrx_word' id='word_1_18' title='bbox 2131 521 2385 585; x_wconf 78' lang='lat' dir='ltr'><strong>suﬂ‘utlit;</strong></span> <span class='ocrx_word' id='word_1_19' title='bbox 2424 521 2497 592; x_wconf 76' lang='grc' dir='ltr'><strong>(ὁ)</strong></span> <span class='ocrx_word' id='word_1_20' title='bbox 2546 521 2672 576; x_wconf 91' lang='lat' dir='ltr'><strong>nulli</strong></span> <span class='ocrx_word' id='word_1_21' title='bbox 2717 521 3050 576; x_wconf 83' lang='lat' dir='ltr'><strong>infirmorum</strong></span> <span class='ocrx_word' id='word_1_22' title='bbox 3082 517 3233 574; x_wconf 81' lang='lat' dir='ltr'><strong>facile</strong></span> <span class='ocrx_word' id='word_1_23' title='bbox 3272 518 3373 572; x_wconf 87' lang='lat' dir='ltr'><strong>nisi</strong></span> <span class='ocrx_word' id='word_1_24' title='bbox 3421 518 3504 590; x_wconf 69' lang='grc'><strong>(2)</strong></span> 
     </span>
    </p>
   </div>
   <div class='ocr_carea' id='block_1_4' title="bbox 201 615 1789 686">
    <p class='ocr_par' dir='ltr' id='par_1_4' title="bbox 201 615 1789 686">
     <span class='ocr_line' id='line_1_4' title="bbox 201 615 1789 686; baseline 0.001 -18"><span class='ocrx_word' id='word_1_25' title='bbox 201 617 347 670; x_wconf 71' lang='lat' dir='ltr'><strong>rubis.</strong></span> <span class='ocrx_word' id='word_1_26' title='bbox 382 627 426 670; x_wconf 85' lang='lat' dir='ltr'><strong>et</strong></span> <span class='ocrx_word' id='word_1_27' title='bbox 458 617 534 668; x_wconf 84' lang='lat' dir='ltr'><strong>illi</strong></span> <span class='ocrx_word' id='word_1_28' title='bbox 561 617 658 668; x_wconf 85' lang='lat' dir='ltr'><strong>soli</strong></span> <span class='ocrx_word' id='word_1_29' title='bbox 687 618 869 670; x_wconf 77' lang='lat' dir='ltr'><strong>servies</strong></span> <span class='ocrx_word' id='word_1_30' title='bbox 891 616 1068 686; x_wconf 84' lang='lat' dir='ltr'><strong>(Matt.</strong></span> <span class='ocrx_word' id='word_1_31' title='bbox 1097 615 1393 680; x_wconf 74' lang='lat' dir='ltr'><strong>XXVI,?.5;</strong></span> <span class='ocrx_word' id='word_1_32' title='bbox 1422 616 1507 678; x_wconf 87' lang='lat' dir='ltr'><strong>IV.</strong></span> <span class='ocrx_word' id='word_1_33' title='bbox 1545 617 1654 683; x_wconf 76' lang='grc'><strong>10).</strong></span> <span class='ocrx_word' id='word_1_34' title='bbox 1681 615 1789 669; x_wconf 89' lang='lat' dir='ltr'><strong>Sed</strong></span> 
     </span>
    </p>
   </div>
   <div class='ocr_carea' id='block_1_5' title="bbox 200 708 1792 778">
    <p class='ocr_par' dir='ltr' id='par_1_5' title="bbox 200 708 1792 778">
     <span class='ocr_line' id='line_1_5' title="bbox 200 708 1792 778; baseline 0.001 -18"><span class='ocrx_word' id='word_1_35' title='bbox 200 717 248 760; x_wconf 84' lang='lat' dir='ltr'><strong>et</strong></span> <span class='ocrx_word' id='word_1_36' title='bbox 279 725 417 762; x_wconf 90' lang='lat' dir='ltr'><strong>nunc</strong></span> <span class='ocrx_word' id='word_1_37' title='bbox 439 709 624 762; x_wconf 84' lang='lat' dir='ltr'><strong>audire</strong></span> <span class='ocrx_word' id='word_1_38' title='bbox 654 708 889 771; x_wconf 87' lang='lat' dir='ltr'><strong>debebit,</strong></span> <span class='ocrx_word' id='word_1_39' title='bbox 924 717 1186 778; x_wconf 83' lang='lat' dir='ltr'><strong>quatenus</strong></span> <span class='ocrx_word' id='word_1_40' title='bbox 1218 708 1387 764; x_wconf 89' lang='lat' dir='ltr'><strong>multo</strong></span> <span class='ocrx_word' id='word_1_41' title='bbox 1415 716 1552 778; x_wconf 92' lang='lat' dir='ltr'><strong>post,</strong></span> <span class='ocrx_word' id='word_1_42' title='bbox 1586 722 1792 762; x_wconf 90' lang='lat' dir='ltr'><strong>venena</strong></span> 
     </span>
    </p>
   </div>
   <div class='ocr_carea' id='block_1_6' title="bbox 1901 611 3500 684">
    <p class='ocr_par' dir='ltr' id='par_1_6' title="bbox 1901 611 3500 684">
     <span class='ocr_line' id='line_1_6' title="bbox 1901 611 3500 684; baseline -0.003 -16"><span class='ocrx_word' id='word_1_43' title='bbox 1901 616 2164 677; x_wconf 87' lang='lat' dir='ltr'><strong>nocitura,</strong></span> <span class='ocrx_word' id='word_1_44' title='bbox 2193 617 2236 667; x_wconf 89' lang='lat' dir='ltr'><strong>si</strong></span> <span class='ocrx_word' id='word_1_45' title='bbox 2267 614 2357 684; x_wconf 94' lang='lat' dir='ltr'><strong>qui</strong></span> <span class='ocrx_word' id='word_1_46' title='bbox 2387 630 2492 668; x_wconf 91' lang='lat' dir='ltr'><strong>non</strong></span> <span class='ocrx_word' id='word_1_47' title='bbox 2521 614 2656 668; x_wconf 84' lang='lat' dir='ltr'><strong>hanc</strong></span> <span class='ocrx_word' id='word_1_48' title='bbox 2687 625 2926 670; x_wconf 85' lang='lat' dir='ltr'><strong>nostram</strong></span> <span class='ocrx_word' id='word_1_49' title='bbox 2955 629 3020 668; x_wconf 90' lang='lat' dir='ltr'><strong>ex</strong></span> <span class='ocrx_word' id='word_1_50' title='bbox 3053 613 3135 683; x_wconf 83' lang='lat'><strong>(5)</strong></span> <span class='ocrx_word' id='word_1_51' title='bbox 3165 611 3270 666; x_wconf 87' lang='lat' dir='ltr'><strong>tide</strong></span> <span class='ocrx_word' id='word_1_52' title='bbox 3303 611 3500 681; x_wconf 68' lang='lat' dir='ltr'><strong>praebi-</strong></span> 
     </span>
    </p>
   </div>
   <div class='ocr_carea' id='block_1_7' title="bbox 1901 707 3073 778">
    <p class='ocr_par' dir='ltr' id='par_1_7' title="bbox 1901 707 3073 778">
     <span class='ocr_line' id='line_1_7' title="bbox 1901 707 3073 778; baseline 0 -18"><span class='ocrx_word' id='word_1_53' title='bbox 1901 707 2059 771; x_wconf 88' lang='lat' dir='ltr'><strong>berit,</strong></span> <span class='ocrx_word' id='word_1_54' title='bbox 2089 708 2170 761; x_wconf 84' lang='lat' dir='ltr'><strong>vel</strong></span> <span class='ocrx_word' id='word_1_55' title='bbox 2197 707 2356 761; x_wconf 89' lang='lat' dir='ltr'><strong>etiam</strong></span> <span class='ocrx_word' id='word_1_56' title='bbox 2385 707 2746 778; x_wconf 83' lang='lat' dir='ltr'><strong>superbibcrit</strong></span> <span class='ocrx_word' id='word_1_57' title='bbox 2774 707 3073 778; x_wconf 73' lang='lat' dir='ltr'><strong>potionem.</strong></span> 
     </span>
    </p>
   </div>
   <div class='ocr_carea' id='block_1_8' title="bbox 1441 819 2282 880">
    <p class='ocr_par' dir='ltr' id='par_1_8' title="bbox 1441 819 2282 880">
     <span class='ocr_line' id='line_1_8' title="bbox 1441 819 2282 880; baseline -0.006 -1"><span class='ocrx_word' id='word_1_58' title='bbox 1441 819 1823 880; x_wconf 81' lang='lat' dir='ltr'><strong>LECTIONES</strong></span> <span class='ocrx_word' id='word_1_59' title='bbox 1861 821 2169 878; x_wconf 71' lang='lat' dir='ltr'><strong>VARIANT</strong></span> <span class='ocrx_word' id='word_1_60' title='bbox 2179 821 2282 878; x_wconf 86' lang='lat' dir='ltr'><strong>ES.</strong></span> 
     </span>
    </p>
   </div>
   <div class='ocr_carea' id='block_1_9' title="bbox 265 937 634 996">
    <p class='ocr_par' dir='ltr' id='par_1_9' title="bbox 265 937 634 996">
     <span class='ocr_line' id='line_1_9' title="bbox 265 937 634 996; baseline -0.003 -11"><span class='ocrx_word' id='word_1_61' title='bbox 265 939 334 996; x_wconf 83' lang='grc'><strong>(1)</strong></span> <span class='ocrx_word' id='word_1_62' title='bbox 373 937 458 987; x_wconf 83' lang='lat' dir='ltr'><strong>Illa</strong></span> <span class='ocrx_word' id='word_1_63' title='bbox 487 947 634 988; x_wconf 78' lang='lat' dir='ltr'><strong>Frmt.</strong></span> 
     </span>
    </p>
   </div>
   <div class='ocr_carea' id='block_1_10' title="bbox 259 999 754 1062">
    <p class='ocr_par' dir='ltr' id='par_1_10' title="bbox 259 999 754 1062">
     <span class='ocr_line' id='line_1_10' title="bbox 259 999 754 1062; baseline 0.002 -14"><span class='ocrx_word' id='word_1_64' title='bbox 259 1001 329 1062; x_wconf 69' lang='grc' dir='ltr'><strong>(Ξ)</strong></span> <span class='ocrx_word' id='word_1_65' title='bbox 364 1002 402 1051; x_wconf 65' lang='grc' dir='ltr'><strong>Ν</strong></span> <span class='ocrx_word' id='word_1_66' title='bbox 412 1002 468 1050; x_wconf 87' lang='lat' dir='ltr'><strong>isi</strong></span> <span class='ocrx_word' id='word_1_67' title='bbox 485 1001 634 1052; x_wconf 83' lang='lat' dir='ltr'><strong>inser.</strong></span> <span class='ocrx_word' id='word_1_68' title='bbox 656 999 754 1062; x_wconf 83' lang='lat' dir='ltr'><strong>nig.</strong></span> 
     </span>
    </p>
   </div>
   <div class='ocr_carea' id='block_1_11' title="bbox 1978 934 2323 999">
    <p class='ocr_par' dir='ltr' id='par_1_11' title="bbox 1978 934 2323 999">
     <span class='ocr_line' id='line_1_11' title="bbox 1978 934 2323 999; baseline 0.006 -15"><span class='ocrx_word' id='word_1_69' title='bbox 1978 934 2046 999; x_wconf 78' lang='grc'><strong>(5)</strong></span> <span class='ocrx_word' id='word_1_70' title='bbox 2079 935 2146 986; x_wconf 84' lang='lat' dir='ltr'><strong>Ea</strong></span> <span class='ocrx_word' id='word_1_71' title='bbox 2172 936 2323 986; x_wconf 81' lang='lat' dir='ltr'><strong>Fran.</strong></span> 
     </span>
    </p>
   </div>
   <div class='ocr_carea' id='block_1_12' title="bbox 1553 1101 2116 1161">
    <p class='ocr_par' dir='ltr' id='par_1_12' title="bbox 1553 1101 2116 1161">
     <span class='ocr_line' id='line_1_12' title="bbox 1553 1101 2116 1161; baseline -0.002 -1"><span class='ocrx_word' id='word_1_72' title='bbox 1553 1101 2116 1161; x_wconf 75' lang='lat' dir='ltr'><strong>COMMENTARIUS.</strong></span> 
     </span>
    </p>
   </div>
   <div class='ocr_carea' id='block_1_13' title="bbox 267 1262 1790 1332">
    <p class='ocr_par' dir='ltr' id='par_1_13' title="bbox 267 1262 1790 1332">
     <span class='ocr_line' id='line_1_13' title="bbox 267 1262 1790 1332; baseline 0.006 -20"><span class='ocrx_word' id='word_1_73' title='bbox 267 1265 339 1332; x_wconf 74' lang='grc' dir='ltr'><strong>(τι)</strong></span> <span class='ocrx_word' id='word_1_74' title='bbox 370 1262 630 1332; x_wconf 85' lang='lat' dir='ltr'><strong>Scriptum</strong></span> <span class='ocrx_word' id='word_1_75' title='bbox 652 1273 722 1318; x_wconf 78' lang='lat' dir='ltr'><strong>est</strong></span> <span class='ocrx_word' id='word_1_76' title='bbox 739 1262 1046 1319; x_wconf 86' lang='lat' dir='ltr'><strong>:Dominum</strong></span> <span class='ocrx_word' id='word_1_77' title='bbox 1075 1264 1236 1320; x_wconf 86' lang='lat' dir='ltr'><strong>Deum</strong></span> <span class='ocrx_word' id='word_1_78' title='bbox 1256 1275 1394 1320; x_wconf 89' lang='lat' dir='ltr'><strong>tuum</strong></span> <span class='ocrx_word' id='word_1_79' title='bbox 1415 1265 1790 1326; x_wconf 83' lang='lat' dir='ltr'><strong>adorabis.cte.</strong></span> 
     </span>
    </p>
   </div>
   <div class='ocr_carea' id='block_1_14' title="bbox 202 1333 1790 1408">
    <p class='ocr_par' dir='ltr' id='par_1_14' title="bbox 202 1333 1790 1408">
     <span class='ocr_line' id='line_1_14' title="bbox 202 1333 1790 1408; baseline 0.006 -24"><span class='ocrx_word' id='word_1_80' title='bbox 202 1333 321 1387; x_wconf 63' lang='lat' dir='ltr'><strong>Hac</strong></span> <span class='ocrx_word' id='word_1_81' title='bbox 357 1336 423 1387; x_wconf 90' lang='lat' dir='ltr'><strong>ita</strong></span> <span class='ocrx_word' id='word_1_82' title='bbox 474 1351 530 1408; x_wconf 82' lang='lat' dir='ltr'><strong>se</strong></span> <span class='ocrx_word' id='word_1_83' title='bbox 563 1335 756 1388; x_wconf 78' lang='lat' dir='ltr'><strong>habent</strong></span> <span class='ocrx_word' id='word_1_84' title='bbox 795 1339 844 1389; x_wconf 88' lang='lat' dir='ltr'><strong>in</strong></span> <span class='ocrx_word' id='word_1_85' title='bbox 883 1339 1203 1407; x_wconf 63' lang='lat' dir='ltr'><strong>exemplari,</strong></span> <span class='ocrx_word' id='word_1_86' title='bbox 1250 1354 1369 1408; x_wconf 70' lang='lat' dir='ltr'><strong>quae</strong></span> <span class='ocrx_word' id='word_1_87' title='bbox 1418 1349 1595 1393; x_wconf 92' lang='lat' dir='ltr'><strong>tamen</strong></span> <span class='ocrx_word' id='word_1_88' title='bbox 1649 1338 1790 1393; x_wconf 93' lang='lat' dir='ltr'><strong>haud</strong></span> 
     </span>
    </p>
   </div>
   <div class='ocr_carea' id='block_1_15' title="bbox 202 1406 1786 1478">
    <p class='ocr_par' dir='ltr' id='par_1_15' title="bbox 202 1406 1786 1478">
     <span class='ocr_line' id='line_1_15' title="bbox 202 1406 1786 1478; baseline 0.004 -24"><span class='ocrx_word' id='word_1_89' title='bbox 202 1408 398 1457; x_wconf 72' lang='lat' dir='ltr'><strong>turiunt</strong></span> <span class='ocrx_word' id='word_1_90' title='bbox 427 1406 709 1471; x_wconf 70' lang='lat' dir='ltr'><strong>t|llitfqllattl</strong></span> <span class='ocrx_word' id='word_1_91' title='bbox 742 1408 806 1459; x_wconf 91' lang='lat' dir='ltr'><strong>ad</strong></span> <span class='ocrx_word' id='word_1_92' title='bbox 847 1406 1161 1462; x_wconf 85' lang='lat' dir='ltr'><strong>Tertulliani</strong></span> <span class='ocrx_word' id='word_1_93' title='bbox 1197 1406 1554 1478; x_wconf 83' lang='lat' dir='ltr'><strong>propositum,</strong></span> <span class='ocrx_word' id='word_1_94' title='bbox 1589 1419 1642 1463; x_wconf 92' lang='lat' dir='ltr'><strong>et</strong></span> <span class='ocrx_word' id='word_1_95' title='bbox 1668 1412 1786 1476; x_wconf 84' lang='lat' dir='ltr'><strong>epi-</strong></span> 
     </span>
    </p>
   </div>
   <div class='ocr_carea' id='block_1_16' title="bbox 200 1478 1790 1552">
    <p class='ocr_par' dir='ltr' id='par_1_16' title="bbox 200 1478 1790 1552">
     <span class='ocr_line' id='line_1_16' title="bbox 200 1478 1790 1552; baseline 0.006 -25"><span class='ocrx_word' id='word_1_96' title='bbox 200 1490 260 1527; x_wconf 87' lang='lat' dir='ltr'><strong>na</strong></span> <span class='ocrx_word' id='word_1_97' title='bbox 273 1489 390 1528; x_wconf 87' lang='lat' dir='ltr'><strong>mur</strong></span> <span class='ocrx_word' id='word_1_98' title='bbox 408 1478 561 1529; x_wconf 81' lang='lat' dir='ltr'><strong>insita</strong></span> <span class='ocrx_word' id='word_1_99' title='bbox 581 1478 740 1530; x_wconf 65' lang='lat' dir='ltr'><strong>fuisse</strong></span> <span class='ocrx_word' id='word_1_100' title='bbox 763 1479 949 1533; x_wconf 84' lang='lat' dir='ltr'><strong>eadem</strong></span> <span class='ocrx_word' id='word_1_101' title='bbox 979 1495 1159 1547; x_wconf 90' lang='lat' dir='ltr'><strong>manu,</strong></span> <span class='ocrx_word' id='word_1_102' title='bbox 1177 1496 1278 1552; x_wconf 89' lang='lat' dir='ltr'><strong>qua</strong></span> <span class='ocrx_word' id='word_1_103' title='bbox 1296 1481 1608 1551; x_wconf 71' lang='lat' dir='ltr'><strong>pra‘ccdcns</strong></span> <span class='ocrx_word' id='word_1_104' title='bbox 1624 1482 1790 1536; x_wconf 86' lang='lat' dir='ltr'><strong>incre-</strong></span> 
     </span>
    </p>
   </div>
   <div class='ocr_carea' id='block_1_17' title="bbox 1906 1261 3508 1338">
    <p class='ocr_par' dir='ltr' id='par_1_17' title="bbox 1906 1261 3508 1338">
     <span class='ocr_line' id='line_1_17' title="bbox 1906 1261 3508 1338; baseline -0.004 -18"><span class='ocrx_word' id='word_1_105' title='bbox 1906 1267 2049 1338; x_wconf 85' lang='lat' dir='ltr'><strong>patio</strong></span> <span class='ocrx_word' id='word_1_106' title='bbox 2075 1266 2281 1338; x_wconf 74' lang='lat' dir='ltr'><strong>«letorta</strong></span> <span class='ocrx_word' id='word_1_107' title='bbox 2311 1266 2362 1320; x_wconf 92' lang='lat' dir='ltr'><strong>in</strong></span> <span class='ocrx_word' id='word_1_108' title='bbox 2398 1265 2693 1332; x_wconf 86' lang='lat' dir='ltr'><strong>diabolum,</strong></span> <span class='ocrx_word' id='word_1_109' title='bbox 2725 1263 2905 1338; x_wconf 85' lang='lat' dir='ltr'><strong>ablato</strong></span> <span class='ocrx_word' id='word_1_110' title='bbox 2933 1263 3150 1318; x_wconf 87' lang='lat' dir='ltr'><strong>nomine</strong></span> <span class='ocrx_word' id='word_1_111' title='bbox 3171 1262 3341 1338; x_wconf 78' lang='lat' dir='ltr'><strong>Petri.</strong></span> <span class='ocrx_word' id='word_1_112' title='bbox 3360 1261 3468 1338; x_wconf 69' lang='lat' dir='ltr'><strong>itu:</strong></span> <span class='ocrx_word' id='word_1_113' title='bbox 3495 1300 3508 1314; x_wconf 95' lang='lat'><strong>.</strong></span> 
     </span>
    </p>
   </div>
   <div class='ocr_carea' id='block_1_18' title="bbox 1975 1333 3508 1420">
    <p class='ocr_par' dir='ltr' id='par_1_18' title="bbox 1975 1333 3508 1420">
     <span class='ocr_line' id='line_1_18' title="bbox 1975 1333 3508 1420; baseline -0.005 -29"><span class='ocrx_word' id='word_1_114' title='bbox 1975 1339 2055 1420; x_wconf 84' lang='lat' dir='ltr'><strong>(b)</strong></span> <span class='ocrx_word' id='word_1_115' title='bbox 2083 1337 2574 1420; x_wconf 35' lang='lat' dir='ltr'><strong>Nulliiullirmormn</strong></span> <span class='ocrx_word' id='word_1_116' title='bbox 2593 1337 2758 1420; x_wconf 50' lang='lat' dir='ltr'><strong>facile</strong></span> <span class='ocrx_word' id='word_1_117' title='bbox 2788 1336 2883 1420; x_wconf 77' lang='lat' dir='ltr'><strong>nisi</strong></span> <span class='ocrx_word' id='word_1_118' title='bbox 2914 1338 3163 1420; x_wconf 55' lang='lat' dir='ltr'><strong>nocitura.</strong></span> <span class='ocrx_word' id='word_1_119' title='bbox 3190 1333 3330 1416; x_wconf 83' lang='lat' dir='ltr'><strong>Nulli</strong></span> <span class='ocrx_word' id='word_1_120' title='bbox 3348 1335 3508 1420; x_wconf 63' lang='lat' dir='ltr'><strong>facile</strong></span> 
     </span>
    </p>
   </div>
   <div class='ocr_carea' id='block_1_19' title="bbox 1897 1404 3507 1478">
    <p class='ocr_par' dir='ltr' id='par_1_19' title="bbox 1897 1404 3507 1478">
     <span class='ocr_line' id='line_1_19' title="bbox 1897 1404 3507 1478; baseline -0.004 -14"><span class='ocrx_word' id='word_1_121' title='bbox 1897 1404 2171 1478; x_wconf 38' lang='lat' dir='ltr'><strong>niaijpro,</strong></span> <span class='ocrx_word' id='word_1_122' title='bbox 2206 1407 2342 1463; x_wconf 78' lang='lat' dir='ltr'><strong>Nulli</strong></span> <span class='ocrx_word' id='word_1_123' title='bbox 2374 1426 2476 1464; x_wconf 91' lang='lat' dir='ltr'><strong>nou</strong></span> <span class='ocrx_word' id='word_1_124' title='bbox 2506 1404 2662 1463; x_wconf 87' lang='lat' dir='ltr'><strong>facile</strong></span> <span class='ocrx_word' id='word_1_125' title='bbox 2691 1407 2955 1462; x_wconf 83' lang='lat' dir='ltr'><strong>nocitura.</strong></span> <span class='ocrx_word' id='word_1_126' title='bbox 2983 1406 3072 1462; x_wconf 89' lang='lat' dir='ltr'><strong>Sic</strong></span> <span class='ocrx_word' id='word_1_127' title='bbox 3119 1407 3262 1476; x_wconf 88' lang='lat' dir='ltr'><strong>loqui</strong></span> <span class='ocrx_word' id='word_1_128' title='bbox 3307 1404 3507 1476; x_wconf 86' lang='lat' dir='ltr'><strong>placuit</strong></span> 
     </span>
    </p>
   </div>
   <div class='ocr_carea' id='block_1_20' title="bbox 1894 1480 2332 1550">
    <p class='ocr_par' dir='ltr' id='par_1_20' title="bbox 1894 1480 2332 1550">
     <span class='ocr_line' id='line_1_20' title="bbox 1894 1480 2332 1550; baseline -0.009 -14"><span class='ocrx_word' id='word_1_129' title='bbox 1894 1480 2177 1550; x_wconf 85' lang='lat' dir='ltr'><strong>Septimio.</strong></span> <span class='ocrx_word' id='word_1_130' title='bbox 2214 1480 2332 1536; x_wconf 77' lang='lat' dir='ltr'><strong>RIG.</strong></span> 
     </span>
    </p>
   </div>
   <div class='ocr_carea' id='block_1_21' title="bbox 201 1677 3501 1719">
    <p class='ocr_par' dir='ltr' id='par_1_21' title="bbox 203 1677 3488 1684">
     <span class='ocr_line' id='line_1_21' title="bbox 203 1677 3488 1684; baseline 0.002 -2"><span class='ocrx_word' id='word_1_131' title='bbox 203 1677 2905 1684; x_wconf 42' lang='grc' dir='ltr'><em>Ψ</em></span> <span class='ocrx_word' id='word_1_132' title='bbox 3068 1677 3488 1680; x_wconf 67' lang='lat'><strong>_-&#39;—————&#39;</strong></span> 
     </span>
    </p>
   </div>
   <div class='ocr_carea' id='block_1_22' title="bbox 653 1809 3016 1901">
    <p class='ocr_par' dir='ltr' id='par_1_22' title="bbox 653 1809 3016 1901">
     <span class='ocr_line' id='line_1_22' title="bbox 653 1809 3016 1901; baseline -0.001 -17"><span class='ocrx_word' id='word_1_133' title='bbox 653 1815 1034 1901; x_wconf 80' lang='lat' dir='ltr'><strong>QUINTI</strong></span> <span class='ocrx_word' id='word_1_134' title='bbox 1087 1815 1572 1888; x_wconf 87' lang='lat' dir='ltr'><strong>SEPTIMII</strong></span> <span class='ocrx_word' id='word_1_135' title='bbox 1612 1813 2224 1885; x_wconf 79' lang='lat' dir='ltr'><strong>FLOBEN&#39;I‘IS</strong></span> <span class='ocrx_word' id='word_1_136' title='bbox 2280 1809 3016 1884; x_wconf 81' lang='lat' dir='ltr'><strong>TERTULLIANI</strong></span> 
     </span>
    </p>
   </div>
   <div class='ocr_carea' id='block_1_23' title="bbox 395 1981 3304 2132">
    <p class='ocr_par' dir='ltr' id='par_1_23' title="bbox 395 1981 3304 2132">
     <span class='ocr_line' id='line_1_23' title="bbox 395 1981 3304 2132; baseline -0.001 -8"><span class='ocrx_word' id='word_1_137' title='bbox 395 1984 995 2128; x_wconf 80' lang='lat' dir='ltr'>LIBER</span> <span class='ocrx_word' id='word_1_138' title='bbox 1100 1982 2160 2132; x_wconf 81' lang='lat' dir='ltr'>ADVERSUS</span> <span class='ocrx_word' id='word_1_139' title='bbox 2261 1981 3304 2126; x_wconf 80' lang='lat' dir='ltr'><strong>PRAXEAM.</strong></span> 
     </span>
    </p>
   </div>
   <div class='ocr_carea' id='block_1_24' title="bbox 198 2329 1871 2409">
    <p class='ocr_par' dir='ltr' id='par_1_24' title="bbox 198 2329 1871 2409">
     <span class='ocr_line' id='line_1_24' title="bbox 198 2329 1871 2409; baseline -0.001 -17"><span class='ocrx_word' id='word_1_140' title='bbox 198 2355 578 2393; x_wconf 65' lang='lat' dir='ltr'><strong>Ancrnesruu.</strong></span> <span class='ocrx_word' id='word_1_141' title='bbox 604 2368 676 2379; x_wconf 85' lang='lat'><strong>-—</strong></span> <span class='ocrx_word' id='word_1_142' title='bbox 708 2339 942 2395; x_wconf 83' lang='lat' dir='ltr'><strong>Praxeas</strong></span> <span class='ocrx_word' id='word_1_143' title='bbox 981 2337 1159 2409; x_wconf 72' lang='lat' dir='ltr'><strong>Phryx</strong></span> <span class='ocrx_word' id='word_1_144' title='bbox 1207 2351 1270 2391; x_wconf 77' lang='lat' dir='ltr'><strong>ex</strong></span> <span class='ocrx_word' id='word_1_145' title='bbox 1327 2335 1451 2390; x_wconf 77' lang='lat' dir='ltr'><strong>Asia</strong></span> <span class='ocrx_word' id='word_1_146' title='bbox 1494 2331 1790 2400; x_wconf 86' lang='lat' dir='ltr'><strong>oriundus,</strong></span> <span class='ocrx_word' id='word_1_147' title='bbox 1823 2329 1871 2390; x_wconf 90' lang='lat' dir='ltr'><strong>B</strong></span> 
     </span>
    </p>
   </div>
   <div class='ocr_carea' id='block_1_25' title="bbox 273 2428 1803 2500">
    <p class='ocr_par' dir='ltr' id='par_1_25' title="bbox 273 2428 1803 2500">
     <span class='ocr_line' id='line_1_25' title="bbox 273 2428 1803 2500; baseline -0.001 -16"><span class='ocrx_word' id='word_1_148' title='bbox 273 2435 392 2486; x_wconf 90' lang='lat' dir='ltr'><strong>lidei</strong></span> <span class='ocrx_word' id='word_1_149' title='bbox 435 2449 622 2487; x_wconf 80' lang='lat' dir='ltr'><strong>caussa</strong></span> <span class='ocrx_word' id='word_1_150' title='bbox 655 2436 1000 2486; x_wconf 81' lang='lat' dir='ltr'><strong>incarcerem</strong></span> <span class='ocrx_word' id='word_1_151' title='bbox 1035 2430 1308 2500; x_wconf 88' lang='lat' dir='ltr'><strong>conjectus</strong></span> <span class='ocrx_word' id='word_1_152' title='bbox 1349 2429 1515 2495; x_wconf 91' lang='lat' dir='ltr'><strong>olim,</strong></span> <span class='ocrx_word' id='word_1_153' title='bbox 1557 2428 1627 2483; x_wconf 94' lang='lat' dir='ltr'><strong>ob</strong></span> <span class='ocrx_word' id='word_1_154' title='bbox 1650 2429 1803 2496; x_wconf 88' lang='lat' dir='ltr'><strong>cujus</strong></span> 
     </span>
    </p>
   </div>
   <div class='ocr_carea' id='block_1_26' title="bbox 282 2521 1805 2590">
    <p class='ocr_par' dir='ltr' id='par_1_26' title="bbox 282 2521 1805 2590">
     <span class='ocr_line' id='line_1_26' title="bbox 282 2521 1805 2590; baseline -0.001 -12"><span class='ocrx_word' id='word_1_155' title='bbox 282 2542 346 2578; x_wconf 55' lang='grc' dir='ltr'><strong>κε</strong></span> <span class='ocrx_word' id='word_1_156' title='bbox 365 2537 573 2588; x_wconf 85' lang='lat' dir='ltr'><strong>umnas,</strong></span> <span class='ocrx_word' id='word_1_157' title='bbox 609 2542 713 2579; x_wconf 87' lang='lat' dir='ltr'><strong>non</strong></span> <span class='ocrx_word' id='word_1_158' title='bbox 739 2525 1025 2579; x_wconf 81' lang='lat' dir='ltr'><strong>admodum</strong></span> <span class='ocrx_word' id='word_1_159' title='bbox 1049 2521 1444 2590; x_wconf 76' lang='lat' dir='ltr'><strong>memorandus,</strong></span> <span class='ocrx_word' id='word_1_160' title='bbox 1462 2522 1643 2576; x_wconf 91' lang='lat' dir='ltr'><strong>animo</strong></span> <span class='ocrx_word' id='word_1_161' title='bbox 1671 2523 1805 2576; x_wconf 93' lang='lat' dir='ltr'><strong>mul-</strong></span> 
     </span>
    </p>
   </div>
   <div class='ocr_carea' id='block_1_27' title="bbox 281 2615 1801 2686">
    <p class='ocr_par' dir='ltr' id='par_1_27' title="bbox 281 2615 1801 2686">
     <span class='ocr_line' id='line_1_27' title="bbox 281 2615 1801 2686; baseline -0.001 -15"><span class='ocrx_word' id='word_1_162' title='bbox 281 2629 391 2671; x_wconf 92' lang='lat' dir='ltr'><strong>tum</strong></span> <span class='ocrx_word' id='word_1_163' title='bbox 437 2620 794 2680; x_wconf 83' lang='lat' dir='ltr'><strong>intumuerat;</strong></span> <span class='ocrx_word' id='word_1_164' title='bbox 827 2618 894 2672; x_wconf 88' lang='lat' dir='ltr'><strong>de</strong></span> <span class='ocrx_word' id='word_1_165' title='bbox 929 2619 1162 2672; x_wconf 71' lang='lat' dir='ltr'><strong>Ecclesia</strong></span> <span class='ocrx_word' id='word_1_166' title='bbox 1196 2627 1372 2670; x_wconf 90' lang='lat' dir='ltr'><strong>tamen</strong></span> <span class='ocrx_word' id='word_1_167' title='bbox 1398 2615 1610 2686; x_wconf 79' lang='lat' dir='ltr'><strong>egregie</strong></span> <span class='ocrx_word' id='word_1_168' title='bbox 1639 2615 1801 2670; x_wconf 86' lang='lat' dir='ltr'><strong>meri-</strong></span> 
     </span>
    </p>
   </div>
   <div class='ocr_carea' id='block_1_28' title="bbox 277 2707 1802 2778">
    <p class='ocr_par' dir='ltr' id='par_1_28' title="bbox 277 2707 1802 2778">
     <span class='ocr_line' id='line_1_28' title="bbox 277 2707 1802 2778; baseline -0.003 -16"><span class='ocrx_word' id='word_1_169' title='bbox 277 2721 362 2762; x_wconf 88' lang='lat' dir='ltr'><strong>tus</strong></span> <span class='ocrx_word' id='word_1_170' title='bbox 392 2721 541 2773; x_wconf 82' lang='lat' dir='ltr'><strong>erat;</strong></span> <span class='ocrx_word' id='word_1_171' title='bbox 590 2728 707 2764; x_wconf 90' lang='lat' dir='ltr'><strong>cum</strong></span> <span class='ocrx_word' id='word_1_172' title='bbox 754 2712 893 2763; x_wconf 73' lang='lat' dir='ltr'><strong>cutim</strong></span> <span class='ocrx_word' id='word_1_173' title='bbox 930 2708 1170 2764; x_wconf 74' lang='lat' dir='ltr'><strong>Pontifex</strong></span> <span class='ocrx_word' id='word_1_174' title='bbox 1231 2711 1248 2778; x_wconf 96' lang='lat'>(</span> <span class='ocrx_word' id='word_1_175' title='bbox 1277 2707 1622 2762; x_wconf 84' lang='lat' dir='ltr'><strong>Eleutherius</strong></span> <span class='ocrx_word' id='word_1_176' title='bbox 1649 2708 1802 2773; x_wconf 80' lang='lat' dir='ltr'><strong>aliis,</strong></span> 
     </span>
    </p>
   </div>
   <div class='ocr_carea' id='block_1_29' title="bbox 271 2800 1802 2873">
    <p class='ocr_par' dir='ltr' id='par_1_29' title="bbox 271 2800 1802 2873">
     <span class='ocr_line' id='line_1_29' title="bbox 271 2800 1802 2873; baseline -0.002 -18"><span class='ocrx_word' id='word_1_177' title='bbox 271 2805 389 2856; x_wconf 79' lang='lat' dir='ltr'><strong>aliis</strong></span> <span class='ocrx_word' id='word_1_178' title='bbox 419 2804 598 2857; x_wconf 77' lang='lat' dir='ltr'><strong>Victor</strong></span> <span class='ocrx_word' id='word_1_179' title='bbox 623 2804 845 2873; x_wconf 82' lang='lat' dir='ltr'><strong>dicitur)</strong></span> <span class='ocrx_word' id='word_1_180' title='bbox 872 2803 1252 2868; x_wconf 83' lang='lat' dir='ltr'><strong>Montanistas,</strong></span> <span class='ocrx_word' id='word_1_181' title='bbox 1283 2803 1371 2871; x_wconf 91' lang='lat' dir='ltr'><strong>qui</strong></span> <span class='ocrx_word' id='word_1_182' title='bbox 1403 2803 1453 2855; x_wconf 92' lang='lat' dir='ltr'><strong>in</strong></span> <span class='ocrx_word' id='word_1_183' title='bbox 1488 2800 1802 2855; x_wconf 88' lang='lat' dir='ltr'><strong>transmissa</strong></span> 
     </span>
    </p>
   </div>
   <div class='ocr_carea' id='block_1_30' title="bbox 277 2893 1801 2964">
    <p class='ocr_par' dir='ltr' id='par_1_30' title="bbox 277 2893 1801 2964">
     <span class='ocr_line' id='line_1_30' title="bbox 277 2893 1801 2964; baseline 0 -16"><span class='ocrx_word' id='word_1_184' title='bbox 277 2897 395 2949; x_wconf 69' lang='lat' dir='ltr'><strong>fidei</strong></span> <span class='ocrx_word' id='word_1_185' title='bbox 450 2897 780 2964; x_wconf 72' lang='lat' dir='ltr'><strong>professione</strong></span> <span class='ocrx_word' id='word_1_186' title='bbox 810 2898 1104 2951; x_wconf 85' lang='lat' dir='ltr'><strong>catholicos</strong></span> <span class='ocrx_word' id='word_1_187' title='bbox 1153 2912 1211 2951; x_wconf 92' lang='lat' dir='ltr'><strong>se</strong></span> <span class='ocrx_word' id='word_1_188' title='bbox 1260 2896 1535 2958; x_wconf 86' lang='lat' dir='ltr'><strong>ferebant,</strong></span> <span class='ocrx_word' id='word_1_189' title='bbox 1584 2893 1801 2963; x_wconf 89' lang='lat' dir='ltr'><strong>jamjam</strong></span> 
     </span>
    </p>
   </div>
   <div class='ocr_carea' id='block_1_31' title="bbox 271 2987 1796 3054">
    <p class='ocr_par' dir='ltr' id='par_1_31' title="bbox 271 2987 1796 3054">
     <span class='ocr_line' id='line_1_31' title="bbox 271 2987 1796 3054; baseline -0.001 -15"><span class='ocrx_word' id='word_1_190' title='bbox 271 2990 666 3042; x_wconf 71' lang='lat' dir='ltr'><strong>tronnnunionis</strong></span> <span class='ocrx_word' id='word_1_191' title='bbox 728 2989 920 3042; x_wconf 82' lang='lat' dir='ltr'><strong>litteris</strong></span> <span class='ocrx_word' id='word_1_192' title='bbox 961 2989 1162 3042; x_wconf 87' lang='lat' dir='ltr'><strong>donare</strong></span> <span class='ocrx_word' id='word_1_193' title='bbox 1219 2988 1414 3054; x_wconf 83' lang='lat' dir='ltr'><strong>vellet,</strong></span> <span class='ocrx_word' id='word_1_194' title='bbox 1460 2987 1690 3041; x_wconf 79' lang='lat' dir='ltr'><strong>Praxcas</strong></span> <span class='ocrx_word' id='word_1_195' title='bbox 1734 3003 1796 3040; x_wconf 89' lang='lat' dir='ltr'><strong>ex</strong></span> 
     </span>
    </p>
   </div>
   <div class='ocr_carea' id='block_1_32' title="bbox 277 3078 1800 3150">
    <p class='ocr_par' dir='ltr' id='par_1_32' title="bbox 277 3078 1800 3150">
     <span class='ocr_line' id='line_1_32' title="bbox 277 3078 1800 3150; baseline 0.002 -21"><span class='ocrx_word' id='word_1_196' title='bbox 277 3081 398 3132; x_wconf 61' lang='lat' dir='ltr'><strong>Asia</strong></span> <span class='ocrx_word' id='word_1_197' title='bbox 433 3091 541 3133; x_wconf 92' lang='lat' dir='ltr'><strong>tum</strong></span> <span class='ocrx_word' id='word_1_198' title='bbox 571 3081 866 3134; x_wconf 73' lang='lat' dir='ltr'><strong>adventans</strong></span> <span class='ocrx_word' id='word_1_199' title='bbox 894 3081 1134 3150; x_wconf 77' lang='lat' dir='ltr'><strong>vulgatos</strong></span> <span class='ocrx_word' id='word_1_200' title='bbox 1161 3096 1220 3132; x_wconf 85' lang='lat' dir='ltr'><strong>ea</strong></span> <span class='ocrx_word' id='word_1_201' title='bbox 1255 3081 1306 3133; x_wconf 92' lang='lat' dir='ltr'><strong>in</strong></span> <span class='ocrx_word' id='word_1_202' title='bbox 1337 3080 1608 3146; x_wconf 81' lang='lat' dir='ltr'><strong>provincia</strong></span> <span class='ocrx_word' id='word_1_203' title='bbox 1652 3078 1800 3132; x_wconf 81' lang='lat' dir='ltr'><strong>Mon-</strong></span> 
     </span>
    </p>
   </div>
   <div class='ocr_carea' id='block_1_33' title="bbox 275 3171 1800 3242">
    <p class='ocr_par' dir='ltr' id='par_1_33' title="bbox 275 3171 1800 3242">
     <span class='ocr_line' id='line_1_33' title="bbox 275 3171 1800 3242; baseline 0.001 -17"><span class='ocrx_word' id='word_1_204' title='bbox 275 3175 586 3226; x_wconf 57' lang='grc' dir='ltr'><strong>ιειιιίμιῖιιηιιιι</strong></span> <span class='ocrx_word' id='word_1_205' title='bbox 615 3189 826 3228; x_wconf 77' lang='lat' dir='ltr'><strong>errores</strong></span> <span class='ocrx_word' id='word_1_206' title='bbox 858 3175 1090 3242; x_wconf 85' lang='lat' dir='ltr'><strong>aperuit,</strong></span> <span class='ocrx_word' id='word_1_207' title='bbox 1125 3172 1428 3242; x_wconf 84' lang='lat' dir='ltr'><strong>ellecitque,</strong></span> <span class='ocrx_word' id='word_1_208' title='bbox 1458 3188 1524 3226; x_wconf 86' lang='lat' dir='ltr'><strong>ne</strong></span> <span class='ocrx_word' id='word_1_209' title='bbox 1552 3171 1800 3226; x_wconf 86' lang='lat' dir='ltr'><strong>homines</strong></span> 
     </span>
    </p>
   </div>
   <div class='ocr_carea' id='block_1_34' title="bbox 278 3262 1800 3333">
    <p class='ocr_par' dir='ltr' id='par_1_34' title="bbox 278 3262 1800 3333">
     <span class='ocr_line' id='line_1_34' title="bbox 278 3262 1800 3333; baseline -0.001 -18"><span class='ocrx_word' id='word_1_210' title='bbox 278 3266 349 3317; x_wconf 77' lang='lat' dir='ltr'><strong>till</strong></span> <span class='ocrx_word' id='word_1_211' title='bbox 378 3267 619 3333; x_wconf 72' lang='lat' dir='ltr'><strong>pootilii-i</strong></span> <span class='ocrx_word' id='word_1_212' title='bbox 648 3267 851 3333; x_wconf 86' lang='lat' dir='ltr'><strong>optimo</strong></span> <span class='ocrx_word' id='word_1_213' title='bbox 885 3265 1194 3328; x_wconf 88' lang='lat' dir='ltr'><strong>illuderent,</strong></span> <span class='ocrx_word' id='word_1_214' title='bbox 1223 3280 1350 3318; x_wconf 83' lang='lat' dir='ltr'><strong>suus</strong></span> <span class='ocrx_word' id='word_1_215' title='bbox 1376 3264 1590 3316; x_wconf 88' lang='lat' dir='ltr'><strong>demum</strong></span> <span class='ocrx_word' id='word_1_216' title='bbox 1633 3262 1800 3317; x_wconf 76' lang='lat' dir='ltr'><strong>fastus</strong></span> 
     </span>
    </p>
   </div>
   <div class='ocr_carea' id='block_1_35' title="bbox 270 3337 1870 3425">
    <p class='ocr_par' dir='ltr' id='par_1_35' title="bbox 270 3337 1870 3425">
     <span class='ocr_line' id='line_1_35' title="bbox 270 3337 1870 3425; baseline 0 -18"><span class='ocrx_word' id='word_1_217' title='bbox 270 3356 528 3408; x_wconf 87' lang='lat' dir='ltr'><strong>tuisermn</strong></span> <span class='ocrx_word' id='word_1_218' title='bbox 555 3357 784 3423; x_wconf 80' lang='lat' dir='ltr'><strong>perdidit</strong></span> <span class='ocrx_word' id='word_1_219' title='bbox 813 3375 824 3408; x_wconf 88' lang='lat'>:</span> <span class='ocrx_word' id='word_1_220' title='bbox 849 3356 975 3407; x_wconf 89' lang='lat' dir='ltr'><strong>tlum</strong></span> <span class='ocrx_word' id='word_1_221' title='bbox 1005 3355 1146 3408; x_wconf 86' lang='lat' dir='ltr'><strong>cuitu</strong></span> <span class='ocrx_word' id='word_1_222' title='bbox 1167 3356 1417 3425; x_wconf 80' lang='lat' dir='ltr'><strong>martyris</strong></span> <span class='ocrx_word' id='word_1_223' title='bbox 1448 3355 1614 3408; x_wconf 90' lang='lat' dir='ltr'><strong>titulis</strong></span> <span class='ocrx_word' id='word_1_224' title='bbox 1663 3371 1797 3408; x_wconf 83' lang='lat' dir='ltr'><strong>nun-</strong></span> <span class='ocrx_word' id='word_1_225' title='bbox 1827 3337 1870 3397; x_wconf 67' lang='grc' dir='ltr'>Ο</span> 
     </span>
    </p>
   </div>
   <div class='ocr_carea' id='block_1_36' title="bbox 269 3444 1798 3516">
    <p class='ocr_par' dir='ltr' id='par_1_36' title="bbox 269 3444 1798 3516">
     <span class='ocr_line' id='line_1_36' title="bbox 269 3444 1798 3516; baseline 0.003 -22"><span class='ocrx_word' id='word_1_226' title='bbox 269 3463 428 3516; x_wconf 84' lang='lat' dir='ltr'><strong>quam</strong></span> <span class='ocrx_word' id='word_1_227' title='bbox 485 3463 590 3499; x_wconf 87' lang='lat' dir='ltr'><strong>non</strong></span> <span class='ocrx_word' id='word_1_228' title='bbox 637 3447 927 3515; x_wconf 80' lang='lat' dir='ltr'><strong>gloriatur,</strong></span> <span class='ocrx_word' id='word_1_229' title='bbox 979 3460 1321 3501; x_wconf 81' lang='lat' dir='ltr'><strong>communem</strong></span> <span class='ocrx_word' id='word_1_230' title='bbox 1373 3461 1496 3500; x_wconf 91' lang='lat' dir='ltr'><strong>eum</strong></span> <span class='ocrx_word' id='word_1_231' title='bbox 1549 3444 1798 3514; x_wconf 80' lang='lat' dir='ltr'><strong>superbis</strong></span> 
     </span>
    </p>
   </div>
   <div class='ocr_carea' id='block_1_37' title="bbox 271 3536 1794 3604">
    <p class='ocr_par' dir='ltr' id='par_1_37' title="bbox 271 3536 1794 3604">
     <span class='ocr_line' id='line_1_37' title="bbox 271 3536 1794 3604; baseline 0.002 -17"><span class='ocrx_word' id='word_1_232' title='bbox 271 3539 524 3591; x_wconf 82' lang='lat' dir='ltr'><strong>omnibus</strong></span> <span class='ocrx_word' id='word_1_233' title='bbox 573 3540 794 3592; x_wconf 87' lang='lat' dir='ltr'><strong>sortitus</strong></span> <span class='ocrx_word' id='word_1_234' title='bbox 835 3550 916 3593; x_wconf 85' lang='lat' dir='ltr'><strong>est</strong></span> <span class='ocrx_word' id='word_1_235' title='bbox 967 3539 1169 3592; x_wconf 81' lang='lat' dir='ltr'><strong>exitum</strong></span> <span class='ocrx_word' id='word_1_236' title='bbox 1197 3580 1210 3604; x_wconf 93' lang='lat'><strong>,</strong></span> <span class='ocrx_word' id='word_1_237' title='bbox 1244 3553 1394 3592; x_wconf 65' lang='lat' dir='ltr'><strong>noue</strong></span> <span class='ocrx_word' id='word_1_238' title='bbox 1423 3547 1584 3593; x_wconf 72' lang='lat' dir='ltr'><strong>secta:</strong></span> <span class='ocrx_word' id='word_1_239' title='bbox 1615 3536 1794 3592; x_wconf 87' lang='lat' dir='ltr'><strong>infelix</strong></span> 
     </span>
    </p>
   </div>
   <div class='ocr_carea' id='block_1_38' title="bbox 267 3632 1794 3702">
    <p class='ocr_par' dir='ltr' id='par_1_38' title="bbox 267 3632 1794 3702">
     <span class='ocr_line' id='line_1_38' title="bbox 267 3632 1794 3702; baseline 0.001 -20"><span class='ocrx_word' id='word_1_240' title='bbox 267 3632 548 3695; x_wconf 79' lang='lat' dir='ltr'><strong>rmiditor;</strong></span> <span class='ocrx_word' id='word_1_241' title='bbox 582 3649 742 3686; x_wconf 93' lang='lat' dir='ltr'><strong>unmn</strong></span> <span class='ocrx_word' id='word_1_242' title='bbox 770 3634 913 3687; x_wconf 91' lang='lat' dir='ltr'><strong>enim</strong></span> <span class='ocrx_word' id='word_1_243' title='bbox 943 3633 1106 3687; x_wconf 81' lang='lat' dir='ltr'><strong>[leum</strong></span> <span class='ocrx_word' id='word_1_244' title='bbox 1137 3633 1206 3686; x_wconf 88' lang='lat' dir='ltr'><strong>ita</strong></span> <span class='ocrx_word' id='word_1_245' title='bbox 1237 3632 1470 3702; x_wconf 75' lang='lat' dir='ltr'><strong>agnovit,</strong></span> <span class='ocrx_word' id='word_1_246' title='bbox 1505 3639 1561 3686; x_wconf 91' lang='lat' dir='ltr'><strong>ut</strong></span> <span class='ocrx_word' id='word_1_247' title='bbox 1581 3645 1794 3684; x_wconf 91' lang='lat' dir='ltr'><strong>omnem</strong></span> 
     </span>
    </p>
   </div>
   <div class='ocr_carea' id='block_1_39' title="bbox 268 3725 1796 3793">
    <p class='ocr_par' dir='ltr' id='par_1_39' title="bbox 268 3725 1796 3793">
     <span class='ocr_line' id='line_1_39' title="bbox 268 3725 1796 3793; baseline -0.002 -15"><span class='ocrx_word' id='word_1_248' title='bbox 268 3741 620 3793; x_wconf 84' lang='lat' dir='ltr'><strong>personarum</strong></span> <span class='ocrx_word' id='word_1_249' title='bbox 665 3725 1064 3778; x_wconf 84' lang='lat' dir='ltr'><strong>distinctionem</strong></span> <span class='ocrx_word' id='word_1_250' title='bbox 1097 3725 1326 3789; x_wconf 87' lang='lat' dir='ltr'><strong>tolleret,</strong></span> <span class='ocrx_word' id='word_1_251' title='bbox 1360 3737 1677 3778; x_wconf 87' lang='lat' dir='ltr'><strong>asseverare</strong></span> <span class='ocrx_word' id='word_1_252' title='bbox 1700 3738 1796 3776; x_wconf 88' lang='lat' dir='ltr'><strong>au-</strong></span> 
     </span>
    </p>
   </div>
   <div class='ocr_carea' id='block_1_40' title="bbox 263 3816 1792 3884">
    <p class='ocr_par' dir='ltr' id='par_1_40' title="bbox 263 3816 1792 3884">
     <span class='ocr_line' id='line_1_40' title="bbox 263 3816 1792 3884; baseline 0.001 -17"><span class='ocrx_word' id='word_1_253' title='bbox 263 3833 356 3868; x_wconf 69' lang='lat' dir='ltr'><strong>sus</strong></span> <span class='ocrx_word' id='word_1_254' title='bbox 380 3859 395 3879; x_wconf 89' lang='lat'><strong>,</strong></span> <span class='ocrx_word' id='word_1_255' title='bbox 430 3817 602 3883; x_wconf 88' lang='lat' dir='ltr'><strong>ipsum</strong></span> <span class='ocrx_word' id='word_1_256' title='bbox 638 3816 846 3869; x_wconf 82' lang='lat' dir='ltr'><strong>Patrem</strong></span> <span class='ocrx_word' id='word_1_257' title='bbox 881 3832 1097 3869; x_wconf 88' lang='lat' dir='ltr'><strong>carnem</strong></span> <span class='ocrx_word' id='word_1_258' title='bbox 1131 3817 1423 3884; x_wconf 86' lang='lat' dir='ltr'><strong>sumpsisse</strong></span> <span class='ocrx_word' id='word_1_259' title='bbox 1449 3855 1465 3880; x_wconf 93' lang='lat'><strong>,</strong></span> <span class='ocrx_word' id='word_1_260' title='bbox 1495 3816 1545 3868; x_wconf 93' lang='lat' dir='ltr'><strong>in</strong></span> <span class='ocrx_word' id='word_1_261' title='bbox 1577 3829 1792 3869; x_wconf 85' lang='lat' dir='ltr'><strong>crucem</strong></span> 
     </span>
    </p>
   </div>
   <div class='ocr_carea' id='block_1_41' title="bbox 265 3907 1793 3975">
    <p class='ocr_par' dir='ltr' id='par_1_41' title="bbox 265 3907 1793 3975">
     <span class='ocr_line' id='line_1_41' title="bbox 265 3907 1793 3975; baseline 0 -14"><span class='ocrx_word' id='word_1_262' title='bbox 265 3919 466 3975; x_wconf 87' lang='lat' dir='ltr'><strong>actum,</strong></span> <span class='ocrx_word' id='word_1_263' title='bbox 497 3920 550 3965; x_wconf 91' lang='lat' dir='ltr'><strong>et</strong></span> <span class='ocrx_word' id='word_1_264' title='bbox 573 3910 641 3963; x_wconf 87' lang='lat' dir='ltr'><strong>ad</strong></span> <span class='ocrx_word' id='word_1_265' title='bbox 664 3926 813 3964; x_wconf 85' lang='lat' dir='ltr'><strong>suam</strong></span> <span class='ocrx_word' id='word_1_266' title='bbox 841 3910 998 3964; x_wconf 88' lang='lat' dir='ltr'><strong>hodie</strong></span> <span class='ocrx_word' id='word_1_267' title='bbox 1027 3909 1302 3962; x_wconf 72' lang='lat' dir='ltr'><strong>dexteram</strong></span> <span class='ocrx_word' id='word_1_268' title='bbox 1331 3907 1634 3962; x_wconf 83' lang='lat' dir='ltr'><strong>considere.</strong></span> <span class='ocrx_word' id='word_1_269' title='bbox 1664 3907 1793 3962; x_wconf 91' lang='lat' dir='ltr'><strong>Sec-</strong></span> 
     </span>
    </p>
   </div>
   <div class='ocr_carea' id='block_1_42' title="bbox 266 3998 1788 4070">
    <p class='ocr_par' dir='ltr' id='par_1_42' title="bbox 266 3998 1788 4070">
     <span class='ocr_line' id='line_1_42' title="bbox 266 3998 1788 4070; baseline -0.002 -15"><span class='ocrx_word' id='word_1_270' title='bbox 266 4013 471 4057; x_wconf 82' lang='lat' dir='ltr'><strong>tatores</strong></span> <span class='ocrx_word' id='word_1_271' title='bbox 516 4003 656 4057; x_wconf 90' lang='lat' dir='ltr'><strong>illius</strong></span> <span class='ocrx_word' id='word_1_272' title='bbox 699 4000 1091 4070; x_wconf 77' lang='lat' dir='ltr'><strong>Patmpassiaui</strong></span> <span class='ocrx_word' id='word_1_273' title='bbox 1140 4010 1230 4054; x_wconf 88' lang='lat' dir='ltr'><strong>aut</strong></span> <span class='ocrx_word' id='word_1_274' title='bbox 1263 3998 1592 4053; x_wconf 79' lang='lat' dir='ltr'><strong>&#39;Monarchit&#39;i</strong></span> <span class='ocrx_word' id='word_1_275' title='bbox 1638 3999 1788 4064; x_wconf 87' lang='lat' dir='ltr'><strong>dicti,</strong></span> 
     </span>
    </p>
   </div>
   <div class='ocr_carea' id='block_1_43' title="bbox 265 4092 1792 4162">
    <p class='ocr_par' dir='ltr' id='par_1_43' title="bbox 265 4092 1792 4162">
     <span class='ocr_line' id='line_1_43' title="bbox 265 4092 1792 4162; baseline 0 -18"><span class='ocrx_word' id='word_1_276' title='bbox 265 4095 407 4162; x_wconf 88' lang='lat' dir='ltr'><strong>quod</strong></span> <span class='ocrx_word' id='word_1_277' title='bbox 437 4109 594 4148; x_wconf 91' lang='lat' dir='ltr'><strong>unam</strong></span> <span class='ocrx_word' id='word_1_278' title='bbox 634 4093 894 4148; x_wconf 77' lang='lat' dir='ltr'><strong>duntaxat</strong></span> <span class='ocrx_word' id='word_1_279' title='bbox 921 4094 1276 4147; x_wconf 73' lang='lat' dir='ltr'><strong>sanctissima:</strong></span> <span class='ocrx_word' id='word_1_280' title='bbox 1304 4092 1580 4146; x_wconf 88' lang='lat' dir='ltr'><strong>Trinitatis</strong></span> <span class='ocrx_word' id='word_1_281' title='bbox 1610 4105 1792 4162; x_wconf 85' lang='lat' dir='ltr'><strong>perso-</strong></span> 
     </span>
    </p>
   </div>
   <div class='ocr_carea' id='block_1_44' title="bbox 266 4197 734 4243">
    <p class='ocr_par' dir='ltr' id='par_1_44' title="bbox 266 4197 734 4243">
     <span class='ocr_line' id='line_1_44' title="bbox 266 4197 734 4243; baseline 0 -1"><span class='ocrx_word' id='word_1_282' title='bbox 266 4205 386 4243; x_wconf 87' lang='lat' dir='ltr'><strong>nam</strong></span> <span class='ocrx_word' id='word_1_283' title='bbox 419 4197 734 4242; x_wconf 85' lang='lat' dir='ltr'><strong>statuerent.</strong></span> 
     </span>
    </p>
   </div>
   <div class='ocr_carea' id='block_1_45' title="bbox 200 4279 1787 4351">
    <p class='ocr_par' dir='ltr' id='par_1_45' title="bbox 200 4279 1787 4351">
     <span class='ocr_line' id='line_1_45' title="bbox 200 4279 1787 4351; baseline -0.003 -15"><span class='ocrx_word' id='word_1_284' title='bbox 200 4281 748 4345; x_wconf 71' lang='lat' dir='ltr'><strong>Prrestautissimum,</strong></span> <span class='ocrx_word' id='word_1_285' title='bbox 803 4279 943 4351; x_wconf 89' lang='lat' dir='ltr'><strong>quod</strong></span> <span class='ocrx_word' id='word_1_286' title='bbox 999 4288 1145 4335; x_wconf 90' lang='lat' dir='ltr'><strong>certe</strong></span> <span class='ocrx_word' id='word_1_287' title='bbox 1197 4289 1321 4350; x_wconf 91' lang='lat' dir='ltr'><strong>post</strong></span> <span class='ocrx_word' id='word_1_288' title='bbox 1371 4280 1576 4349; x_wconf 85' lang='lat' dir='ltr'><strong>lapsum</strong></span> <span class='ocrx_word' id='word_1_289' title='bbox 1634 4295 1787 4334; x_wconf 90' lang='lat' dir='ltr'><strong>suum</strong></span> 
     </span>
    </p>
   </div>
   <div class='ocr_carea' id='block_1_46' title="bbox 262 4372 1788 4444">
    <p class='ocr_par' dir='ltr' id='par_1_46' title="bbox 262 4372 1788 4444">
     <span class='ocr_line' id='line_1_46' title="bbox 262 4372 1788 4444; baseline 0.001 -18"><span class='ocrx_word' id='word_1_290' title='bbox 262 4374 508 4442; x_wconf 76' lang='lat' dir='ltr'><strong>scripsit,</strong></span> <span class='ocrx_word' id='word_1_291' title='bbox 541 4383 623 4426; x_wconf 91' lang='lat' dir='ltr'><strong>est</strong></span> <span class='ocrx_word' id='word_1_292' title='bbox 652 4372 779 4426; x_wconf 90' lang='lat' dir='ltr'><strong>illud</strong></span> <span class='ocrx_word' id='word_1_293' title='bbox 806 4384 992 4428; x_wconf 87' lang='lat' dir='ltr'><strong>contra</strong></span> <span class='ocrx_word' id='word_1_294' title='bbox 1021 4373 1304 4436; x_wconf 87' lang='lat' dir='ltr'><strong>Praxeam,</strong></span> <span class='ocrx_word' id='word_1_295' title='bbox 1327 4389 1436 4444; x_wconf 89' lang='lat' dir='ltr'><strong>quo</strong></span> <span class='ocrx_word' id='word_1_296' title='bbox 1477 4374 1636 4427; x_wconf 87' lang='lat' dir='ltr'><strong>fidem</strong></span> <span class='ocrx_word' id='word_1_297' title='bbox 1666 4373 1788 4428; x_wconf 84' lang='lat' dir='ltr'><strong>Tri-</strong></span> 
     </span>
    </p>
   </div>
   <div class='ocr_carea' id='block_1_47' title="bbox 266 4465 1789 4536">
    <p class='ocr_par' dir='ltr' id='par_1_47' title="bbox 266 4465 1789 4536">
     <span class='ocr_line' id='line_1_47' title="bbox 266 4465 1789 4536; baseline 0.001 -18"><span class='ocrx_word' id='word_1_298' title='bbox 266 4467 450 4519; x_wconf 82' lang='lat' dir='ltr'><strong>uitatis</strong></span> <span class='ocrx_word' id='word_1_299' title='bbox 481 4467 707 4536; x_wconf 83' lang='lat' dir='ltr'><strong>suscipit</strong></span> <span class='ocrx_word' id='word_1_300' title='bbox 735 4465 1149 4529; x_wconf 82' lang='lat' dir='ltr'><strong>defendendam,</strong></span> <span class='ocrx_word' id='word_1_301' title='bbox 1185 4465 1251 4521; x_wconf 88' lang='lat' dir='ltr'><strong>de</strong></span> <span class='ocrx_word' id='word_1_302' title='bbox 1285 4467 1381 4521; x_wconf 91' lang='lat' dir='ltr'><strong>hac</strong></span> <span class='ocrx_word' id='word_1_303' title='bbox 1412 4469 1606 4520; x_wconf 92' lang='lat' dir='ltr'><strong>ctenim</strong></span> <span class='ocrx_word' id='word_1_304' title='bbox 1644 4465 1789 4519; x_wconf 85' lang='lat' dir='ltr'><strong>Mon-</strong></span> 
     </span>
    </p>
   </div>
   <div class='ocr_carea' id='block_1_48' title="bbox 265 4549 1868 4615">
    <p class='ocr_par' dir='ltr' id='par_1_48' title="bbox 265 4549 1868 4615">
     <span class='ocr_line' id='line_1_48' title="bbox 265 4549 1868 4615; baseline -0.002 -1"><span class='ocrx_word' id='word_1_305' title='bbox 265 4562 478 4614; x_wconf 80' lang='lat' dir='ltr'><strong>tanista:</strong></span> <span class='ocrx_word' id='word_1_306' title='bbox 505 4560 572 4614; x_wconf 88' lang='lat' dir='ltr'><strong>ab</strong></span> <span class='ocrx_word' id='word_1_307' title='bbox 599 4561 840 4615; x_wconf 83' lang='lat' dir='ltr'><strong>Ecclesia</strong></span> <span class='ocrx_word' id='word_1_308' title='bbox 878 4561 1140 4614; x_wconf 89' lang='lat' dir='ltr'><strong>catholica</strong></span> <span class='ocrx_word' id='word_1_309' title='bbox 1173 4577 1278 4615; x_wconf 88' lang='lat' dir='ltr'><strong>non</strong></span> <span class='ocrx_word' id='word_1_310' title='bbox 1304 4559 1658 4615; x_wconf 83' lang='lat' dir='ltr'><strong>dissidebant.</strong></span> <span class='ocrx_word' id='word_1_311' title='bbox 1687 4559 1785 4614; x_wconf 88' lang='lat' dir='ltr'><strong>Vo-</strong></span> <span class='ocrx_word' id='word_1_312' title='bbox 1815 4549 1868 4610; x_wconf 92' lang='lat' dir='ltr'><strong>D</strong></span> 
     </span>
    </p>
   </div>
   <div class='ocr_carea' id='block_1_49' title="bbox 259 4652 1788 4722">
    <p class='ocr_par' dir='ltr' id='par_1_49' title="bbox 259 4652 1788 4722">
     <span class='ocr_line' id='line_1_49' title="bbox 259 4652 1788 4722; baseline 0.001 -16"><span class='ocrx_word' id='word_1_313' title='bbox 259 4653 452 4706; x_wconf 86' lang='lat' dir='ltr'><strong>cabolo</strong></span> <span class='ocrx_word' id='word_1_314' title='bbox 503 4652 779 4706; x_wconf 87' lang='lat' dir='ltr'><strong>Trinitatis</strong></span> <span class='ocrx_word' id='word_1_315' title='bbox 805 4652 906 4706; x_wconf 89' lang='lat' dir='ltr'><strong>hoc</strong></span> <span class='ocrx_word' id='word_1_316' title='bbox 940 4653 991 4706; x_wconf 92' lang='lat' dir='ltr'><strong>in</strong></span> <span class='ocrx_word' id='word_1_317' title='bbox 1022 4668 1183 4722; x_wconf 85' lang='lat' dir='ltr'><strong>opere</strong></span> <span class='ocrx_word' id='word_1_318' title='bbox 1213 4653 1496 4720; x_wconf 77' lang='lat' dir='ltr'><strong>Septimius</strong></span> <span class='ocrx_word' id='word_1_319' title='bbox 1527 4667 1788 4721; x_wconf 79' lang='lat' dir='ltr'><strong>expresse</strong></span> 
     </span>
    </p>
   </div>
   <div class='ocr_carea' id='block_1_50' title="bbox 263 4743 1784 4814">
    <p class='ocr_par' dir='ltr' id='par_1_50' title="bbox 263 4743 1784 4814">
     <span class='ocr_line' id='line_1_50' title="bbox 263 4743 1784 4814; baseline 0.003 -20"><span class='ocrx_word' id='word_1_320' title='bbox 263 4748 448 4809; x_wconf 88' lang='lat' dir='ltr'><strong>utitur,</strong></span> <span class='ocrx_word' id='word_1_321' title='bbox 481 4752 537 4797; x_wconf 90' lang='lat' dir='ltr'><strong>et</strong></span> <span class='ocrx_word' id='word_1_322' title='bbox 567 4743 807 4798; x_wconf 89' lang='lat' dir='ltr'><strong>fraudem</strong></span> <span class='ocrx_word' id='word_1_323' title='bbox 855 4743 1106 4814; x_wconf 81' lang='lat' dir='ltr'><strong>patefacit</strong></span> <span class='ocrx_word' id='word_1_324' title='bbox 1135 4743 1513 4798; x_wconf 69' lang='lat' dir='ltr'><strong>hmreticorutn</strong></span> <span class='ocrx_word' id='word_1_325' title='bbox 1561 4759 1784 4798; x_wconf 86' lang='lat' dir='ltr'><strong>monar-</strong></span> 
     </span>
    </p>
   </div>
   <div class='ocr_carea' id='block_1_51' title="bbox 259 4837 1784 4907">
    <p class='ocr_par' dir='ltr' id='par_1_51' title="bbox 259 4837 1784 4907">
     <span class='ocr_line' id='line_1_51' title="bbox 259 4837 1784 4907; baseline 0.002 -18"><span class='ocrx_word' id='word_1_326' title='bbox 259 4837 393 4889; x_wconf 81' lang='lat' dir='ltr'><strong>chia:</strong></span> <span class='ocrx_word' id='word_1_327' title='bbox 440 4851 634 4890; x_wconf 87' lang='lat' dir='ltr'><strong>nomen</strong></span> <span class='ocrx_word' id='word_1_328' title='bbox 671 4838 1041 4906; x_wconf 84' lang='lat' dir='ltr'><strong>usurpantium</strong></span> <span class='ocrx_word' id='word_1_329' title='bbox 1072 4847 1130 4892; x_wconf 95' lang='lat' dir='ltr'><strong>ut</strong></span> <span class='ocrx_word' id='word_1_330' title='bbox 1159 4839 1364 4891; x_wconf 85' lang='lat' dir='ltr'><strong>unicum</strong></span> <span class='ocrx_word' id='word_1_331' title='bbox 1391 4838 1784 4907; x_wconf 88' lang='lat' dir='ltr'><strong>omnipotentem</strong></span> 
     </span>
    </p>
   </div>
   <div class='ocr_carea' id='block_1_52' title="bbox 258 4928 1782 4998">
    <p class='ocr_par' dir='ltr' id='par_1_52' title="bbox 258 4928 1782 4998">
     <span class='ocr_line' id='line_1_52' title="bbox 258 4928 1782 4998; baseline 0.003 -16"><span class='ocrx_word' id='word_1_332' title='bbox 258 4932 437 4983; x_wconf 85' lang='lat' dir='ltr'><strong>mundi</strong></span> <span class='ocrx_word' id='word_1_333' title='bbox 462 4940 738 4985; x_wconf 84' lang='lat' dir='ltr'><strong>creatorem</strong></span> <span class='ocrx_word' id='word_1_334' title='bbox 780 4949 834 4985; x_wconf 87' lang='lat' dir='ltr'><strong>se</strong></span> <span class='ocrx_word' id='word_1_335' title='bbox 861 4932 1117 4985; x_wconf 79' lang='lat' dir='ltr'><strong>vindicare</strong></span> <span class='ocrx_word' id='word_1_336' title='bbox 1142 4928 1448 4987; x_wconf 84' lang='lat' dir='ltr'><strong>rudioribus</strong></span> <span class='ocrx_word' id='word_1_337' title='bbox 1483 4931 1782 4998; x_wconf 89' lang='lat' dir='ltr'><strong>suadeant,</strong></span> 
     </span>
    </p>
   </div>
   <div class='ocr_carea' id='block_1_53' title="bbox 259 5024 1788 5094">
    <p class='ocr_par' dir='ltr' id='par_1_53' title="bbox 259 5024 1788 5094">
     <span class='ocr_line' id='line_1_53' title="bbox 259 5024 1788 5094; baseline 0.004 -19"><span class='ocrx_word' id='word_1_338' title='bbox 259 5025 386 5078; x_wconf 89' lang='lat' dir='ltr'><strong>dum</strong></span> <span class='ocrx_word' id='word_1_339' title='bbox 420 5025 629 5078; x_wconf 90' lang='lat' dir='ltr'><strong>interim</strong></span> <span class='ocrx_word' id='word_1_340' title='bbox 661 5025 725 5079; x_wconf 85' lang='lat' dir='ltr'><strong>de</strong></span> <span class='ocrx_word' id='word_1_341' title='bbox 750 5027 898 5078; x_wconf 88' lang='lat' dir='ltr'><strong>unico</strong></span> <span class='ocrx_word' id='word_1_342' title='bbox 937 5027 1152 5079; x_wconf 78' lang='lat' dir='ltr'><strong>Itwresin</strong></span> <span class='ocrx_word' id='word_1_343' title='bbox 1183 5026 1396 5094; x_wconf 81' lang='lat' dir='ltr'><strong>facitmt.</strong></span> <span class='ocrx_word' id='word_1_344' title='bbox 1432 5024 1500 5081; x_wconf 87' lang='lat' dir='ltr'><strong>Ut</strong></span> <span class='ocrx_word' id='word_1_345' title='bbox 1529 5025 1703 5080; x_wconf 85' lang='lat' dir='ltr'><strong>Patris</strong></span> <span class='ocrx_word' id='word_1_346' title='bbox 1732 5035 1788 5082; x_wconf 85' lang='lat' dir='ltr'><strong>et</strong></span> 
     </span>
    </p>
   </div>
   <div class='ocr_carea' id='block_1_54' title="bbox 261 5118 1783 5189">
    <p class='ocr_par' dir='ltr' id='par_1_54' title="bbox 261 5118 1783 5189">
     <span class='ocr_line' id='line_1_54' title="bbox 261 5118 1783 5189; baseline 0.001 -18"><span class='ocrx_word' id='word_1_347' title='bbox 261 5118 378 5171; x_wconf 76' lang='lat' dir='ltr'><strong>Filii</strong></span> <span class='ocrx_word' id='word_1_348' title='bbox 440 5133 786 5187; x_wconf 87' lang='lat' dir='ltr'><strong>personarum</strong></span> <span class='ocrx_word' id='word_1_349' title='bbox 831 5119 1228 5175; x_wconf 88' lang='lat' dir='ltr'><strong>distinctionem</strong></span> <span class='ocrx_word' id='word_1_350' title='bbox 1277 5120 1514 5182; x_wconf 79' lang='lat' dir='ltr'><strong>evincat,</strong></span> <span class='ocrx_word' id='word_1_351' title='bbox 1549 5129 1783 5189; x_wconf 45' lang='lat' dir='ltr'><strong>,oportet,</strong></span> 
     </span>
    </p>
   </div>
   <div class='ocr_carea' id='block_1_55' title="bbox 264 5210 1780 5280">
    <p class='ocr_par' dir='ltr' id='par_1_55' title="bbox 264 5210 1780 5280">
     <span class='ocr_line' id='line_1_55' title="bbox 264 5210 1780 5280; baseline 0.001 -17"><span class='ocrx_word' id='word_1_352' title='bbox 264 5210 456 5280; x_wconf 87' lang='lat' dir='ltr'><strong>inquit,</strong></span> <span class='ocrx_word' id='word_1_353' title='bbox 485 5220 644 5264; x_wconf 86' lang='lat' dir='ltr'><strong>totum</strong></span> <span class='ocrx_word' id='word_1_354' title='bbox 681 5213 746 5265; x_wconf 86' lang='lat' dir='ltr'><strong>de</strong></span> <span class='ocrx_word' id='word_1_355' title='bbox 780 5210 916 5265; x_wconf 84' lang='lat' dir='ltr'><strong>Filio</strong></span> <span class='ocrx_word' id='word_1_356' title='bbox 943 5212 1226 5265; x_wconf 76' lang='lat' dir='ltr'><strong>examinari</strong></span> <span class='ocrx_word' id='word_1_357' title='bbox 1253 5253 1267 5277; x_wconf 94' lang='lat'><strong>,</strong></span> <span class='ocrx_word' id='word_1_358' title='bbox 1296 5229 1363 5265; x_wconf 87' lang='lat' dir='ltr'><strong>an</strong></span> <span class='ocrx_word' id='word_1_359' title='bbox 1391 5213 1476 5278; x_wconf 86' lang='lat' dir='ltr'><strong>sit,</strong></span> <span class='ocrx_word' id='word_1_360' title='bbox 1508 5221 1556 5265; x_wconf 86' lang='lat' dir='ltr'><strong>et</strong></span> <span class='ocrx_word' id='word_1_361' title='bbox 1585 5212 1670 5279; x_wconf 87' lang='lat' dir='ltr'><strong>qui</strong></span> <span class='ocrx_word' id='word_1_362' title='bbox 1695 5213 1780 5276; x_wconf 87' lang='lat' dir='ltr'><strong>sit,</strong></span> 
     </span>
    </p>
   </div>
   <div class='ocr_carea' id='block_1_56' title="bbox 254 5301 1784 5372">
    <p class='ocr_par' dir='ltr' id='par_1_56' title="bbox 254 5301 1784 5372">
     <span class='ocr_line' id='line_1_56' title="bbox 254 5301 1784 5372; baseline 0 -18"><span class='ocrx_word' id='word_1_363' title='bbox 254 5311 298 5354; x_wconf 88' lang='lat' dir='ltr'><strong>et</strong></span> <span class='ocrx_word' id='word_1_364' title='bbox 319 5302 579 5371; x_wconf 81' lang='lat' dir='ltr'><strong>quomodo</strong></span> <span class='ocrx_word' id='word_1_365' title='bbox 605 5303 736 5357; x_wconf 90' lang='lat' dir='ltr'><strong>sit...</strong></span> <span class='ocrx_word' id='word_1_366' title='bbox 763 5303 890 5356; x_wconf 79' lang='lat' dir='ltr'><strong>Ante</strong></span> <span class='ocrx_word' id='word_1_367' title='bbox 903 5303 1073 5356; x_wconf 84' lang='lat' dir='ltr'><strong>omnia</strong></span> <span class='ocrx_word' id='word_1_368' title='bbox 1103 5301 1238 5356; x_wconf 87' lang='lat' dir='ltr'><strong>Deus</strong></span> <span class='ocrx_word' id='word_1_369' title='bbox 1268 5311 1374 5356; x_wconf 88' lang='lat' dir='ltr'><strong>erat</strong></span> <span class='ocrx_word' id='word_1_370' title='bbox 1407 5303 1638 5356; x_wconf 87' lang='lat' dir='ltr'><strong>solus....</strong></span> <span class='ocrx_word' id='word_1_371' title='bbox 1665 5303 1784 5372; x_wconf 84' lang='lat' dir='ltr'><strong>quia</strong></span> 
     </span>
    </p>
   </div>
   <div class='ocr_carea' id='block_1_57' title="bbox 255 5395 1786 5466">
    <p class='ocr_par' dir='ltr' id='par_1_57' title="bbox 255 5395 1786 5466">
     <span class='ocr_line' id='line_1_57' title="bbox 255 5395 1786 5466; baseline 0 -18"><span class='ocrx_word' id='word_1_372' title='bbox 255 5395 547 5450; x_wconf 84' lang='lat' dir='ltr'><strong>nihiluliud</strong></span> <span class='ocrx_word' id='word_1_373' title='bbox 567 5397 874 5450; x_wconf 75' lang='lat' dir='ltr'><strong>extrinsecus</strong></span> <span class='ocrx_word' id='word_1_374' title='bbox 896 5406 1080 5466; x_wconf 68' lang='lat' dir='ltr'><strong>pra&#39;ter</strong></span> <span class='ocrx_word' id='word_1_375' title='bbox 1105 5396 1270 5450; x_wconf 88' lang='lat' dir='ltr'><strong>illum.</strong></span> <span class='ocrx_word' id='word_1_376' title='bbox 1297 5396 1544 5452; x_wconf 74' lang='lat' dir='ltr'><strong>Cazterum</strong></span> <span class='ocrx_word' id='word_1_377' title='bbox 1573 5413 1636 5450; x_wconf 89' lang='lat' dir='ltr'><strong>ne</strong></span> <span class='ocrx_word' id='word_1_378' title='bbox 1668 5406 1786 5448; x_wconf 89' lang='lat' dir='ltr'><strong>tunc</strong></span> 
     </span>
    </p>
   </div>
   <div class='ocr_carea' id='block_1_58' title="bbox 253 5492 1783 5562">
    <p class='ocr_par' dir='ltr' id='par_1_58' title="bbox 253 5492 1783 5562">
     <span class='ocr_line' id='line_1_58' title="bbox 253 5492 1783 5562; baseline -0.004 -14"><span class='ocrx_word' id='word_1_379' title='bbox 253 5495 457 5562; x_wconf 83' lang='lat' dir='ltr'><strong>quidem</strong></span> <span class='ocrx_word' id='word_1_380' title='bbox 488 5494 668 5557; x_wconf 82' lang='lat' dir='ltr'><strong>solus;</strong></span> <span class='ocrx_word' id='word_1_381' title='bbox 712 5492 924 5546; x_wconf 83' lang='lat' dir='ltr'><strong>habebnt</strong></span> <span class='ocrx_word' id='word_1_382' title='bbox 953 5494 1086 5547; x_wconf 85' lang='lat' dir='ltr'><strong>enim</strong></span> <span class='ocrx_word' id='word_1_383' title='bbox 1127 5509 1295 5547; x_wconf 81' lang='lat' dir='ltr'><strong>secum</strong></span> <span class='ocrx_word' id='word_1_384' title='bbox 1336 5494 1586 5545; x_wconf 90' lang='lat' dir='ltr'><strong>rationem</strong></span> <span class='ocrx_word' id='word_1_385' title='bbox 1612 5506 1783 5554; x_wconf 86' lang='lat' dir='ltr'><strong>suam,</strong></span> 
     </span>
    </p>
   </div>
   <div class='ocr_carea' id='block_1_59' title="bbox 251 5583 1782 5655">
    <p class='ocr_par' dir='ltr' id='par_1_59' title="bbox 251 5583 1782 5655">
     <span class='ocr_line' id='line_1_59' title="bbox 251 5583 1782 5655; baseline -0.003 -15"><span class='ocrx_word' id='word_1_386' title='bbox 251 5587 476 5649; x_wconf 76' lang='lat' dir='ltr'><strong>verbum,</strong></span> <span class='ocrx_word' id='word_1_387' title='bbox 509 5585 813 5654; x_wconf 85' lang='lat' dir='ltr'><strong>sapientiam</strong></span> <span class='ocrx_word' id='word_1_388' title='bbox 833 5602 850 5648; x_wconf 91' lang='lat'><strong><em>;</em></strong></span> <span class='ocrx_word' id='word_1_389' title='bbox 869 5602 1020 5654; x_wconf 82' lang='lat' dir='ltr'><strong>quant</strong></span> <span class='ocrx_word' id='word_1_390' title='bbox 1052 5596 1225 5655; x_wconf 88' lang='lat' dir='ltr'><strong>postea</strong></span> <span class='ocrx_word' id='word_1_391' title='bbox 1253 5585 1320 5637; x_wconf 84' lang='lat' dir='ltr'><strong>ad</strong></span> <span class='ocrx_word' id='word_1_392' title='bbox 1345 5594 1486 5638; x_wconf 76' lang='lat' dir='ltr'><strong>extra</strong></span> <span class='ocrx_word' id='word_1_393' title='bbox 1515 5583 1700 5648; x_wconf 87' lang='lat' dir='ltr'><strong>emisit,</strong></span> <span class='ocrx_word' id='word_1_394' title='bbox 1735 5593 1782 5635; x_wconf 86' lang='lat' dir='ltr'><strong>et</strong></span> 
     </span>
    </p>
   </div>
   <div class='ocr_carea' id='block_1_60' title="bbox 254 5676 1778 5749">
    <p class='ocr_par' dir='ltr' id='par_1_60' title="bbox 254 5676 1778 5749">
     <span class='ocr_line' id='line_1_60' title="bbox 254 5676 1778 5749; baseline -0.001 -18"><span class='ocrx_word' id='word_1_395' title='bbox 254 5683 423 5749; x_wconf 78' lang='lat' dir='ltr'><strong>factus</strong></span> <span class='ocrx_word' id='word_1_396' title='bbox 474 5687 548 5732; x_wconf 88' lang='lat' dir='ltr'><strong>est</strong></span> <span class='ocrx_word' id='word_1_397' title='bbox 595 5694 760 5732; x_wconf 81' lang='lat' dir='ltr'><strong>sermo</strong></span> <span class='ocrx_word' id='word_1_398' title='bbox 788 5681 1026 5735; x_wconf 73' lang='lat' dir='ltr'><strong>exterior.</strong></span> <span class='ocrx_word' id='word_1_399' title='bbox 1058 5679 1374 5737; x_wconf 86' lang='lat' dir='ltr'><strong>Sermonem</strong></span> <span class='ocrx_word' id='word_1_400' title='bbox 1405 5676 1778 5749; x_wconf 89' lang='lat' dir='ltr'><strong>appellandmn</strong></span> 
     </span>
    </p>
   </div>
   <div class='ocr_carea' id='block_1_61' title="bbox 1807 2219 1899 2262">
    <p class='ocr_par' dir='ltr' id='par_1_61' title="bbox 1807 2219 1899 2262">
     <span class='ocr_line' id='line_1_61' title="bbox 1807 2219 1899 2262; baseline 0 0"><span class='ocrx_word' id='word_1_401' title='bbox 1807 2219 1899 2262; x_wconf 75' lang='lat' dir='ltr'><strong>e</strong></span> 
     </span>
    </p>
   </div>
   <div class='ocr_carea' id='block_1_62' title="bbox 1907 2223 2657 2258">
    <p class='ocr_par' dir='ltr' id='par_1_62' title="bbox 1907 2223 2657 2258">
     <span class='ocr_line' id='line_1_62' title="bbox 1907 2223 2657 2258; baseline 0 -1"><span class='ocrx_word' id='word_1_402' title='bbox 1907 2223 2657 2258; x_wconf 53' lang='lat'><strong>9———————</strong></span> 
     </span>
    </p>
   </div>
   <div class='ocr_carea' id='block_1_63' title="bbox 1973 2328 3511 2408">
    <p class='ocr_par' dir='ltr' id='par_1_63' title="bbox 1973 2328 3511 2408">
     <span class='ocr_line' id='line_1_63' title="bbox 1973 2328 3511 2408; baseline 0.008 -26"><span class='ocrx_word' id='word_1_403' title='bbox 1973 2338 2157 2384; x_wconf 89' lang='lat' dir='ltr'><strong>censet</strong></span> <span class='ocrx_word' id='word_1_404' title='bbox 2189 2328 2419 2384; x_wconf 86' lang='lat' dir='ltr'><strong>Verbum</strong></span> <span class='ocrx_word' id='word_1_405' title='bbox 2446 2329 2536 2386; x_wconf 91' lang='lat' dir='ltr'><strong>Dei</strong></span> <span class='ocrx_word' id='word_1_406' title='bbox 2566 2329 2937 2403; x_wconf 85' lang='lat' dir='ltr'><strong>Tertullianus,</strong></span> <span class='ocrx_word' id='word_1_407' title='bbox 2967 2336 3142 2392; x_wconf 89' lang='lat' dir='ltr'><strong>solum</strong></span> <span class='ocrx_word' id='word_1_408' title='bbox 3164 2347 3284 2408; x_wconf 90' lang='lat' dir='ltr'><strong>post</strong></span> <span class='ocrx_word' id='word_1_409' title='bbox 3309 2339 3511 2395; x_wconf 84' lang='lat' dir='ltr'><strong>extrin-</strong></span> 
     </span>
    </p>
   </div>
   <div class='ocr_carea' id='block_1_64' title="bbox 1981 2423 3506 2492">
    <p class='ocr_par' dir='ltr' id='par_1_64' title="bbox 1981 2423 3506 2492">
     <span class='ocr_line' id='line_1_64' title="bbox 1981 2423 3506 2492; baseline 0.01 -18"><span class='ocrx_word' id='word_1_410' title='bbox 1981 2435 2159 2476; x_wconf 89' lang='lat' dir='ltr'><strong>secam</strong></span> <span class='ocrx_word' id='word_1_411' title='bbox 2210 2423 2326 2492; x_wconf 83' lang='lat' dir='ltr'><strong>ejus</strong></span> <span class='ocrx_word' id='word_1_412' title='bbox 2375 2424 2754 2492; x_wconf 90' lang='lat' dir='ltr'><strong>prolationem,</strong></span> <span class='ocrx_word' id='word_1_413' title='bbox 2793 2442 2886 2488; x_wconf 85' lang='lat' dir='ltr'><strong>seu</strong></span> <span class='ocrx_word' id='word_1_414' title='bbox 2928 2429 3416 2487; x_wconf 91' lang='lat' dir='ltr'><strong>manifestationem</strong></span> <span class='ocrx_word' id='word_1_415' title='bbox 3451 2434 3506 2489; x_wconf 92' lang='lat' dir='ltr'><strong>in</strong></span> 
     </span>
    </p>
   </div>
   <div class='ocr_carea' id='block_1_65' title="bbox 1983 2514 3505 2592">
    <p class='ocr_par' dir='ltr' id='par_1_65' title="bbox 1983 2514 3505 2592">
     <span class='ocr_line' id='line_1_65' title="bbox 1983 2514 3505 2592; baseline 0.009 -27"><span class='ocrx_word' id='word_1_416' title='bbox 1983 2514 2220 2568; x_wconf 78' lang='lat' dir='ltr'><strong>universi</strong></span> <span class='ocrx_word' id='word_1_417' title='bbox 2266 2516 2542 2569; x_wconf 87' lang='lat' dir='ltr'><strong>creatione</strong></span> <span class='ocrx_word' id='word_1_418' title='bbox 2593 2516 2782 2572; x_wconf 82' lang='lat' dir='ltr'><strong>factam</strong></span> <span class='ocrx_word' id='word_1_419' title='bbox 2810 2519 2963 2588; x_wconf 82' lang='lat' dir='ltr'><strong>juxta</strong></span> <span class='ocrx_word' id='word_1_420' title='bbox 3007 2523 3505 2592; x_wconf 83' lang='lat' dir='ltr'><strong>antiquissimorum</strong></span> 
     </span>
    </p>
   </div>
   <div class='ocr_carea' id='block_1_66' title="bbox 1981 2606 3506 2683">
    <p class='ocr_par' dir='ltr' id='par_1_66' title="bbox 1981 2606 3506 2683">
     <span class='ocr_line' id='line_1_66' title="bbox 1981 2606 3506 2683; baseline 0.01 -24"><span class='ocrx_word' id='word_1_421' title='bbox 1981 2606 2353 2678; x_wconf 76' lang='lat' dir='ltr'><strong>theologorum</strong></span> <span class='ocrx_word' id='word_1_422' title='bbox 2400 2609 2649 2679; x_wconf 91' lang='lat' dir='ltr'><strong>loquendi</strong></span> <span class='ocrx_word' id='word_1_423' title='bbox 2679 2612 2900 2681; x_wconf 86' lang='lat' dir='ltr'><strong>phrasin</strong></span> <span class='ocrx_word' id='word_1_424' title='bbox 2930 2624 2986 2669; x_wconf 92' lang='lat' dir='ltr'><strong>et</strong></span> <span class='ocrx_word' id='word_1_425' title='bbox 3026 2615 3242 2670; x_wconf 92' lang='lat' dir='ltr'><strong>modum</strong></span> <span class='ocrx_word' id='word_1_426' title='bbox 3268 2635 3280 2683; x_wconf 89' lang='lat'>;</span> <span class='ocrx_word' id='word_1_427' title='bbox 3308 2618 3506 2674; x_wconf 90' lang='lat' dir='ltr'><strong>fatetur</strong></span> 
     </span>
    </p>
   </div>
   <div class='ocr_carea' id='block_1_67' title="bbox 1982 2697 3508 2779">
    <p class='ocr_par' dir='ltr' id='par_1_67' title="bbox 1982 2697 3508 2779">
     <span class='ocr_line' id='line_1_67' title="bbox 1982 2697 3508 2779; baseline 0.011 -31"><span class='ocrx_word' id='word_1_428' title='bbox 1982 2707 2160 2751; x_wconf 88' lang='lat' dir='ltr'><strong>tamen</strong></span> <span class='ocrx_word' id='word_1_429' title='bbox 2191 2697 2490 2752; x_wconf 79' lang='lat' dir='ltr'><strong>Sermonem</strong></span> <span class='ocrx_word' id='word_1_430' title='bbox 2533 2701 2583 2753; x_wconf 90' lang='lat' dir='ltr'><strong>in</strong></span> <span class='ocrx_word' id='word_1_431' title='bbox 2639 2704 2920 2771; x_wconf 85' lang='lat' dir='ltr'><strong>primordio</strong></span> <span class='ocrx_word' id='word_1_432' title='bbox 2962 2707 3102 2777; x_wconf 86' lang='lat' dir='ltr'><strong>apud</strong></span> <span class='ocrx_word' id='word_1_433' title='bbox 3133 2705 3298 2761; x_wconf 84' lang='lat' dir='ltr'><strong>Deum</strong></span> <span class='ocrx_word' id='word_1_434' title='bbox 3330 2710 3508 2779; x_wconf 75' lang='lat' dir='ltr'><strong>fuisse.</strong></span> 
     </span>
    </p>
   </div>
   <div class='ocr_carea' id='block_1_68' title="bbox 1984 2787 3506 2869">
    <p class='ocr_par' dir='ltr' id='par_1_68' title="bbox 1984 2787 3506 2869">
     <span class='ocr_line' id='line_1_68' title="bbox 1984 2787 3506 2869; baseline 0.009 -28"><span class='ocrx_word' id='word_1_435' title='bbox 1984 2787 2123 2842; x_wconf 83' lang='lat' dir='ltr'><strong>Nunt</strong></span> <span class='ocrx_word' id='word_1_436' title='bbox 2175 2791 2267 2843; x_wconf 85' lang='lat' dir='ltr'><strong>etsi</strong></span> <span class='ocrx_word' id='word_1_437' title='bbox 2318 2789 2453 2844; x_wconf 79' lang='lat' dir='ltr'><strong>Deus</strong></span> <span class='ocrx_word' id='word_1_438' title='bbox 2480 2792 2704 2847; x_wconf 86' lang='lat' dir='ltr'><strong>nondum</strong></span> <span class='ocrx_word' id='word_1_439' title='bbox 2757 2795 3060 2850; x_wconf 85' lang='lat' dir='ltr'><strong>Sermonem</strong></span> <span class='ocrx_word' id='word_1_440' title='bbox 3086 2816 3233 2852; x_wconf 91' lang='lat' dir='ltr'><strong>suum</strong></span> <span class='ocrx_word' id='word_1_441' title='bbox 3267 2801 3506 2869; x_wconf 83' lang='lat' dir='ltr'><strong>miserat,</strong></span> 
     </span>
    </p>
   </div>
   <div class='ocr_carea' id='block_1_69' title="bbox 1980 2881 3508 2956">
    <p class='ocr_par' dir='ltr' id='par_1_69' title="bbox 1980 2881 3508 2956">
     <span class='ocr_line' id='line_1_69' title="bbox 1980 2881 3508 2956; baseline 0.01 -24"><span class='ocrx_word' id='word_1_442' title='bbox 1980 2881 2196 2950; x_wconf 76' lang='lat' dir='ltr'><strong>proinde</strong></span> <span class='ocrx_word' id='word_1_443' title='bbox 2220 2899 2333 2936; x_wconf 90' lang='lat' dir='ltr'><strong>eum</strong></span> <span class='ocrx_word' id='word_1_444' title='bbox 2364 2899 2478 2936; x_wconf 82' lang='lat' dir='ltr'><strong>cum</strong></span> <span class='ocrx_word' id='word_1_445' title='bbox 2504 2885 2617 2952; x_wconf 81' lang='lat' dir='ltr'><strong>ipsa</strong></span> <span class='ocrx_word' id='word_1_446' title='bbox 2648 2894 2692 2937; x_wconf 88' lang='lat' dir='ltr'><strong>ct</strong></span> <span class='ocrx_word' id='word_1_447' title='bbox 2720 2886 2771 2938; x_wconf 89' lang='lat' dir='ltr'><strong>in</strong></span> <span class='ocrx_word' id='word_1_448' title='bbox 2797 2887 2910 2956; x_wconf 84' lang='lat' dir='ltr'><strong>ipsa</strong></span> <span class='ocrx_word' id='word_1_449' title='bbox 2939 2891 3136 2943; x_wconf 83' lang='lat' dir='ltr'><strong>ratione</strong></span> <span class='ocrx_word' id='word_1_450' title='bbox 3161 2892 3296 2944; x_wconf 84' lang='lat' dir='ltr'><strong>intra</strong></span> <span class='ocrx_word' id='word_1_451' title='bbox 3325 2903 3508 2947; x_wconf 80' lang='lat' dir='ltr'><strong>semet-</strong></span> 
     </span>
    </p>
   </div>
   <div class='ocr_carea' id='block_1_70' title="bbox 1980 2973 3504 3052">
    <p class='ocr_par' dir='ltr' id='par_1_70' title="bbox 1980 2973 3504 3052">
     <span class='ocr_line' id='line_1_70' title="bbox 1980 2973 3504 3052; baseline 0.009 -28"><span class='ocrx_word' id='word_1_452' title='bbox 1980 2974 2146 3042; x_wconf 82' lang='lat' dir='ltr'><strong>ipsum</strong></span> <span class='ocrx_word' id='word_1_453' title='bbox 2175 2973 2410 3036; x_wconf 82' lang='lat' dir='ltr'><strong>habebat,</strong></span> <span class='ocrx_word' id='word_1_454' title='bbox 2436 2978 2587 3030; x_wconf 85' lang='lat' dir='ltr'><strong>tacite</strong></span> <span class='ocrx_word' id='word_1_455' title='bbox 2603 2979 2876 3048; x_wconf 78' lang='lat' dir='ltr'><strong>cogitando</strong></span> <span class='ocrx_word' id='word_1_456' title='bbox 2903 2988 2947 3033; x_wconf 88' lang='lat' dir='ltr'><strong>et</strong></span> <span class='ocrx_word' id='word_1_457' title='bbox 2969 2980 3285 3050; x_wconf 83' lang='lat' dir='ltr'><strong>disponendo</strong></span> <span class='ocrx_word' id='word_1_458' title='bbox 3311 3001 3504 3052; x_wconf 85' lang='lat' dir='ltr'><strong>secum,</strong></span> 
     </span>
    </p>
   </div>
   <div class='ocr_carea' id='block_1_71' title="bbox 1976 3063 3510 3144">
    <p class='ocr_par' dir='ltr' id='par_1_71' title="bbox 1976 3063 3510 3144">
     <span class='ocr_line' id='line_1_71' title="bbox 1976 3063 3510 3144; baseline 0.013 -31"><span class='ocrx_word' id='word_1_459' title='bbox 1976 3079 2091 3132; x_wconf 68' lang='lat' dir='ltr'><strong>qua:</strong></span> <span class='ocrx_word' id='word_1_460' title='bbox 2120 3063 2420 3119; x_wconf 87' lang='lat' dir='ltr'><strong>Sermonem</strong></span> <span class='ocrx_word' id='word_1_461' title='bbox 2448 3083 2567 3119; x_wconf 77' lang='lat' dir='ltr'><strong>mox</strong></span> <span class='ocrx_word' id='word_1_462' title='bbox 2595 3078 2701 3121; x_wconf 82' lang='lat' dir='ltr'><strong>erat</strong></span> <span class='ocrx_word' id='word_1_463' title='bbox 2729 3069 2981 3124; x_wconf 80' lang='lat' dir='ltr'><strong>dicturus.</strong></span> <span class='ocrx_word' id='word_1_464' title='bbox 3029 3070 3105 3126; x_wconf 88' lang='lat' dir='ltr'><strong>Ex</strong></span> <span class='ocrx_word' id='word_1_465' title='bbox 3146 3088 3254 3143; x_wconf 89' lang='lat' dir='ltr'><strong>quo</strong></span> <span class='ocrx_word' id='word_1_466' title='bbox 3286 3078 3510 3144; x_wconf 75' lang='lat' dir='ltr'><strong>patescit</strong></span> 
     </span>
    </p>
   </div>
   <div class='ocr_carea' id='block_1_72' title="bbox 1974 3158 3505 3239">
    <p class='ocr_par' dir='ltr' id='par_1_72' title="bbox 1974 3158 3505 3239">
     <span class='ocr_line' id='line_1_72' title="bbox 1974 3158 3505 3239; baseline 0.01 -30"><span class='ocrx_word' id='word_1_467' title='bbox 1974 3173 2081 3226; x_wconf 89' lang='lat' dir='ltr'><strong>quo</strong></span> <span class='ocrx_word' id='word_1_468' title='bbox 2107 3158 2158 3210; x_wconf 90' lang='lat' dir='ltr'><strong>in</strong></span> <span class='ocrx_word' id='word_1_469' title='bbox 2185 3172 2346 3212; x_wconf 89' lang='lat' dir='ltr'><strong>sensu</strong></span> <span class='ocrx_word' id='word_1_470' title='bbox 2373 3160 2495 3214; x_wconf 86' lang='lat' dir='ltr'><strong>alibi</strong></span> <span class='ocrx_word' id='word_1_471' title='bbox 2519 3162 2714 3216; x_wconf 82' lang='lat' dir='ltr'><strong>dixerit</strong></span> <span class='ocrx_word' id='word_1_472' title='bbox 2746 3182 2757 3218; x_wconf 91' lang='lat'><strong>:</strong></span> <span class='ocrx_word' id='word_1_473' title='bbox 2795 3162 2918 3218; x_wconf 83' lang='lat' dir='ltr'><strong>Fuit</strong></span> <span class='ocrx_word' id='word_1_474' title='bbox 2945 3175 3114 3219; x_wconf 87' lang='lat' dir='ltr'><strong>autent</strong></span> <span class='ocrx_word' id='word_1_475' title='bbox 3133 3179 3351 3239; x_wconf 86' lang='lat' dir='ltr'><strong>tempus,</strong></span> <span class='ocrx_word' id='word_1_476' title='bbox 3389 3187 3505 3225; x_wconf 87' lang='lat' dir='ltr'><strong>cum</strong></span> 
     </span>
    </p>
   </div>
   <div class='ocr_carea' id='block_1_73' title="bbox 1976 3251 3508 3334">
    <p class='ocr_par' dir='ltr' id='par_1_73' title="bbox 1976 3251 3508 3334">
     <span class='ocr_line' id='line_1_73' title="bbox 1976 3251 3508 3334; baseline 0.009 -30"><span class='ocrx_word' id='word_1_477' title='bbox 1976 3261 2022 3304; x_wconf 89' lang='lat' dir='ltr'><strong>et</strong></span> <span class='ocrx_word' id='word_1_478' title='bbox 2050 3251 2290 3305; x_wconf 75' lang='lat' dir='ltr'><strong>delictum</strong></span> <span class='ocrx_word' id='word_1_479' title='bbox 2321 3263 2365 3306; x_wconf 88' lang='lat' dir='ltr'><strong>et</strong></span> <span class='ocrx_word' id='word_1_480' title='bbox 2400 3252 2569 3309; x_wconf 81' lang='lat' dir='ltr'><strong>Filius</strong></span> <span class='ocrx_word' id='word_1_481' title='bbox 2601 3273 2702 3312; x_wconf 87' lang='lat' dir='ltr'><strong>non</strong></span> <span class='ocrx_word' id='word_1_482' title='bbox 2743 3258 2860 3327; x_wconf 85' lang='lat' dir='ltr'><strong>fuit,</strong></span> <span class='ocrx_word' id='word_1_483' title='bbox 2881 3260 3131 3317; x_wconf 85' lang='lat' dir='ltr'><strong>videlicet</strong></span> <span class='ocrx_word' id='word_1_484' title='bbox 3155 3273 3408 3334; x_wconf 87' lang='lat' dir='ltr'><strong>quantum</strong></span> <span class='ocrx_word' id='word_1_485' title='bbox 3440 3264 3508 3318; x_wconf 90' lang='lat' dir='ltr'><strong>ad</strong></span> 
     </span>
    </p>
   </div>
   <div class='ocr_carea' id='block_1_74' title="bbox 1977 3351 3504 3425">
    <p class='ocr_par' dir='ltr' id='par_1_74' title="bbox 1977 3351 3504 3425">
     <span class='ocr_line' id='line_1_74' title="bbox 1977 3351 3504 3425; baseline 0.009 -27"><span class='ocrx_word' id='word_1_486' title='bbox 1977 3353 2256 3399; x_wconf 83' lang='lat' dir='ltr'><strong>externam</strong></span> <span class='ocrx_word' id='word_1_487' title='bbox 2287 3363 2382 3416; x_wconf 89' lang='lat' dir='ltr'><strong>per</strong></span> <span class='ocrx_word' id='word_1_488' title='bbox 2410 3351 2739 3406; x_wconf 88' lang='lat' dir='ltr'><strong>creationem</strong></span> <span class='ocrx_word' id='word_1_489' title='bbox 2773 3369 2953 3408; x_wconf 90' lang='lat' dir='ltr'><strong>rerum</strong></span> <span class='ocrx_word' id='word_1_490' title='bbox 2989 3357 3504 3425; x_wconf 82' lang='lat' dir='ltr'><strong>manifestationem,</strong></span> 
     </span>
    </p>
   </div>
   <div class='ocr_carea' id='block_1_75' title="bbox 1978 3439 3501 3518">
    <p class='ocr_par' dir='ltr' id='par_1_75' title="bbox 1978 3439 3501 3518">
     <span class='ocr_line' id='line_1_75' title="bbox 1978 3439 3501 3518; baseline 0.011 -28"><span class='ocrx_word' id='word_1_491' title='bbox 1978 3439 2272 3506; x_wconf 66' lang='lat' dir='ltr'><strong>prteset&#39;titn</strong></span> <span class='ocrx_word' id='word_1_492' title='bbox 2316 3454 2437 3494; x_wconf 89' lang='lat' dir='ltr'><strong>cum</strong></span> <span class='ocrx_word' id='word_1_493' title='bbox 2486 3442 2654 3498; x_wconf 75' lang='lat' dir='ltr'><strong>dixit:</strong></span> <span class='ocrx_word' id='word_1_494' title='bbox 2682 3441 2803 3497; x_wconf 82' lang='lat' dir='ltr'><strong>Fiat</strong></span> <span class='ocrx_word' id='word_1_495' title='bbox 2830 3446 2967 3501; x_wconf 72' lang='lat' dir='ltr'><strong>lux:</strong></span> <span class='ocrx_word' id='word_1_496' title='bbox 2997 3464 3118 3501; x_wconf 88' lang='lat' dir='ltr'><strong>natn</strong></span> <span class='ocrx_word' id='word_1_497' title='bbox 3145 3460 3403 3518; x_wconf 87' lang='lat' dir='ltr'><strong>quantum</strong></span> <span class='ocrx_word' id='word_1_498' title='bbox 3432 3451 3501 3506; x_wconf 86' lang='lat' dir='ltr'><strong>ad</strong></span> 
     </span>
    </p>
   </div>
   <div class='ocr_carea' id='block_1_76' title="bbox 1974 3540 3506 3613">
    <p class='ocr_par' dir='ltr' id='par_1_76' title="bbox 1974 3540 3506 3613">
     <span class='ocr_line' id='line_1_76' title="bbox 1974 3540 3506 3613; baseline 0.008 -22"><span class='ocrx_word' id='word_1_499' title='bbox 1974 3540 2376 3606; x_wconf 79' lang='lat' dir='ltr'><strong>generationem</strong></span> <span class='ocrx_word' id='word_1_500' title='bbox 2417 3540 2482 3594; x_wconf 89' lang='lat' dir='ltr'><strong>ad</strong></span> <span class='ocrx_word' id='word_1_501' title='bbox 2517 3541 2655 3595; x_wconf 88' lang='lat' dir='ltr'><strong>intra</strong></span> <span class='ocrx_word' id='word_1_502' title='bbox 2687 3558 2905 3613; x_wconf 87' lang='lat' dir='ltr'><strong>semper</strong></span> <span class='ocrx_word' id='word_1_503' title='bbox 2931 3543 3028 3598; x_wconf 91' lang='lat' dir='ltr'><strong>fuit</strong></span> <span class='ocrx_word' id='word_1_504' title='bbox 3052 3560 3173 3600; x_wconf 87' lang='lat' dir='ltr'><strong>cum</strong></span> <span class='ocrx_word' id='word_1_505' title='bbox 3211 3547 3319 3600; x_wconf 75' lang='lat' dir='ltr'><strong>[leo</strong></span> <span class='ocrx_word' id='word_1_506' title='bbox 3349 3547 3506 3603; x_wconf 88' lang='lat' dir='ltr'><strong>Patre</strong></span> 
     </span>
    </p>
   </div>
   <div class='ocr_carea' id='block_1_77' title="bbox 1979 3631 3506 3708">
    <p class='ocr_par' dir='ltr' id='par_1_77' title="bbox 1979 3631 3506 3708">
     <span class='ocr_line' id='line_1_77' title="bbox 1979 3631 3506 3708; baseline 0.007 -24"><span class='ocrx_word' id='word_1_507' title='bbox 1979 3631 2142 3686; x_wconf 81' lang='lat' dir='ltr'><strong>Filius</strong></span> <span class='ocrx_word' id='word_1_508' title='bbox 2184 3633 2299 3702; x_wconf 89' lang='lat' dir='ltr'><strong>ejus</strong></span> <span class='ocrx_word' id='word_1_509' title='bbox 2330 3634 2549 3688; x_wconf 83' lang='lat' dir='ltr'><strong>verbum</strong></span> <span class='ocrx_word' id='word_1_510' title='bbox 2582 3644 2638 3690; x_wconf 91' lang='lat' dir='ltr'><strong>et</strong></span> <span class='ocrx_word' id='word_1_511' title='bbox 2668 3637 2958 3702; x_wconf 80' lang='lat' dir='ltr'><strong>sapientia.</strong></span> <span class='ocrx_word' id='word_1_512' title='bbox 3005 3637 3250 3693; x_wconf 83' lang='lat' dir='ltr'><strong>Ostendit</strong></span> <span class='ocrx_word' id='word_1_513' title='bbox 3285 3639 3506 3708; x_wconf 87' lang='lat' dir='ltr'><strong>insuper</strong></span> 
     </span>
    </p>
   </div>
   <div class='ocr_carea' id='block_1_78' title="bbox 1977 3724 3508 3792">
    <p class='ocr_par' dir='ltr' id='par_1_78' title="bbox 1977 3724 3508 3792">
     <span class='ocr_line' id='line_1_78' title="bbox 1977 3724 3508 3792; baseline 0.007 -14"><span class='ocrx_word' id='word_1_514' title='bbox 1977 3724 2343 3792; x_wconf 85' lang='lat' dir='ltr'><strong>&#39;I‘ertutliunus,</strong></span> <span class='ocrx_word' id='word_1_515' title='bbox 2391 3725 2586 3781; x_wconf 84' lang='lat' dir='ltr'><strong>Filium</strong></span> <span class='ocrx_word' id='word_1_516' title='bbox 2619 3743 2681 3782; x_wconf 84' lang='lat' dir='ltr'><strong>ex</strong></span> <span class='ocrx_word' id='word_1_517' title='bbox 2714 3727 2886 3782; x_wconf 84' lang='lat' dir='ltr'><strong>Patris</strong></span> <span class='ocrx_word' id='word_1_518' title='bbox 2931 3744 3052 3784; x_wconf 90' lang='lat' dir='ltr'><strong>esse</strong></span> <span class='ocrx_word' id='word_1_519' title='bbox 3101 3731 3396 3786; x_wconf 86' lang='lat' dir='ltr'><strong>substantia</strong></span> <span class='ocrx_word' id='word_1_520' title='bbox 3451 3742 3508 3788; x_wconf 86' lang='lat' dir='ltr'><strong>et</strong></span> 
     </span>
    </p>
   </div>
   <div class='ocr_carea' id='block_1_79' title="bbox 1973 3817 3493 3893">
    <p class='ocr_par' dir='ltr' id='par_1_79' title="bbox 1973 3817 3493 3893">
     <span class='ocr_line' id='line_1_79' title="bbox 1973 3817 3493 3893; baseline 0.008 -24"><span class='ocrx_word' id='word_1_521' title='bbox 1973 3817 2229 3884; x_wconf 89' lang='lat' dir='ltr'><strong>Spiritum</strong></span> <span class='ocrx_word' id='word_1_522' title='bbox 2262 3818 2515 3873; x_wconf 88' lang='lat' dir='ltr'><strong>Sanctum</strong></span> <span class='ocrx_word' id='word_1_523' title='bbox 2557 3835 2586 3874; x_wconf 89' lang='lat' dir='ltr'><strong>a</strong></span> <span class='ocrx_word' id='word_1_524' title='bbox 2634 3820 2792 3876; x_wconf 87' lang='lat' dir='ltr'><strong>Patre</strong></span> <span class='ocrx_word' id='word_1_525' title='bbox 2827 3837 2922 3891; x_wconf 90' lang='lat' dir='ltr'><strong>per</strong></span> <span class='ocrx_word' id='word_1_526' title='bbox 2953 3821 3147 3877; x_wconf 85' lang='lat' dir='ltr'><strong>Filium</strong></span> <span class='ocrx_word' id='word_1_527' title='bbox 3181 3826 3493 3893; x_wconf 86' lang='lat' dir='ltr'><strong>procedere;</strong></span> 
     </span>
    </p>
   </div>
   <div class='ocr_carea' id='block_1_80' title="bbox 1975 3909 3502 3987">
    <p class='ocr_par' dir='ltr' id='par_1_80' title="bbox 1975 3909 3502 3987">
     <span class='ocr_line' id='line_1_80' title="bbox 1975 3909 3502 3987; baseline 0.008 -25"><span class='ocrx_word' id='word_1_528' title='bbox 1975 3909 2228 3974; x_wconf 83' lang='lat' dir='ltr'><strong>Verbum,</strong></span> <span class='ocrx_word' id='word_1_529' title='bbox 2251 3911 2392 3981; x_wconf 89' lang='lat' dir='ltr'><strong>quod</strong></span> <span class='ocrx_word' id='word_1_530' title='bbox 2413 3915 2480 3968; x_wconf 90' lang='lat' dir='ltr'><strong>ab</strong></span> <span class='ocrx_word' id='word_1_531' title='bbox 2503 3914 2648 3967; x_wconf 90' lang='lat' dir='ltr'><strong>omni</strong></span> <span class='ocrx_word' id='word_1_532' title='bbox 2679 3916 2979 3970; x_wconf 67' lang='lat' dir='ltr'><strong>teteruitate</strong></span> <span class='ocrx_word' id='word_1_533' title='bbox 3002 3926 3118 3970; x_wconf 89' lang='lat' dir='ltr'><strong>erat</strong></span> <span class='ocrx_word' id='word_1_534' title='bbox 3143 3919 3282 3987; x_wconf 90' lang='lat' dir='ltr'><strong>apud</strong></span> <span class='ocrx_word' id='word_1_535' title='bbox 3314 3918 3502 3985; x_wconf 89' lang='lat' dir='ltr'><strong>Deum,</strong></span> 
     </span>
    </p>
   </div>
   <div class='ocr_carea' id='block_1_81' title="bbox 1971 4004 3501 4080">
    <p class='ocr_par' dir='ltr' id='par_1_81' title="bbox 1971 4004 3501 4080">
     <span class='ocr_line' id='line_1_81' title="bbox 1971 4004 3501 4080; baseline 0.01 -26"><span class='ocrx_word' id='word_1_536' title='bbox 1971 4004 2222 4072; x_wconf 89' lang='lat' dir='ltr'><strong>quodque</strong></span> <span class='ocrx_word' id='word_1_537' title='bbox 2264 4007 2416 4075; x_wconf 89' lang='lat' dir='ltr'><strong>quasi</strong></span> <span class='ocrx_word' id='word_1_538' title='bbox 2463 4022 2527 4060; x_wconf 85' lang='lat' dir='ltr'><strong>ex</strong></span> <span class='ocrx_word' id='word_1_539' title='bbox 2576 4021 2642 4060; x_wconf 91' lang='lat' dir='ltr'><strong>eo</strong></span> <span class='ocrx_word' id='word_1_540' title='bbox 2692 4006 2756 4060; x_wconf 87' lang='lat' dir='ltr'><strong>ad</strong></span> <span class='ocrx_word' id='word_1_541' title='bbox 2803 4009 3094 4063; x_wconf 86' lang='lat' dir='ltr'><strong>creandum</strong></span> <span class='ocrx_word' id='word_1_542' title='bbox 3123 4021 3174 4063; x_wconf 90' lang='lat' dir='ltr'><strong>et</strong></span> <span class='ocrx_word' id='word_1_543' title='bbox 3207 4013 3501 4080; x_wconf 80' lang='lat' dir='ltr'><strong>regendum</strong></span> 
     </span>
    </p>
   </div>
   <div class='ocr_carea' id='block_1_82' title="bbox 1971 4094 3501 4174">
    <p class='ocr_par' dir='ltr' id='par_1_82' title="bbox 1971 4094 3501 4174">
     <span class='ocr_line' id='line_1_82' title="bbox 1971 4094 3501 4174; baseline 0.007 -26"><span class='ocrx_word' id='word_1_544' title='bbox 1971 4094 2225 4148; x_wconf 88' lang='lat' dir='ltr'><strong>mumlum</strong></span> <span class='ocrx_word' id='word_1_545' title='bbox 2244 4096 2392 4163; x_wconf 83' lang='lat' dir='ltr'><strong>exiit,</strong></span> <span class='ocrx_word' id='word_1_546' title='bbox 2417 4111 2699 4166; x_wconf 90' lang='lat' dir='ltr'><strong>personam</strong></span> <span class='ocrx_word' id='word_1_547' title='bbox 2727 4113 2845 4152; x_wconf 89' lang='lat' dir='ltr'><strong>esse</strong></span> <span class='ocrx_word' id='word_1_548' title='bbox 2869 4100 3398 4174; x_wconf 61' lang='lat' dir='ltr'><strong>subsistentemajum</strong></span> <span class='ocrx_word' id='word_1_549' title='bbox 3417 4114 3501 4158; x_wconf 79' lang='lat' dir='ltr'><strong>ta-</strong></span> 
     </span>
    </p>
   </div>
   <div class='ocr_carea' id='block_1_83' title="bbox 1972 4190 3502 4260">
    <p class='ocr_par' dir='ltr' id='par_1_83' title="bbox 1972 4190 3502 4260">
     <span class='ocr_line' id='line_1_83' title="bbox 1972 4190 3502 4260; baseline 0.008 -20"><span class='ocrx_word' id='word_1_550' title='bbox 1972 4203 2094 4242; x_wconf 90' lang='lat' dir='ltr'><strong>men</strong></span> <span class='ocrx_word' id='word_1_551' title='bbox 2125 4199 2173 4243; x_wconf 89' lang='lat' dir='ltr'><strong>et</strong></span> <span class='ocrx_word' id='word_1_552' title='bbox 2204 4190 2348 4243; x_wconf 85' lang='lat' dir='ltr'><strong>varia</strong></span> <span class='ocrx_word' id='word_1_553' title='bbox 2379 4206 2408 4244; x_wconf 90' lang='lat' dir='ltr'><strong>a</strong></span> <span class='ocrx_word' id='word_1_554' title='bbox 2441 4191 2614 4245; x_wconf 88' lang='lat' dir='ltr'><strong>Patris</strong></span> <span class='ocrx_word' id='word_1_555' title='bbox 2642 4191 2942 4248; x_wconf 84' lang='lat' dir='ltr'><strong>substantia</strong></span> <span class='ocrx_word' id='word_1_556' title='bbox 2975 4209 3081 4248; x_wconf 91' lang='lat' dir='ltr'><strong>non</strong></span> <span class='ocrx_word' id='word_1_557' title='bbox 3106 4208 3217 4260; x_wconf 85' lang='lat' dir='ltr'><strong>est;</strong></span> <span class='ocrx_word' id='word_1_558' title='bbox 3246 4196 3370 4252; x_wconf 90' lang='lat' dir='ltr'><strong>inde</strong></span> <span class='ocrx_word' id='word_1_559' title='bbox 3393 4213 3502 4254; x_wconf 91' lang='lat' dir='ltr'><strong>non</strong></span> 
     </span>
    </p>
   </div>
   <div class='ocr_carea' id='block_1_84' title="bbox 1967 4279 3496 4353">
    <p class='ocr_par' dir='ltr' id='par_1_84' title="bbox 1967 4279 3496 4353">
     <span class='ocr_line' id='line_1_84' title="bbox 1967 4279 3496 4353; baseline 0.008 -19"><span class='ocrx_word' id='word_1_560' title='bbox 1967 4281 2116 4350; x_wconf 89' lang='lat' dir='ltr'><strong>sequi</strong></span> <span class='ocrx_word' id='word_1_561' title='bbox 2145 4279 2412 4336; x_wconf 90' lang='lat' dir='ltr'><strong>duosesse</strong></span> <span class='ocrx_word' id='word_1_562' title='bbox 2428 4279 2785 4338; x_wconf 88' lang='lat' dir='ltr'><strong>Deosetduos</strong></span> <span class='ocrx_word' id='word_1_563' title='bbox 2809 4284 3098 4350; x_wconf 88' lang='lat' dir='ltr'><strong>Dominos;</strong></span> <span class='ocrx_word' id='word_1_564' title='bbox 3136 4288 3348 4353; x_wconf 87' lang='lat' dir='ltr'><strong>Filium,</strong></span> <span class='ocrx_word' id='word_1_565' title='bbox 3388 4305 3496 4347; x_wconf 89' lang='lat' dir='ltr'><strong>non</strong></span> 
     </span>
    </p>
   </div>
   <div class='ocr_carea' id='block_1_85' title="bbox 1970 4371 3501 4443">
    <p class='ocr_par' dir='ltr' id='par_1_85' title="bbox 1970 4371 3501 4443">
     <span class='ocr_line' id='line_1_85' title="bbox 1970 4371 3501 4443; baseline 0.01 -19"><span class='ocrx_word' id='word_1_566' title='bbox 1970 4371 2225 4436; x_wconf 87' lang='lat' dir='ltr'><strong>Patrem,</strong></span> <span class='ocrx_word' id='word_1_567' title='bbox 2281 4372 2476 4428; x_wconf 87' lang='lat' dir='ltr'><strong>factum</strong></span> <span class='ocrx_word' id='word_1_568' title='bbox 2535 4375 2844 4443; x_wconf 90' lang='lat' dir='ltr'><strong>hominem,</strong></span> <span class='ocrx_word' id='word_1_569' title='bbox 2905 4394 3004 4433; x_wconf 90' lang='lat' dir='ltr'><strong>nec</strong></span> <span class='ocrx_word' id='word_1_570' title='bbox 3059 4380 3286 4436; x_wconf 86' lang='lat' dir='ltr'><strong>desiisse</strong></span> <span class='ocrx_word' id='word_1_571' title='bbox 3329 4383 3501 4440; x_wconf 90' lang='lat' dir='ltr'><strong>Deum</strong></span> 
     </span>
    </p>
   </div>
   <div class='ocr_carea' id='block_1_86' title="bbox 1968 4466 3504 4530">
    <p class='ocr_par' dir='ltr' id='par_1_86' title="bbox 1968 4466 3504 4530">
     <span class='ocr_line' id='line_1_86' title="bbox 1968 4466 3504 4530; baseline 0.008 -12"><span class='ocrx_word' id='word_1_572' title='bbox 1968 4479 2118 4529; x_wconf 78' lang='lat' dir='ltr'><strong>ese,</strong></span> <span class='ocrx_word' id='word_1_573' title='bbox 2153 4466 2288 4520; x_wconf 90' lang='lat' dir='ltr'><strong>adeo</strong></span> <span class='ocrx_word' id='word_1_574' title='bbox 2319 4477 2374 4520; x_wconf 91' lang='lat' dir='ltr'><strong>ut</strong></span> <span class='ocrx_word' id='word_1_575' title='bbox 2401 4477 2605 4523; x_wconf 77' lang='lat' dir='ltr'><strong>natura:</strong></span> <span class='ocrx_word' id='word_1_576' title='bbox 2639 4468 2888 4525; x_wconf 66' lang='lat' dir='ltr'><strong>humanae</strong></span> <span class='ocrx_word' id='word_1_577' title='bbox 2917 4469 3171 4526; x_wconf 87' lang='lat' dir='ltr'><strong>idiomata</strong></span> <span class='ocrx_word' id='word_1_578' title='bbox 3202 4473 3252 4527; x_wconf 91' lang='lat' dir='ltr'><strong>in</strong></span> <span class='ocrx_word' id='word_1_579' title='bbox 3283 4473 3504 4530; x_wconf 84' lang='lat' dir='ltr'><strong>Christo</strong></span> 
     </span>
    </p>
   </div>
   <div class='ocr_carea' id='block_1_87' title="bbox 1967 4558 3503 4634">
    <p class='ocr_par' dir='ltr' id='par_1_87' title="bbox 1967 4558 3503 4634">
     <span class='ocr_line' id='line_1_87' title="bbox 1967 4558 3503 4634; baseline 0.007 -22"><span class='ocrx_word' id='word_1_580' title='bbox 1967 4559 2179 4612; x_wconf 88' lang='lat' dir='ltr'><strong>inventa</strong></span> <span class='ocrx_word' id='word_1_581' title='bbox 2211 4558 2432 4615; x_wconf 82' lang='lat' dir='ltr'><strong>fuerint.</strong></span> <span class='ocrx_word' id='word_1_582' title='bbox 2471 4561 2592 4617; x_wconf 92' lang='lat' dir='ltr'><strong>Uuo</strong></span> <span class='ocrx_word' id='word_1_583' title='bbox 2618 4563 2809 4630; x_wconf 85' lang='lat' dir='ltr'><strong>verbo,</strong></span> <span class='ocrx_word' id='word_1_584' title='bbox 2845 4565 3128 4634; x_wconf 70' lang='lat' dir='ltr'><strong>perspicuae</strong></span> <span class='ocrx_word' id='word_1_585' title='bbox 3158 4566 3209 4620; x_wconf 92' lang='lat' dir='ltr'><strong>in</strong></span> <span class='ocrx_word' id='word_1_586' title='bbox 3233 4565 3336 4621; x_wconf 90' lang='lat' dir='ltr'><strong>hoc</strong></span> <span class='ocrx_word' id='word_1_587' title='bbox 3361 4577 3503 4623; x_wconf 84' lang='lat' dir='ltr'><strong>trac-</strong></span> 
     </span>
    </p>
   </div>
   <div class='ocr_carea' id='block_1_88' title="bbox 1964 4645 3497 4718">
    <p class='ocr_par' dir='ltr' id='par_1_88' title="bbox 1964 4645 3497 4718">
     <span class='ocr_line' id='line_1_88' title="bbox 1964 4645 3497 4718; baseline 0.008 -12"><span class='ocrx_word' id='word_1_588' title='bbox 1964 4661 2074 4706; x_wconf 91' lang='lat' dir='ltr'><strong>tatu</strong></span> <span class='ocrx_word' id='word_1_589' title='bbox 2101 4653 2358 4709; x_wconf 76' lang='lat' dir='ltr'><strong>Ecclesia:</strong></span> <span class='ocrx_word' id='word_1_590' title='bbox 2384 4655 2542 4710; x_wconf 78' lang='lat' dir='ltr'><strong>fidem</strong></span> <span class='ocrx_word' id='word_1_591' title='bbox 2574 4655 2642 4710; x_wconf 90' lang='lat' dir='ltr'><strong>de</strong></span> <span class='ocrx_word' id='word_1_592' title='bbox 2677 4657 2954 4712; x_wconf 87' lang='lat' dir='ltr'><strong>Trinitatis</strong></span> <span class='ocrx_word' id='word_1_593' title='bbox 2981 4645 3193 4714; x_wconf 86' lang='lat' dir='ltr'><strong>necnon</strong></span> <span class='ocrx_word' id='word_1_594' title='bbox 3249 4659 3497 4718; x_wconf 81' lang='lat' dir='ltr'><strong>[acarna-</strong></span> 
     </span>
    </p>
   </div>
   <div class='ocr_carea' id='block_1_89' title="bbox 1963 4743 2932 4818">
    <p class='ocr_par' dir='ltr' id='par_1_89' title="bbox 1963 4743 2932 4818">
     <span class='ocr_line' id='line_1_89' title="bbox 1963 4743 2932 4818; baseline 0.004 -20"><span class='ocrx_word' id='word_1_595' title='bbox 1963 4743 2123 4799; x_wconf 89' lang='lat' dir='ltr'><strong>tionis</strong></span> <span class='ocrx_word' id='word_1_596' title='bbox 2153 4748 2423 4816; x_wconf 87' lang='lat' dir='ltr'><strong>mysteriis</strong></span> <span class='ocrx_word' id='word_1_597' title='bbox 2447 4748 2718 4818; x_wconf 82' lang='lat' dir='ltr'><strong>explanat.</strong></span> <span class='ocrx_word' id='word_1_598' title='bbox 2763 4748 2932 4805; x_wconf 73' lang='lat' dir='ltr'><strong>Luae.</strong></span> 
     </span>
    </p>
   </div>
   <div class='ocr_carea' id='block_1_90' title="bbox 2459 4879 3035 4942">
    <p class='ocr_par' dir='ltr' id='par_1_90' title="bbox 2459 4879 3035 4942">
     <span class='ocr_line' id='line_1_90' title="bbox 2459 4879 3035 4942; baseline 0 -4"><span class='ocrx_word' id='word_1_599' title='bbox 2459 4879 2690 4942; x_wconf 82' lang='lat' dir='ltr'><strong>CAPUT</strong></span> <span class='ocrx_word' id='word_1_600' title='bbox 2739 4881 3035 4940; x_wconf 78' lang='lat' dir='ltr'><strong>PRIMUM.</strong></span> 
     </span>
    </p>
   </div>
   <div class='ocr_carea' id='block_1_91' title="bbox 1963 5020 3498 5096">
    <p class='ocr_par' dir='ltr' id='par_1_91' title="bbox 1963 5020 3498 5096">
     <span class='ocr_line' id='line_1_91' title="bbox 1963 5020 3498 5096; baseline 0.004 -20"><span class='ocrx_word' id='word_1_601' title='bbox 1963 5020 2128 5096; x_wconf 85' lang='lat' dir='ltr'><strong>Varie</strong></span> <span class='ocrx_word' id='word_1_602' title='bbox 2154 5020 2400 5076; x_wconf 83' lang='lat' dir='ltr'><strong>diabolus</strong></span> <span class='ocrx_word' id='word_1_603' title='bbox 2421 5021 2708 5077; x_wconf 60' lang='lat' dir='ltr'><strong>tumulatus</strong></span> <span class='ocrx_word' id='word_1_604' title='bbox 2734 5029 2817 5077; x_wconf 88' lang='lat' dir='ltr'><strong>est</strong></span> <span class='ocrx_word' id='word_1_605' title='bbox 2846 5022 3150 5078; x_wconf 83' lang='lat' dir='ltr'><strong>veritatem.</strong></span> <span class='ocrx_word' id='word_1_606' title='bbox 3207 5021 3498 5082; x_wconf 83' lang='lat' dir='ltr'><strong>Affectavit</strong></span> 
     </span>
    </p>
   </div>
   <div class='ocr_carea' id='block_1_92' title="bbox 1894 5113 3492 5184">
    <p class='ocr_par' dir='ltr' id='par_1_92' title="bbox 1894 5113 3492 5184">
     <span class='ocr_line' id='line_1_92' title="bbox 1894 5113 3492 5184; baseline 0.003 -16"><span class='ocrx_word' id='word_1_607' title='bbox 1894 5115 2036 5168; x_wconf 82' lang='lat' dir='ltr'><strong>illam</strong></span> <span class='ocrx_word' id='word_1_608' title='bbox 2069 5114 2357 5184; x_wconf 87' lang='lat' dir='ltr'><strong>aliquando</strong></span> <span class='ocrx_word' id='word_1_609' title='bbox 2387 5113 2731 5169; x_wconf 85' lang='lat' dir='ltr'><strong>defendendo</strong></span> <span class='ocrx_word' id='word_1_610' title='bbox 2773 5124 3082 5170; x_wconf 89' lang='lat' dir='ltr'><strong>concutere.</strong></span> <span class='ocrx_word' id='word_1_611' title='bbox 3117 5114 3344 5172; x_wconf 91' lang='lat' dir='ltr'><strong>Unicum</strong></span> <span class='ocrx_word' id='word_1_612' title='bbox 3370 5117 3492 5172; x_wconf 89' lang='lat' dir='ltr'><strong>Do-</strong></span> 
     </span>
    </p>
   </div>
   <div class='ocr_carea' id='block_1_93' title="bbox 1893 5206 3492 5281">
    <p class='ocr_par' dir='ltr' id='par_1_93' title="bbox 1893 5206 3492 5281">
     <span class='ocr_line' id='line_1_93' title="bbox 1893 5206 3492 5281; baseline 0.003 -20"><span class='ocrx_word' id='word_1_613' title='bbox 1893 5208 2094 5262; x_wconf 90' lang='lat' dir='ltr'><strong>minum</strong></span> <span class='ocrx_word' id='word_1_614' title='bbox 2149 5206 2380 5262; x_wconf 80' lang='lat' dir='ltr'><strong>vindicat</strong></span> <span class='ocrx_word' id='word_1_615' title='bbox 2422 5208 2849 5278; x_wconf 87' lang='lat' dir='ltr'><strong>omnipotentem</strong></span> <span class='ocrx_word' id='word_1_616' title='bbox 2886 5206 3072 5262; x_wconf 91' lang='lat' dir='ltr'><strong>mundi</strong></span> <span class='ocrx_word' id='word_1_617' title='bbox 3130 5209 3492 5281; x_wconf 90' lang='lat' dir='ltr'><strong>conditorem,</strong></span> 
     </span>
    </p>
   </div>
   <div class='ocr_carea' id='block_1_94' title="bbox 1891 5299 3491 5369">
    <p class='ocr_par' dir='ltr' id='par_1_94' title="bbox 1891 5299 3491 5369">
     <span class='ocr_line' id='line_1_94' title="bbox 1891 5299 3491 5369; baseline 0.004 -16"><span class='ocrx_word' id='word_1_618' title='bbox 1891 5310 1948 5354; x_wconf 91' lang='lat' dir='ltr'><strong>ut</strong></span> <span class='ocrx_word' id='word_1_619' title='bbox 1978 5310 2032 5354; x_wconf 90' lang='lat' dir='ltr'><strong>et</strong></span> <span class='ocrx_word' id='word_1_620' title='bbox 2074 5300 2142 5354; x_wconf 90' lang='lat' dir='ltr'><strong>de</strong></span> <span class='ocrx_word' id='word_1_621' title='bbox 2171 5301 2327 5354; x_wconf 90' lang='lat' dir='ltr'><strong>unico</strong></span> <span class='ocrx_word' id='word_1_622' title='bbox 2370 5300 2619 5355; x_wconf 63' lang='lat' dir='ltr'><strong>lucrosius</strong></span> <span class='ocrx_word' id='word_1_623' title='bbox 2662 5302 2844 5355; x_wconf 89' lang='lat' dir='ltr'><strong>faciat.</strong></span> <span class='ocrx_word' id='word_1_624' title='bbox 2879 5299 3058 5369; x_wconf 89' lang='lat' dir='ltr'><strong>Ipsum</strong></span> <span class='ocrx_word' id='word_1_625' title='bbox 3103 5301 3232 5356; x_wconf 89' lang='lat' dir='ltr'><strong>dicit</strong></span> <span class='ocrx_word' id='word_1_626' title='bbox 3276 5302 3491 5360; x_wconf 87' lang='lat' dir='ltr'><strong>Patrem</strong></span> 
     </span>
    </p>
   </div>
   <div class='ocr_carea' id='block_1_95' title="bbox 1888 5393 3488 5467">
    <p class='ocr_par' dir='ltr' id='par_1_95' title="bbox 1888 5393 3488 5467">
     <span class='ocr_line' id='line_1_95' title="bbox 1888 5393 3488 5467; baseline 0.003 -17"><span class='ocrx_word' id='word_1_627' title='bbox 1888 5393 2235 5450; x_wconf 65' lang='lat' dir='ltr'><strong>descendisse</strong></span> <span class='ocrx_word' id='word_1_628' title='bbox 2279 5397 2327 5448; x_wconf 92' lang='lat' dir='ltr'><strong>iu</strong></span> <span class='ocrx_word' id='word_1_629' title='bbox 2373 5395 2642 5464; x_wconf 72' lang='lat' dir='ltr'><strong>Virginem</strong></span> <span class='ocrx_word' id='word_1_630' title='bbox 2675 5395 2781 5466; x_wconf 79' lang='grc'><strong>(1),</strong></span> <span class='ocrx_word' id='word_1_631' title='bbox 2816 5396 2988 5466; x_wconf 86' lang='lat' dir='ltr'><strong>ipsum</strong></span> <span class='ocrx_word' id='word_1_632' title='bbox 3037 5411 3103 5450; x_wconf 87' lang='lat' dir='ltr'><strong>ex</strong></span> <span class='ocrx_word' id='word_1_633' title='bbox 3153 5412 3214 5452; x_wconf 85' lang='lat' dir='ltr'><strong>ea</strong></span> <span class='ocrx_word' id='word_1_634' title='bbox 3265 5407 3488 5467; x_wconf 80' lang='lat' dir='ltr'><strong>natum,</strong></span> 
     </span>
    </p>
   </div>
   <div class='ocr_carea' id='block_1_96' title="bbox 1890 5487 3485 5558">
    <p class='ocr_par' dir='ltr' id='par_1_96' title="bbox 1890 5487 3485 5558">
     <span class='ocr_line' id='line_1_96' title="bbox 1890 5487 3485 5558; baseline 0.004 -17"><span class='ocrx_word' id='word_1_635' title='bbox 1890 5490 2062 5557; x_wconf 92' lang='lat' dir='ltr'><strong>ipsum</strong></span> <span class='ocrx_word' id='word_1_636' title='bbox 2100 5503 2338 5557; x_wconf 86' lang='lat' dir='ltr'><strong>passum,</strong></span> <span class='ocrx_word' id='word_1_637' title='bbox 2368 5488 2597 5558; x_wconf 72' lang='lat' dir='ltr'><strong>deniqtie</strong></span> <span class='ocrx_word' id='word_1_638' title='bbox 2631 5490 2806 5558; x_wconf 89' lang='lat' dir='ltr'><strong>ipsmn</strong></span> <span class='ocrx_word' id='word_1_639' title='bbox 2837 5504 2957 5543; x_wconf 77' lang='lat' dir='ltr'><strong>esse</strong></span> <span class='ocrx_word' id='word_1_640' title='bbox 2983 5487 3165 5543; x_wconf 85' lang='lat' dir='ltr'><strong>Jesum</strong></span> <span class='ocrx_word' id='word_1_641' title='bbox 3189 5488 3485 5547; x_wconf 88' lang='lat' dir='ltr'><strong>Christum.</strong></span> 
     </span>
    </p>
   </div>
   <div class='ocr_carea' id='block_1_97' title="bbox 1889 5575 3488 5650">
    <p class='ocr_par' dir='ltr' id='par_1_97' title="bbox 1889 5575 3488 5650">
     <span class='ocr_line' id='line_1_97' title="bbox 1889 5575 3488 5650; baseline 0 -17"><span class='ocrx_word' id='word_1_642' title='bbox 1889 5580 2101 5634; x_wconf 55' lang='lat' dir='ltr'><strong>I&#39;Jxeidit</strong></span> <span class='ocrx_word' id='word_1_643' title='bbox 2129 5579 2231 5633; x_wconf 88' lang='lat' dir='ltr'><strong>sibi</strong></span> <span class='ocrx_word' id='word_1_644' title='bbox 2263 5579 2505 5642; x_wconf 89' lang='lat' dir='ltr'><strong>coluber,</strong></span> <span class='ocrx_word' id='word_1_645' title='bbox 2539 5580 2662 5649; x_wconf 86' lang='lat' dir='ltr'><strong>quia</strong></span> <span class='ocrx_word' id='word_1_646' title='bbox 2692 5579 2875 5633; x_wconf 85' lang='lat' dir='ltr'><strong>.lesum</strong></span> <span class='ocrx_word' id='word_1_647' title='bbox 2905 5575 3179 5634; x_wconf 90' lang='lat' dir='ltr'><strong>Christum</strong></span> <span class='ocrx_word' id='word_1_648' title='bbox 3206 5590 3328 5650; x_wconf 85' lang='lat' dir='ltr'><strong>post</strong></span> <span class='ocrx_word' id='word_1_649' title='bbox 3357 5581 3488 5650; x_wconf 90' lang='lat' dir='ltr'><strong>bap-</strong></span> 
     </span>
    </p>
   </div>
   <div class='ocr_carea' id='block_1_98' title="bbox 1884 5670 3482 5744">
    <p class='ocr_par' dir='ltr' id='par_1_98' title="bbox 1884 5670 3482 5744">
     <span class='ocr_line' id='line_1_98' title="bbox 1884 5670 3482 5744; baseline 0.002 -19"><span class='ocrx_word' id='word_1_650' title='bbox 1884 5672 2037 5726; x_wconf 89' lang='lat' dir='ltr'><strong>tisma</strong></span> <span class='ocrx_word' id='word_1_651' title='bbox 2065 5671 2285 5728; x_wconf 80' lang='lat' dir='ltr'><strong>Joannis</strong></span> <span class='ocrx_word' id='word_1_652' title='bbox 2326 5683 2554 5738; x_wconf 86' lang='lat' dir='ltr'><strong>tentaus,</strong></span> <span class='ocrx_word' id='word_1_653' title='bbox 2589 5683 2646 5728; x_wconf 91' lang='lat' dir='ltr'><strong>ut</strong></span> <span class='ocrx_word' id='word_1_654' title='bbox 2691 5673 2883 5727; x_wconf 84' lang='lat' dir='ltr'><strong>Filium</strong></span> <span class='ocrx_word' id='word_1_655' title='bbox 2913 5670 3004 5728; x_wconf 87' lang='lat' dir='ltr'><strong>Dei</strong></span> <span class='ocrx_word' id='word_1_656' title='bbox 3033 5687 3321 5744; x_wconf 78' lang='lat' dir='ltr'><strong>aggressus</strong></span> <span class='ocrx_word' id='word_1_657' title='bbox 3354 5682 3482 5740; x_wconf 83' lang='lat' dir='ltr'><strong>est;</strong></span> 
     </span>
    </p>
   </div>
   <div class='ocr_carea' id='block_1_99' title="bbox 1423 5786 2253 5850">
    <p class='ocr_par' dir='ltr' id='par_1_99' title="bbox 1423 5786 2253 5850">
     <span class='ocr_line' id='line_1_99' title="bbox 1423 5786 2253 5850; baseline -0.008 -2"><span class='ocrx_word' id='word_1_658' title='bbox 1423 5793 1797 5850; x_wconf 79' lang='lat' dir='ltr'><strong>LECTIONES</strong></span> <span class='ocrx_word' id='word_1_659' title='bbox 1840 5786 2253 5844; x_wconf 80' lang='lat' dir='ltr'><strong>VARIANTES.</strong></span> 
     </span>
    </p>
   </div>
   <div class='ocr_carea' id='block_1_100' title="bbox 243 5886 732 5956">
    <p class='ocr_par' dir='ltr' id='par_1_100' title="bbox 243 5886 732 5956">
     <span class='ocr_line' id='line_1_100' title="bbox 243 5886 732 5956; baseline 0 -18"><span class='ocrx_word' id='word_1_660' title='bbox 243 5890 315 5956; x_wconf 86' lang='grc'><strong>(1)</strong></span> <span class='ocrx_word' id='word_1_661' title='bbox 347 5887 553 5953; x_wconf 76' lang='lat' dir='ltr'><strong>Virgine</strong></span> <span class='ocrx_word' id='word_1_662' title='bbox 581 5886 732 5940; x_wconf 71' lang='lat' dir='ltr'><strong>Sensi.</strong></span> 
     </span>
    </p>
   </div>
  </div>
