4262 6490
732 342 839 402 I55

2113 345 2575 405 TERTULLIANI

3925 349 4029 407 I56

735 467 912 515 certus
934 457 1103 514 illium
1133 458 1301 516 Deum
1332 458 1553 523 habere.
1577 460 1661 517 vel
1688 475 1753 517 ex
1783 461 1912 533 ipsis
1936 460 2231 531 Scripturis
2259 462 2326 517 de
2354 465 2405 523 Α
2432 459 2863 531 recipiendorum
2904 458 3286 516 charismatum
3322 474 3662 519 concessare.
3694 459 3769 517 Ita
3799 461 3906 519 duo
3933 479 4029 519 ne-

729 553 924 624 quibus
951 563 1077 610 tunc
1100 554 1454 610 tentatioueln
1480 554 1721 609 strnebat
1754 572 1767 609 :
1794 554 1856 610 Si
1885 564 1939 607 tu
1968 571 2019 608 es
2044 556 2182 623 ﬁlius
2208 553 2322 620 Dei,

730 645 814 700 dic
841 656 896 699 ut
934 647 1131 715 lapides
1176 647 1261 702 isti
1296 664 1451 716 panes
1488 648 1652 716 fiunt;
1699 649 1826 703 item
1858 665 1871 700 :
1912 648 1975 703 Si
2012 660 2065 702 tu
2105 665 2157 703 es
2187 649 2325 716 ﬁlius

731 738 851 807 Dei,
884 740 1045 811 dejice
1070 748 1118 795 te
1146 741 1303 794 hinc:
1334 742 1582 811 scriptum
1615 751 1688 795 est
1715 742 1868 805 enim,
1900 742 2037 812 quod
2067 742 2325 796 mandauit

732 830 816 906 (I)
851 833 1044 902 angelis
1081 833 1186 887 suis
1211 848 1363 900 super
1401 843 1447 887 te
1480 831 1691 905 (utique
1715 832 1892 905 Pater)
1926 846 1978 888 ut
2012 845 2059 889 te
2093 834 2325 889 manibus

729 926 834 979 suis
862 925 1063 991 tollant,
1102 923 1278 979 necubi
1316 925 1385 978 ad
1427 926 1650 994 lapidem
1679 926 1853 994 pedem
1895 936 2037 980 tuum
2069 925 2322 994 o/I'endas.

735 1015 951 1088 (Ilattlt.
981 1014 1073 1082 IV,
1103 1016 1233 1082 5-6;
1266 1013 1359 1070 Ps.
1388 1015 1503 1083 XC,
1535 1016 1641 1089 ll).
1671 1020 1774 1071 Aut
1798 1019 2053 1089 numquid
2099 1020 2324 1075 menda-

726 1108 868 1162 cium
901 1106 1211 1178 Evaugeliis
1254 1109 1601 1179 exprobravit
1630 1109 1733 1183 (2),
1765 1110 1951 1165 dicens
1987 1128 2001 1167 :
2041 1129 2060 1163 ι
2117 1112 2325 1169 Viderit

726 1197 1007 1254 Mattllzens
1038 1210 1093 1254 et
1132 1199 1342 1254 Lucas:
1382 1209 1658 1266 caeterum,
1692 1216 1793 1271 ego
1826 1201 1895 1256 ad
1938 1202 2112 1271 ipsum
2153 1204 2321 1261 Deum

728 1296 954 1364 accessi,
986 1298 1158 1367 ipsum
1191 1299 1616 1369 omnipotentem
1656 1301 1904 1355 cominus
1936 1302 2157 1356 tentavi.
2194 1301 2323 1357 Ideo

731 1398 786 1446 et
823 1390 1049 1455 accessi,
1104 1392 1227 1448 ideo
1267 1404 1322 1447 et
1363 1396 1582 1449 tentari.
1616 1395 1911 1462 Caeterum,
1963 1396 2007 1449 si
2042 1396 2183 1451 illius
2230 1395 2323 1452 Dei

729 1493 892 1549 esset,
924 1500 1193 1555 nunquam
1226 1486 1372 1540 illum
1420 1486 1645 1542 fortasse
1687 1488 1766 1555 t5)
1810 1478 2107 1558 dignarer?
2146 1507 2164 1540 ι
2200 1474 2322 1544 ’δρα

2433 554 2574 624 gotia
2621 556 2694 625 (c)
2739 554 2935 610 diaboli
3007 554 3237 611 Praxeas
3299 554 3487 611 Romae
3534 557 3857 626 procuravit,
3899 572 4026 626 pro-

2432 651 2666 720 phetiam
2733 649 2959 720 expulit,
3009 659 3065 706 et
3127 650 3372 706 haeresim
3429 650 3639 710 intulit:
3690 650 4027 706 Paracletum

2435 742 2653 813 fugavit,
2683 752 2735 798 et
2760 742 2971 798 Patrem
2999 741 3282 798 cruciﬁxit.
3315 740 3728 797 Fructicavemnt
3755 743 3833 814 (6)
3857 760 4030 799 avena:

2436 851 2741 905 praxcauze,
2790 835 2877 891 hic
2926 851 3138 907 quoque
3186 836 3618 906 super-sentiuntur,
3668 836 4028 891 dormientibus

2434 930 2608 984 multis
2655 928 2894 1003 (Matt/u,
2936 929 3075 995 XIII,
3121 929 3214 1001 26)
3256 931 3307 984 ἱιι
3353 929 3692 999 simplicitate
3733 931 4025 996 doctrinm;

2437 1024 2691 1081 traducta:
2721 1024 2917 1080 dehinc
2944 1040 3040 1095 per
3065 1040 3223 1095 quem
3255 1025 3393 1080 Deus
3422 1026 3612 1092 voluit,
3641 1027 3801 1081 etiam
3827 1022 4027 1080 avulsae

2434 1119 2772 1173 videbantur.
2802 1118 2881 1189 (tl)
2910 1117 3148 1187 Denique
3179 1125 3395 1172 caverat
3434 1118 3717 1187 pristinum
3747 1117 3935 1173 doctor
3960 1118 4031 1172 de

2433 1210 2809 1266 emendatione
2845 1224 2973 1272 sua;
2998 1219 3053 1264 et
3078 1219 3260 1265 manet
3282 1208 3697 1281 chirograplmm
3721 1192 3865 1280 apud
3895 1209 4027 1282 Psy-

2434 1303 2618 1359 chicos
2659 1302 2935 1372 (7),apnd
2981 1317 3116 1373 quos
3161 1311 3286 1355 tunc
3335 1311 3485 1371 gesta
3537 1315 3625 1356 res
3680 1309 3785 1366 est,
3837 1300 4031 1355 exinde

2434 1395 2725 1451 silentium.
2759 1393 2828 1450 Et
2872 1409 2971 1449 nos
3008 1394 3223 1465 quidem
3272 1404 3454 1463 postea
3503 1394 3706 1464 agnitio
3743 1393 4025 1458 Paracleti,

2434 1500 2594 1560 atque
2631 1488 2893 1556 defensio,
2939 1488 3196 1558 disjnnxit
3237 1504 3266 1542 a
3310 1488 3605 1562 Psycllicis.
3653 1491 3852 1545 Avena:
3902 1504 4031 1544 vero

730 1576 873 1631 enim
906 1577 1020 1647 ipse
1041 1577 1218 1649 potius
1247 1596 1279 1632 (ι
1309 1578 1594 1649 primordio
1618 1579 1840 1634 mendax
1868 1556 1941 1635 est
1971 1579 2012 1649 il
2037 1579 2196 1634 Joan.
2230 1579 2320 1648 Ill,
2355 1556 2402 1617 Β
2430 1556 2535 1639 ιιιῴ
2585 1582 2766 1653 utique
2806 1579 2883 1650 (8)
2935 1556 3060 1635 tunc
3115 1596 3300 1636 semen
3364 1556 3735 1637 excusserant.
3792 1580 3868 1636 Ita
3924 1581 4026 1636 ali.

733 1668 824 1739 8);
855 1678 907 1723 et
946 1669 991 1724 si
1018 1685 1176 1739 quem
1205 1669 1476 1725 hominem
1501 1671 1568 1726 de
1590 1686 1687 1726 suo
1716 1672 2091 1727 subornaverit
2130 1674 2233 1743 (4),
2267 1682 2325 1727 ut

733 1760 1154 1817 Praxean.Nam
1194 1763 1294 1817 iste
1336 1761 1540 1831 primus
1567 1779 1632 1818 ex
1674 1765 1797 1819 Asia
1836 1763 1937 1817 hoc
1984 1779 2154 1834 genus
2204 1780 2326 1833 per-

735 1854 1009 1910 versitatis
1039 1853 1116 1925 (a)
1149 1855 1324 1909 intulit
1346 1854 1554 1921 Romtc;
1581 1856 1742 1909 homo
1773 1864 1827 1910 et
1847 1856 1928 1927 (5)
1954 1857 2086 1910 alias
2119 1856 2325 1927 inquie-

734 1958 840 2014 tus,
872 1948 1093 2019 insuper
1116 1948 1183 2004 de
1200 1948 1497 2020 jactatione
1518 1950 1759 2021 martyrii
1793 1950 2024 2016 inflatus,
2055 1950 2127 2007 ob
2147 1952 2323 2006 solum

730 2050 785 2096 et
827 2042 1056 2112 simplex
1096 2051 1150 2096 et
1179 2042 1341 2097 breve
1373 2043 1609 2097 carceris
1640 2042 1890 2110 taedium;
1928 2044 2144 2115 quando
2188 2056 2236 2099 et
2284 2046 2329 2100 si

730 2151 917 2199 corpus
955 2152 1103 2188 suum
1141 2135 1429 2190 tradidisset
1468 2138 1801 2205 exurendum,
1835 2139 1965 2192 nihil
2005 2139 2326 2210 profecisset,

733 2230 1054 2284 dilectionem
1095 2227 1188 2282 Dei
1234 2246 1335 2283 non
1381 2230 1568 2284 habens
1612 2231 1658 2301 (I
1686 2230 1830 2295 Cor.,
1863 2230 2004 2296 XIII,
2038 2228 2117 2302 3),
2175 2233 2329 2301 cujus

732 2321 1057 2377 charismata
1097 2338 1309 2393 quoque
1341 2326 1684 2394 expugnavit.
1726 2323 1859 2379 Nam
1909 2325 2048 2379 idem
2098 2336 2221 2380 tunc
2251 2326 2328 2399 (b)

735 2417 1045 2487 episcopum
1102 2432 1403 2483 romanum,
1452 2430 1831 2488 agnoscentem
1877 2420 1985 2489 jam
2027 2420 2331 2491 prophetias

736 2507 994 2571 Montani.
1018 2508 1235 2576 Priscze,
1260 2509 1580 2575 Maximillae,
1606 2523 1659 2566 et
1679 2526 1742 2567 ex
1766 2527 1828 2567 ea
1853 2513 2122 2583 agnitione
2146 2528 2331 2583 pacem

738 2598 999 2656 Ecclesiis
1036 2602 1177 2657 Asia:
1215 2613 1270 2657 ct
1296 2602 1541 2675 Phrygiae
1573 2603 1913 2671 inferentem,
1944 2604 2073 2660 falsa
2106 2606 2173 2661 de
2202 2605 2333 2674 ipsis

740 2692 1014 2764 prophetis
1053 2703 1107 2749 et
1146 2694 1389 2749 ecclesiis
1426 2710 1613 2749 eorum
1668 2697 2045 2763 asseverando,
2091 2705 2145 2751 et
2193 2713 2332 2767 pra:-

738 2798 1017 2840 cessorum
1067 2784 1184 2856 ejus
1236 2787 1581 2841 auctoritates
1645 2785 2005 2855 defelldeudo,
2057 2789 2233 2860 coegit
2282 2797 2337 2844 et

738 2877 943 2934 litteras
973 2878 1118 2948 pacis
1149 2894 1402 2934 revocare
1450 2879 1561 2949 jam
1599 2880 1845 2949 emissas,
1894 2891 1948 2936 et
1989 2896 2019 2934 a
2062 2882 2336 2952 proposito

2426 1675 2678 1746 quamdiu
2728 1690 2825 1746 per
2865 1673 3173 1744 hypocrisin
3210 1672 3434 1727 subdola
3466 1674 3750 1728 vivacitate
3775 1672 4027 1739 latitavit,

2428 1776 2482 1822 et
2511 1781 2651 1821 nunc
2677 1766 2856 1821 demto
2884 1766 3081 1834 erupit.
3113 1764 3219 1821 Sed
3264 1775 3319 1821 et
3358 1764 3537 1821 denuo
3564 1766 3946 1831 erallicabitur,
3984 1766 4031 1820 si

2429 1862 2655 1917 voluerit
2675 1861 2949 1924 Dominus.
2979 1862 3030 1916 in
3055 1862 3157 1917 isto
3177 1871 3502 1925 commeatu;
3527 1862 3699 1930 siquo
3725 1859 3803 1934 (9)
3834 1861 4031 1926 minus,

2428 1956 2516 2011 die
2542 1970 2641 2011 suo
2670 1956 2973 2027 colligantur
3009 1970 3179 2008 omnes
3205 1953 3453 2008 adultera:
3480 1953 3594 2025 (10)
3622 1954 3816 2024 fruges,
3845 1963 3891 2007 et
3918 1970 4032 2006 cum

2431 2048 2625 2103 ca’teris
2650 2047 2903 2102 scandulis
2922 2048 3027 2119 igni
3053 2045 3423 2116 inextinguibili
3447 2045 3803 2099 cremabantur
3831 2045 4030 2117 (ibid.).

3060 2136 3289 2194 CAPUT
3339 2136 3405 2191 II.

2503 2230 2689 2302 Itaque
2718 2240 2838 2302 post
2878 2238 3088 2301 tempus
3116 2230 3278 2285 Pater
3320 2237 3498 2294 natus,
3529 2237 3583 2283 et
3624 2228 3783 2284 Pater
3812 2241 4036 2299 passus:

2434 2323 2548 2393 ipse
2577 2324 2737 2389 Deus,
2768 2323 3026 2377 Dominus
3050 2322 3418 2392 omnipotens.
3448 2319 3607 2375 Jesus
3630 2319 3878 2377 Christus
3901 2334 4037 2390 pran-

2433 2416 2662 2472 dicatnr.
2695 2413 2803 2471 Nos
2834 2430 2959 2470 vero
2996 2422 3050 2469 et
3081 2428 3317 2482 semper,
3362 2421 3418 2468 ct
3465 2426 3607 2467 nunc
3654 2412 3847 2483 magis,
3880 2420 3938 2465 ut
3964 2413 4039 2482 (c)

2435 2509 2807 2565 instructiores
2875 2524 2971 2579 per
3034 2507 3367 2562 Paracletum
3431 2506 3780 2561 deductorem
3836 2505 4044 2560 scilicet

2436 2603 2612 2657 omnis
2633 2602 2891 2666 veritatis,
2914 2600 3129 2655 unicum
3157 2597 3372 2670 quidem
3398 2599 3564 2655 Deum
3594 2597 3865 2653 credimus
3893 2616 3905 2652 :
3940 2597 4044 2652 sub

2438 2694 2539 2750 hac
2593 2707 2769 2751 tamen
2824 2694 3257 2765 dispensatione,
3332 2707 3493 2762 quam
3546 2691 3902 2746 mconomiam
3956 2689 4045 2744 di-

2442 2789 2636 2857 cimus,
2668 2788 2733 2859 (Ῑ)
2766 2799 2820 2842 ιιι
2860 2787 3002 2842 unici
3038 2786 3135 2843 Dei
3166 2785 3235 2841 sit
3262 2793 3316 2841 et
3356 2784 3496 2840 [ilius
3526 2798 3705 2840 sermo
3735 2782 3922 2853 ipsius,
3956 2782 4045 2851 qui

2439 2898 2507 2938 ex
2546 2884 2663 2953 ipso
2714 2880 3059 2952 processerit,
3091 2894 3184 2951 per
3226 2893 3377 2948 quem
3423 2876 3595 2931 omnia
3639 2874 3777 2946 facta
3814 2882 3950 2939 sunt,
4000 2880 4047 2925 et

1990 2996 2369 3053 LECTIONES
2407 2996 2829 3053 VARIANTES.

915 3111 1160 3164 Mandabil.
1179 3112 1282 3164 alii.

910 3177 1234 3239 Exprobrabit
1258 3176 1411 3225 Frmt.
1437 3174 1601 3225 Paris.

911 3240 1151 3289 'l‘entasse
1192 3241 1374 3290 Wouw.

830 3116 848 3165 1

828 3181 855 3227 2

830 3116 848 3165 l
915 3114 1160 3164 Mandabit
1179 3114 1282 3164 alii.

828 3116 879 3362 ἒξ
910 3177 1234 3239 Exprobrabit
1258 3176 1411 3225 Frmt.
1437 3174 1601 3225 Paris.

911 3240 1151 3289 'l‘entasse
1192 3241 1374 3290 Wouw.

831 3306 855 3354 ι
913 3302 1206 3353 Subornavit
1222 3299 1375 3353 then.
1398 3300 1545 3351 Seml.
1568 3297 1763 3351 Oberth.

826 3365 879 3429 5)
916 3365 1084 3416 Intulit
1104 3366 1266 3417 homo.
1290 3365 1354 3415 Et
1375 3362 1528 3415 then.
1556 3362 1708 3415 Seml.
1730 3366 1763 3417 0

826 3359 879 3429 5)
916 3365 1084 3416 Intulit
1104 3366 1266 3417 homo.
1290 3365 1354 3415 Et
1375 3362 1528 3415 then.
1556 3362 1708 3415 Seml.
1730 3359 1925 3417 Oberth.

858 3116 879 3362 ἒ

2510 3114 2582 3175 (6)
2618 3110 3191 3179 Εισιιιιίίεενςηηιβζιεη.
3212 3106 3377 3179 _Ser_nl_.
3408 3106 3622 3179 Obertltn

2618 3172 3001 3250 ιῖιιιείεοειέιςηι
3022 3172 3154 3250 intra
3178 3171 3391 3250 Pataris
3410 3168 3515 3231 αιίί»
3537 3168 3622 3223 θεά
3644 3168 3828 3221 We-

2509 3181 2559 3236 (7
2618 3180 2868 3250 Physicos,
2887 3180 3001 3225 item
3022 3180 3151 3235 infra
3178 3180 3391 3234 physICis

2368 3223 2412 3287 C
2510 3180 2582 3303 (8)
2622 3238 2816 3303 Ubique
2838 3235 2993 3288 Rhen.
3019 3231 3172 3287 Seml.
3209 3233 3407 3286 Oberth.

2508 3300 2998 3432 liboigdléugeu.
3022 3357 3247 3413 Ciaccon.

2109 3472 2673 3530 COMMENTARIUS.

818 3591 971 3676 CAP.
995 3590 1109 3675 1.-τ
1132 3589 1208 3716 ᾖ)
1225 3590 1405 3645 Intulit
1426 3589 1621 3673 Romae:
1639 3591 1809 3654 homo,
1827 3600 1929 3673 etc.
1952 3589 2206 3674 Illtclligit
2222 3607 2338 3673 pro-

818 3678 953 3716 leias
979 3663 1095 3716 urbi
1191 3677 1400 3716 omanre
1456 3676 1763 3716 Vlctnlores.
1813 3663 2022 3716 Allonul
2059 3678 2168 3716 lusa
2212 3665 2338 3716 Asia

746 3664 953 3721 vincias
979 3663 1095 3718 urbi
1144 3662 1400 3716 Romamn
1456 3662 1763 3717 viciniores.
1813 3662 2022 3730 Alioqui
2058 3664 2168 3731 ipsa
2212 3664 2338 3717 Asia

750 3736 1242 3809 parti_m_ro_lnanum
1269 3734 1590 3805 agnoscebat
1617 3733 1919 3804 imperium.
1937 3733 2131 3809 Busa.

822 3806 900 3875 (b)
934 3805 1240 3877 Episcopum
1263 3822 1528 3877 romanum
1556 3815 1906 3875 agnoscentem
1918 3807 2032 3877 jam
2054 3806 2349 3877 prapltetias

751 3879 1007 3934 Montani.
1064 3876 1306 3932 Ilmrcses
1351 3876 1661 3931 Tertulliani
1693 3892 1811 3944 qua:
1838 3878 2106 3940 dicuntur,
2152 3894 2231 3933 e:e
2261 3880 2345 3931 vix

750 3950 895 4005 aliud
916 3950 1294 4019 praacipichant
1309 3964 1467 4016 quam
1486 3949 1739 4019 martyria
1763 3947 2003 4011 fortiora,
2026 3950 2224 4019 jejunia
2246 3950 2351 4003 sic-

752 4022 920 4083 ciora,
947 4021 1317 4075 casnmoniam
1344 4020 1690 4084 sanctiorem,
1722 4021 1931 4089 nuptias
1958 4022 2165 4075 srilicet
2191 4036 2347 4082 unas.

754 4102 845 4146 aut
871 4093 1063 4147 nullas.
1092 4090 1150 4146 Ill
1182 4093 1373 4159 quibus
1403 4090 1651 4159 quicquid
1686 4092 1944 4157 peccavit.
1977 4091 2027 4145 id
2055 4108 2215 4147 omne
2242 4093 2347 4144 vir-

758 4165 884 4218 tutis
927 4178 1111 4217 amore
1157 4162 1559 4217 vehementiore
1605 4177 1855 4229 peccasse
1903 4162 2165 4218 videatur.
2213 4162 2347 4217 Illud

759 4244 903 4292 certe
917 4235 1149 4305 gravius,
1175 4233 1316 4305 quod
1339 4233 1572 4305 Montani
1604 4233 1935 4305 Paracletum
1953 4236 2166 4296 agnovit
2190 4245 2351 4305 atque

757 4304 1016 4362 defendit.
1051 4304 1156 4359 Sed
1200 4304 1429 4358 Montani
1479 4304 1683 4365 schola.
1718 4304 1854 4359 sicut
1882 4315 1934 4359 et
1968 4305 2226 4360 Baronius
2250 4307 2347 4357 oh-

759 4388 959 4443 servat,
1006 4374 1310 4444 aliquandiu
1366 4375 1513 4429 stetit
1540 4376 1778 4440 innoxia,
1829 4376 2121 4447 discipulos
2170 4377 2355 4431 habuit

761 4448 898 4503 adeo
928 4463 1134 4501 morum
1161 4448 1440 4500 sanctitate
1485 4447 1959 4512 commendabiles,
1990 4447 2224 4502 benefica
2256 4448 2354 4502 mi-

763 4520 1067 4575 raculorum
1113 4519 1349 4587 potentia
1406 4518 1751 4580 revereudos,
1799 4519 2175 4589 martyriorum
2217 4534 2349 4573 eon-

765 4592 958 4646 stantia
988 4589 1171 4651 fortes,
1202 4600 1258 4643 ut
1309 4603 1465 4644 nemo
1515 4591 1889 4658 praesentiores
1941 4590 2064 4643 alibi
2115 4592 2347 4644 numinis

762 4663 905 4717 vires
928 4670 1259 4731 agnosceret.
1286 4660 1354 4715 Et
1374 4675 1499 4714 vero
1526 4670 1673 4715 recte
1696 4660 2039 4716 doctissimus
2059 4661 2346 4716 cardinalis

766 4733 976 4788 censuit
1007 4735 1279 4787 Anicetum
1309 4744 1435 4785 tunc
1460 4732 1762 4800 pontificem
1793 4746 2069 4788 romanum
2098 4734 2149 4786 in
2178 4733 2349 4786 homi-

767 4805 922 4859 nibus
951 4804 1079 4857 nihil
1123 4803 1299 4857 adhuc
1322 4819 1351 4857 a
1381 4802 1503 4858 Iidei
1536 4803 1714 4873 regula
1753 4804 2191 4859 dissentientibus
2237 4803 2351 4859 haec

769 4875 933 4931 divini
965 4875 1196 4943 Spiritus
1219 4873 1540 4929 charismata
1568 4876 1870 4943 agnovisse,
1899 4890 2080 4929 eorum
2109 4875 2352 4931 ecclesiis

806 4960 957 5001 acem
1005 4946 1283 5015 intulisse,
1325 4957 1502 5014 atque,
1559 4956 1616 5001 ut
1660 4947 1749 5017 ait
1782 4945 2163 5009 Tertullianus,
2206 4949 2353 5017 pacis

796 5019 978 5072 itteras
1010 5018 1236 5089 misisse,
1286 5030 1458 5087 neque
1494 5028 1573 5073 est
1615 5016 1755 5089 quod
1783 5019 2115 5089 su5picemur
2145 5016 2355 5073 Tertul-

773 5036 978 5072 litteras
1010 5036 1236 5083 IIIISISSC,
1286 5036 1458 5087 neque
1494 5036 1573 5073 eSl
1615 5036 1755 5089 qIIIIG
1783 5036 2115 5141 SllSlllCClIIlll'
2156 5036 2355 5073 ICI'IIII-

772 5089 997 5151 Iianum,
1025 5087 1197 5143 virum
1230 5103 1468 5157 gravem,
1501 5089 1600 5142 etsi
1654 5098 1779 5142 tunc
1843 5089 1873 5141 ll
1898 5091 2076 5143 ontani
2119 5090 2355 5157 partibus

769 5161 1062 5221 addictum.
1097 5161 1148 5214 in
1178 5160 1399 5215 historia
1432 5169 1536 5213 tam
1568 5161 1763 5214 recenti
1809 5171 2022 5230 tamque
2054 5158 2353 5226 manifesta,

774 5233 935 5298 inque
972 5246 1136 5300 Opere
1174 5234 1314 5301 quod
1343 5232 1602 5287 adversus
1646 5231 1882 5286 I’raxean
1915 5233 2222 5285 Inereticum
2263 5246 2359 5300 pro

776 5303 897 5356 tidei
921 5302 1203 5373 catholicae
1240 5303 1469 5357 articulo
1501 5304 1639 5357 inter
1669 5304 1967 5373 praecipuos
1996 5304 2181 5368 nobili,
2212 5317 2360 5357 com—

775 5372 1029 5443 ponebat,
1052 5373 1265 5427 mentiri
1301 5374 1563 5440 voluisse;
1594 5390 1713 5428 cum
1754 5375 2046 5441 praesertim
2082 5374 2360 5429 mendacio

775 5443 1079 5515 splendido,
1131 5459 1194 5498 ac
1241 5445 1423 5499 statim
1490 5444 1645 5499 facile
1706 5444 2055 5509 confutanilu,
2136 5446 2360 5510 pretium

779 5514 1005 5570 nullum.
1056 5514 1194 5587 Ergo
1223 5516 1453 5571 Praxeas
1494 5517 1603 5576 ille.
1633 5516 1806 5587 qualis
1845 5532 1874 5570 a
1906 5516 2234 5571 Tt‘l‘llllllallo
2264 5516 2362 5570 de-

779 5588 1032 5657 pingitur,
1060 5585 1193 5639 lictis
1220 5588 1358 5653 apud
1392 5585 1695 5657 pontificem
1726 5588 1952 5650 caussis,
1986 5588 2229 5658 adeoque
2260 5590 2361 5641 im-

781 5659 1000 5712 minuta:
1028 5659 1360 5712 auctoritatis
1390 5660 1675 5729 poutiliciae
1703 5659 2185 5717 criminationibus.
2221 5660 2367 5712 Mon-

782 5730 890 5784 tani
926 5730 1214 5798 discipulos
1244 5745 1469 5784 onerare
1509 5745 1613 5784 non
1642 5729 1863 5789 destitit,
1897 5730 2065 5785 donec
2093 5733 2236 5800 pacis
2270 5746 2367 5784 seu

784 5801 1284 5856 communicationis
1330 5801 1517 5855 littera:
1565 5802 1698 5868 jam,
1750 5804 1821 5855 illi
1866 5804 2116 5869 diximus,
2157 5804 2367 5857 emissa:

787 5882 1184 5928 revocarentur.
1214 5875 1390 5941 Quare
1421 5872 1661 5928 nonnulli
1691 5872 1827 5929 forte
1852 5890 1917 5928 au
1946 5876 2065 5944 plus
2106 5888 2261 5947 aequo
2284 5872 2368 5929 of-

2441 3594 2573 3648 fensi
2618 3590 3003 3663 indignatique,
3050 3588 3360 3644 Montanum
3403 3602 3559 3663 suum
3603 3587 3656 3642 in
3704 3593 4054 3663 tan_tum_ex-

2445 3666 2632 3719 tollere
2656 3679 2718 3717 ac
2735 3658 3042 3731 praedicare
3070 3668 3367 3730 coeperunt,
3398 3670 3455 3714 ut
3500 3660 3765 3731 dicerent.
3795 3658 3848 3713 in
3885 3660 4053 3731 AApo-

2449 3736 2602 3792 stolis
2649 3729 2866 3805 quidem
2911 3729 3168 3804 Spiritum
3206 3732 3459 3805 Sanctum
3503 3730 3687 3805 fuisse,
3716 3729 4052 3805 Paracletum

2452 3824 2558 3863 non
2592 3800 2788 3872 fuisse;
2816 3815 2872 3862 et
2899 3800 3233 3861 l’aracletnm
3266 3803 3414 3857 illum
3456 3818 3609 3857 suum
3639 3802 3791 3872 plura
3820 3804 3870 3856 ill
3901 3800 4054 3856 Mun-

2453 3889 2578 3935 tanu
2602 3878 2821 3942 dixisse,
2853 3892 3010 3946 quam
3040 3878 3092 3931 in
3124 3874 3415 3945 Evangelia
3439 3872 3659 3946 Christi;
3691 3881 4049 3946 ncc__tantum

2454 3950 2628 4020 plura,
2673 3949 2766 4004 sed
2795 3944 2981 4020 .etialn
3044 3944 3477 4020 melioraiatque
3515 3945 3739 4020 majora.
3797 3944 3924 4020 Ilaec
3970 3945 4055 3997 ni-

2455 4013 2647 4076 iuirum
2663 4020 2732 4076 de
2755 4020 2818 4075 iis
2838 4019 3083 4089 legimus,
3105 4021 3192 4087 qui
3211 4013 3503 4089 secundum
3521 4015 3760 4089 Phrygas
3799 4013 4055 4089 dicuntur

2456 4031 2647 4076 nurum
2663 4031 2732 4076 de
2755 4031 2818 4075 ns
2840 4031 3083 4089 legimus,
3105 4033 3192 4087 qui
3211 4031 3503 4073 secundum
3521 4031 3760 4140 rnrlygas
3799 4031 4055 4070 ulcuntur

2456 4094 2509 4148 ill
2557 4091 2807 4161 Catalago
2854 4092 3249 4153 hmreticornm,
3298 4089 3387 4158 qui
3441 4086 3620 4161 Tc_rtnl
3648 4086 3753 4161 iani
3805 4086 3944 4140 libro
3986 4085 4056 4142 de

2453 4157 2865 4233 Prmscriptione
2898 4162 3060 4233 vulgo
3079 4161 3290 4215 annecti
3318 4157 3474 4233 solet.
3496 4159 3626 4226 Quae
3638 4157 3777 4233 satis
3798 4166 4054 4233 arguunt,

2454 4229 2697 4305 Phrygas
2720 4229 3238 4305 istiishIOllt'antrsuo
3271 4231 3457 4305 multa,
3480 4246 3606 4305 qua:
3637 4230 3753 4305 ipse
3777 4229 3879 4305 sibi
3906 4244 4051 4305 nun-

2454 4299 2625 4377 (ιιιεῖιῖ
2666 4305 3015 4375 arrogaverit.
3050 4302 3321 4377 tribuisse.
3374 4299 3529 4377 Unde
3579 4299 3890 4377 verosimile
3940 4301 4053 4377 tiat,

2456 4372 2691 4432 Montani
2719 4372 2931 4448 dogma,
2962 4376 3120 4448 quale
3160 4374 3352 4448 extitit,
3397 4372 3693 4448 pri_mo_rdio
3715 4372 3930 4448 quidem
3973 4372 4054 4425 sui

2456 4448 2761 4504 Christianis
2794 4443 3193 4501 'austerioribus
3228 4444 3513 4515 probabili,
3550 4443 4056 4515 Tertulliauumle-

2453 4522 2654 4586 nuisse;
2683 4534 2788 4574 non
2814 4518 2973 4589 quale
3000 4526 3205 4589 postea,
3233 4513 3355 4571 cum
3369 4516 3679 4589 sequacium
3698 4513 4054 4589 quorumdam

2454 4584 2762 4658 imposturis
2808 4584 2863 4644 εἰ
2905 4584 3212 4654 fraudibus,
3245 4603 3345 4643 acu
3387 4584 3607 4658 phrygia
3651 4584 4054 4658 interpolatum,

2450 4657 2795 4717 ah’Ecclesiis
2833 4661 3033 4729 passim
3085 4659 3366 4729 catholicis
3392 4657 3579 4728 despui
3607 4657 3789 4729 coepit.
3818 4657 4057 4727 Denique

2458 4726 2848 4788 Tertullianum
2868 4730 3163 4787 secundum
3186 4726 3426 4802 Phrygas
3450 4726 3749 4802 desipuisse
3776 4726 4010 4798 unquam
4030 4770 4045 4792 ,

2452 4806 2647 4872 scripta
2677 4804 2793 4872 ejus
2818 4819 2936 4871 quae
2964 4811 3151 4857 extant
3200 4800 3311 4856 non
3342 4800 3699 4872 persuadent;
3730 4815 3849 4870 quae
3875 4808 4055 4854 autem

2453 4871 2794 4936 intercidere.
2822 4890 2885 4928 ea
2914 4888 3034 4928 cum
3066 4882 3331 4938 extarent,
3360 4887 3532 4943 neque
3559 4871 3849 4943 Cypriauo,
3875 4885 4055 4943 neque

2457 4947 2783 5014 Hieronymo
2811 4944 3140 5015 persuasisse
3165 4943 3430 4999 videntur.
3476 4944 3592 5015 Iilc_.

2527 5018 2600 5089 (c)
2646 5011 2889 5081 Negotia.
2929 5015 3092 5090 Ludit
3127 5016 3268 5090 circa
3297 5029 3514 5090 _no_men
3549 5013 3799 5090 Praua}.
3844 5011 3989 5090 quod
4026 5029 4057 5068 τι

2455 5084 2633 5162 graeco
2656 5095 2835 5162 πρίσω
2848 5113 2888 5142 ιν
2908 5086 3136 5142 derivari
3168 5087 3336 5162 potuit
3356 5103 3368 5139 :
3387 5087 3456 5162 ita
3484 5086 3712 5162 Sclnler.
3738 5084 3874 5140 Enn}

2528 5160 2610 5231 (ιι)
2647 5156 2874 5231 Denique
2898 5169 3097 5212 caverat
3121 5159 3390 5227 pristinum
3415 5157 3594 5231 doctor
3615 5157 3677 5210 de
3707 5156 4059 5231 emendatione

2461 5227 2851 5288 sua.'Praxeas
2877 5240 3075 5284 mutata
3116 5230 3383 5285 sententia
3422 5230 3701 5298 pristinam
3730 5227 4055 5293 doctrinam,

2464 5304 2565 5359 hoc
2586 5314 2690 5370 est,
2714 5312 2949 5357 veterem
2979 5310 3034 5357 ct
3066 5317 3247 5356 veram
3274 5301 3505 5361 colebat,
3540 5299 3780 5369 adeoque
3804 5298 4055 5361 docebat;

2463 5375 2573 5430 Imo
2620 5383 2675 5429 et
2721 5390 2813 5443 per
2854 5372 3269 5442 cltirographnm
3327 5372 3393 5426 de
3420 5370 3796 5443 emendatione
3840 5386 3935 5424 sua
3964 5384 4059 5425 ca-

2469 5456 2638 5501 verat.
2670 5436 2951 5499 Pristinum
2978 5436 3175 5508 doctor,
3205 5453 3260 5497 ut
3285 5452 3467 5498 cwtrra
3502 5436 3703 5497 Graius.
3738 5442 3860 5497 ltlc.

2537 5517 2691 5572 CAP.
2724 5517 2785 5569 ll.
2809 5546 2882 5558 -—
2911 5516 2986 5586 (θ)
3015 5514 3375 5569 Instructiores
3397 5530 3485 5586 per
3500 5512 3859 5586 _Paracletui_ll.
3892 5512 4058 5569 Recte

2469 5598 2688 5644 annotat
2736 5583 3025 5643 Rhenanus
3062 5587 3203 5657 loqui
3232 5587 3376 5641 illum
3402 5584 3470 5639 de
3499 5583 4056 5657 Paracletolllouttini,

2469 5662 2551 5716 cui
2578 5662 2735 5713 etiam
2805 5674 3082 5728 perperam
3133 5654 3366 5726 applicat
3406 5657 3554 5711 illltd.
3585 5656 3740 5711 Joan.
3776 5654 3913 5722 XVI,
3949 5657 4053 5711 I5:

2473 5732 2815 5787 Deductorem
2845 5732 3007 5784 omnis
3036 5730 3275 5783 veritatis.
3308 5729 3441 5782 Plut.

2544 5804 2613 5872 (l')
2645 5802 2711 5857 Ut
2740 5802 2875 5857 unici
2901 5801 2993 5853 Dei
3022 5802 3087 5872 sit
3113 5810 3159 5854 et
3186 5800 3326 5872 [ilius
3351 5816 3510 5854 sermo
3534 5801 3715 5867 ipsius,
3743 5799 3831 5872 qui
3860 5814 3925 5852 ea:
3945 5797 4054 5872 ipso

2473 5869 2788 5947 praeesserit.
2842 5871 3174 5930 Procedendi
3221 5870 3440 5927 verbum
3487 5872 3624 5928 Filio
3669 5870 3871 5939 tribuit,
3915 5869 4057 5942 quod
