4262 6490
207 407 304 468 157

1346 410 1548 468 LIBER
1575 408 1939 467 ADVERSUS
1976 408 2329 467 PRAXEAM.

3396 408 3498 467 158

200 527 309 582 sine
334 540 436 597 quo
463 528 654 598 factum
675 532 753 580 est
775 524 905 580 nihil
932 522 1138 592 (leam,
1169 522 1210 591 I,
1243 523 1298 597 3)
1317 545 1328 581 :
1348 525 1491 581 hunc
1518 525 1740 581 missum
1767 539 1796 579 a
1824 524 1877 585 A
1902 522 1968 578 ad
2015 524 2230 578 unicum
2250 548 2255 555 ·
2274 532 2329 580 et
2371 522 2539 580 Deum
2579 537 2763 580 verum
2812 521 3101 589 transfert;
3144 535 3251 578 non
3298 521 3500 579 intelli-

202 622 360 678 Patre
385 621 437 675 in
466 621 749 692 virginem,
775 628 829 674 et
852 636 916 675 ex
941 635 1002 675 ea
1026 628 1212 677 natum
1233 618 1504 675 hominem
1523 627 1577 673 et
1607 619 1793 684 Deum,

204 716 370 770 ﬁlium
394 713 630 769 hominis
657 722 713 769 et
736 712 901 769 ﬁlium
931 713 1045 781 Dei,
1074 722 1131 767 et
1154 714 1586 785 cognominatum
1613 712 1797 769 Jesum

202 806 475 861 Christum
502 823 517 860 :
551 805 693 860 hunc
719 820 958 876 passum,
991 804 1130 859 hunc
1159 814 1427 859 mortuum
1455 812 1509 860 et
1530 804 1798 873 sepultum

204 899 500 956 secundum
530 898 855 968 Scripturas,
906 906 963 955 et
1005 898 1381 953 resuscitatum
1427 913 1457 952 a
1516 896 1695 959 Patre,
1746 904 1803 952 et

202 992 255 1045 in
282 990 453 1047 C(BIOS
478 992 558 1061 (I)
592 999 946 1061 resumptum,
976 991 1164 1047 sedere
1200 991 1268 1045 ad
1298 989 1575 1047 dexteram
1605 990 1796 1057 Patris,

201 1092 487 1139 venturum
515 1083 758 1153 judicare
784 1084 936 1163 vivos
960 1092 1015 1139 et
1044 1094 1301 1147 mortuos,
1333 1084 1424 1154 qui
1470 1082 1666 1138 exinde
1695 1082 1800 1136 mi-

201 1177 356 1243 serit,
398 1176 698 1232 sccnudum
739 1176 1149 1246 promissionem
1190 1190 1363 1241 suam,
1407 1190 1436 1229 a
1476 1174 1634 1231 Patre
1678 1173 1801 1243 Spi-

200 1268 363 1323 ritum
418 1267 675 1323 Sanctum
729 1267 1097 1333 Paracletum,
1162 1266 1611 1322 sanctilicatorem
1678 1266 1801 1322 ﬁdei

201 1375 390 1414 eorum
422 1359 515 1430 qui
543 1360 771 1415 credunt
800 1360 850 1413 in
881 1358 1093 1415 Patrem
1133 1368 1188 1415 et
1228 1357 1426 1413 Filium
1458 1369 1513 1415 et
1541 1358 1800 1429 Spiritum

199 1449 482 1505 Sanctum.
536 1449 685 1505 Hanc
728 1450 963 1521 regulam
1009 1450 1079 1505 ab
1125 1451 1279 1506 initio
1316 1450 1589 1524 Evangelii
1636 1451 1800 1508 decu-

202 1543 462 1608 currisse,
523 1542 686 1597 etiam
738 1551 863 1597 ante
917 1544 1121 1612 priores
1195 1558 1437 1615 quosque
1497 1543 1796 1611 luereticos,

202 1633 402 1687 nedum
440 1632 517 1705 (ιι)
560 1642 686 1688 ante
733 1633 996 1689 Praxeam
1030 1634 1361 1698 hesternum,
1410 1635 1654 1705 probabit
1693 1644 1799 1691 tam

201 1722 314 1791 ipsa
358 1723 645 1793 posteritas
672 1725 911 1779 unmium
942 1724 1338 1792 hereticorum,
1369 1741 1529 1795 quam
1561 1725 1675 1794 ipsa
1708 1743 1803 1781 no-

201 1814 419 1870 vellitas
478 1814 695 1870 Praxete
747 1814 1010 1871 hesterni.
1066 1816 1184 1885 Quo
1244 1832 1495 1888 peraeque
1543 1817 1803 1874 adversus

1901 625 2089 687 gentes
2115 616 2328 670 unicum
2360 615 2600 687 quidem,
2649 615 2745 671 sed
2773 630 2896 671 cum
2926 630 3022 670 sua
3050 613 3352 670 meonumia
3378 628 3500 670 esse

1902 708 2250 773 credendum,
2274 718 2633 779 expavescunt
2650 709 2717 764 ad
2738 711 3115 766 meonomiam.
3137 708 3425 765 Numerum
3446 718 3501 768 et

1902 800 2307 873 dispositionem
2338 803 2611 870 trinitatis,
2647 803 2965 858 divisionem
3009 811 3343 872 praesumunt
3374 803 3498 859 uni-

1902 893 2047 958 tatis;
2071 894 2283 963 quando
2311 896 2485 951 unitas
2504 910 2570 950 ex
2595 894 2881 965 semetipsa
2904 894 3154 951 derivans
3178 895 3495 964 trinitatem,

1902 1001 2010 1041 non
2055 987 2363 1043 destruatur
2398 989 2465 1043 ab
2510 987 2625 1056 illa,
2682 988 2777 1044 sed
2841 989 3267 1045 administretur.
3311 989 3494 1060 Itaque

1903 1078 2039 1135 duos
2067 1088 2121 1136 et
2148 1092 2255 1135 tres
2281 1082 2389 1149 jam
2414 1080 2661 1150 jactitant
2701 1096 2731 1135 a
2760 1081 2915 1136 nobis
2944 1080 3249 1152 praedicari,
3277 1096 3337 1137 se
3367 1096 3500 1137 vero

1905 1174 2063 1229 unius
2110 1173 2204 1228 Dei
2247 1176 2481 1228 cultores
2513 1184 2862 1243 praesumunt,
2890 1175 3040 1246 quasi
3088 1189 3193 1230 non
3225 1182 3280 1231 et
3324 1174 3503 1231 unitas

1905 1266 2292 1323 irrationaliter
2339 1266 2590 1332 collecta,
2661 1266 2911 1322 luercsim
2947 1264 3142 1331 faciat;
3190 1275 3246 1322 et
3291 1266 3503 1322 trinitas

1906 1359 2241 1415 rationaliter
2272 1374 2530 1428 expensa,
2582 1360 2863 1415 veritatem
2912 1359 3220 1414 constituat.
3262 1356 3342 1431 (ο)
3380 1357 3494 1412 Mo-

1906 1454 2201 1521 narcbiam,
2242 1455 2508 1525 inquiunt,
2551 1463 2814 1510 tenemus.
2865 1455 2930 1509 Et
2960 1454 3030 1508 ita
3060 1467 3250 1508 sonum
3291 1452 3370 1525 (4)
3408 1467 3506 1508 νου

1905 1550 2091 1605 caliter
2128 1548 2432 1618 exprimunt
2461 1548 2621 1603 etiam
2649 1547 2846 1612 Latini,
2887 1546 2969 1616 (ό)
3015 1546 3176 1601 etiam
3206 1543 3357 1617 Opici
3399 1544 3502 1617 (5),

1904 1652 1964 1697 ut
2028 1650 2182 1711 putes
2234 1642 2351 1697 illos
2406 1649 2512 1695 tam
2559 1640 2697 1695 bene
2752 1638 3047 1708 intelligere
3111 1636 3503 1700 monarchiam.

1906 1750 2067 1805 quam
2114 1735 2413 1789 eountiant.
2474 1732 2580 1788 Sed
2632 1731 3000 1786 monarcltiam
3046 1744 3240 1784 sonare
3292 1728 3508 1786 student

1908 1828 2082 1883 Latini
2109 1869 2124 1892 ,
2170 1826 2524 1882 oeconomiam
2557 1825 2857 1892 intelligere
2899 1823 3089 1879 nolunt
3121 1823 3280 1879 etiam
3311 1821 3507 1878 Graeci.

202 1907 483 1963 Universos
524 1906 775 1963 Itmrmses
796 1911 906 1979 jam
938 1908 1062 1964 hinc
1094 1909 1495 1980 praeiudicatum
1518 1911 1608 1978 sit,
1637 1909 1714 1984 (ὁ)
1750 1911 1801 1966 id
1832 1921 1879 1981 B
1909 1923 1977 1976 At
2014 1936 2136 1990 ego,
2178 1920 2223 1974 si
2260 1919 2534 1989 utriusque
2561 1920 2754 1987 lingua:
2797 1917 3108 1987 praecerpsi,
3138 1915 3507 1971 monarchiam

200 2018 322 2059 esse
344 2019 555 2069 verum,
584 2006 954 2077 quodcumque
972 2006 1224 2077 primum;
1254 2005 1303 2060 id
1331 2021 1452 2061 esse
1476 2006 1798 2073 adulterum,

199 2097 581 2171 quodcumque
618 2100 903 2169 posterius.
935 2098 1042 2155 Sed
1072 2100 1217 2153 salva
1251 2100 1347 2154 ista
1373 2099 1801 2172 praescriptione,

200 2191 385 2261 utique
417 2199 595 2246 tamen
644 2202 863 2261 propter
904 2192 1309 2247 instructionem
1351 2201 1403 2247 et
1447 2192 1799 2247 munitionem

198 2284 584 2354 quorumdam,
623 2284 833 2339 dandus
873 2294 958 2341 est
996 2286 1157 2340 etiam
1204 2284 1581 2340 retractatibus
1614 2284 1799 2341 locus:

198 2376 286 2430 vel
316 2391 385 2431 ne
424 2376 668 2432 videatur
711 2392 1047 2448 unaqureque
1079 2378 1429 2447 perversitas,
1462 2392 1566 2432 non
1596 2378 1802 2433 exami-

200 2478 347 2535 nata,
378 2469 473 2524 sed
508 2470 849 2540 praejudicata
874 2469 1143 2536 damnari,
1174 2472 1404 2525 maxime
1434 2471 1567 2536 haec,
1599 2488 1717 2542 qua:
1743 2486 1803 2529 se

200 2562 480 2617 existimat
519 2578 723 2619 meram
753 2565 1031 2620 veritatem
1073 2564 1368 2634 possidere,
1414 2564 1542 2620 dum
1587 2567 1802 2622 unicum

201 2656 371 2711 Deum
423 2670 530 2711 non
566 2656 700 2711 alias
746 2665 892 2725 putat
934 2657 1287 2720 credendum,
1334 2672 1492 2727 quam
1541 2658 1587 2713 si
1629 2658 1803 2728 ipsum

203 2747 566 2818 etimdemque
591 2758 646 2804 et
666 2747 878 2805 Patrem
900 2748 1161 2805 etFiIium
1188 2757 1241 2804 et
1264 2747 1521 2818 Spiritum
1548 2750 1802 2806 Sanctum

200 2839 378 2895 dicat:
425 2840 579 2911 quasi
629 2855 735 2895 non
784 2840 865 2895 sic
904 2856 1119 2912 quoque
1149 2857 1288 2899 unus
1321 2843 1391 2897 sit
1427 2844 1630 2909 omnia,
1675 2844 1803 2899 dmn

199 2946 266 2986 ex
303 2949 413 2985 uno
439 2933 639 2995 omnia,
694 2947 788 3001 per
826 2932 1143 2987 substantia:
1185 2935 1391 2989 scilicet
1421 2936 1707 3000 unitatem;
1751 2948 1805 2992 et

200 3024 549 3079 nihilominus
568 3023 900 3079 custodiatur
913 3026 1230 3081 (Bcunomia:
1246 3038 1663 3096 sacramentum,
1685 3046 1803 3100 quae

201 3115 462 3170 unitatem
506 3116 559 3169 in
604 3116 893 3172 trinitatem
936 3117 1192 3186 disponit,
1237 3126 1345 3173 tres
1388 3118 1647 3190 dirigens,
1695 3120 1801 3177 Pa-

207 3216 367 3276 Iretn,
407 3217 463 3263 et
496 3207 713 3275 Filium,
766 3218 821 3264 et
854 3207 1110 3280 Spiritum
1147 3208 1424 3266 Sanctum.
1448 3211 1582 3267 Tres
1621 3221 1800 3268 autem

1905 2014 2035 2070 nihil
2067 2013 2208 2068 aliud
2237 2012 2541 2083 signiﬁcare
2566 2011 2699 2077 scio,
2727 2024 2886 2081 quam
2910 2011 3182 2082 singulare
3206 2020 3261 2065 et
3291 2011 3507 2065 unicum

1908 2107 2234 2176 imperium:
2285 2119 2389 2159 non
2456 2115 2631 2158 tamen
2692 2103 3045 2173 priescribere
3116 2102 3506 2165 monarcltiam,

1906 2201 2046 2266 ideo,
2089 2200 2212 2271 quia
2261 2199 2417 2254 unius
2458 2199 2549 2262 sit,
2584 2213 2705 2251 eum
2744 2197 2821 2267 (6)
2874 2195 3025 2265 cujus
3069 2196 3159 2260 sit,
3205 2206 3297 2251 aut
3341 2193 3509 2250 ﬁlium

1907 2310 2015 2349 non
2068 2294 2289 2360 habere,
2336 2300 2427 2346 aut
2476 2289 2649 2361 ipsum
2697 2303 2757 2344 se
2795 2288 2898 2343 sibi
2947 2288 3117 2342 ﬁlium
3157 2287 3369 2353 fecisse,
3421 2295 3514 2342 aut

1908 2384 2275 2443 monareltiam
2317 2398 2468 2438 suam
2509 2398 2615 2436 non
2664 2395 2759 2451 per
2785 2394 2922 2446 quos
2952 2378 3080 2434 velit
3107 2378 3508 2434 administrare.

1908 2478 2106 2548 Atquin
2136 2477 2333 2531 nullam
2357 2476 2479 2530 dico
2506 2473 2928 2529 dominationem
2958 2472 3029 2526 ita
3066 2471 3226 2526 unius
3254 2470 3336 2526 sui
3365 2484 3508 2536 esse,

1909 2573 1980 2626 ita
2025 2570 2371 2640 singularem,
2416 2568 2488 2621 ita
2532 2567 2895 2621 monarcltiam
2946 2564 3051 2635 (7),
3098 2573 3157 2619 ut
3198 2580 3306 2619 non
3348 2563 3513 2620 etiam

1908 2680 2004 2735 per
2029 2664 2160 2717 allus
2190 2662 2459 2731 proximas
2485 2672 2744 2729 personas
2771 2656 3199 2719 administretur,
3233 2670 3366 2725 quas
3394 2656 3507 2725 ipsa

1910 2758 2251 2830 prospexerit
2284 2753 2553 2809 ofﬁciales
2589 2750 2689 2805 sibi
2745 2750 2799 2805 Si
2828 2764 2957 2805 vero
2983 2757 3039 2804 et
3066 2749 3206 2804 ﬁlius
3251 2748 3412 2805 fuerit
3438 2749 3511 2816 ei,

1908 2851 2060 2921 cujus
2106 2847 2415 2905 monarchia
2465 2846 2554 2910 sit,
2589 2858 2695 2898 non
2724 2844 2905 2897 statim
2934 2840 3102 2896 dividi
3128 2856 3272 2909 eam,
3302 2850 3360 2896 et
3398 2856 3516 2896 mo-

1909 2944 2182 3001 narchiam
2225 2958 2345 2997 esse
2371 2940 2641 3005 desinere,
2674 2938 2719 2993 si
2752 2937 3021 3006 particeps
3065 2937 3182 3007 ejus
3210 2948 3517 2991 assumatur

1906 3048 1961 3093 et
1987 3036 2165 3095 ﬁlius:
2212 3034 2308 3090 sed
2358 3033 2438 3105 (8)
2486 3032 2706 3103 proinde
2750 3028 2892 3086 illius
2930 3044 3052 3083 esse
3090 3029 3513 3100 principalitera

1908 3144 2013 3199 quo
2033 3128 2461 3183 communicatur
2483 3126 2535 3179 in
2562 3118 2749 3186 ﬁlium;
2772 3120 2969 3176 etdum
2994 3119 3137 3175 illius
3160 3128 3266 3187 est,
3290 3121 3516 3191 proinde

1908 3222 2276 3279 monarcltiam
2299 3232 2563 3288 esse,qu:e
2585 3232 2613 3271 a
2635 3214 2846 3271 duobus
2873 3223 2978 3267 tam
2998 3211 3171 3269 unicis
3190 3214 3512 3268 continetur.

199 3315 305 3358 non
342 3309 512 3367 statu,
562 3301 658 3357 sed
708 3300 913 3372 gradu;
964 3316 1063 3357 nec
1111 3302 1431 3369 substantia,
1463 3304 1557 3359 sed
1592 3304 1797 3371 forma;

1906 3318 2072 3388 Igitur
2121 3316 2166 3370 si
2220 3324 2273 3369 et
2322 3310 2633 3367 monarcltia
2687 3308 2870 3362 divina
2912 3319 3009 3375 per
3058 3314 3133 3359 tot
3176 3304 3415 3377 legiones
3463 3312 3519 3360 ct

199 3409 299 3450 nec
342 3403 631 3464 potestate,
663 3395 758 3450 sed
788 3395 1001 3465 specie:
1044 3395 1203 3450 unius
1246 3402 1423 3450 autem
1463 3397 1796 3462 substantize,

199 3499 251 3543 et
282 3488 444 3542 unius
474 3496 666 3554 status,
698 3497 753 3545 et
782 3488 939 3544 unius
967 3472 1438 3559 potestatis;.(Iuia
1470 3505 1607 3545 unus
1638 3490 1797 3557 Deus,

200 3591 266 3635 ex
302 3578 510 3650 quoet
549 3579 751 3651 gradus
785 3581 871 3636 isti
919 3589 975 3636 et
1021 3579 1205 3636 forma:
1240 3589 1296 3636 et
1342 3581 1572 3652 species,
1620 3584 1673 3637 in
1706 3598 1802 3639 no-

200 3673 344 3726 mine
392 3672 571 3728 Patris
607 3681 662 3728 et
694 3672 815 3729 Filii
863 3676 919 3728 et
960 3672 1191 3741 Spiritus
1230 3674 1413 3731 Sancti
1453 3677 1798 3746 deputantur.

203 3762 484 3830 Quomodo
532 3772 710 3818 autem
759 3763 836 3836 (2)
886 3780 1168 3820 numerum
1218 3768 1335 3820 sine
1390 3766 1652 3823 divisione
1701 3785 1797 3837 pa-

201 3856 431 3924 tiuntur,
466 3856 819 3925 procedentes
848 3867 1170 3914 retractatus
1216 3858 1295 3933 (5)
1328 3858 1793 3917 demoustrabunt.

424 4020 425 4023 γ
823 3950 1050 4010 CAPUT
1081 3950 1168 4009 ιιι.

267 4044 560 4117 Simplices
598 4045 742 4102 enim
771 4046 994 4117 quique,
1040 4062 1109 4103 ne
1161 4047 1387 4105 dixerim
1430 4049 1798 4122 imprudentes

197 4147 250 4191 et
278 4137 483 4204 idiota),
517 4153 636 4207 quae
688 4139 860 4209 major
905 4154 1119 4210 semper
1155 4142 1488 4199 credentium
1533 4162 1658 4216 pars
1688 4155 1793 4213 est,

200 4232 452 4301 quoniam
502 4240 558 4288 et
588 4231 701 4304 ipsa
732 4232 917 4304 regula
950 4232 1073 4290 ﬁdei
1116 4249 1148 4290 a
1180 4235 1421 4307 pluribus
1464 4239 1568 4293 diis
1612 4241 1795 4295 saeculi

1904 3409 2171 3465 exercitus
2209 3406 2518 3477 angelorum
2572 3401 3015 3465 administratur,
3065 3398 3205 3455 sicut
3250 3399 3508 3467 scriptum

1904 3508 2019 3554 est:
2054 3497 2247 3552 Millies
2278 3496 2439 3549 millia
2478 3492 2559 3565 (9)
2585 3492 2887 3548 assistebant
2922 3490 2986 3555 ei,
3023 3499 3070 3545 et
3097 3488 3281 3544 millies
3309 3498 3516 3552 centena

1903 3590 2066 3645 millia
2108 3585 2421 3659 apparebant
2466 3586 2562 3663 ei:
2591 3599 2689 3639 nec
2718 3582 2841 3639 ideo
2872 3582 3028 3637 unius
3069 3595 3190 3637 esse
3236 3580 3416 3646 desiit,
3455 3588 3517 3634 ut

1904 3678 2437 3740 desinatmunarcltia
2465 3692 2605 3744 esse,
2627 3676 2751 3749 quia
2783 3690 2877 3746 per
2907 3684 3051 3729 tanta
3069 3674 3231 3729 millia
3256 3672 3516 3728 virtutum

1903 3783 2253 3847 procuratur:
2285 3771 2444 3843 quale
2484 3779 2568 3826 est
2596 3776 2655 3823 ut
2699 3769 2839 3823 Deus
2869 3767 3189 3823 divisionem
3216 3777 3274 3822 et
3301 3764 3514 3837 disper-

1900 3872 2108 3923 sionem
2149 3866 2254 3936 pati
2288 3864 2529 3917 videatur
2580 3862 2631 3916 in
2671 3860 2809 3915 Filio
2856 3869 2912 3915 et
2958 3862 3009 3913 in
3052 3859 3253 3928 Spiritu
3280 3858 3502 3921 Sancto.

1902 3960 2194 4015 secundum
2223 3967 2277 4012 et
2313 3956 2525 4011 tertium
2554 3953 2760 4009 sortitis
2800 3953 2999 4019 locum,
3030 3960 3138 4006 tam
3168 3950 3514 4007 consortibus

1900 4053 2212 4110 substantiae
2229 4050 2423 4110 Patris.
2442 4062 2574 4118 quas
2601 4044 2718 4120 (10)
2750 4061 2857 4100 non
2891 4046 3085 4115 patitur
3103 4044 3155 4099 in
3182 4052 3260 4098 tot
3284 4043 3514 4113 angelo-

1900 4163 2020 4203 rum
2044 4159 2286 4209 numero,
2332 4152 2388 4197 et
2412 4141 2625 4212 quidem
2651 4152 2756 4195 tam
2774 4154 2803 4193 a
2831 4138 3131 4193 substantia
3157 4136 3345 4192 alienis
3368 4138 3415 4208 (I
3432 4138 3449 4191 I
3469 4135 3514 4207 ).

1900 4238 2157 4302 Membra,
2197 4244 2253 4291 et
2294 4235 2535 4305 pignora,
2566 4242 2620 4289 et
2662 4233 3040 4298 instrumenta,
3083 4239 3138 4284 et
3176 4229 3345 4298 ipsam
3380 4228 3508 4296 vim,

1432 4351 1812 4412 LECTIONES
1848 4348 2264 4409 VARIANTES.

284 4467 329 4521 I)
364 4466 502 4519 Caelo
524 4464 675 4519 Rhen.
699 4465 849 4520 Seml.
880 4465 1073 4521 Obertlt.

280 4528 329 4595 ἐ)
364 4533 549 4595 autem
573 4529 719 4595 mea
739 4529 891 4595 Seml.
915 4538 1021 4595 post
1040 4528 1191 4585 Rhen-

254 4592 329 4717 (.33
364 4592 795 4644 TractatusSeml.
915 4592 925 4595 '

254 4659 327 4729 li.
365 4655 1032 4729 .SQ'FUmSet'y-RM:J"Y!-
1189 4718 1232 4729 .n
1351 4718 1400 4729 _.

280 4661 329 4717 υ
365 4661 553 4705 Solium
572 4661 721 4707 Seml.
746 4661 893 4707 Rhen.
918 4662 1032 4706 Just.

366 4716 434 4790 Et
456 4726 554 4768 tam
577 4719 748 4780 Opiﬁce
770 4718 924 4771 Seml.
950 4719 1097 4769 etiam
1121 4718 1322 4783 opiﬁces
1343 4718 1449 4783 Βία.

281 4786 311 4828 o
367 4780 491 4844 Ejus
512 4779 663 4831 ltlten.

1972 4468 2044 4530 (7)
2082 4463 2436 4516 Monarcbicam
2458 4462 2580 4512 Jan.

1974 4533 2045 4553 [οι
2080 4530 2148 4553 Ω..
2181 4529 2306 4553 ι’..ηη
2360 4525 2501 4553 πιανέ.

1994 4528 2035 4580 8“
2080 4530 2148 4579 Se
2174 4529 2325 4578 Fran.
2353 4528 2517 4577 Paris.

1973 4533 2045 4658 i9)
2082 4590 2262 4658 Millies
2290 4588 2484 4658 centies
2518 4593 2738 4638 centena
2776 4582 2930 4635 millia
2971 4579 3126 4635 Seml.
3151 4580 3333 4633 millies
3354 4579 3510 4631 millia

1828 4680 1883 4741 D
2144 4653 2294 4702 millia
2323 4647 2476 4722 Latin.

2114 4716 2251 4741 [\nnll
2286 4716 2416 4741 ἵησι-α

2000 4716 2076 4778 ιο)
2113 4716 2253 4775 Quod
2278 4713 2434 4764 Latin.

2000 4719 2076 4778 lO)
2113 4719 2253 4775 Quod
2278 4719 2434 4764 Latin.

1961 4719 2066 4846 ((11)
2102 4778 2382 4829 Substautitt
2405 4774 2556 4840 patris
2580 4770 2731 4824 Seml.
2767 4769 2887 4823 add.
2913 4769 3185 4821 alienorum
3207 4770 3366 4821 Fran.

1564 4877 2119 4942 COMMENTARIUS.

194 5002 446 5060 Ecclesia
478 5003 701 5074 Spiritui
726 5000 924 5058 Sancto
953 5005 1230 5073 proprium
1265 5002 1409 5059 fecit.
1442 5004 1562 5061 th.

268 5076 345 5147 la)
398 5077 529 5130 Ante
579 5073 839 5147 Praxeain
876 5076 1181 5129 hesternum.
1237 5074 1325 5130 Sic
1378 5074 1594 5147 Persius
1642 5074 1797 5145 dixit,

197 5144 482 5203 Hesternos
512 5146 750 5212 Quirites,
793 5144 896 5199 hoc
919 5156 1023 5207 est,
1054 5162 1242 5211 novos,
1283 5162 1534 5216 nuperos.
1565 5146 1684 5202 Rto.

263 5222 345 5289 (b)
364 5217 432 5273 Id
452 5234 560 5272 esse
579 5233 749 5289 verum
769 5216 1119 5289 quodcumque
1144 5218 1381 5289 primum.
1412 5216 1614 5289 Nempe
1642 5218 1792 5288 prin-

190 5286 333 5361 cipio
358 5300 580 5361 sumpto
599 5286 749 5361 unde
760 5287 924 5357 capit
940 5290 1153 5361 veritas.
1184 5288 1295 5361 Sic,
1322 5289 1458 5343 libro
1478 5286 1791 5343 de’Prazsrr.

193 5358 513 5419 literarium:
533 5358 618 5413 Ita
641 5375 705 5412 ea:
732 5358 846 5425 ipso
881 5358 1059 5412 ordine
1093 5360 1446 5430 manifestatur
1472 5360 1527 5414 id
1569 5377 1675 5416 esse
1699 5362 1791 5416 do-

192 5436 444 5490 minicum
472 5441 517 5485 et
547 5430 903 5501 verunt,_quod
926 5430 991 5484 sit
1022 5430 1162 5501 prius
1190 5431 1451 5485 traditum.
1484 5432 1604 5489 Rto.

260 5504 419 5560 CAP.
444 5501 691 5567 [IL—lc)
715 5499 1089 5563 Manarchiain,
1112 5503 1367 5571 inquiunt,
1396 5511 1795 5566 tenenmsdtlaw

194 5576 533 5648 «namhoc
545 5574 819 5648 est_,Deum
834 5574 1045 5628 urticqu
1062 5573 1474 5644 aﬂ‘erimtts,jure
1494 5575 1541 5648 id
1556 5577 1790 5645 quidem,

197 5645 316 5702 nam
330 5645 777 5711 :tliﬂlelCidilntls
789 5650 857 5709 εἰς
878 5656 965 5703 τὴν
983 5654 1119 5700 ἄθιον
1133 5655 1384 5706 πολυθεοτη
1394 5670 1471 5700 τι.
1490 5647 1633 5701 Hier.
1645 5688 1659 5712 ,
1678 5650 1715 5699 Ι.
1731 5649 1794 5702 de

198 5720 315 5773 Scr.
349 5718 551 5773 Eccles.
580 5726 767 5772 auctor
799 5730 877 5772 est
910 5719 1100 5772 librum
1130 5720 1195 5771 ab
1224 5718 1425 5772 Irenmo
1451 5720 1612 5773 luisse
1638 5734 1789 5773 eom-

200 5795 427 5860 positum
472 5790 579 5845 hoc
627 5789 796 5851 titulo,
839 5788 902 5843 de
951 5789 1268 5860 Mentire/tia.
1299 5791 1427 5852 sive,
1464 5790 1610 5855 Quod
1655 5790 1791 5845 Dens

198 5879 298 5917 non
327 5864 392 5920 sit
420 5875 603 5916 auctor
629 5861 898 5915 malorum.
924 5860 1040 5931 Ipse
1084 5859 1447 5916 Tcrtullianus
1472 5861 1786 5918 Monarchie

1907 4998 2171 5056 vocabulo
2206 4997 2368 5052 Deum
2397 4994 2732 5068 signiﬁcavit,
2766 4993 2919 5068 lib.“
2943 4992 3011 5068 de
3045 4991 3201 5068 Cultu
3256 4988 3509 5068 flemina:

1902 5076 2054 5126 rum:
2106 5070 2256 5125 Hanc
2320 5063 2849 5137 incorruptibilitalem
2902 5064 3143 5119 habemus
3186 5063 3395 5137 induere
3439 5065 3510 5117 ad

1902 5159 2082 5198 novant
2106 5143 2330 5200 domum,
2360 5133 2846 5209 quantgmonarcltia
2876 5136 3177 5209 pollicetur._
3200 5133 3319 5209 th.

1970 5215 2051 5285 (d)
2107 5212 2275 5267 Etiam
2326 5205 2479 5285 opici.
2515 5207 2570 5262 Id
2624 5218 2706 5263 est
2752 5208 3007 5285 barbari,_
3038 5205 3178 5285 quod
3230 5206 3409 5285 opice,
3453 5205 3502 5261 ἰ(

1897 5276 1986 5340 est
2020 5285 2243 5339 turbare
2270 5324 2283 5349 ,
2329 5276 2708 5350 loquerentur,
2765 5295 2868 5332 non
2919 5278 3105 5341 latine,
3136 5276 3502 5350 iuxta__Pliu.,

1896 5355 1933 5409 I.
1954 5355 2145 5420 XXIX,
2166 5346 2278 5411 e.I.
2307 5346 2642 5408 PAIi.—Sclt)
2662 5349 2995 5413 Iuvenalem,
3020 5352 3181 5402 satira
3203 5349 3257 5417 6,
3278 5346 3501 5403 dixisse:

2085 5450 2189 5499 Nec
2212 5446 2423 5498 curanda
2449 5445 2567 5495 viris
2591 5446 2743 5507 epicze
2768 5445 3003 5506 castigata
3024 5445 3162 5492 micae

1897 5574 2003 5629 Sed
2032 5512 2532 5639 ltixeitli)aexem(ilari
2576 5570 2787 5638 legitur,
2817 5569 2883 5624 Et
2910 5570 2980 5621 ita
3003 5583 3182 5621 sonum
3210 5567 3373 5636 ipsum
3406 5580 3499 5639 νοτ

1895 5648 2072 5701 caliter
2114 5637 2410 5715 exprimunt
2446 5643 2596 5696 etiam
2638 5637 2841 5705 Latini,
2885 5641 3036 5715 etiam
3077 5640 3297 5715 Opiﬁcis,
3355 5637 3498 5708 quod

1897 5720 2141 5773 videatur
2161 5711 2727 5771 convenientissimum
2751 5714 3099 5779 sequentilnh
3121 5711 3257 5771 istis,
3278 5716 3330 5761 ut
3354 5717 3499 5777 putes

1894 5790 2009 5844 illos
2036 5801 2137 5842 ltllll
2164 5790 2283 5840 bene
2313 5786 2592 5849 intellig/ere
2620 5784 2987 5846 manare/tiam,
3018 5797 3169 5844 quam
3206 5782 3472 5849 enuntiarit

1894 5860 1983 5916 Sic
2028 5878 2153 5915 vero
2196 5861 2428 5931 loquitur
2466 5848 2757 5926 Septimius
2801 5856 2851 5907 in
2899 5853 3281 5924 Apologcticoz
3327 5848 3498 5906 Deum
