4262 6490
706 405 806 468 159

2121 400 2582 460 TERTULLIANI

3899 416 4003 474 460

698 540 762 580 ac
780 533 946 580 totum
962 536 1181 581 censum
1199 520 1543 589 monarchize,
1562 521 1898 578 eversionem
1923 519 2148 590 deputas
2165 519 2301 586 ejus:
2335 520 2378 574 Α
2412 520 2580 573 nesim
2626 521 2676 575 in
2709 523 2958 582 helirnico
2986 526 3053 580 ita
3087 526 3321 597 incipere
3344 544 3355 581 :
3376 525 3452 598 (ε)
3481 526 3547 582 In
3573 529 3825 599 principio
3861 528 4000 584 Deus

701 634 807 673 non
849 627 1010 674 recte.
1060 616 1197 673 Malo
1241 626 1293 672 te
1329 617 1395 671 ad
1426 631 1641 670 sensum
1674 617 1772 682 rei,
1814 631 1970 685 quant
2001 614 2067 667 ad
2107 626 2296 666 sonum

698 711 941 766 vocabuli
971 725 1254 766 exerceas.
1287 710 1508 766 Eversio
1542 710 1685 764 enim
1730 708 2054 764 monarcbia:
2086 707 2172 760 illa
2217 715 2300 759 est

701 803 793 858 tibi
826 801 1189 872 intelligenda,
1231 817 1352 857 eum
1378 801 1478 856 alia
1506 800 1799 855 dominatio
1836 816 1948 856 sua:
1977 798 2299 853 conditionis

699 902 754 950 et
784 893 983 964 proprii
1026 902 1215 958 status,
1248 908 1309 946 ac
1349 908 1444 962 per
1482 892 1583 946 hoc
1630 892 1843 956 :enmla,
1889 889 2296 960 superducitur;

701 1000 823 1040 cum
871 984 1006 1040 alius
1051 984 1192 1040 Deus
1239 985 1465 1039 infertur
1501 983 1757 1039 adversus
1784 983 2119 1038 Creatorem.
2149 982 2302 1037 Tunc

702 1079 864 1148 male,
896 1093 1016 1134 cum
1065 1079 1263 1150 plures,
1311 1078 1606 1134 secumlum
1639 1077 1714 1150 (a)
1747 1076 2057 1131 Valcntinos
2087 1085 2140 1131 et
2169 1075 2295 1130 Pro-

702 1171 886 1226 dicos:
917 1169 996 1243 (ι)
1050 1178 1179 1227 tunc
1239 1171 1289 1226 iu
1331 1171 1656 1226 tnonarchia:
1698 1170 2056 1236 eversionem,
2096 1185 2217 1225 cum
2250 1169 2304 1224 in

701 1267 973 1323 Creatoris
1013 1266 1457 1322 destructionem.

1325 1360 1552 1418 CAPUT
1586 1360 1672 1416 IV.

774 1451 1059 1518 Cteterum,
1091 1455 1179 1524 qui
1229 1454 1393 1509 lilium
1435 1469 1538 1509 non
1576 1451 1790 1510 aliunde
1824 1451 2050 1517 deduco,
2095 1449 2188 1505 scd
2240 1449 2308 1506 de

703 1546 999 1601 substantia
1034 1546 1227 1609 Patris,
1264 1546 1392 1600 nihil
1427 1549 1707 1601 facientem
1759 1545 1876 1600 sine
1918 1543 2090 1599 Patris
2116 1543 2306 1598 volun-

705 1651 834 1707 tate,
853 1656 1068 1695 onmem
1090 1656 1118 1694 a
1141 1641 1294 1697 Patre
1310 1652 1654 1696 consecutum
1682 1650 2018 1710 potestatem,
2039 1637 2310 1710 quomodo

702 1748 923 1804 possunt
946 1733 1014 1787 de
1043 1733 1145 1788 lide
1171 1733 1851 1798 destrueremonarchiam,
1879 1747 2061 1802 qttam,
2091 1747 2121 1784 a
2151 1731 2309 1785 Patre

707 1825 844 1882 Filio
875 1827 1142 1893 traditam,
1173 1828 1223 1882 in
1255 1827 1391 1883 Filio
1420 1827 1612 1882 servo?
1632 1827 1742 1881 lloc
1771 1825 1896 1880 mihi
1925 1835 1980 1880 et
2017 1825 2066 1878 in
2098 1823 2309 1878 tertium

2403 614 2519 682 [erit
2549 615 2642 668 sibi
2672 618 2852 680 libriin.
2890 619 2999 674 lloc
3027 628 3079 672 ut
3108 621 3318 674 lirnnnn
3348 635 3453 674 non
3481 622 3570 686 sit,
3601 622 3704 675 alia
3734 638 3819 677 me
3846 638 4003 692 argu-

2407 716 2582 761 menta
2609 708 2881 764 deducunt
2907 712 2974 765 ab
3005 713 3116 782 ipsa
3151 713 3242 767 Dei
3263 712 3635 781 diSpositionc,
3664 731 3766 782 qua
3800 713 3896 768 luit
3923 716 4003 786 (ιι)

2403 807 2528 853 ante
2582 801 2763 855 mundi
2821 804 3278 870 constitutionem,
3338 804 3577 876 adusque
3605 805 3723 860 Filii
3775 823 4004 876 genera-

2405 894 2625 948 tionem.
2660 898 2796 950 Ante
2833 899 3012 952 omnia
3056 899 3199 952 enim
3251 899 3388 954 Dens
3415 909 3530 953 erat
3553 899 3712 960 solus,
3743 899 3856 969 ipse
3902 899 4004 955 sibi

2404 993 2460 1039 et
2485 986 2720 1042 mundus
2737 996 2789 1042 et
2817 989 2968 1044 locus
2991 1001 3044 1044 et
3071 991 3272 1044 omnia.
3297 991 3454 1046 Solus
3481 1003 3684 1057 autem,
3717 993 3840 1062 quia
3869 991 4004 1046 nihil

2406 1079 2549 1133 aliud
2577 1079 2655 1150 (7)
2681 1083 3016 1138 extrinsecus
3044 1094 3241 1153 praeter
3263 1085 3431 1138 illum.
3461 1085 3752 1151 Caeterum,
3783 1101 3851 1141 ne
3878 1093 4006 1140 tunc

2407 1171 2622 1240 quidem
2650 1174 2820 1239 solus;
2867 1176 3094 1231 habebat
3125 1177 3271 1230 enim
3314 1192 3520 1243 secum,
3562 1192 3722 1248 quam
3769 1177 4004 1232 habebat

2411 1263 2461 1318 in
2509 1266 2820 1336 semetipso,
2872 1269 3135 1323 rationem
3193 1284 3345 1325 suam
3407 1270 3634 1332 scilicet.
3703 1269 4006 1326 Rationalis

2410 1356 2571 1411 etiam
2608 1359 2767 1425 Deus,
2797 1368 2850 1414 et
2877 1363 3015 1415 ratio
3063 1363 3112 1416 in
3172 1363 3288 1431 ipso
3330 1362 3511 1432 prius;
3542 1371 3597 1416 et
3639 1364 3730 1429 ita,
3777 1363 3844 1417 ab
3891 1363 4005 1433 ipso

2409 1452 2612 1506 omnia.
2643 1453 2772 1520 Quae
2821 1455 2979 1516 ratio,
3032 1470 3227 1510 sensus
3284 1456 3452 1524 ipsius
3501 1465 3604 1510 est.
3639 1456 3788 1512 llanc
3835 1455 4008 1511 ϐω·ρί

2415 1548 2546 1614 λὸγυν
2573 1545 2782 1608 dicunt,
2815 1561 2922 1616 quo
2953 1547 3218 1602 vocabulo
3257 1549 3422 1604 etiam
3459 1564 3766 1604 sermonem
3817 1550 4008 1620 appel-

2415 1634 2604 1690 lamus.
2631 1635 2862 1706 Ideoque
2885 1638 2993 1707 jatn
3039 1641 3089 1692 ιιι
3135 1655 3231 1693 ιιειι
3268 1651 3345 1694 est
3389 1651 3722 1702 nostrorum,
3757 1654 3853 1710 per
3881 1641 4011 1693 sint-

2417 1729 2708 1798 plicitatem
2768 1731 3251 1800 interpretationis,
3320 1731 3643 1787 Sermonem
3713 1731 3896 1786 dicere
3951 1731 4008 1786 in

2420 1823 2712 1892 primordio
2741 1825 2880 1894 apud
2915 1826 3078 1880 Deum
3132 1824 3332 1891 fuisse;
3381 1840 3501 1880 cum
3535 1825 3704 1897 magis
3749 1827 4015 1880 rationem

705 1920 927 1990 gradum
966 1919 1164 1976 dictum
1206 1922 1296 1984 sit,
1327 1921 1448 1990 quia
1480 1919 1737 1990 Spiritum
1771 1933 1874 1972 non
1904 1915 2116 1970 aliunde
2148 1923 2310 1986 puto,
2343 1911 2390 1972 B
2418 1927 2690 1988 competat
2719 1920 3078 1988 antiquiorem
3113 1920 3297 1974 haberi
3317 1937 3332 1984 ;
3352 1920 3477 1988 quia
3508 1934 3613 1973 non
3641 1919 3959 1974 sermonalis
3983 1933 4018 1973 τι

705 2029 863 2084 quam
912 2029 942 2067 a
986 2014 1142 2069 Patre
1183 2029 1277 2084 per
1319 2013 1531 2068 Filium.
1570 2011 1702 2066 Vide
1750 2024 1881 2081 ergo
1921 2025 1988 2064 ne
2033 2019 2086 2062 tu
2138 2010 2314 2076 potius

706 2106 1074 2162 monarcbiam
1104 2106 1371 2170 destruas,
1407 2106 1495 2175 qui
1523 2103 1931 2172 diSpositiouem
1959 2112 2013 2157 et
2037 2101 2311 2170 disneusa.

707 2199 906 2253 tionem
950 2199 1067 2268 ejus
1093 2197 1294 2254 erertis
1325 2199 1377 2251 in
1412 2207 1486 2251 tot
1520 2197 1823 2251 nominibus
1861 2197 2226 2258 constitutam,
2263 2193 2314 2246 in

706 2300 855 2359 quot-
885 2291 1024 2345 Deus
1054 2291 1239 2346 \olnit.
1274 2290 1422 2345 Adeo
1465 2300 1643 2344 autem
1696 2299 1876 2344 manet
1922 2290 1972 2342 in
2019 2303 2118 2343 suo
2147 2296 2315 2352 statu,

707 2382 828 2437 licet
864 2383 1072 2437 trinitas
1114 2381 1390 2445 inferatur,
1427 2392 1482 2437 ut
1523 2383 1682 2437 etiam
1716 2382 1920 2436 restitui
1953 2380 2145 2436 habeat
2177 2381 2316 2435 Patri

707 2487 738 2527 a
783 2473 935 2528 Filio.
956 2472 1228 2544 Siquidem
1261 2473 1548 2543 Apostolus
1595 2472 1782 2526 scribit
1829 2472 1898 2527 de
1949 2473 2134 2527 ultimo
2172 2472 2314 2527 line:

707 2582 820 2620 cum
880 2566 1146 2619 tradiderit
1184 2583 1396 2637 regnum
1441 2565 1546 2618 Deo
1596 2576 1640 2618 et
1693 2564 1863 2620 Patri.
1924 2565 2132 2636 Oportet
2183 2567 2318 2620 enim

707 2674 1054 2730 eumregnare
1082 2674 1240 2728 usque
1269 2657 1388 2709 tluut
1415 2667 1568 2727 ponat
1617 2658 1848 2710 inimicos
1887 2660 1998 2726 eius
2051 2657 2187 2710 Deus
2227 2657 2318 2710 sub

711 2750 863 2820 pedes
898 2749 1061 2818 ipsius
1093 2765 1111 2802 :
1151 2749 1358 2804 scilicet
1407 2749 1699 2803 secundum
1734 2749 2040 2805 Psalmnm:
2087 2750 2223 2801 Sede
2251 2749 2319 2800 ad

709 2842 971 2896 dexteram
1011 2857 1196 2907 meam,
1229 2842 1387 2894 donec
1419 2856 1606 2908 ponam
1643 2841 1874 2895 inimicos
1902 2850 2014 2893 tuos
2043 2839 2319 2893 scabellum

710 2937 895 3006 pedum
927 2945 1150 2988 tuorum.
1203 2933 1328 2988 Cum
1367 2943 1533 2988 autem
1565 2935 1789 3000 subiecta
1827 2945 1970 2988 erunt
2002 2935 2079 2988 illi
2122 2937 2314 2998 omnia,

710 3029 884 3099 utique
927 3029 1004 3100 (‘2)
1044 3030 1230 3097 absque
1251 3044 1308 3081 eo
1348 3029 1434 3099 qui
1457 3029 1500 3080 ei
1522 3028 1732 3097 subjecit
1773 3029 1962 3092 onmia,
1993 3038 2114 3080 tunc
2135 3037 2181 3081 et
2211 3029 2321 3096 ipse

710 3123 1004 3193 subjicietur
1040 3122 1136 3186 illi,
1169 3121 1257 3191 qui
1281 3123 1326 3175 ei
1355 3123 1565 3192 subjecit
1592 3122 1784 3188 omnia,
1809 3133 1861 3174 ut
1887 3123 1949 3176 sit
1980 3120 2120 3177 Deus
2148 3123 2319 3175 omnia

711 3216 765 3269 in
793 3216 1041 3270 omnibus.
1074 3214 1329 3269 Videmus
1372 3215 1453 3283 (ὅ)
1501 3215 1659 3282 igitur
1716 3231 1820 3268 non
1864 3215 2054 3270 obesse
2101 3230 2318 3268 monar-

2420 2011 2707 2080 principio,
2738 2011 2830 2065 sed
2862 2012 3137 2066 rationalis
3170 2013 3309 2066 Deus
3337 2013 3497 2066 etiam
3525 2019 3648 2064 ante
3672 2011 4014 2081 principium;

2419 2111 2474 2155 et
2513 2102 2634 2172 quia
2661 2103 2772 2172 ipse
2805 2118 3020 2172 Quoque
3048 2119 3228 2158 sermo
3267 2105 3475 2158 ratione
3514 2103 3838 2166 consistens,
3875 2104 4019 2172 prio-

2422 2211 2534 2248 rcm
2564 2211 2683 2249 eam
2714 2204 2772 2248 ιιι
2809 2195 3164 2248 substantiam
3212 2209 3362 2250 suam
3401 2194 3669 2248 ostendat.
3711 2193 3918 2247 Tamen
3963 2201 4021 2248 et

2421 2287 2524 2349 sic,
2557 2286 2686 2338 nihil
2720 2286 2960 2341 interest.
2982 2284 3112 2339 Nam
3137 2286 3237 2340 etsi
3287 2285 3680 2340 Deusnondnm
3707 2298 4022 2340 sermonem

2422 2395 2580 2434 suum
2612 2381 2850 2446 miserat,
2899 2381 3122 2450 proinde
3149 2395 3272 2434 cum
3304 2380 3558 2450 eumipsa
3585 2389 3639 2434 et
3677 2381 3730 2434 in
3772 2379 3884 2448 ipsa
3921 2395 4012 2434 ra-

2424 2473 2570 2526 tione
2601 2473 2740 2525 iutra
2770 2473 3120 2541 semetipsum
3151 2472 3401 2538 habebat,
3442 2473 3602 2526 tacite
3644 2470 3930 2540 cogitando
3966 2479 4025 2525 et

2421 2562 2757 2632 disponendo
2806 2575 3016 2628 secum,
3059 2581 3178 2631 quae
3221 2578 3317 2633 per
3369 2576 3674 2617 sermonem
3727 2577 3850 2616 tnux
3907 2569 4024 2616 erat

2422 2656 2664 2710 dicturus
2719 2656 2855 2710 Cum
2884 2656 3092 2710 ratione
3119 2657 3262 2710 enim
3308 2670 3400 2709 sua
3442 2658 3685 2725 cogitans
3721 2664 3881 2724 atque
3906 2654 4022 2708 dis-

2425 2767 2652 2817 ponens,
2696 2765 3001 2806 Sermonem
3046 2766 3164 2804 eam
3215 2749 3504 2813 efﬁciebat,
3552 2763 3713 2818 quam
3766 2763 4023 2802 sermone.

2424 2844 2702 2897 tractabat.
2739 2842 2902 2910 quue
2933 2859 3040 2912 quo
3065 2841 3272 2896 lucilius
3301 2841 3587 2910 intelligas,
3605 2855 3669 2894 ex
3695 2841 3880 2909 teipse
3898 2850 4025 2894 ante

2427 2937 2504 3009 (8)
2555 2951 2905 3005 recognosce,
2950 2945 3006 2990 ιιι
3048 2953 3110 2990 ea:
3154 2936 3376 3005 imagine
3418 2944 3465 2988 et
3507 2935 3841 2989 similitudine
3881 2933 3978 2988 Dei
4007 2977 4025 3001 ,

2427 3028 2619 3102 (Cen,
2651 3029 2690 3093 l,
2724 3028 2839 3100 9.6)
2888 3046 3046 3100 quam
3083 3030 3160 3098 (9)
3196 3029 3393 3082 habeas
3441 3037 3496 3082 et
3543 3037 3602 3082 tu
3651 3028 3702 3082 in
3737 3029 4028 3096 temetipso

2425 3124 2707 3186 rationem,
2733 3123 2820 3190 qui
2850 3137 2907 3174 es
2935 3122 3134 3176 animal
3167 3121 3449 3187 rationale,
3475 3136 3502 3174 a
3531 3121 3781 3176 rationali
3810 3121 4021 3176 scilicet

2425 3217 2628 3269 artilice
2662 3232 2765 3268 non
2801 3224 3004 3268 tantum
3047 3212 3237 3275 factus,
3269 3213 3364 3267 sed
3405 3213 3565 3267 etiam
3613 3228 3680 3267 ex
3721 3212 4020 3267 substantia

712 3311 851 3365 ehize
883 3308 1093 3372 Filium,
1132 3309 1232 3362 etsi
1264 3307 1422 3362 hodie
1454 3307 1589 3377 apud
1619 3307 1808 3362 Filium
1833 3317 1946 3368 cst;
1999 3309 2121 3377 quia
2169 3316 2222 3361 et
2268 3309 2317 3361 in
2346 3303 2392 3367 C
2428 3309 2594 3381 ipsius
2621 3311 2906 3362 animatus.
2940 3306 3070 3361 Vide
3120 3321 3243 3362 cum
3302 3307 3492 3360 tacitus
3525 3313 3699 3360 tecum
3739 3306 3853 3376 ipse
3887 3319 4022 3359 con-

714 3416 816 3458 suo
837 3410 975 3456 statu
999 3411 1080 3456 est
1099 3399 1237 3470 apud
1255 3399 1471 3464 Filium,
1492 3409 1541 3452 et
1569 3414 1689 3453 cum
1713 3416 1811 3452 suo
1837 3409 1976 3452 statu
2009 3399 2320 3454 restituetur

677 3521 684 3532 κ
720 3493 862 3550 Patri
895 3509 925 3547 a
964 3492 1116 3548 Filio.
1152 3493 1362 3548 ltaeam
1395 3508 1554 3548 nemo
1587 3492 1688 3548 hoc
1736 3494 1949 3547 nomine
1979 3493 2240 3557 destruet,
2273 3494 2318 3548 si

717 3587 908 3643 Filium
955 3587 1034 3658 (4)
1069 3587 1332 3653 admittat,
1363 3588 1446 3642 cui
1489 3597 1543 3642 et
1573 3588 1819 3642 traditam
1849 3603 1965 3642 eam
1999 3603 2028 3642 a
2059 3588 2237 3649 Patre.
2268 3598 2322 3644 et

717 3695 748 3734 a
799 3696 906 3751 quo
947 3679 1269 3750 quandoque
1316 3681 1700 3735 restituendam
1746 3680 1884 3734 Patri
1933 3690 2163 3734 constat.
2210 3680 2323 3736 Hoc

718 3789 825 3830 uno
854 3773 1087 3842 capitmo
1127 3771 1201 3844 (b)
1252 3771 1504 3843 Epistola:
1555 3772 1862 3842 apostolica:
1919 3774 2187 3841 potuimus
2211 3773 2321 3843 jam

719 3879 773 3922 et
808 3867 1018 3920 Patrem
1068 3874 1123 3918 ct
1162 3863 1356 3918 Filium
1401 3864 1701 3920 ostendisse
1731 3863 1867 3918 duos
1910 3877 2051 3929 esse,
2100 3874 2322 3933 praeter-

718 3973 878 4029 quam
915 3973 980 4012 ex
1012 3956 1319 4011 nominibus
1345 3956 1519 4010 Patris
1550 3966 1604 4011 et
1632 3955 1776 4020 Filii,
1797 3956 1958 4011 etiam
1990 3972 2054 4011 ex
2086 3971 2152 4011 eo
2181 3956 2322 4027 quod

722 4054 811 4123 qui
855 4051 1073 4107 tradidit
1112 4066 1356 4117 regnum,
1387 4059 1441 4104 et
1469 4050 1554 4104 cui
1592 4051 1837 4117 tradidit,
1885 4051 2010 4104 item
2054 4051 2142 4119 qtti
2193 4049 2324 4105 sub-

719 4143 868 4215 jecit,
897 4153 953 4199 et
979 4142 1063 4197 cui
1090 4141 1318 4211 subjecit
1347 4141 1450 4212 (ὃ),
1478 4140 1586 4196 duo
1619 4143 1725 4196 sint
1751 4156 1970 4198 necesse
1997 4152 2101 4197 est.

1365 4233 1592 4290 CAPUT
1628 4234 1689 4290 V.

795 4327 899 4383 Sed
927 4327 1048 4396 quia
1092 4325 1227 4381 duos
1260 4342 1422 4381 unum
1453 4326 1634 4381 volunt
1661 4342 1803 4393 esse,
1834 4338 1886 4382 ut
1919 4328 2057 4383 idem
2091 4329 2247 4387 Pater
2272 4341 2331 4389 et

725 4421 895 4478 Filius
927 4419 1200 4484 habeatur,
1231 4429 1518 4490 eportetet
1538 4429 1706 4476 totum
1735 4421 1800 4476 de
1832 4421 1968 4477 Filio
1995 4425 2327 4494 examinari,

727 4531 794 4570 an
827 4516 916 4582 sit,
963 4525 1016 4570 et
1056 4515 1143 4585 qui
1175 4514 1263 4580 sit,
1308 4525 1360 4568 et
1409 4515 1677 4583 quomodo
1704 4515 1806 4580 sit;
1861 4525 1916 4570 et
1965 4518 2034 4570 ita
2085 4535 2173 4574 res
2218 4520 2331 4590 ipsa

727 4609 954 4666 formam
997 4625 1147 4664 suam
1176 4609 1467 4677 Scripturis
1503 4616 1558 4663 et
1593 4608 2122 4680 interpretationibus
2148 4629 2333 4669 earnm

2426 3404 2691 3474 grcderis,
2726 3403 2934 3456 ratione
2967 3402 3068 3455 hoc
3100 3402 3272 3471 ipsmn
3319 3401 3403 3471 agi
3430 3401 3566 3455 intra
3609 3411 3678 3464 te,
3710 3411 4030 3455 occurrente

2425 3514 2486 3554 ea
2518 3499 2607 3552 tibi
2632 3514 2752 3552 cum
2784 3514 3036 3551 sermone
3065 3496 3128 3549 ad
3158 3511 3374 3551 omnem
3401 3496 3666 3564 cogitatus
3699 3495 3772 3549 tui
3803 3505 4029 3558 motum,

2425 3601 2479 3646 et
2507 3591 2569 3644 ad
2605 3605 2818 3646 onmem
2847 3603 3041 3642 sensus
3064 3589 3136 3641 tui
3176 3587 3414 3657 pulsum.
3445 3587 3836 3657 Quodcumque
3875 3588 4028 3655 cogi-

2428 3684 2644 3747 laveris,
2675 3697 2856 3736 sermo
2883 3691 2994 3745 est;
3032 3679 3407 3750 quodcumque
3447 3680 3708 3744 senseris,
3743 3680 3888 3733 ratio
3923 3688 4030 3734 est.

2429 3775 2691 3847 Loqnaris
2720 3775 2846 3828 illud
2879 3775 2930 3827 in
2975 3774 3160 3827 animo
3201 3786 3424 3828 necesse
3450 3779 3555 3836 est;
3589 3782 3644 3826 et
3671 3769 3800 3824 dum
3844 3770 4034 3840 loque-

2430 3873 2527 3936 ris,
2558 3871 2965 3925 couloctitorem
3011 3869 3212 3939 pateris
3247 3882 3579 3931 sermonem,
3633 3866 3687 3924 in
3735 3881 3844 3937 quo
3892 3866 4036 3922 inest

2433 3965 2547 4019 ha-c
2597 3964 2711 4032 ipsa
2740 3966 2894 4025 ratio,
2939 3977 3041 4030 qua
3072 3975 3194 4015 eum
3240 3976 3306 4015 eo
3348 3961 3592 4030 cogitans
3629 3960 3889 4030 loquaris,
3936 3973 4037 4028 per

2432 4072 2591 4129 quem
2614 4058 2844 4126 loquens
2874 4055 3100 4125 cogitas.
3131 4052 3205 4108 lta
3228 4056 3502 4109 secundus
3540 4052 3941 4124 quodammodo
3969 4052 4025 4108 in

2435 4161 2487 4206 te
2519 4159 2600 4204 est
2639 4163 2840 4214 sermo,
2872 4163 2967 4219 per
3008 4163 3166 4219 quem
3200 4147 3440 4218 loqueris
3485 4147 3794 4218 cogitando,
3837 4155 3892 4202 et
3940 4161 4040 4217 per

2433 4257 2593 4314 quem
2625 4242 2828 4312 cogitas
2854 4240 3142 4311 loquendo.
3177 4239 3297 4311 Ipse
3323 4254 3505 4295 sermo
3535 4241 3669 4295 alius
3696 4249 3799 4295 est.
3824 4239 4040 4307 Quanto

2435 4353 2566 4410 ergo
2609 4337 2821 4408 plenius
2868 4335 2972 4392 hoc
3011 4335 3188 4406 agitur
3229 4337 3282 4390 in
3326 4334 3460 4400 Deo,
3510 4335 3666 4405 cujus
3721 4345 3776 4389 tu
3822 4347 4040 4404 quoque

2438 4432 2612 4501 imago
2638 4439 2692 4486 et
2715 4429 3010 4484 similitudo
3027 4428 3290 4493 censeris,
3315 4427 3458 4498 quod
3489 4427 3683 4482 habeat
3712 4426 3763 4481 iu
3793 4441 3853 4480 se
3875 4426 4040 4480 etiam

2438 4522 2671 4582 tacendo
2701 4523 2989 4585 rationem,
3012 4530 3067 4575 et
3089 4521 3140 4575 in
3169 4520 3378 4575 ratione
3415 4534 3723 4575 sermonem
3750 4518 3775 4572 ?
3812 4518 4040 4574 Possum

2441 4618 2624 4687 itaque
2647 4630 2751 4671 non
2784 4623 2989 4670 temere
3019 4612 3432 4683 pra‘strusisse,
3463 4621 3519 4667 et
3546 4621 3671 4666 tunc
3701 4611 3868 4666 Deum
3916 4619 4045 4666 ante

730 4701 1190 4775 patrocinantibus
1213 4700 1530 4756 vindicabit.
1564 4699 1730 4757 Aiunt
1759 4701 1972 4773 quidem
2001 4704 2081 4776 (6)
2127 4716 2179 4760 et
2229 4709 2338 4764 Ge-
2364 4701 2419 4762 D
2447 4707 2815 4764 universitatis
2840 4705 3280 4762 constitutionem
3300 4705 3472 4760 solum
3498 4719 3604 4760 non
3633 4704 3818 4769 luisse,
3847 4703 4048 4759 trahen-

1973 4815 2352 4878 LECTIONES
2389 4817 2798 4878 VARIANTES.

792 4909 866 4974 (1)
901 4911 1138 4973 Prodigos
1167 4907 1541 4974 SemI._Proclos
1563 4907 1727 4974 Raris.

796 4969 868 5035 (2)
908 4969 1086 5037 Utique
1111 4973 1259 5024 demit
1281 4971 1432 5024 Rhea.
1468 4970 1620 5022 Seml.
1642 4969 1839 5023 Oberth.

796 5039 870 5098 (3)
906 5037 1145 5086 videmur
1175 5044 1334 5086 Venet.

795 5093 864 5162 tsi
905 5099 1159 5162 Destruet.
1187 5098 1360 5162 Filium
1378 5093 1527 5162 Rhea.
1551 5095 1701 5162 Segni.
1731 5094 1928 5146 Obertlt.

798 5157 869 5227 (5)
907 5161 966 5212 Et
988 5163 1066 5212 cui
1091 5162 1301 5224 subjecit
1322 5160 1490 5211 deerat
1508 5158 1557 5210 iu
1577 5157 1788 5209 Rhenan.

2525 4911 2577 4986 ρ)
2611 4906 3221 4986 Ωρίάίηη.Ρεῖιιξ.είαεςφιο

2528 4968 2578 5033 7')
2613 4968 2757 5024 Aliud
2781 4975 2912 5024 abest
2931 4971 3086 5026 alien.
3116 4968 3258 5025 seml.
3299 4970 3497 5024 Obertlt.

2527 5040 2577 5100 8)
2613 5039 2656 5088 Α
2679 5053 2758 5087 me
2783 5035 2923 5086 Seml.

2527 5103 2579 5163 9)
2614 5101 2721 5162 Quo
2743 5099 2884 5151 sentt.

2134 5242 2698 5307 COMMENTARIUS.

735 5342 1146 5417 quilibetoyifea:
1189 5341 1568 5417 christianusjet
1596 5339 1783 5417 inuenit
1814 5347 1861 5392 et
1885 5339 2278 5417 ostenditllite.

809 5420 882 5477 la)
924 5411 1218 5467 Valentinos
1256 5422 1301 5465 et
1349 5411 1614 5466 Prodicos.
1665 5411 1851 5465 Melius
1895 5426 2053 5480 quam
2105 5411 2336 5478 Procles,

739 5498 794 5544 ut
821 5489 976 5542 habet
999 5485 1312 5547 Rhenanus,
1335 5482 1944 5550 quatnvisl’roclianitas
1969 5499 2032 5536 ex
2056 5482 2340 5537 l’hilastrio

739 5570 795 5616 et
838 5559 1133 5628 Augustino
1174 5555 1737 5628 adducat,creatores
1781 5555 2077 5628 auinmrum
2123 5555 2342 5621 angelos

741 5624 984 5684 dicentes
1011 5642 1074 5682 ex
1101 5629 1220 5695 igne
1249 5637 1303 5682 et
1326 5627 1537 5696 spiritu,
1559 5624 1700 5698 quod
1722 5625 1883 5681 etiam
1905 5625 2342 5682 Seleuciauormn

742 5703 840 5757 luit
866 5701 1080 5769 dogma.
1113 5699 1190 5754 LE
1219 5699 1315 5754 Pa.

827 5767 978 5827 CAP.
1027 5769 1123 5842 ιν.
1153 5801 1223 5812 --ο
1265 5770 1347 5842 (b)
1396 5767 1652 5837 Capitula.
1697 5767 1812 5824 Hoc
1853 5780 1957 5835 est,
1993 5767 2160 5836 dicto,
2188 5769 2346 5839 juxta

751 5845 980 5899 Semler.
1011 5841 1141 5897 Eoo.

831 5915 984 5974 CAP.
1003 5911 1302 5986 V.—(c)ln
1322 5914 1572 5984 principio
1611 5913 1749 5968 Deus
1777 5913 1894 5983 fecit
1925 5911 2018 5967 sibi
2035 5911 2225 5980 ﬁlium.
2245 5913 2347 5968 Do-

2445 5344 2554 5399 cuit
2576 5359 2660 5399 me
2692 5345 2882 5413 beatus
2913 5341 3272 5413 Hieronymus
3286 5341 3479 5413 statim,
3505 5339 3574 5393 ab
3610 5337 3834 5413 exordio
3862 5348 4048 5413 φωνεῖ.

2450 5417 2588 5469 Ιιρὺν.
2605 5418 2656 5470 in
2672 5411 2800 5470 Cen.
2819 5417 2956 5469 hunc.
2973 5411 3171 5479 locum,
3187 5429 3346 5484 quem
3378 5412 3572 5484 ibidem
3603 5412 3753 5476 citat,
3770 5411 3951 5484 magis
3964 5426 4050 5466 se-

2452 5490 2687 5541 cundum
2706 5503 2922 5541 sensum
2943 5502 3102 5554 quam
3123 5482 3417 5539 secundum
3435 5483 3591 5554 fverbi
3618 5482 4047 5554 translationem,

2452 5559 2519 5614 de
2533 5557 2742 5614 Christo
2755 5559 2922 5626 accipi
2939 5553 3116 5628 posse.
3131 5556 3288 5611 Nam.
3307 5553 3449 5628 LXX
3464 5556 3804 5628 interpretes.
3819 5564 3871 5628 et
3889 5553 4016 5628 _Sym
4028 5583 4050 5594 -

2449 5633 2690 5694 machus,
2715 5642 2768 5685 ct
2793 5623 3130 5684 Theodotion
3164 5627 3555 5682 transtulerunt
3583 5626 3635 5678 in
3673 5623 3966 5694 Principio,
3991 5635 4046 5679 et

2451 5705 2502 5757 in
2533 5693 2685 5757 hebr.
2713 5699 3208 5770 estnttvmmuod
3227 5699 3414 5768 Aquila
3439 5696 3911 5770 interpretatttr,_in
3941 5693 4050 5770 Qa-

2453 5775 2714 5855 jiitulo;et
2753 5789 2857 5855 non
2882 5766 3166 5855 ’σξηλειιίιά
3191 5766 3570 5855 interpretatur
3603 5772 3655 5822 in
3677 5768 3806 5838 ﬁlio.
3839 5766 3917 5822 Ls:
3950 5769 4050 5824 Pl.

2525 5845 2604 5914 (ιι)
2646 5845 2758 5911 Qua
2785 5841 2900 5913 fuit:
2929 5844 3168 5907 Scilicet,
3204 5843 3362 5898 Deus.
3395 5841 3564 5895 δειιιη
