4262 6490
192 407 280 464 161
1285 406 1494 465 LIBER
1523 403 1892 462 ADVERSUS
1929 406 2285 465 PRAXEAM.

3391 407 3494 470 162

187 532 293 580 tem
334 522 388 578 itt
431 520 729 592 semetipso
770 520 995 592 proinde
1039 523 1328 590 rationem,
1371 533 1427 579 et
1473 524 1525 578 in
1571 522 1780 577 ratione
1806 526 1859 586 Α
1885 539 2095 580 rursum
2131 525 2250 598 (Ps.
2285 525 2525 594 XXXIII,
2560 528 2922 600 6):Sermonc
2941 530 3494 601 ejuscwliconﬁrmati

193 630 527 684 sermonem,
547 629 706 686 quem
737 616 1040 672 secundum
1057 632 1085 670 a
1117 632 1176 673 se
1204 615 1405 673 faceret
1432 613 1685 686 agitando
1704 627 1783 670 se.

809 707 1038 765 CAPUT
1069 708 1159 764 VI.

261 800 386 856 Haec
434 800 516 856 vis
569 809 625 857 et
675 800 792 856 haec
834 801 1002 856 divini
1049 816 1243 858 sensus
1292 800 1594 872 dispositio,
1643 797 1785 869 apud

1891 625 2030 685 sunt,
2062 625 2107 670 et
2134 619 2319 689 spiritu
2345 622 2454 690 ejus
2479 637 2653 675 omnes
2680 622 2809 676 vires
2833 637 3032 685 eorum;
3077 623 3259 693 utique
3284 639 3349 678 eo
3379 625 3459 693 spi
3477 654 3490 666 -

1892 710 1996 766 ritu
2037 711 2128 782 qui
2155 714 2394 768 sermoni
2440 715 2611 768 inerat
2646 733 2658 769 :
2691 725 2912 784 apparet
2945 730 3103 768 unam
3135 715 3490 785 eamdemque

1891 801 1999 856 vim
2022 817 2143 858 esse
2167 819 2307 860 nunc
2329 805 2380 860 in
2410 807 2627 860 nomine
2641 805 2880 876 Sophim,
2899 821 3042 860 nunc
3065 805 3116 860 in
3135 807 3498 876 appellatione

188 895 493 965 Scriptores
517 895 678 950 etiam
715 896 766 950 in
791 895 1006 965 Sephia:
1051 897 1270 952 nomine
1289 895 1606 951 ostenditur.
1651 891 1788 961 Quid
1892 891 2190 960 Sermonis;
2220 911 2340 966 quae
2366 897 2567 950 initium
2589 897 2783 966 accepit
2813 897 3009 950 viarum
3036 896 3088 949 in
3119 896 3213 950 Dei
3234 914 3409 967 apere;
3443 904 3497 952 et

193 986 336 1042 enim
365 988 664 1057 sapientius
707 988 918 1044 ratione
949 988 1066 1055 Dei,
1099 991 1212 1045 sive
1253 988 1550 1044 sermone?
1605 986 1787 1057 Itaque

190 1079 448 1149 SOphiam
508 1095 721 1150 quoque
771 1081 987 1146 exaudi,
1049 1091 1107 1137 ut
1153 1082 1450 1138 secundam
1503 1095 1790 1152 personam

189 1173 481 1228 conditam.
523 1172 725 1239 Primo,
778 1173 1030 1247 Dominus
1062 1175 1082 1248 (
1109 1174 1262 1230 Prov.
1291 1175 1427 1240 VIII,
1454 1174 1559 1246 22)
1608 1175 1793 1230 creavit

190 1283 270 1321 me
305 1267 509 1321 initium
551 1269 748 1322 viarum
783 1269 837 1322 in
885 1285 1040 1340 apera
1087 1287 1202 1335 sua,
1270 1271 1562 1340 priusquam
1607 1279 1794 1323 terram

192 1362 398 1430 faceret,
432 1359 726 1430 priusquam
770 1371 969 1416 utentes
1010 1362 1383 1416 collocarentur
1405 1376 1424 1415 :
1453 1371 1572 1415 ante
1622 1376 1795 1414 omnes

191 1463 360 1506 autent
381 1453 538 1508 colles
564 1455 819 1525 generavit
847 1472 956 1521 me;
999 1456 1050 1510 in
1077 1469 1242 1510 sensu
1271 1471 1371 1511 suo
1410 1455 1618 1511 scilicet
1660 1469 1794 1510 con-

195 1546 328 1602 dens
355 1557 410 1602 et
438 1561 722 1616 generans.
751 1548 952 1602 Dehine
976 1548 1318 1603 assistentem
1345 1563 1464 1603 eam
1502 1548 1614 1618 ipsa
1642 1562 1798 1617 sepa-

197 1639 406 1694 ratione
434 1654 737 1709 cognosce;
778 1637 902 1693 Cunt
936 1649 1163 1708 pararet,
1202 1640 1398 1710 inquit,
1428 1640 1632 1704 cmlum,
1681 1639 1798 1692 ade-

206 1747 316 1784 ram
340 1731 420 1783 illi
449 1731 604 1784 simul
633 1729 736 1802 (I);
776 1741 822 1785 et
847 1747 960 1784 cum
988 1733 1144 1803 fortia
1186 1731 1400 1801 faciebat
1445 1747 1599 1801 super
1630 1740 1800 1785 uentos

202 1837 315 1891 qut:
342 1837 544 1875 sursum
573 1821 773 1885 nubila;
816 1830 1008 1876 etcum
1047 1832 1183 1877 tutos
1227 1822 1440 1892 ponebat
1485 1825 1649 1892 fontes
1688 1823 1800 1892 ejus

1895 1001 2017 1055 qua:
2065 985 2249 1040 calum
2301 988 2658 1056 conﬁrnmvit;
2708 1003 2797 1057 per
2847 1003 3004 1058 quatit
3039 986 3117 1059 (5)
3146 990 3316 1041 omnia
3362 991 3500 1059 facta

1895 1087 2035 1143 sunt,
2065 1088 2120 1133 et
2156 1079 2266 1133 sine
2305 1095 2406 1151 qua
2444 1079 2523 1151 (6)
2567 1080 2699 1133 ni/til
2739 1082 2931 1149 factum
2978 1090 3050 1133 est
3108 1078 3286 1151 (Joan.
3319 1079 3358 1145 I,
3392 1081 3426 1134 '5
3453 1079 3497 1150 ).

1897 1170 2007 1226 Nec
2031 1171 2234 1226 diutius
2262 1171 2331 1228 de
2369 1173 2494 1237 isto,
2523 1172 2674 1242 quasi
2707 1189 2812 1229 non
2851 1173 2916 1228 de
2949 1174 3068 1244 ipso
3113 1175 3182 1228 sit
3212 1189 3412 1239 sermo,
3441 1184 3499 1230 et

1903 1261 1954 1316 in
1992 1263 2220 1333 sophiae,
2252 1274 2308 1319 et
2337 1266 2386 1319 in
2419 1265 2663 1328 rationis,
2696 1275 2752 1320 et
2779 1267 2830 1320 in
2859 1267 3037 1322 omnis
3059 1265 3221 1321 divini
3250 1267 3412 1322 animi
3445 1276 3501 1323 et

1898 1355 2117 1426 spiritus
2143 1359 2380 1425 nomine,
2411 1359 2501 1429 qui
2533 1358 2673 1414 filius
2698 1358 2870 1415 factus
2891 1371 2974 1414 (εει
2999 1360 3115 1428 Dei,
3141 1359 3210 1416 de
3238 1377 3344 1431 quo
3377 1377 3504 1431 pro-

1899 1449 2116 1505 deuttdo
2161 1463 2452 1523 generatus
2502 1465 2605 1509 est.
2663 1453 2805 1524 Ergo
2867 1453 3061 1524 inquis,
3117 1454 3215 1509 das
3266 1455 3500 1526 aliquant

1900 1545 2256 1599 substantiam
2287 1561 2406 1600 esse
2435 1545 2778 1612 Sermonem,
2811 1547 3000 1616 spiritu
3047 1554 3100 1601 et
3141 1545 3357 1616 Sophia:
3389 1559 3502 1603 tra-

1902 1635 2103 1691 ditione
2129 1646 2498 1692 constructam
2529 1642 2552 1690 't
2584 1638 2768 1692 Plane.
2798 1637 2914 1692 Non
2948 1639 3027 1692 vis
3051 1637 3194 1693 enim
3219 1654 3341 1692 eum
3374 1638 3504 1693 sub-

1902 1731 2190 1785 stantivum
2222 1731 2423 1786 habere
2457 1733 2508 1785 in
2533 1748 2590 1786 re
2617 1747 2714 1801 per
2744 1731 3058 1786 substantia:
3093 1731 3500 1802 proprietatem,

1906 1832 1961 1876 ut
1990 1836 2076 1876 res
2106 1831 2156 1876 et
2192 1838 2419 1892 persona
2442 1823 2686 1891 quaedam
2718 1821 2884 1878 videri
2919 1825 3107 1893 possit,
3139 1833 3194 1879 et
3226 1825 3294 1879 ita
3323 1825 3506 1894 capiat

203 1930 313 1981 qua
332 1912 425 1967 sub
461 1914 609 1978 caelo,
642 1931 734 1983 ego
764 1931 904 1969 eram
925 1932 1040 1969 cum
1061 1917 1151 1970 illo
1177 1917 1526 1986 compingens;
1552 1931 1644 1986 ego
1662 1931 1801 1968 erant
1833 1926 1879 1986 Β
1909 1913 2182 1968 secundus
2208 1929 2238 1967 a
2269 1914 2377 1967 Deo
2420 1915 2745 1968 constitutus
2773 1914 2910 1969 duos
2950 1915 3188 1982 efﬁcere,
3207 1915 3422 1970 Patrem
3453 1925 3511 1972 et

205 2007 271 2060 ad
311 2023 467 2078 quant
491 2006 576 2076 (Ξ)
612 2007 909 2078 gaudebat:
935 2008 1161 2074 quotidie
1204 2019 1375 2063 autem
1412 2006 1705 2062 oblectabar
1749 2008 1804 2061 in

205 2115 427 2170 persona
452 2099 634 2168 ipsius.
662 2097 795 2154 Nam
820 2111 875 2154 ιιι
917 2100 1147 2170 primum
1185 2099 1327 2153 Deus
1373 2098 1544 2153 voluit
1585 2114 1648 2153 ea
1681 2113 1801 2167 quae

201 2207 324 2246 cum
354 2192 560 2261 sophia:
590 2193 798 2249 ratione
827 2203 882 2247 et
904 2207 1156 2248 sermone
1185 2192 1529 2262 disposuerat
1550 2192 1688 2245 itttra
1716 2205 1800 2258 se,

203 2283 253 2337 in
294 2283 624 2338 substantias
651 2293 708 2338 et
749 2285 960 2353 species
989 2299 1112 2338 suas
1136 2283 1322 2351 edere,
1363 2285 1537 2353 ipsum
1573 2283 1802 2353 primum

200 2376 425 2445 protulit
461 2392 790 2440 sermonem,
841 2376 1126 2432 habentem
1170 2377 1222 2431 in
1262 2392 1322 2432 se
1369 2376 1445 2449 (η)
1499 2376 1802 2432 individuas

196 2485 345 2536 suas,
377 2469 664 2525 Rationem
695 2480 749 2525 et
778 2469 1036 2540 Sephiatn
1074 2470 1256 2541 (5);ut
1286 2486 1382 2540 per
1405 2472 1579 2540 ipsum
1610 2472 1804 2525 fierent

205 2559 486 2626 universa,
530 2577 626 2631 per
650 2577 809 2632 quem
843 2572 997 2617 erant
1034 2562 1265 2632 cogitata
1310 2572 1474 2632 atque
1517 2563 1798 2632 disposita;

202 2654 312 2710 imo
350 2665 407 2711 et
439 2656 576 2711 facta
600 2656 736 2727 jam,
789 2665 1044 2726 quantutn
1075 2657 1127 2711 in
1175 2656 1269 2713 Dei
1302 2672 1481 2712 sensu.
1509 2656 1622 2711 Hoc
1655 2657 1800 2712 enim

193 2749 274 2802 eis
299 2747 517 2814 deerat,
549 2759 607 2804 ut
629 2764 813 2805 coram
842 2765 1057 2820 quoque
1079 2750 1133 2806 in
1179 2751 1290 2805 suis
1318 2750 1603 2822 speciebus
1638 2758 1800 2821 atque

193 2842 516 2900 substantiis
544 2854 999 2916 cognoscerentur
1026 2854 1080 2900 et
1109 2855 1443 2901 tenerentur.

804 2936 1035 2994 CAPUT
1078 2936 1190 2993 VII.

266 3027 423 3082 Tunc
457 3029 616 3099 igitur
641 3029 804 3083 etiam
832 3031 947 3098 ipse
972 3043 1152 3084 sermo
1179 3029 1416 3099 speciem
1458 3039 1513 3085 et
1541 3038 1791 3085 ornatum

197 3133 353 3173 suum
381 3119 568 3186 sumit,
597 3134 789 3174 sonum
814 3129 870 3176 et
899 3135 1112 3186 vocem,
1139 3135 1260 3175 cum
1296 3121 1430 3176 dicit
1462 3121 1603 3176 Deus
1635 3138 1647 3174 :
1678 3121 1800 3176 Fiat

195 3214 307 3269 lux.
334 3213 464 3268 Hac
493 3225 572 3269 εει
598 3214 844 3269 nativitas
868 3213 1103 3284 perfecta
1133 3215 1420 3279 sermonis,
1453 3215 1580 3269 dum
1600 3231 1666 3270 ex
1690 3217 1799 3271 Deo

1911 2005 2109 2072 Flium,
2136 2005 2304 2062 Deum
2332 2015 2386 2059 et
2411 2005 2747 2061 Sermonem.
2776 2005 2849 2078 (b)
2875 2005 3012 2074 Quid
3034 2016 3118 2061 est
3137 2007 3302 2073 cnim,
3335 2007 3506 2074 dices,

1912 2113 2112 2162 sermo,
2147 2099 2248 2152 nisi
2274 2113 2376 2152 vox
2414 2108 2468 2153 et
2498 2112 2662 2152 sonus
2689 2099 2820 2162 oris,
2855 2108 2910 2152 et
2945 2098 3126 2170 (sicut
3153 2098 3502 2155 Grammatici

1911 2189 2149 2260 tradunt)
2181 2206 2274 2245 aer
2303 2190 2561 2257 oII'ensus,
2594 2190 2944 2261 intelligibilis
2968 2192 3193 2256 auditu;
3226 2199 3503 2259 czeterum,

1909 2300 2134 2340 vacuum
2173 2283 2355 2340 nescio
2383 2283 2544 2354 qttid,
2580 2294 2635 2339 et
2676 2284 2865 2350 inane,
2910 2293 2965 2340 et
3009 2284 3392 2354 incorporale?
3438 2287 3509 2340 At

1908 2394 2007 2449 ego
2039 2379 2170 2433 nihil
2207 2378 2327 2432 dico
2355 2378 2425 2433 de
2467 2379 2576 2433 Deo
2605 2378 2764 2434 inane
2805 2389 2859 2434 et
2888 2394 3112 2434 vacuum
3156 2380 3376 2450 prodire
3404 2395 3506 2450 po.

1907 2470 2094 2535 tuisse,
2125 2479 2180 2522 ut
2202 2485 2306 2524 non
2326 2469 2394 2523 de
2425 2470 2566 2525 inani
2596 2479 2651 2524 et
2678 2485 2850 2525 vacuo
2874 2471 3160 2540 prolatum;
3194 2486 3292 2527 nec
3311 2487 3502 2527 carere

1906 2563 2227 2628 substantia,
2280 2564 2421 2634 quod
2465 2565 2533 2619 de
2580 2573 2731 2619 tanta
2777 2565 3075 2620 substantia
3119 2566 3401 2636 processit,
3451 2574 3508 2620 et

1908 2665 2082 2710 tantas
2107 2657 2436 2711 substantias
2461 2656 2608 2722 fecit,
2643 2656 2770 2713 fecit
2789 2657 2938 2712 enim
2965 2667 3020 2713 et
3062 2658 3176 2728 ipse
3222 2674 3344 2729 quze
3368 2657 3505 2712 facta

1906 2756 2034 2803 sunt
2064 2765 2158 2817 per
2186 2749 2356 2803 illurn.
2389 2748 2557 2820 Quale
2583 2759 2746 2806 estut
2785 2751 2921 2805 nihil
2950 2751 3019 2806 sit
3063 2753 3197 2822 ipse,
3241 2753 3358 2806 sine
3400 2766 3507 2820 quo

1907 2840 2254 2896 nihilfactum
2272 2842 2388 2896 est?
2418 2852 2474 2896 ut
2504 2841 2680 2896 inanis
2707 2843 2900 2908 solida,
2931 2852 2983 2899 et
3018 2859 3220 2899 vacuus
3248 2845 3425 2915 plena,
3453 2857 3512 2902 et

1906 2932 2256 3002 incorporalis
2283 2933 2581 3002 corporalia
2613 2934 2685 2988 sit
2707 2936 3004 3002 operatus?
3039 2935 3172 2992 Nam
3201 2938 3300 2993 etsi
3331 2948 3511 3007 potest

1904 3023 2190 3095 aliquando
2222 3024 2345 3094 quid
2371 3024 2484 3080 ﬁeri
2512 3024 2784 3080 diversum
2811 3027 2929 3096 ejus
2960 3043 3055 3097 per
3080 3029 3222 3098 quod
3253 3031 3332 3097 fit,
3368 3032 3507 3088 nihil

1904 3127 2080 3173 tamen
2123 3128 2297 3188 potest
2326 3117 2438 3173 ﬁeri
2472 3135 2568 3188 per
2607 3119 2658 3172 id
2689 3120 2831 3190 quod
2861 3137 3087 3176 vacuum
3115 3133 3170 3178 et
3211 3124 3368 3180 inane
3398 3136 3503 3180 est.

1903 3212 2081 3267 Vacua
2113 3222 2164 3268 et
2197 3215 2369 3267 inanis
2395 3229 2484 3268 res
2504 3223 2586 3269 est
2609 3214 2798 3270 Sermo
2831 3215 2943 3279 Dei,
2982 3216 3072 3287 qui
3123 3217 3289 3273 Filius
3331 3219 3511 3276 dictus

195 3303 486 3375 procedit:
518 3305 769 3361 conditus
807 3305 876 3360 ab
920 3320 986 3362 eo
1017 3307 1248 3376 primum
1291 3307 1360 3361 ab
1402 3308 1696 3378 cogitatum
1743 3309 1796 3363 in
1826 3321 1870 3384 ρ
1904 3314 2008 3373 est,
2035 3308 2124 3376 qui
2168 3307 2282 3376 ipse
2321 3307 2462 3362 Dens
2487 3311 2899 3378 cognominatus
2926 3319 3032 3376 est,
3078 3310 3147 3364 Et
3179 3310 3363 3367 Sermo
3391 3323 3501 3367 erat

196 3396 420 3450 nomine
445 3395 659 3465 Sopltite
681 3419 694 3452 :
717 3395 965 3451 Dominus
986 3397 1212 3451 condidit
1239 3413 1318 3450 me
1347 3398 1551 3452 initium
1580 3400 1796 3455 viarum.

195 3487 404 3543 Dehinc
432 3498 721 3557 generatus
751 3489 817 3542 ad
860 3488 1108 3544 effectum
1137 3507 1151 3543 :
1182 3486 1313 3544 Cum
1356 3500 1562 3559 pararet
1589 3493 1795 3558 caelum,

194 3583 408 3636 aderam
434 3581 512 3635 illi
537 3581 710 3636 simul.
741 3581 946 3636 Exinde
973 3596 1098 3636 eum
1126 3596 1313 3651 parem
1342 3582 1443 3637 sibi
1473 3581 1698 3649 faciens,
1731 3581 1800 3639 de

195 3687 302 3740 quo
331 3672 675 3742 procedendo
708 3672 871 3728 Filius
903 3672 1073 3729 Iactus
1089 3682 1192 3740 est,
1220 3674 1581 3746 primogenittts
1607 3674 1738 3746 (Col.
1757 3674 1799 3742 I,

202 3763 315 3836 15),
329 3774 386 3818 ut
402 3775 528 3819 ante
539 3766 717 3818 omnia
731 3766 964 3834 genitus;
979 3766 1333 3835 ctunigenitus
1350 3763 1390 3838 (I
1409 3764 1590 3829 Joan.,
1609 3765 1696 3832 IV,
1718 3766 1799 3837 9),

195 3867 250 3911 ut
275 3856 428 3911 solus
443 3872 512 3911 ex
537 3856 646 3911 Deo
665 3857 908 3926 genitus:
926 3858 1140 3927 proprie
1156 3856 1226 3913 de
1243 3858 1396 3911 vulva
1417 3858 1596 3912 cordis
1613 3859 1799 3928 ipsius,

195 3947 492 4002 secundum
519 3945 658 4015 quod
687 3956 740 4002 et
770 3946 930 4003 Pater
972 3948 1086 4017 ipse
1131 3957 1357 4003 testatur
1384 3965 1398 4002 :
1435 3947 1803 4004 Eructavitcor

193 4055 362 4095 meum
413 4055 701 4095 sermonem
747 4041 995 4110 optimum
1030 4038 1150 4113 (Ps.
1175 4039 1363 4108 XLIV,
1404 4041 1482 4111 I).
1511 4041 1593 4096 Ad
1643 4058 1801 4112 quem

196 4131 456 4201 deinceps
481 4131 722 4202 gaudens
749 4131 972 4202 proinde
1002 4132 1323 4204 gaudentem
1353 4132 1432 4204 (4)
1471 4133 1524 4186 iit
1572 4148 1800 4203 persona

196 4223 336 4278 illius
365 4221 493 4293 (Ps.
535 4222 601 4290 II,
625 4222 683 4294 7)
711 4240 727 4278 :
760 4222 810 4277 F
812 4225 932 4279 ilius
961 4241 1102 4279 meus
1130 4241 1181 4279 es
1217 4234 1291 4290 ttt,
1325 4241 1414 4295 ego
1457 4225 1609 4280 Itodt'e
1649 4227 1803 4298 genui

196 4324 260 4369 te.
295 4314 363 4369 Et
399 4332 413 4368 :
446 4315 578 4367 Ante
627 4314 896 4382 luciferum
919 4315 1072 4386 genui
1112 4324 1179 4368 te.
1207 4312 1297 4372 Sic
1323 4323 1379 4369 et
1419 4315 1586 4371 Filius
1609 4333 1678 4372 ex
1707 4333 1802 4373 sua

195 4422 430 4477 persona
455 4407 739 4475 profitetur
764 4406 979 4462 Patrem
1010 4407 1062 4462 in
1091 4407 1310 4464 nomine
1336 4407 1550 4478 Sophia:
1583 4426 1596 4464 :
1624 4410 1802 4465 Domi-

197 4515 290 4552 nus
337 4497 570 4552 condidit
612 4514 692 4553 me
728 4499 933 4553 initium
977 4500 1178 4554 uiarum
1219 4500 1273 4554 in
1313 4517 1470 4569 opera
1509 4519 1620 4556 sua.
1673 4503 1803 4559 Ante

196 4604 369 4641 omnes
397 4597 569 4642 autem
597 4587 755 4642 colles
791 4590 1049 4659 generauit
1073 4605 1174 4644 me.
1198 4589 1331 4645 Nam
1379 4593 1422 4646 si
1457 4591 1542 4647 hic
1583 4593 1798 4662 quidem

1905 3398 2047 3464 apud
2075 3396 2257 3462 Deum,
2278 3409 2324 3451 et
2344 3399 2482 3452 Deus
2506 3411 2613 3453 erat
2635 3400 2817 3455 Sermo
2843 3400 3018 3473 (Joan.
3040 3403 3080 3466 1,
3099 3402 3198 3475 I)?
3231 3405 3505 3477 Seriptuui

1906 3499 1989 3544 cst
2015 3488 2212 3558 (Exod.
2249 3489 2366 3557 XX,
2397 3490 2454 3561 7)
2495 3509 2508 3545 :
2549 3491 2666 3546 Non
2697 3511 2864 3549 sumes
2890 3512 3073 3551 nomen
3100 3497 3197 3552 Dei
3221 3500 3274 3553 in
3300 3517 3508 3557 vanum.

1909 3581 2005 3638 llic
2030 3591 2177 3638 certe
2216 3593 2318 3648 est,
2349 3585 2437 3653 qui
2477 3585 2529 3638 in
2557 3586 2718 3656 efﬁgie
2746 3587 2840 3641 Dei
2864 3589 3187 3658 constitutus,
3219 3607 3322 3646 non
3361 3595 3507 3664 rapi-

1907 3689 2024 3726 nam
2049 3671 2351 3729 existimavit
2391 3693 2500 3732 esse
2543 3695 2596 3733 se
2615 3680 2862 3744 (aqualem
2898 3681 3008 3737 Deo
3037 3682 3240 3758 (Pltifip
3270 3726 3285 3752 ,
3313 3685 3378 3754 Il,
3408 3686 3507 3760 6).

1907 3764 1964 3820 1η
2009 3782 2112 3836 qua
2161 3767 2337 3838 efﬁgie
2379 3770 2517 3825 Dei?
2568 3774 2753 3842 utique
2803 3775 2854 3828 itt
2897 3776 3026 3844 alia,
3061 3793 3167 3831 non
3224 3787 3402 3835 tamen
3455 3781 3510 3834 itt

1905 3855 2074 3912 nulla.
2111 3858 2182 3928 (ε)
2211 3861 2340 3926 Quis
2365 3862 2512 3915 enim
2553 3864 2769 3932 negabit
2800 3864 2880 3936 (7)
2915 3867 3081 3922 Deum
3123 3883 3320 3939 corpus
3362 3887 3506 3938 esse,

1905 3948 2004 4002 etsi
2035 3948 2172 4003 Deus
2200 3950 2419 4020 spiritus
2446 3954 2572 4007 est?
2616 3954 2848 4024 Spiritus
2877 3959 3023 4014 enim
3055 3975 3251 4032 corpus
3297 3963 3376 4019 sui
3409 3981 3504 4036 ge-

1905 4039 2050 4093 neris
2075 4039 2125 4093 iu
2150 4055 2245 4094 sua
2275 4039 2474 4112 efﬁgie.
2503 4042 2608 4100 Sed
2632 4055 2688 4101 et
2711 4045 2790 4119 (8)
2814 4049 3105 4107 invisibilia
3125 4053 3213 4108 illa
3233 4071 3509 4126 qumctnn-

1903 4145 2008 4200 que
2035 4140 2180 4200 sunt,
2209 4131 2409 4189 habent
2429 4137 2568 4207 apud
2603 4138 2767 4193 Deum
2795 4150 2848 4195 et
2880 4157 3034 4197 suurn
3058 4160 3254 4216 corpus
3273 4155 3330 4202 ct
3354 4163 3505 4203 suam

1905 4219 2154 4288 forntaut,
2215 4240 2309 4295 per
2353 4243 2474 4297 quae
2523 4228 2626 4283 soli
2673 4231 2781 4285 Deo
2829 4233 3056 4289 visibilia
3105 4247 3251 4302 sunt;
3305 4250 3508 4311 quanto

1912 4319 2084 4390 magis
2111 4319 2251 4389 quod
2278 4335 2343 4375 ex
2375 4322 2542 4391 ipsius
2569 4323 2867 4381 substantia
2901 4328 2980 4400 (9)
3013 4331 3234 4387 missum
3256 4342 3360 4399 est,
3387 4334 3509 4395 sine

1917 4410 2211 4466 substantia
2261 4425 2366 4466 non
2413 4415 2561 4470 erit!
2615 4416 2978 4490 Quacumque
3029 4437 3160 4493 ergo
3209 4417 3512 4482 substantia

1905 4502 2185 4559 Sermonis
2211 4504 2329 4570 fttit,
2359 4505 2504 4562 illam
2535 4508 2657 4564 dico
2681 4527 2987 4581 personant,
3007 4525 3060 4570 et
3083 4517 3368 4575 illinomen
3388 4520 3513 4577 Filii

1907 4596 2138 4660 vindico;
2189 4606 2244 4652 et
2286 4596 2412 4653 dum
2445 4599 2638 4656 Filiunt
2681 4620 2937 4674 agnoseo,
2984 4610 3276 4666 secundum
3301 4629 3330 4667 a
3355 4613 3515 4670 Patre

195 4679 396 4750 Sophia
419 4680 629 4737 videtur
652 4680 837 4739 dicere
863 4682 1135 4739 conditam
1162 4699 1222 4741 se
1241 4699 1271 4739 a
1301 4684 1533 4741 Domino
1560 4687 1612 4742 itt
1637 4703 1797 4757 opera
1829 4712 1882 4772 ι)
1909 4688 2159 4744 defendo.

193 4780 248 4826 et
273 4772 392 4828 vias
440 4772 602 4843 ejus;
637 4773 765 4831 alibi
806 4783 986 4831 autem
1034 4792 1126 4847 per
1167 4793 1454 4833 sermonem
1497 4781 1800 4837 ostenditur

193 4866 370 4919 omnia
401 4866 542 4937 facta
567 4883 696 4934 esse,
746 4877 796 4923 et
833 4868 946 4924 sine
983 4869 1076 4926 illo
1119 4869 1251 4926 nihil
1288 4872 1479 4941 factum
1500 4889 1522 4938 ;
1563 4873 1702 4930 sicut
1745 4884 1802 4930 et

2502 4785 2732 4844 CAPUT
2763 4789 2895 4845 VIII.

1980 4871 2092 4927 Hoc
2138 4873 2252 4946 (l0)
2283 4877 2328 4932 si
2349 4877 2437 4948 qui
2469 4875 2551 4949 (ά)
2585 4883 2853 4950 putaverit
2899 4898 2986 4942 nte
3017 4890 3256 4958 προϐολὴ
3277 4889 3505 4961 aliquam

1441 4963 1823 5024 LECTIONES
1859 4964 2273 5023 VARIANTES.

255 5051 330 5178 si
545 5049 760 5178 aee:

367 5112 528 5170 Quem
552 5113 703 5163 alters.

254 5173 331 5239 (ξ)
367 5173 606 5239 Ιξειὶροθε
626 5175 846 5239 sephiam
868 5177 1015 5230 then.

279 5236 331 5291 4)
375 5236 619 5286 Gaudcnli
641 5236 793 5291 533ml.

277 5301 331 5364 5)
368 5300 533 5360 Quem
553 5300 766 5366 Franeq.

1972 5056 2044 5126 (ἓ)
2081 5057 2187 5126 Ωιιο
2213 5061 2422 5126 Franeq.

1972 5119 2046 5180 (7)
2081 5119 2290 5184 Negavit
2311 5119 2461 5176 Rhen.
2483 5127 2632 5179 Seml.
2660 5127 2855 5182 Oberllt.

1995 5186 2046 5242 8)
2082 5183 2134 5233 Si
2156 5183 2271 5234 add.
2294 5189 2442 5237 Seml.
2485 5189 2683 5242 Oberlh.

1971 5184 2054 5370 Ξδὲ
2082 5184 2134 5233 Si
2156 5187 2271 5234 add.
2294 5189 2442 5257 Setnl.
2485 5189 2550 5241 Oli

1996 5247 2026 5294 0
2083 5246 2376 5299 Substantta:
2401 5249 2550 5302 ltlten.

1996 5310 2016 5357 I
2056 5312 2075 5370 )
2102 5309 2197 5359 Hic
2221 5311 2324 5360 Lat.

1996 5309 2075 5371 10)
2102 5309 2197 5359 Hic
2221 5311 2324 5360 Lat.

1582 5385 2152 5448 COMMENTARIUS.

265 5477 425 5533 CAP.
449 5475 709 5549 VI.-—(a)
735 5476 1037 5534 lndividuas
1068 5495 1208 5537 suas.
1247 5480 1484 5538 Comites
1503 5481 1727 5538 scilicet.
1751 5484 1820 5540 Ut

197 5545 291 5623 lib.
309 5549 380 5623 de
396 5545 656 5623 Patientia
683 5545 783 5623 sub
796 5549 955 5623 finem
975 5551 1132 5623 :Cum
1146 5569 1262 5623 ergo
1277 5555 1488 5621 spiritus
1503 5551 1598 5608 Dei
1611 5554 1820 5610 descen-

196 5622 301 5690 dit,
317 5619 586 5674 individua
614 5621 856 5690 patientia
875 5622 1147 5676 comitatur
1171 5619 1314 5680 eum.
1333 5625 1452 5680 RIG.

269 5689 422 5745 CAP.
444 5689 642 5745 VII.—4-
658 5690 735 5760 (b)
756 5692 890 5756 Quid
906 5702 976 5747 est
996 5695 1131 5746 enim
1153 5694 1291 5749 dices
1303 5711 1489 5759 sermo,
1513 5696 1614 5750 nisi
1639 5713 1736 5752 vox
1770 5707 1817 5752 et

197 5777 352 5814 sonus
381 5762 572 5825 oris,et
593 5779 680 5816 aer
715 5760 938 5829 o/fensus
957 5766 982 5818 ?
1009 5765 1098 5819 Sic
1134 5766 1266 5819 libro
1294 5767 1361 5821 de
1399 5767 1814 5824 Resurrecnone

201 5833 406 5908 carnis,
439 5831 528 5889 ubi
542 5832 917 5908 _de_denti_bus,
944 5851 1081 5903 quos
1109 5837 1385 5904 accepisse
1413 5839 1683 5896 hominem
1698 5842 1770 5897 ait
1794 5882 1809 5908 ,

202 5902 267 5955 ad
293 5905 425 5958 vocis
449 5903 698 5958 articulos
728 5902 1005 5970 olfensione
1029 5902 1324 5976 signantlos.
1355 5909 1471 5966 RIG.

2000 5486 2238 5568 (c)“Qu_is
2275 5489 2411 5568 enim
2439 5493 2646 5568 negabi_t
2659 5493 2823 5549 Deum
2849 5501 3073 5568 corpus?
3093 5501 3154 5556 V.
3188 5503 3240 5558 Itt
3263 5505 3404 5561 hunc
3434 5506 3513 5561 Io-

2178 5557 2252 5643 Le
2273 5557 2913 5643 μαψ-εγξ1ιχΤοιίυΙΙ1ριιί
2940 5557 3237 5643 λιιοιοευιξ
3259 5557 3509 5643 Dissertq

1922 5641 1971 5680 c.
2363 5642 2404 5716 ιἶ
2427 5627 2475 5716 II
2506 5633 2904 5716 hujuscu_edit.,
2933 5627 3075 5710 p.'8I
3094 5627 3460 5716 (seminus;

1992 5699 2369 5758 (lAI’.VII|.—r
2386 5705 2467 5775 (d)
2494 5699 2758 5784 Putavet'it
2784 5727 2860 5784 me
2885 5699 3116 5781 έτροϐθλ-ῑν
3138 5699 3389 5784 eliminet.

1924 5769 2061 5854 hanc
2084 5785 2376 5854 vocentseu
2394 5769 2759 5854 prolationem
2784 5781 2837 5854 id
2858 5769 3094 5854 ex'plicat
3124 5769 3262 5854 quo'd
3289 5769 3384 5843 SS.

1921 5851 2028 5895 tres
2051 5844 2451 5910 generationem
2478 5861 2688 5914 vocant,
2709 5853 2794 5904 ubi
2836 5853 2904 5908 de
2936 5844 3073 5911 Filio
3106 5844 3198 5912 seu
3237 5859 3414 5915 Verbo
3435 5844 3514 5915 lo-

1924 5923 2186 5984 qunnlur,
2209 5916 2298 5985 qui
2327 5921 2530 5987 γενῖτὸς,
2565 5934 2685 5977 cum
2716 5924 2941 5993 Spiritus
2984 5927 3214 5986 Sanctus
3255 5932 3323 5988 sit
3363 5939 3507 5991 ἰκπο-
