4262 6490
720 372 824 430 165

2146 379 2605 437 TERTULLIANI

3921 388 4028 445 164

724 484 1090 553 introducere,
1135 487 1191 541 id
1236 496 1339 553 est,
1371 488 1723 558 prolationem
1772 490 1849 546 rei
1877 490 2099 546 alterius
2142 508 2207 548 ex
2241 494 2319 547 al-
2347 496 2398 555 A
2426 506 2505 550 est
2536 496 2755 566 spiritus
2777 512 2807 551 a
2842 497 2950 553 Deo
2976 507 3031 554 et
3057 499 3213 568 Filio,
3246 499 3383 555 sient
3413 499 3653 557 tertiusa
3680 501 3857 557 radice
3884 504 4029 559 truc-

725 584 857 643 tcra,
915 577 1057 649 quod
1122 576 1247 634 facit
1296 578 1631 647 Valentinus,
1708 582 1873 637 alium
1928 592 2088 654 atque
2153 583 2315 638 alium

724 669 955 726 Eonem
1008 669 1075 726 de
1118 669 1295 727 Eone
1327 672 1650 742 producens;
1697 674 1871 743 primo
1900 675 2116 745 quidem
2145 675 2317 731 dicam

725 763 843 827 tibi,
875 778 980 819 non
1009 762 1128 819 ideo
1149 779 1255 820 non
1289 765 1454 821 utitur
1485 765 1563 840 (ι)
1588 776 1641 822 et
1674 768 1869 823 veritas
1900 764 2162 823 vocaliqu
2191 771 2314 835 isto,

723 866 778 912 et
796 872 855 913 re
883 873 944 913 ac
973 873 1139 913 censu
1162 859 1299 929 ejus,
1324 861 1446 931 quia
1479 872 1533 915 et
1560 861 1781 916 haeresis
1806 862 1981 931 potius
2003 879 2067 917 ex
2096 863 2320 917 veritate

724 953 951 1023 accepit,
970 952 1114 1023 quod
1143 953 1209 1008 ad
1234 953 1571 1009 mendaciqu
1601 970 1755 1009 suum
1780 964 2037 1010 strueret.
2072 955 2321 1010 Prolatos

726 1056 809 1099 est
834 1060 1015 1100 sermo
1049 1045 1162 1111 Dei,
1191 1048 1415 1101 annon?
1462 1049 1560 1103 Hic
1590 1064 1801 1104 mecum
1828 1049 2050 1119 gradum
2093 1050 2212 1120 fige.
2265 1048 2323 1103 Si

726 1138 971 1208 prolatus
999 1145 1102 1204 est,
1133 1155 1415 1211 cognosce,
1446 1141 1723 1210 proholam
1755 1143 2019 1206 veritatis,
2043 1150 2098 1197 et
2132 1142 2324 1196 viderit

727 1228 950 1285 hmresis
999 1232 1045 1286 si
1092 1230 1220 1302 quid
1263 1232 1330 1288 de
1370 1233 1598 1289 veritate
1642 1233 1844 1293 imitata
1880 1243 1982 1287 est.
2021 1232 2137 1288 Jam
2182 1249 2325 1289 nunc

726 1333 1004 1404 quwritur,
1035 1335 1155 1405 quis
1180 1333 1451 1405 quomodo
1473 1343 1652 1388 utatur
1676 1334 1852 1404 aliqua
1882 1349 1961 1398 re,
1988 1343 2043 1388 et
2066 1332 2326 1387 vocabulo

729 1427 866 1497 ejus.
896 1426 1213 1483 Valentinus
1247 1428 1498 1498 probolas
1544 1443 1670 1483 suas
1719 1427 1979 1482 discernit
2006 1437 2061 1481 et
2106 1434 2324 1497 separat

726 1522 794 1578 ab
823 1531 1041 1577 auctore
1068 1540 1082 1575 :
1112 1533 1167 1577 et
1188 1523 1257 1576 ita
1286 1522 1441 1592 longe
1479 1522 1546 1577 ab
1573 1538 1637 1576 eo
1666 1520 1840 1592 ponit,
1871 1532 1926 1574 ut
1949 1519 2089 1575 {Eon
2121 1530 2324 1590 patrem

727 1616 952 1671 nesciat.
990 1614 1253 1684 Denique,
1287 1615 1560 1671 desiderat
1591 1630 1775 1682 nosse,
1816 1629 1916 1669 nec
1961 1622 2171 1684 potest;
2220 1614 2328 1667 imo

725 1717 781 1763 ct
809 1723 942 1777 peue
959 1706 1269 1774 devoratur,
1294 1718 1345 1763 et
1373 1706 1683 1762 dissolvitur
1712 1708 1761 1760 iu
1792 1706 2055 1776 reliquam
2081 1707 2330 1760 substan-

727 1802 875 1858 tiam.
933 1801 1085 1872 Apud
1136 1818 1234 1857 uos
1268 1812 1457 1856 autem
1512 1801 1649 1855 solus
1704 1800 1869 1854 Filius
1937 1798 2147 1853 Patrem
2193 1801 2331 1853 novit

2426 598 2509 645 tus
2536 606 2604 645 ex
2636 589 2841 645 frutice.
2882 591 2949 646 Et
2999 578 3189 649 tertius
3216 608 3246 650 a
3275 593 3441 661 fonte,
3472 594 3622 649 rivus
3668 611 3731 651 ex
3782 596 4025 655 flumine.

2424 681 2491 736 Et
2522 684 2708 738 tertius
2737 699 2767 737 a
2794 683 2931 749 sole,
2964 700 3101 755 apex
3140 702 3207 742 ex
3239 687 3409 741 radio.
3452 686 3594 742 Nihil
3628 698 3804 743 tamen
3836 705 3864 743 a
3916 706 4029 744 ma-

2427 775 2559 830 trice
2588 777 2872 844 alienatur,
2900 792 2930 831 a
2957 792 3061 848 qua
3088 779 3445 850 proprietates
3471 795 3595 835 snas
3629 781 3796 838 ducit.
3820 782 3894 837 Ita
3926 784 4026 837 tri-

2427 869 2565 923 nitas
2616 884 2711 940 per
2760 881 3044 927 eonsertos
3093 882 3149 927 et
3195 888 3478 929 connexos
3527 876 3725 946 gradus
3783 892 3814 932 a
3872 878 4030 934 Patre

2426 960 2740 1029 decurrens,
2761 972 2815 1019 et
2837 964 3161 1021 monarchia:
3180 965 3315 1021 nihil
3337 966 3619 1039 obstrepit,
3638 978 3693 1024 et
3712 972 4030 1026 oeconomiae

2429 1064 2624 1110 statum
2652 1058 2904 1129 protegit.

3051 1150 3281 1210 CAPUT
3311 1153 3403 1209 IX.

2502 1240 2651 1298 Ilanc
2698 1259 2784 1300 me
2813 1244 3053 1315 regulam
3101 1248 3424 1317 professum,
3467 1262 3568 1318 qua
3602 1248 3935 1320 inseparatos
3963 1251 4032 1305 ab

2434 1334 2697 1391 alterutro
2726 1336 2937 1393 Patrem
2975 1347 3030 1393 et
3058 1337 3254 1394 Filium
3286 1349 3340 1394 et
3382 1340 3639 1411 Spiritum
3671 1351 3859 1408 testor,
3906 1352 4029 1398 tene

2432 1427 2649 1500 ubique;
2678 1440 2733 1485 et
2756 1432 2846 1496 ita,
2872 1432 2997 1502 quid
3024 1433 3294 1503 quomodo
3319 1433 3548 1499 dicatur,
3574 1450 3854 1505 agnosces.
3890 1437 4032 1493 Ecce

2431 1523 2574 1577 enim
2614 1523 2737 1579 dico
2783 1525 2948 1579 alium
2980 1532 3102 1582 eSSe
3142 1527 3376 1593 Patrem,
3410 1538 3464 1583 et
3505 1529 3669 1583 alium
3721 1529 3938 1597 Filiam,
3970 1542 4026 1586 et

2432 1615 2595 1670 alium
2622 1616 2900 1687 Spiritum.
2936 1618 3073 1674 Male
3097 1619 3291 1689 accipit
3323 1620 3516 1676 idiotes
3538 1622 3764 1692 quisipte
3790 1632 3881 1677 aut
3903 1639 4028 1692 per-

2435 1722 2624 1763 versus
2664 1708 2764 1763 hoc
2809 1709 3033 1776 dictum,
3075 1712 3225 1781 quasi
3267 1712 3633 1769 diversitatem
3680 1726 3852 1780 sonet,
3885 1727 3937 1771 et
3962 1734 4028 1773 es

2436 1799 2744 1855 diversitate
2771 1803 3168 1870 separatiouem
3192 1804 3476 1873 protendat
3501 1803 3602 1877 (4),
3629 1805 3803 1860 Patris
3831 1817 3883 1861 ct
3910 1808 4028 1864 Filii

738 1894 929 1971 (Matt.
964 1896 1059 1962 XI,
1091 1895 1161 1950 ‘27
1186 1900 1225 1967 ),
1253 1907 1305 1951 et
1331 1897 1498 1950 sinum
1527 1895 1695 1949 Patris
1724 1896 1832 1964 ipse
1860 1895 2094 1964 exposuit
2151 1894 2329 1966 (Joan.
2363 1894 2411 1954 Β
2439 1902 2492 1945 et
2540 1892 2793 1961 Spiritus.
2826 1893 3155 1950 Necessitate
3195 1906 3375 1950 autem
3407 1896 3508 1951 hoc
3552 1897 3693 1960 diro,
3727 1914 3848 1952 cum
3879 1915 4032 1953 euut-

729 1986 787 2052 I,
827 1990 938 2060 I8),
972 1998 1024 2044 et
1054 1990 1230 2044 omnia
1260 1989 1398 2061 apud
1432 1989 1642 2043 Patrem
1674 1987 1862 2041 audivit
1885 1998 1929 2041 ct
1969 1988 2115 2054 vidit,
2143 1996 2188 2039 et
2222 1984 2329 2059 (εἰ)

725 2099 840 2153 qua:
881 2083 1154 2138 mandatus
1180 2092 1252 2137 est
1291 2100 1321 2135 a
1347 2081 1527 2149 Patre,
1558 2099 1615 2135 ea
1650 2093 1695 2135 et
1724 2082 1945 2153 loquitur
1976 2080 2169 2153 (Joait.
2193 2080 2329 2148 VIII,

731 2175 803 2230 26
827 2177 864 2243 ).
893 2174 1003 2229 Nec
1029 2193 1193 2241 suum,
1218 2175 1306 2229 sed
1337 2173 1506 2228 Patris
1537 2176 1742 2245 perfecit
1768 2174 2076 2227 voluntatem
2135 2172 2329 2237 (Jomt.

728 2267 820 2333 VI,
849 2267 917 2322 38
942 2265 1176 2341 ),quam
1237 2267 1303 2321 de
1352 2267 1605 2333 proximo,
1653 2266 1760 2319 imo
1815 2267 1877 2319 de
1922 2267 2066 2319 initio
2102 2276 2328 2320 noverat.

732 2359 858 2422 Quis
888 2359 1020 2412 enim
1043 2359 1137 2412 scit
1165 2374 1277 2428 qua:
1292 2360 1391 2413 sint
1417 2359 1468 2412 in
1502 2357 1629 2421 Deo,
1664 2359 1762 2412 nisi
1783 2359 1994 2427 spiritus
2023 2359 2110 2427 qui
2136 2360 2189 2413 in
2219 2360 2331 2428 ipso

728 2464 801 2506 est
836 2450 893 2523 (I
930 2448 1051 2506 Cor.
1086 2452 1153 2519 II,
1186 2452 1248 2507 Η
1344 2451 1526 2506 Sermo
1557 2462 1727 2505 autem
1762 2453 1947 2524 spiritu
1976 2462 2196 2507 structus
2234 2465 2327 2519 est,

731 2554 784 2600 et
815 2554 871 2599 ut
897 2545 968 2599 ita
990 2544 1236 2610 dixerim,
1260 2545 1525 2599 sermonis
1549 2560 1745 2613 corpus
1772 2556 1855 2599 est
1879 2548 2117 2616 spiritus.
2139 2547 2331 2602 Sermo

729 2653 858 2707 ergo
903 2648 956 2693 et
1002 2638 1055 2691 in
1077 2636 1235 2693 Patre
1266 2654 1498 2707 semper,
1532 2638 1669 2692 sicut
1717 2639 1845 2693 dicit
1880 2658 1892 2692 :
1937 2639 2047 2711 Ego
2088 2642 2141 2694 in
2174 2640 2331 2695 Patre

732 2728 913 2803 (Jaait.
941 2727 1083 2789 XIV,
1124 2730 1237 2799 II).
1268 2728 1337 2783 Et
1365 2729 1502 2798 apud
1529 2731 1692 2785 lteutu
1723 2745 1959 2800 semper,
1993 2732 2130 2785 sicut
2158 2735 2331 2801 scrip-

730 2829 842 2875 tum
870 2829 954 2875 est
984 2838 996 2874 :
1029 2817 1092 2872 Et
1134 2818 1314 2874 Sermo
1351 2830 1455 2874 erat
1482 2821 1620 2888 apud
1650 2819 1811 2874 Deum
1840 2820 2034 2894 (Joau.
2069 2822 2110 2884 I,
2137 2824 2162 2877 1
2199 2826 2236 2891 ).
2263 2824 2329 2878 Ει

732 2927 1003 2983 numquam
1032 2920 1310 2981 separatus
1345 2927 1372 2964 a
1406 2912 1581 2978 Patre,
1610 2921 1699 2965 aut
1737 2911 1872 2966 alius
1908 2928 1936 2965 a
1970 2913 2145 2981 Patre,
2180 2915 2325 2985 quia,

729 3001 844 3076 Ego
874 3014 919 3057 et
965 3002 1121 3056 Pater
1159 3020 1314 3057 unum
1356 3020 1529 3058 sumus
1574 3004 1753 3073 (Jouit.
1796 3004 1866 3068 Χ,
1898 3005 2013 3077 50).
2061 3005 2187 3060 Haec
2223 3008 2329 3062 erit

728 3097 951 3170 prohola
981 3097 1242 3163 veritatis,
1272 3106 1455 3152 custos
1486 3098 1725 3163 unitatis,
1760 3114 1861 3166 qua
1891 3099 2160 3169 prolatum
2192 3099 2327 3154 dici-

729 3207 848 3247 tuus
872 3189 1067 3245 Filium
1089 3205 1118 3243 a
1147 3188 1329 3255 Patre,
1359 3190 1435 3260 (a)
1459 3189 1552 3243 sed
1585 3204 1689 3245 non
1719 3203 2021 3259 separatum
2055 3192 2159 3263 (3),
2192 3181 2326 3246 Pri)-

729 3285 849 3339 tulit
885 3283 1029 3337 enim
1082 3282 1222 3337 Deus
1254 3284 1604 3347 (Sermonem,
1660 3283 2108 3352 quemadmodum
2160 3286 2320 3340 etiam

2437 1982 2559 2037 dem
2592 1983 2806 2039 Patrem
2837 1996 2892 2039 et
2924 1984 3115 2041 Filium
3157 1997 3211 2039 et
3241 1986 3497 2057 Spiritum
3543 1990 3897 2053 contendunt,
3944 1992 4041 2045 ad-

2437 2091 2625 2132 versus
2654 2079 3009 2133 meonomiam
3038 2080 3368 2137 monarchiz
3392 2082 3689 2146 adulantes,
3727 2100 3831 2138 non
3863 2096 4041 2140 tamen

2436 2167 2750 2223 diversitate
2778 2171 2944 2224 alium
2994 2170 3185 2225 Filium
3217 2187 3247 2225 a
3294 2172 3470 2235 I’atre,
3501 2173 3594 2227 sed
3629 2174 4037 2238 distributione;

2439 2278 2538 2318 nec
2565 2263 2829 2317 divisione
2880 2265 3066 2329 alium,
3108 2264 3202 2320 sed
3248 2264 3614 2333 distinctione;
3645 2256 3768 2338 quia
3819 2284 3925 2323 non
3966 2270 4040 2324 sit

2439 2354 2577 2409 idem
2605 2355 2761 2409 l’ater
2787 2366 2842 2411 et
2867 2355 3056 2421 Filius,
3088 2357 3176 2411 vel
3206 2358 3424 2412 modulo
3451 2360 3588 2413 alius
3614 2360 3681 2414 ab
3708 2359 3835 2414 alio.
3879 2360 4042 2415 Pater

2436 2447 2576 2500 enim
2624 2456 2732 2501 tota
2785 2449 3083 2505 substantia
3116 2459 3201 2505 est
3238 2468 3251 2503 :
3283 2449 3358 2523 (ὁ)
3389 2449 3556 2504 Filius
3601 2466 3732 2506 vero
3774 2452 4040 2507 derivatio

2437 2543 2599 2596 totius
2648 2550 2704 2597 et
2753 2543 2951 2612 portio,
3003 2542 3142 2597 sicut
3188 2544 3304 2613 ipse
3357 2543 3658 2614 profitetur,
3693 2545 3829 2610 Quia
3879 2544 4041 2602 Pater

2434 2635 2602 2703 major
2630 2650 2709 2687 me
2735 2644 2811 2688 est
2839 2632 3030 2705 (Joan.
3066 2632 3207 2699 XIV,
3244 2634 3372 2706 ‘28).
3424 2638 3463 2690 A
3496 2652 3604 2707 quo
3642 2646 3696 2691 et
3737 2639 4039 2693 tuitioratus

2435 2724 2802 2793 (5)0anitur
2857 2726 2907 2779 iu
2961 2726 3173 2781 Psalmo
3231 2725 3403 2797 (\‘III,
3436 2726 3529 2799 6),
3592 2727 3855 2783 Modicum
3920 2728 4038 2802 (6)

2433 2817 2555 2881 quid
2601 2818 2729 2869 citra
2774 2812 3004 2888 arigelos.
3051 2817 3141 2873 Sic
3183 2828 3237 2872 et
3270 2818 3427 2872 Pater
3456 2820 3594 2873 alius
3631 2837 3659 2873 a
3694 2820 3851 2886 Filio,
3906 2821 4036 2875 dum

2436 2907 2573 2962 Filio
2618 2907 2810 2977 major;
2839 2909 2967 2961 dum
3014 2908 3151 2962 alius
3192 2909 3279 2978 qui
3310 2920 3555 2979 generat,
3588 2911 3723 2964 alius
3753 2911 3842 2980 qui
3873 2927 4039 2981 gene-

2432 3009 2619 3063 ratur;
2681 2997 2807 3052 dum
2863 2999 3003 3053 alius
3058 2999 3148 3067 qui
3198 3000 3403 3065 mittit,
3452 3001 3586 3056 alius
3628 3002 3720 3071 qui
3765 3002 4033 3068 mittitur;

2432 3091 2559 3146 dum
2616 3091 2754 3146 alius
2806 3091 2896 3162 qui
2931 3091 3076 3159 facit,
3125 3092 3264 3147 alius
3307 3109 3402 3163 per
3435 3109 3593 3163 quem
3622 3094 3700 3149 fit.
3724 3094 3867 3151 Bene
3893 3096 4039 3165 quod

2432 3193 2485 3239 et
2505 3183 2762 3237 Dominus
2792 3198 2918 3237 usus
2944 3183 3047 3239 hoc
3074 3183 3242 3239 verbo
3263 3183 3316 3237 in
3345 3200 3571 3255 persona
3608 3187 3864 3242 Paracleti
3885 3229 3900 3251 ,
3928 3205 4037 3243 non

2432 3274 2749 3330 divisionem
2791 3275 3113 3345 significavit
3147 3316 3160 3339 ,
3195 3276 3289 3329 sed
3338 3276 3747 3345 dispositionem
3777 3296 3791 3333 :
3824 3278 4039 3352 Rogabo

729 3376 1038 3433 I’araclctus
1054 3373 1230 3439 docet,
1253 3374 1554 3429 sicutradix
1586 3372 1851 3440 fruticem,
1873 3384 1927 3429 et
1946 3375 2065 3430 fous
2082 3375 2321 3443 fluvium,
2352 3389 2396 3451 ρ
2430 3368 2563 3423 εηὶηι
2588 3410 2603 3434 .
2647 3368 2817 3437 inquit
2862 3366 3061 3437 (Joan-
3107 3366 3224 3422 XIV
3273 3410 3288 3435 ν
3341 3367 3472 3435 16).
3507 3368 3749 3438 Patrem.
3789 3380 3837 3426 ει
3873 3373 4037 3427 alium

728 3475 784 3523 et
827 3466 907 3520 sol
958 3466 1185 3521 radium.
1228 3463 1363 3519 Nam
1406 3473 1461 3519 et
1502 3464 1620 3519 ista:
1665 3466 1873 3534 species
1919 3466 2158 3537 prohola:
2202 3478 2327 3523 sunt

728 3576 913 3618 earum
940 3559 1383 3625 substantiarum,
1411 3575 1474 3614 ex
1503 3559 1697 3629 quibus
1721 3559 2008 3631 prodeunt.
2036 3560 2146 3615 Nec
2169 3561 2325 3617 dubi-

729 3655 952 3710 taverim
985 3653 1177 3708 Filium
1210 3652 1411 3716 dicere,
1444 3660 1498 3706 et
1527 3651 1723 3706 radicis
1752 3653 2027 3719 fruticem,
2065 3662 2120 3708 et
2166 3653 2327 3708 fontis

728 3746 975 3810 fluvium,
1003 3755 1056 3800 et
1075 3744 1203 3798 solis
1228 3744 1458 3808 radium;
1487 3742 1606 3811 quia
1635 3744 1811 3797 omnis
1830 3744 1981 3814 origo
2009 3754 2197 3814 patens
2221 3755 2323 3812 est;

730 3844 785 3888 et
812 3845 971 3886 omne
996 3829 1137 3900 quod
1182 3844 1249 3883 ex
1294 3828 1500 3899 origine
1547 3828 1833 3898 profertur,
1880 3831 2158 3900 progenies
2202 3842 2321 3898 est,

732 3925 901 3980 multo
946 3923 1115 3993 magis
1143 3920 1335 3977 Sermo
1381 3920 1498 3984 Dei,
1527 3921 1617 3991 qui
1662 3920 1823 3975 etiam
1868 3922 2082 3992 proprie
2130 3936 2325 3978 nomen

735 4014 854 4070 Filii
885 4014 1093 4083 accepit
1118 4033 1131 4070 :
1155 4027 1255 4067 nec
1285 4010 1460 4066 frutex
1491 4020 1666 4066 tamen
1695 4027 1723 4066 a
1760 4012 1961 4080 radice,
1995 4028 2093 4068 uec
2134 4013 2328 4070 fluvius

731 4121 763 4163 a
796 4106 962 4173 fonte,
998 4114 1111 4159 nec
1148 4103 1332 4158 radius
1371 4118 1399 4155 a
1451 4103 1565 4157 sole
1591 4103 1934 4171 discernitur,
1969 4106 2107 4160 sicut
2156 4121 2254 4161 nec
2296 4122 2326 4160 a

719 4198 847 4265 Deo
870 4196 1081 4253 Sermo.
1107 4192 1273 4265 Igitur
1301 4192 1596 4249 secundum
1616 4192 1804 4248 horum
1823 4195 2189 4265 exemplorum
2217 4196 2327 4251 for-

734 4306 899 4355 tnam,
927 4288 1181 4359 profiteor
1208 4302 1295 4344 me
1314 4287 1450 4343 duos
1475 4287 1678 4351 dicere,
1714 4287 1883 4342 Deum
1923 4296 1978 4343 et
2006 4289 2330 4346 Sermonem

736 4382 869 4452 ejus,
891 4380 1098 4435 Patrem
1128 4388 1185 4435 et
1216 4378 1405 4434 Filium
1430 4380 1615 4450 ipsius.
1644 4378 1779 4437 Nam
1805 4390 1860 4436 et
1886 4381 2034 4437 radix
2066 4394 2120 4438 et
2148 4382 2326 4439 frutex

734 4475 855 4531 dua:
885 4488 970 4529 res
1000 4482 1146 4536 sunt,
1179 4472 1274 4528 sed
1301 4471 1623 4542 cnnjuuctzn.
1653 4474 1716 4528 Et
1744 4473 1863 4529 fons
1891 4485 1944 4531 et
1966 4474 2165 4531 flumen
2208 4477 2330 4532 dua:

735 4569 944 4642 species
961 4576 1104 4632 sunt,
1129 4566 1224 4622 sed
1255 4566 1511 4621 indixisse.
1535 4565 1602 4620 Et
1622 4567 1702 4620 sol
1726 4578 1781 4621 et
1811 4568 1990 4623 radius
2008 4568 2127 4623 dua:
2147 4568 2331 4625 formae

736 4669 884 4727 sunt,
914 4659 1010 4714 sed
1036 4657 1392 4713 colurrentes.
1422 4655 1594 4712 Omne
1623 4657 1764 4727 quod
1808 4660 1986 4729 prodit
2012 4677 2076 4715 ex
2105 4660 2287 4732 aliquo
2308 4703 2324 4730 ,

2429 3459 2733 3513 advocatum
2768 3458 2927 3512 mittet
2969 3458 3129 3526 vobis,
3173 3457 3425 3530 Spiritum
3453 3461 3693 3516 veritatis.
3740 3462 3831 3517 Sic
3871 3464 4036 3519 alium

2429 3566 2459 3603 a
2483 3566 2541 3606 se
2563 3549 3197 3621 Paracletum,quomodo
3218 3562 3272 3606 et
3294 3567 3392 3606 nos
3408 3567 3437 3604 a
3461 3552 3619 3608 Patre
3634 3552 3796 3608 alium
3816 3552 4035 3620 Filium,

2431 3656 2486 3699 ut
2518 3646 2733 3700 tertium
2762 3643 2983 3715 gradum
3052 3644 3362 3699 ostenderet
3429 3645 3482 3699 in
3531 3645 3807 3702 Paracleto
3834 3688 3850 3712 ,
3896 3647 4040 3703 sicut

2430 3753 2530 3793 nos
2559 3737 2855 3792 secundum
2889 3737 2940 3790 in
2974 3735 3111 3792 Filio
3132 3779 3145 3801 ,
3176 3746 3394 3809 propter
3432 3739 3749 3794 oeconomia:
3772 3738 4035 3795 observa-

2433 3831 2653 3886 tionem.
2678 3830 2857 3903 Ipsum
2883 3830 3025 3901 quod
3060 3829 3217 3885 Pater
3242 3840 3296 3886 et
3327 3830 3494 3886 Filius
3535 3831 3822 3899 dicuntur,
3852 3849 4038 3891 nonne

2430 3924 2574 3978 aliud
2608 3923 2677 3977 ab
2702 3922 2809 3976 alio
2835 3922 2952 3977 est?
2982 3920 3174 3992 Utique
3201 3921 3347 3977 enim
3374 3922 3552 3978 omnia
3583 3924 3727 3995 quod
3754 3936 4035 3991 vocantur,

2432 4014 2537 4071 hoc
2561 4025 2754 4070 erunt:
2787 4012 3006 4084 etquod
3035 4023 3192 4069 erunt
3217 4054 3232 4079 ,
3282 4013 3385 4069 hoc
3426 4014 3802 4071 vocabuntur:
3835 4026 3890 4072 et
3918 4033 4040 4087 per-

2432 4108 2662 4162 miseere
2682 4122 2740 4162 se
2764 4106 3046 4161 diversutas
3066 4104 3448 4161 vocabulorum
3473 4121 3582 4163 non
3595 4116 3770 4178 potest
3788 4109 4036 4178 omnino,

2432 4201 2555 4271 quia
2586 4211 2686 4254 nec
2720 4213 2924 4261 rerum,
2957 4213 3183 4268 quarum
3212 4207 3370 4252 erunt
3393 4198 3669 4253 voeabula.
3696 4198 3791 4254 Est
3810 4206 3905 4263 est,
3934 4218 4041 4256 nou

2435 4309 2537 4348 non
2558 4300 2585 4348 ‘:
2614 4308 2731 4346 naut
2766 4291 2901 4363 quod
2938 4292 3159 4362 aniptius
3209 4300 3310 4353 est,
3352 4292 3446 4345 hoc
3471 4307 3505 4345 a
3543 4292 3680 4347 malo
3704 4301 3777 4348 est
3814 4292 4033 4366 (Matth.

2436 4384 2478 4439 v
2512 4384 2675 4456 ,δη
3089 4380 3318 4438 CAPUT
3357 4381 3428 4439 χ.

2540 4479 2614 4535 Ita
2678 4487 2770 4534 aut
2844 4478 3003 4534 Pater
3042 4485 3136 4532 aut
3199 4476 3365 4533 Filius
3408 4488 3544 4543 est,
3596 4488 3650 4535 et
3673 4495 3848 4553 neque
3920 4484 4041 4541 dies

2433 4575 2621 4632 eadem
2652 4586 2707 4629 et
2745 4590 2886 4640 nox,
2920 4590 3095 4645 neque
3130 4573 3292 4630 Pater
3320 4574 3460 4629 idem
3507 4583 3563 4631 et
3598 4574 3766 4631 Filius
3788 4617 3802 4639 ,
3836 4586 3892 4631 ut
3931 4580 4043 4635 sint

2435 4668 2593 4724 ambo
2620 4683 2756 4723 unus
2781 4677 2835 4723 et
2856 4677 3144 4737 utrumque
3173 4666 3347 4723 alter:
3376 4667 3519 4739 quod
3549 4666 3621 4741 (ε)
3645 4669 3920 4724 vanissimi
3949 4671 4037 4727 isti

738 4752 1032 4809 secundum
1076 4753 1147 4806 sit
1194 4751 1310 4821 ejus
1349 4765 1570 4806 necesse
1617 4762 1699 4806 est
1727 4752 1795 4807 de
1842 4768 1949 4823 quo
1990 4755 2186 4825 prodit,
2220 4772 2326 4812 non
2356 4782 2410 4843 ι)
2436 4760 2802 4816 monarehiani
2835 4760 3034 4815 volunt.
3074 4760 3191 4831 Ipse
3217 4776 3311 4828 se,
3358 4762 3647 4833 inquiunt,
3692 4762 3884 4819 Filium
3934 4766 4039 4821 sibi

737 4847 861 4903 ideo
888 4856 1061 4901 tamen
1089 4856 1169 4899 est
1197 4855 1527 4915 separatum.
1558 4843 1839 4900 Secundus
1870 4858 2047 4902 autem
2074 4852 2160 4904 ubi
2202 4862 2286 4906 est
2310 4892 2326 4918 ,

741 4938 846 4995 duo
871 4944 1017 4994 sunt.
1046 4935 1115 4991 Et
1148 4938 1337 4993 tertius
1375 4937 1464 4993 ubi
1491 4945 1596 5005 est,
1628 4945 1738 4993 tres
1764 4948 1908 4994 sunt.
1932 4939 2146 4996 Tertius
2188 4944 2331 4998 cnim

2438 4851 2588 4909 fecit.
2620 4853 2815 4923 Atquin
2852 4852 3008 4908 Pater
3032 4850 3226 4909 Filium
3254 4852 3414 4920 facit,
3438 4862 3494 4908 et
3518 4853 3729 4909 Patrem
3752 4853 3939 4910 Filius.
3973 4856 4042 4911 Et

2435 4946 2527 5017 qui
2583 4960 2649 4999 ex
2694 4944 2953 5001 alterutro
2978 4944 3132 5012 fiunt,
3164 4960 3196 5001 a
3243 4946 3548 5017 semetipsis
3594 4946 3694 5003 sibi
3728 4949 3841 5003 fieri
3888 4949 4040 5005 nullo

1970 5034 2354 5096 LECTIONES
2390 5039 2803 5097 VARIANTES.

803 5124 877 5195 (1)
914 5124 1091 5195 Utatur
1114 5122 1455 5195 Frqnal’aris.
1472 5130 1640 5177 utetur
1661 5125 1765 5179 Lat.

803 5127 846 5189 (t
914 5124 1091 5175 Utatur
1114 5124 1268 5175 Fran.
1289 5124 1350 5173 Pi

824 5191 853 5237 Ξ
913 5188 984 5237 Ad
1008 5186 1153 5238 inser.
1193 5184 1350 5238 Latin.

802 5124 880 5317 isi
912 5250 1144 5301 Paratum
1172 5247 1322 5301 Semt.

2608 5132 2881 5206 Pgrtendat
2898 5143 3009 5206 Jun,

2511 5195 2585 5321 (ὅ)
2621 5195 2777 5269 Minor
2802 5204 2915 5246 natu
2935 5197 3089 5249 Rhen.
3131 5198 3283 5249 Seml.
3311 5198 3507 5252 Obertlt.

2533 5260 2563 5307 ϐ
2620 5258 2808 5309 Modico
2848 5258 3000 5313 Rhea.
3028 5260 3180 5313 Seml.
3217 5260 3412 5314 Obertlt.

2126 5338 2680 5396 COMMENTARIUS.

912 5250 1144 5301 Paratum
1172 5247 1322 5301 Semt.

735 5434 929 5501 νεότας.
954 5426 1076 5484 RIG.

816 5523 870 5591 (a

745 5666 904 5722 alius.
936 5662 1059 5717 Rm.

818 5776 971 5833 CAP.
987 5775 1082 5831 IX.
1097 5808 1168 5817 —
1184 5777 1271 5848 (b)
1287 5777 1456 5835 Filius
1471 5796 1585 5835 vero
1600 5781 1860 5837 derivatio.
1883 5784 2050 5841 Recte
2067 5790 2341 5844 annotavit

748 5848 813 5906 ad
844 5850 1140 5918 marginem
1168 5851 1462 5906 Rhenanus
1488 5863 1639 5910 caute
1671 5854 1758 5910 hic
1778 5855 1885 5925 legi
1910 5858 2111 5913 debere
2130 5858 2339 5917 Tertul-

816 5522 895 5646 (a)
924 5522 1033 5575 Sed
1052 5535 1154 5574 non
1183 5530 1496 5589 separatum.
1526 5522 1682 5579 Unde
1706 5530 1784 5578 tot
1814 5526 2139 5592 qumstioues
2165 5536 2340 5584 utrum

746 5594 863 5669 sita
894 5591 980 5669 iud
1008 5606 1039 5646 a
1069 5592 1250 5659 Patre;
1279 5593 1426 5663 quod
1467 5609 1575 5649 non
1618 5595 1954 5662 conceditur,
1984 5600 2230 5669 quamvis
2273 5601 2343 5655 sit

2451 5434 2891 5511 lianum._utpote
2917 5438 3041 5507 qui,
3064 5454 3185 5494 cum
3222 5440 3335 5511 jam
3368 5437 3568 5496 dudum
3606 5450 3733 5498 ante
3785 5442 4034 5504 haeresim

924 5520 1033 5575 Sed
1052 5535 1154 5574 ηοη
1183 5530 1496 5589 “paratum.
1526 5521 1682 5579 unde
1706 5530 1784 5578 ιοι
1814 5526 2139 5592 ηιιωειίοηεε
2165 5536 2340 5584 utrum
2448 5505 2879 5592 griiscripserit,
2898 5505 3003 5591 non
3029 5526 3197 5592 usque
3214 5505 3534 5592 adeoverba
3553 5529 3647 5568 sua
3670 5515 4030 5592 trutiuaverit.

2448 5577 2728 5651 Senteti_tia
2744 5592 2873 5633 vero
2900 5580 3038 5650 ejus,
3058 5577 3200 5650 quod
3214 5580 3454 5651 ejusdem
3479 5584 3586 5638 sint
3609 5584 3897 5642 subtantim
3928 5590 4030 5645 Pa-

2450 5658 2529 5727 t_er
2545 5658 2613 5727 e_t_
2635 5648 2801 5703 Filius
2828 5661 2881 5705 et
2902 5648 3133 5721 Spiritus
3159 5648 3440 5727 manifesta
3467 5654 3546 5721 fit,
3574 5666 3684 5708 tum
3724 5672 3787 5711 ex
3831 5674 4033 5727 przece-

2448 5720 3337 5797 dentibuSLtumexsequentibus
3378 5720 3539 5794 hujus
3575 5726 3693 5781 lihri
3731 5720 3847 5797 eap'.
3892 5730 4024 5788 ΡΑιι.

2519 5790 2598 5846 CA
2610 5790 2849 5872 P..X_._—.-
2975 5790 3248 5849 Variissimi
3273 5797 3362 5872 is_ti_
3392 5790 3760 5872 manare/aiant
3782 5790 4029 5859 Nonnulli

2444 5862 2701 5937 praxeani
2738 5862 3051 5921 Trinitatem
3071 5881 3266 5937 negare
3278 5867 3595 5924 videbantur
3609 5885 3623 5925 :
3639 5872 4032 5930 contendebant
