4262 6490
213 388 312 447 {65

1356 388 1513 448 LIBE
1527 393 1565 446 ιι
1609 389 1976 447 ADVERSUS
2019 390 2370 447 PRAXEAM.

3403 393 3508 452 166

210 506 370 562 modo
403 517 670 578 possunt,
701 517 759 562 ut
784 508 941 563 Pater
968 521 1026 562 se
1054 507 1154 562 sibi
1186 507 1378 562 Filium
1410 507 1564 562 faciat
1589 551 1603 572 ,
1637 516 1691 562 et
1722 507 1806 561 Fi-
1838 516 1884 572 Α
1915 522 2252 577 quocumque
2277 522 2382 560 non
2415 506 2633 574 fecerit,
2666 522 2771 561 non
2801 508 2923 578 quia
2979 523 3084 564 non
3114 510 3382 580 potuerit,
3412 508 3510 566 sed

208 600 309 654 lius
335 614 394 655 se
414 601 515 654 sibi
542 602 754 656 Patrem
780 610 1016 670 praestet.
1046 603 1175 668 Qua:
1200 601 1426 654 instituit
1448 601 1619 664 Deus,
1645 600 1806 655 etiam

209 693 324 762 ipse
355 693 612 748 custodit.
657 693 863 748 llaheat
892 707 1112 747 necesse
1139 704 1220 745 est
1271 692 1431 747 Pater
1475 691 1708 758 Filium,
1753 703 1808 746 nt

209 788 370 843 Pater
395 789 501 853 sit;
533 797 588 842 et
615 787 784 841 Filius
811 786 1023 841 Patrem
1067 825 1081 849 ,
1111 796 1168 839 ut
1198 785 1366 840 Filius
1393 787 1502 848 sit;
1549 783 1695 838 aliud
1725 794 1809 839 est

208 891 386 933 autem
415 878 616 933 habere
643 920 660 945 ,
690 877 831 932 aliud
873 893 1013 934 esse.
1063 875 1225 932 Verbi
1255 878 1421 947 gratia
1451 919 1463 943 ,
1497 885 1553 932 ut
1585 878 1808 931 maritus

206 973 307 1026 sint
335 1013 349 1035 ,
399 971 626 1026 habeam
674 980 885 1040 oportet
935 987 1154 1026 exorent
1181 1012 1196 1036 ,
1231 986 1336 1025 non
1385 972 1497 1040 ipse
1539 971 1668 1025 mihi
1713 985 1808 1024 ero

207 1078 365 1116 uxor.
397 1063 486 1117 Sic
514 1063 678 1117 etiam
705 1103 721 1128 ,
754 1073 810 1116 ut
854 1072 1006 1132 pater
1043 1065 1143 1118 sim
1165 1103 1180 1131 ,
1230 1063 1397 1118 filium
1446 1063 1652 1129 habeo;
1701 1079 1808 1117 non

207 1156 322 1225 ipse
343 1156 472 1210 mihi
499 1172 594 1212 ero
619 1155 780 1210 lilius.
809 1156 878 1210 Et
907 1167 963 1211 ut
983 1157 1124 1212 filius
1179 1157 1279 1211 sim
1307 1199 1320 1221 ,
1349 1167 1553 1227 patrem
1611 1156 1806 1221 habeo,

207 1260 313 1301 non
355 1248 468 1318 ipse
514 1248 642 1302 mihi
686 1264 780 1304 ero
815 1258 984 1319 pater.
1040 1249 1170 1318 Quae
1197 1249 1340 1304 enim
1388 1265 1474 1304 me
1525 1249 1724 1304 faciunt
1762 1250 1808 1305 si

206 1338 445 1395 habuero
473 1382 487 1405 ,
519 1349 645 1395 tunc
685 1356 780 1396 ero
811 1351 978 1412 pater,
1027 1343 1071 1396 si
1117 1341 1280 1395 filium
1351 1342 1574 1396 habeam
1607 1358 1621 1407 ;
1667 1342 1808 1398 filius

203 1450 336 1502 ero,
369 1435 412 1490 si
447 1446 674 1504 patrem.
718 1435 886 1490 Porro
933 1435 977 1489 si
1005 1436 1118 1505 ipse
1144 1449 1238 1490 ero
1283 1434 1409 1504 quid
1453 1450 1670 1499 eorum,
1696 1436 1806 1504 jam

207 1543 310 1582 non
341 1528 511 1583 hach
537 1529 679 1599 quod
707 1529 819 1598 ipse
843 1543 938 1584 ero
967 1546 978 1581 :
1005 1543 1102 1583 nec
1144 1539 1348 1598 patrem
1379 1569 1394 1594 ,
1420 1529 1544 1598 quia
1573 1529 1684 1598 ipse
1713 1543 1808 1582 ero

209 1630 387 1690 pater;
421 1635 520 1676 nec
587 1621 754 1676 filium
786 1663 802 1687 ,
836 1622 958 1692 quia
986 1621 1099 1690 ipse
1130 1636 1227 1676 ero
1259 1622 1417 1676 lilius.
1457 1621 1511 1675 In
1550 1632 1806 1691 quantunt

206 1722 384 1766 autent
412 1713 640 1768 alterum
686 1731 750 1769 ex
785 1715 866 1770 his
908 1713 1104 1769 habere
1153 1729 1238 1769 me
1267 1725 1519 1784 Oportet,
1577 1715 1805 1770 alterum

205 1819 324 1860 esse
356 1821 370 1868 ;
400 1806 453 1859 in
484 1815 689 1860 tantum
717 1807 764 1862 si
790 1816 1076 1876 utrumque
1097 1805 1271 1871 fuero,
1294 1808 1522 1862 alterum
1551 1824 1656 1863 non
1687 1825 1802 1876 ero,

206 1898 333 1952 dum
380 1899 610 1953 alterum
639 1916 747 1954 non
789 1900 984 1955 habeo.
1019 1901 1075 1956 Si
1110 1901 1252 1954 enim
1286 1901 1401 1970 ipse
1429 1918 1522 1956 ero
1552 1901 1691 1956 lilitts
1716 1901 1806 1973 qui
1838 1921 1884 1980 Β

205 2002 256 2044 ct
277 1999 470 2060 pater,
498 1991 609 2061 jam
644 2009 748 2046 non
799 1993 976 2050 habeo
1019 1994 1223 2061 lilium,
1270 1995 1366 2050 sed
1419 1995 1533 2065 ipse
1561 2012 1680 2050 sum
1748 1996 1810 2049 li-

205 2081 328 2136 lius.
361 2081 479 2138 Non
529 2083 776 2137 habendo
805 2095 981 2138 autem
1036 2084 1203 2139 filium
1234 2125 1248 2150 ,
1281 2085 1407 2140 dum
1457 2087 1570 2156 ipse
1601 2103 1721 2142 sum
1752 2088 1806 2141 li-

204 2173 304 2229 lius
335 2217 350 2240 ,
377 2178 646 2245 quomodo
675 2187 826 2247 pater
849 2179 968 2234 ero?
991 2179 1197 2234 Habere
1241 2181 1382 2236 enim
1410 2180 1574 2236 filium
1613 2181 1806 2251 debeo,

205 2276 262 2320 ut
309 2275 464 2337 pater
512 2270 632 2322 sim.
683 2269 800 2324 Non
853 2287 971 2326 sunt
1021 2288 1153 2342 ergo
1193 2274 1333 2329 lilius
1364 2315 1377 2337 ,
1429 2275 1550 2344 quia
1603 2286 1807 2344 patrem

204 2374 311 2412 non
341 2358 538 2426 habeo,
570 2363 660 2430 qui
694 2362 818 2416 facit
846 2363 1033 2417 lilium.
1063 2362 1235 2433 Eque
1284 2365 1329 2418 si
1371 2366 1484 2434 ipse
1511 2381 1626 2420 sum
1659 2376 1810 2435 pater

201 2454 367 2523 quiet
395 2454 559 2520 lilius,
574 2455 683 2524 jam
708 2472 812 2510 non
840 2456 1014 2511 habeo
1039 2468 1270 2527 patrem,
1299 2458 1392 2513 sed
1420 2459 1535 2528 ipse
1565 2473 1681 2512 sunt
1711 2475 1808 2528 pa-

203 2556 304 2610 ter;
341 2559 450 2600 non
480 2547 728 2601 habendo
755 2557 928 2602 autem
955 2551 1326 2618 patrem,dum
1351 2551 1462 2620 ipse
1491 2564 1608 2604 sum
1636 2561 1804 2620 pater,

195 2639 481 2709 quomodo
512 2641 654 2695 lilius
678 2642 798 2695 ero?
825 2642 1032 2698 llabere
1053 2646 1194 2698 enim
1220 2655 1424 2714 patrem
1439 2644 1631 2710 debeo,
1665 2657 1720 2700 ut
1744 2646 1807 2699 li-

199 2735 308 2787 lius
368 2736 463 2788 im.
495 2733 612 2788 Non
644 2750 771 2803 ergo
799 2750 893 2789 ero
920 2745 1092 2806 pater,
1124 2738 1246 2806 quia
1277 2736 1441 2791 liliutn
1472 2753 1577 2792 non
1610 2737 1804 2806 habeo,

198 2827 287 2897 qui
321 2828 450 2882 facit
481 2839 708 2899 patrem.
748 2829 861 2884 Hoc
892 2831 994 2885 erit
1027 2840 1196 2885 totum
1246 2831 1514 2902 ingenium
1561 2832 1760 2888 diaboli
1789 2874 1804 2897 ,

196 2922 431 2977 alterum
485 2939 552 2978 ex
629 2924 804 2978 alteto
866 2923 1197 2992 excludere,
1247 2925 1373 2979 dum
1424 2934 1704 2996 utrumque
1752 2926 1806 2980 in

197 3029 362 3068 unum
419 3015 522 3070 sub
549 3017 876 3071 monarchite
916 3018 1096 3072 fat-ore
1143 3017 1508 3084 concludens,
1561 3027 1805 3074 neutrum

197 3104 384 3160 haberi
415 3105 564 3160 facit.
595 3105 663 3161 Ut
687 3117 742 3161 et
788 3117 938 3177 pater
991 3123 1094 3162 non
1125 3106 1212 3173 sit,
1251 3108 1338 3177 qui
1387 3109 1594 3162 scilicet
1639 3110 1805 3164 lilium

197 3214 300 3250 non
337 3197 501 3253 habet
535 3211 549 3263 ;
591 3207 645 3253 et
692 3198 830 3252 lilius
872 3214 977 3254 non
1007 3201 1096 3265 sit,
1129 3200 1218 3270 qtti
1258 3215 1410 3270 teque
1456 3212 1659 3270 patrem
1698 3217 1806 3256 non

195 3291 379 3346 habet.
415 3292 551 3346 Dum
577 3293 722 3348 enini
753 3305 904 3363 pater
931 3306 1014 3349 εει
1043 3333 1059 3359 ,
1092 3293 1232 3348 filius
1261 3308 1370 3348 non
1397 3296 1518 3349 erit.
1571 3297 1661 3354 Sic
1690 3311 1803 3349 mo—

1911 603 2033 669 quia
2068 601 2317 654 noluerit.
2381 601 2468 656 Dei
2499 603 2641 656 enim
2695 616 2849 670 posse
2877 644 2892 667 ,
2951 604 3092 658 velle
3135 615 3256 670 est;
3305 615 3359 659 et
3405 620 3510 661 non

1913 707 2071 763 posse
2099 733 2114 758 ,
2159 694 2302 748 nolle
2329 710 2342 757 ;
2374 694 2518 763 quod
2565 704 2744 749 autem
2778 694 2943 749 voluit
2970 735 2986 761 ,
3013 709 3066 749 et
3097 697 3267 764 potttit
3295 738 3310 763 ,
3347 705 3400 752 et
3425 713 3514 752 os-

1914 785 2102 841 tendit.
2133 785 2276 856 Etgo
2301 788 2425 856 quia
2453 787 2498 840 si
2523 787 2686 841 voluit
2714 790 3065 858 semetipsum
3091 789 3188 843 sibi
3209 789 3398 846 Filium
3432 793 3513 845 fa-

1913 896 2038 936 cere
2066 921 2082 949 ,
2115 884 2285 951 potuit
2311 899 2324 946 ;
2354 891 2408 938 et
2434 884 2557 952 quia
2586 883 2631 936 si
2664 884 2837 952 potuit
2863 925 2876 948 ,
2913 883 3037 938 l'ecit
3067 899 3080 936 :
3106 891 3232 937 tunc
3263 884 3514 954 probabis

1913 972 2064 1028 illum
2081 983 2135 1029 et
2149 975 2385 1044 potuisse
2403 983 2458 1030 et
2472 975 2722 1039 voluisse,
2745 977 2786 1027 si
2810 974 3118 1044 probaveris
3131 974 3279 1029 illum
3297 975 3510 1032 fecisse.

2545 1108 2772 1166 CAPUT
2813 1109 2904 1165 XI.

1986 1241 2222 1299 Probare
2249 1254 2427 1298 autem
2457 1254 2562 1299 tam
2586 1254 2769 1314 aperte
2811 1244 3035 1302 debebis
3075 1263 3139 1302 ex
3181 1247 3470 1319 Scripturis
3493 1288 3510 1318 ,

1913 1353 2071 1408 quam
2100 1353 2199 1392 nos
2226 1340 2512 1408 probamus
2539 1340 2683 1393 illum
2712 1339 2812 1394 sibi
2845 1340 3037 1395 Filium
3065 1341 3256 1396 fecisse
3296 1342 3516 1398 Sermo-

1915 1445 2036 1484 nem
2069 1446 2244 1484 suum.
2275 1430 2332 1484 Si
2359 1432 2502 1484 enim
2549 1429 2741 1484 Filium
2791 1433 3068 1498 nominat,
3116 1431 3282 1487 Filius
3331 1444 3509 1489 autem

1913 1539 2020 1577 tton
2051 1523 2186 1577 alius
2215 1525 2317 1577 erit
2345 1539 2504 1592 quam
2535 1525 2622 1592 qui
2655 1540 2720 1578 ex
2767 1525 2880 1593 ipso
2914 1525 3109 1594 prodiit
3135 1545 3148 1590 ;
3180 1527 3373 1581 Sermo
3416 1542 3510 1581 au-

1915 1622 2019 1666 tetn
2050 1613 2242 1682 prodiit
2264 1630 2330 1668 ex
2363 1617 2478 1682 ipso
2506 1656 2520 1681 ,
2558 1615 2644 1669 hic
2671 1616 2770 1669 erit
2802 1616 2968 1670 Filius
2992 1657 3007 1683 ,
3038 1633 3144 1671 non
3176 1620 3288 1688 ipse
3312 1618 3380 1674 de
3404 1635 3513 1690 quo

1914 1707 2130 1776 prodiit.
2158 1706 2273 1761 Non
2302 1708 2445 1761 enim
2478 1708 2594 1778 ipse
2626 1708 2823 1778 prodiit
2853 1724 2918 1763 ex
2961 1712 3271 1779 semetipso.
3299 1711 3467 1767 Porro
3495 1753 3512 1780 ,

1913 1802 2001 1868 qui
2030 1802 2278 1856 eumdem
2307 1802 2515 1856 l’atretn
2541 1801 2676 1856 dicis
2700 1812 2754 1856 et
2782 1801 2972 1855 Filium
2994 1844 3008 1868 ,
3041 1807 3290 1858 euntdetn
3312 1815 3364 1858 et
3390 1819 3513 1874 pro-

1915 1893 2099 1948 tulisse
2121 1909 2191 1948 ex
2216 1896 2506 1964 semetipso
2529 1895 2662 1950 facis
2687 1939 2701 1964 ,
2733 1906 2786 1951 et
2814 1897 3055 1966 prodisse
3077 1901 3218 1967 quod
3247 1899 3385 1954 Deus
3407 1907 3513 1954 est.

1912 1986 1966 2044 Si
1995 1991 2166 2059 potuit
2188 1988 2380 2044 fecisse
2401 2031 2415 2054 ,
2449 2005 2554 2044 nOn
2589 2003 2763 2045 tamen
2789 1988 2938 2046 fecit.
2969 1994 3074 2045 Aut
3105 1991 3300 2047 exhibe
3328 1992 3515 2061 proba-

1914 2081 2112 2136 tionem
2145 2099 2304 2152 quam
2361 2084 2646 2152 expostulo
2689 2101 2822 2140 mea:
2853 2086 3123 2150 similent;
3177 2087 3227 2141 id
3267 2097 3386 2152 est,
3433 2088 3514 2144 sic

1911 2176 2217 2245 Scripturas
2269 2181 2514 2233 eumdem
2559 2178 2748 2232 Filium
2808 2190 2861 2233 et
2931 2179 3137 2235 Patrem
3186 2182 3510 2249 ostendere,

1911 2269 2362 2336 quemadmodum
2392 2269 2531 2340 apud
2561 2286 2660 2326 nos
2685 2271 2934 2325 distincte
2963 2272 3117 2326 Pater
3141 2281 3196 2326 et
3222 2273 3389 2327 Filius
3417 2273 3513 2328 dc-

1911 2371 2320 2427 monstrantur;
2351 2362 2602 2416 distincte
2627 2405 2640 2426 ,
2675 2364 2892 2430 inquam
2922 2404 2935 2427 ,
2982 2377 3089 2417 non
3137 2362 3304 2418 divise
3332 2405 3346 2427 ,
3377 2365 3515 2420 sicut

1910 2467 2010 2522 ego
2032 2454 2243 2523 profero
2269 2454 2471 2507 dictum
2492 2470 2520 2507 a
2555 2457 2663 2508 Deo
2689 2455 2980 2510 :Eructavit
3006 2473 3093 2510 cor
3118 2473 3281 2510 meum
3307 2456 3514 2513 Sermo~

1910 2561 2025 2600 nem
2078 2547 2324 2614 optimum
2375 2544 2493 2617 (Ps.
2532 2544 2726 2612 XLIV,
2769 2545 2848 2615 1).
2890 2548 2978 2603 Sic
3034 2557 3088 2602 tu
3114 2559 3300 2604 contra
3345 2565 3514 2620 Oppo-

1910 2651 2008 2693 nas
2040 2681 2055 2706 ,
2088 2640 2282 2694 alicubi
2313 2639 2511 2694 dixisse
2543 2637 2709 2694 Deum
2737 2681 2753 2706 ,
2791 2637 3052 2694 Erttctavit
3080 2658 3169 2695 cur
3209 2659 3378 2696 meum
3406 2659 3510 2696 ser-

1911 2747 2110 2785 monem
2140 2733 2410 2801 optimum,
2445 2741 2500 2786 ut
2529 2732 2644 2803 ipse
2674 2733 2744 2787 sit
2766 2735 2858 2804 qui
2889 2743 2944 2788 et
2968 2737 3249 2802 eructavit,
3272 2745 3328 2790 et
3366 2735 3509 2807 quod

1911 2823 2174 2878 eructavit
2201 2841 2214 2889 ;
2241 2834 2294 2878 et
2326 2825 2439 2893 ipse
2469 2825 2558 2894 qui
2589 2825 2903 2894 protulerit,
2936 2837 2990 2882 et
3018 2828 3106 2898 qui
3138 2829 3379 2898 prolatus
3403 2829 3506 2896 sit,

1911 2918 1954 2969 si
1987 2917 2101 2985 ipse
2128 2929 2212 2971 est
2241 2928 2290 2971 et
2321 2918 2513 2972 SCI‘IIIO
2540 2929 2594 2972 et
2622 2919 2784 2974 Deus.
2817 2920 2954 2974 Ecce
2999 2937 3098 2992 ego
3127 2937 3371 2992 prOpono
3411 2923 3510 2977 Pa-

1909 3013 2046 3061 trctn
2075 3006 2211 3061 Filio
2233 3009 2432 3063 dixisse
2455 3025 2468 3062 :
2504 3007 2672 3063 Filius
2699 3026 2837 3064 meus
2867 3027 2918 3065 es
2949 3023 3000 3064 tu
3028 3051 3043 3077 ,
3067 3029 3158 3080 ego
3187 3013 3337 3066 hodie
3361 3030 3511 3084 gene-

1911 3101 2016 3154 ravi
2064 3109 2110 3154 te
2142 3099 2260 3173 (Ps.
2311 3100 2390 3167 ll,
2424 3100 2504 3174 7).
2550 3104 2603 3158 Si
2635 3104 2772 3158 velis
2827 3115 2884 3158 ttt
2923 3105 3138 3159 credam
3172 3107 3340 3175 ipsum
3388 3121 3508 3162 esse

1911 3192 2121 3249 Patrem
2151 3204 2206 3248 et
2236 3193 2429 3248 Filium
2462 3237 2476 3262 ,
2508 3197 2734 3251 ostende
2775 3197 2854 3253 sic
2895 3200 3294 3268 pronuntiatum
3338 3198 3504 3267 alibi,

1916 3307 1935 3337 ι
1967 3287 2222 3345 Dominus
2250 3290 2384 3345 dixit
2413 3290 2478 3344 ad
2507 3305 2566 3348 se
2589 3332 2604 3358 ,
2643 3291 2808 3346 Filius
2849 3307 2999 3346 meus
3045 3307 3162 3347 sum
3212 3309 3311 3364 ego
3339 3335 3355 3360 ,
3406 3309 3507 3365 ego

194 3387 472 3441 narchiam
503 3396 707 3453 tenent,
731 3389 820 3456 qui
842 3403 944 3442 nec
971 3397 1173 3458 patrem
1191 3403 1287 3443 nec
1308 3388 1472 3442 lilium
1500 3391 1796 3445 continent.
1827 3366 1871 3428 C
1907 3378 2066 3435 ίιοάίε
2095 3385 2346 3450 generati
2377 3399 2463 3439 me
2494 3407 2510 3436 ν
2542 3426 2556 3449 .
2593 3385 2819 3454 proinde
2859 3394 2913 3439 et
2942 3403 2954 3438 ε
2996 3405 3014 3435 ε
3047 3388 3187 3439 Aule
3229 3384 3504 3440 luciferum

194 3481 299 3536 Sed
335 3480 472 3533 nihil
521 3481 630 3535 Deo
682 3481 921 3536 difficile.
953 3481 1083 3549 Quis
1113 3482 1212 3535 hoc
1237 3483 1484 3535 nesciat?
1513 3493 1563 3536 et
1603 3485 1796 3552 impos-

193 3572 363 3625 sibilia
386 3573 531 3640 apud
578 3571 860 3639 saeculum,
893 3573 1156 3643 possibilia
1202 3574 1342 3644 apud
1372 3571 1534 3626 Deum
1582 3573 1795 3646 (Matth.

195 3662 317 3717 XIX
349 3705 365 3731 ,
395 3664 494 3736 26)
522 3666 642 3735 quis
671 3667 920 3736 ignoret?
975 3667 1046 3722 Et
1072 3667 1228 3722 stulta
1259 3668 1432 3720 mundi
1464 3668 1610 3739 elegit
1639 3667 1794 3736 Deus,

194 3768 244 3810 ut
269 3758 557 3828 confundat
582 3761 884 3826 sapientiam
913 3759 969 3833 (ι
1017 3757 1139 3816 Cor.
1169 3760 1186 3814 Ι
1215 3803 1229 3826 ,
1277 3759 1371 3834 27)
1416 3760 1494 3834 (l)
1529 3780 1542 3816 :
1574 3763 1799 3833 legimus

193 3852 395 3904 omnia.
431 3852 590 3921 Ergo,
627 3853 893 3922 inquiunt,
923 3853 1148 3909 dilficile
1175 3870 1280 3908 non
1309 3854 1410 3909 fuit
1443 3856 1553 3911 Deo
1575 3896 1591 3922 ,
1625 3859 1796 3926 ipsum

193 3957 250 3998 se
274 3955 328 3998 et
357 3955 567 4013 patrem
595 3956 649 3999 et
672 3945 838 3999 lilium
869 3944 1050 4000 facere
1072 3985 1088 4012 ,
1116 3945 1376 4002 adversus
1409 3949 1655 4002 traditam
1690 3950 1796 4003 for-

194 4049 334 4089 mam
379 4035 544 4090 rebus
571 4035 840 4102 humanis,
873 4053 994 4091 nam
1031 4046 1085 4092 et
1112 4038 1345 4093 sterilem
1379 4050 1794 4108 parerc,contra

193 4141 464 4196 naturam,
494 4129 710 4186 difﬁcile
735 4131 848 4186 Deo
878 4147 980 4186 non
1026 4131 1143 4199 fuit,
1190 4131 1327 4187 sicut
1359 4147 1457 4186 nec
1510 4134 1790 4204 virginem.

194 4225 354 4280 Plane
384 4225 518 4279 nihil
553 4225 662 4279 Deo
691 4224 929 4281 difficile.
978 4225 1084 4281 Sed
1137 4226 1182 4281 si
1216 4235 1320 4281 tam
1358 4226 1436 4300 (2)
1462 4228 1686 4298 abrupte
1738 4230 1790 4284 in

191 4317 704 4387 prasumptionibus
717 4317 914 4372 nostris
931 4316 1031 4372 hac
1052 4320 1315 4372 sententia
1330 4330 1560 4387 utamur,
1582 4320 1793 4390 quidvis

190 4411 257 4466 de
282 4411 396 4468 Deo
422 4410 732 4482 confingere
760 4411 1056 4481 poterimus
1079 4451 1094 4477 ,
1125 4412 1276 4482 quasi
1309 4413 1531 4478 fecerit,
1563 4415 1687 4484 quia
1716 4415 1793 4468 fa-

191 4519 312 4560 cere
342 4504 598 4574 potuerit.
630 4502 746 4558 Non
777 4513 954 4560 autem
999 4505 1122 4575 quia
1151 4505 1330 4559 omnia
1374 4515 1548 4575 potest
1576 4505 1751 4562 facere
1775 4549 1788 4572 ,

190 4596 311 4652 ideo
342 4595 614 4670 utique(3)
645 4597 974 4653 credendum
1005 4607 1087 4652 est
1132 4598 1286 4652 illum
1341 4598 1533 4654 fecisse
1558 4642 1573 4666 ,
1625 4603 1788 4655 etiam

190 4689 331 4757 quod
360 4705 470 4744 non
502 4690 728 4756 fecerit;
756 4689 851 4744 sed
879 4703 946 4743 an
977 4689 1166 4745 fecerit
1189 4730 1203 4754 ,
1257 4690 1658 4760 requirendum.
1690 4691 1790 4745 PO-

191 4781 288 4835 tuit
317 4780 398 4854 (4)
438 4823 454 4848 ,
484 4783 556 4836 ita
583 4781 762 4838 salvus
785 4781 888 4838 sim
915 4826 931 4848 ,
971 4781 1112 4839 Deus
1155 4782 1346 4853 pennis
1399 4784 1671 4839 hominem
1720 4782 1786 4838 ad

188 4872 474 4929 velandum
503 4874 822 4930 instruxisse
848 4915 864 4941 ,
895 4875 1040 4946 quod
1069 4885 1124 4930 et
1144 4875 1319 4931 milvis
1341 4876 1592 4946 praestitit
1616 4892 1630 4943 ;
1677 4891 1784 4931 non

191 4968 521 5040 tamen,qula
550 4969 738 5038 potuit,
766 4971 942 5023 statim
965 4979 1021 5026 et
1045 4969 1191 5026 fecit.
1223 4969 1399 5025 Potuit
1419 4981 1472 5025 et
1498 4971 1782 5038 Praxeam,

187 5069 236 5116 et
263 5075 456 5116 omnes
485 5061 686 5131 pariter
729 5060 1013 5117 haereticos
1059 5063 1241 5117 statim
1290 5063 1628 5127 extinxisse;
1678 5079 1784 5118 non

187 5155 520 5225 tamen,quia
539 5155 734 5224 potuit,
749 5153 999 5211 extinxit.
1028 5153 1324 5224 Oportebat
1347 5156 1487 5210 enim
1512 5163 1567 5210 et
1591 5146 1785 5210 milvds

185 5261 302 5304 esse
331 5289 348 5315 ,
376 5257 438 5303 et
464 5247 788 5304 haereticos:
839 5246 1123 5316 Oportebat
1160 5257 1214 5303 et
1258 5245 1492 5327 Patrem;
1519 5246 1778 5317 crucifigi.

190 5341 296 5398 Bac
334 5345 550 5399 ratione
577 5341 682 5398 erit
710 5340 911 5412 aliquid
941 5349 997 5397 et
1019 5339 1235 5398 difllcile
1290 5341 1440 5408 Deo;
1470 5340 1522 5396 id
1577 5340 1784 5396 scilicet

1901 3477 2154 3543 generavi
2186 3492 2272 3530 nte
2319 3475 2438 3547 (Ps.
2472 3477 2588 3530 CIX
2639 3519 2653 3542 ,
2685 3479 2718 3532 3
2743 3477 2793 3546 ),
2823 3487 2878 3530 et
2911 3496 2930 3527 ι
2964 3477 3224 3531 Dominus
3269 3477 3508 3534 condidit

1903 3578 1990 3618 me
2019 3565 2226 3618 initium
2259 3569 2461 3620 viat'utn
2493 3568 2544 3621 ιιι
2574 3582 2734 3637 Opera
2767 3583 2882 3621 mea
2911 3581 2925 3630 ;
2958 3575 3082 3622 ante
3107 3584 3296 3623 omnes
3325 3579 3503 3624 autem

1899 3655 2066 3710 Colles
2093 3659 2344 3726 generavi
2371 3675 2456 3714 nte
2484 3657 2639 3731 (Sap.
2660 3658 2898 3730 Vlll,22)
2925 3676 2938 3725 ;
2979 3680 2997 3710 ι
3032 3667 3087 3714 et
3113 3661 3156 3715 si
3185 3676 3287 3730 qua
3313 3662 3414 3715 alia
3444 3663 3498 3717 in

1900 3751 2041 3807 hunc
2058 3751 2272 3806 tnodutn
2287 3757 2616 3821 sunt.Qttem
2643 3763 2821 3808 autem
2846 3755 3128 3809 verebatur
3154 3755 3293 3809 Deus
3321 3756 3502 3811 Domi-

1901 3863 2000 3901 nus
2029 3849 2394 3903 universitatis
2417 3849 2486 3902 ita
2514 3851 2882 3918 pronuntiare,
2897 3849 2942 3902 si
2965 3850 3036 3903 ita
3050 3863 3135 3903 res
3159 3859 3388 3913 erat;an
3413 3865 3506 3906 ve-

1899 3939 2116 3992 rebatur
2133 3955 2198 3992 ne
2218 3955 2322 3992 non
2339 3939 2670 4004 crederetur,
2688 3941 2730 3992 si
2756 3939 3072 4009 simpliciter
3086 3955 3144 3993 se
3156 3939 3506 3996 etl’atrentet

1903 4027 2091 4082 Filium
2126 4031 2561 4098 pronuntiasset?
2583 4028 2758 4085 Unum
2785 4041 2959 4085 tamen
2988 4031 3190 4084 veritus
3212 4039 3316 4098 est,
3345 4046 3500 4086 men-

1900 4123 2006 4174 tiri.
2031 4121 2242 4176 Veritus
2269 4133 2449 4176 autem
2481 4125 2828 4194 semetipsum
2852 4130 2904 4178 et
2933 4138 3084 4178 suam
3109 4125 3406 4178 veritatem.
3432 4122 3503 4178 Et

1900 4212 2020 4266 ideo
2047 4228 2289 4268 veracent
2327 4215 2492 4268 Deum
2525 4215 2752 4270 credens
2782 4255 2796 4280 ,
2838 4217 2951 4270 scio
2995 4217 3143 4272 illum
3167 4229 3270 4271 non
3344 4214 3501 4270 aliter

1908 4319 2070 4374 quam
2130 4307 2394 4376 disposuit
2423 4310 2820 4377 pronuntiasse,
2855 4323 2954 4363 nec
2980 4309 3136 4365 aliter
3163 4309 3500 4380 disposuisse

1897 4415 2057 4468 quam
2109 4403 2492 4470 pronuntiavit.
2535 4402 2613 4456 'l‘u
2657 4417 2816 4472 porro
2881 4418 3002 4457 eum
3059 4404 3371 4459 mendacem
3401 4393 3500 4458 bef-

1909 4494 2062 4548 ticias
2088 4505 2140 4548 et
2169 4495 2411 4551 fallacem
2441 4507 2496 4552 et
2526 4497 2868 4568 deceptorem
2925 4498 3046 4553 fidei
3076 4497 3256 4568 hujus,
3302 4501 3347 4554 si
3374 4513 3496 4555 cum

1897 4592 2012 4661 ipse
2035 4601 2180 4646 esset
2209 4593 2311 4645 sibi
2343 4591 2526 4658 Filius,
2557 4592 2647 4646 alii
2673 4592 2835 4646 dabat
2859 4591 2979 4647 Filii
3001 4608 3495 4663 personam,quan-

1895 4684 1965 4737 do
2007 4683 2295 4753 Scriptura:
2339 4699 2530 4738 omnes
2556 4693 2613 4739 et
2641 4685 3154 4740 demonstrationem
3207 4693 3262 4738 et
3307 4684 3496 4740 distin-

1896 4777 2128 4832 ctionem
2177 4778 2430 4832 trinitatis
2463 4776 2768 4833 ostendant.
2793 4777 2838 4832 Α
2865 4777 3058 4847 quibus
3105 4786 3160 4832 et
3213 4778 3496 4848 praescrip-

1894 4872 2004 4941 ptio
2029 4879 2208 4927 nostra
2239 4871 2559 4937 deducitur,
2587 4889 2692 4927 non
2741 4886 2897 4942 posse
2927 4888 3090 4928 unum
3134 4882 3295 4944 atque
3339 4888 3492 4928 eunt-

1891 4964 2013 5020 dem
2043 4965 2209 5020 videri
2241 4967 2330 5035 qui
2363 4967 2598 5036 loquitur
2621 5009 2636 5033 ,
2683 4977 2737 5022 et
2764 4966 2832 5021 de
2861 4981 2968 5037 quo
3009 4967 3243 5038 loquitur
3264 5010 3278 5030 .
3323 4979 3378 5023 et
3424 4967 3494 5024 ad

1893 5073 2052 5127 quem
2082 5057 2316 5130 loquitur
2348 5077 2361 5112 :
2397 5059 2517 5130 quia
2549 5074 2722 5130 neque
2769 5060 3094 5132 perversitas
3123 5101 3140 5128 ,
3188 5077 3360 5132 neque
3388 5061 3492 5116 fal-

1892 5150 2022 5205 lacia
2054 5152 2161 5207 Deo
2198 5164 2498 5224 congruat:
2526 5163 2580 5209 ut
2609 5169 2730 5209 cum
2779 5156 2892 5226 ipse
2939 5163 3085 5212 esset
3108 5155 3172 5210 ad
3217 5171 3375 5227 quem
3411 5157 3494 5212 lo-

1890 5245 2183 5313 quebatur,
2231 5247 2296 5300 ad
2323 5247 2486 5301 alium
2527 5249 2704 5317 potius
2729 5289 2745 5314 ,
2772 5260 2826 5304 et
2871 5264 2976 5304 non
3024 5248 3093 5303 ad
3142 5244 3492 5320 semetipsum

1890 5338 2136 5409 loquatur
2164 5337 2269 5412 (5).
2301 5343 2498 5412 Accipe
2539 5342 2700 5415 igitur
2729 5351 2784 5399 et
2808 5341 2946 5398 alias
2996 5355 3157 5398 voces
3204 5343 3376 5398 Patris
3422 5343 3494 5400 de

1418 5457 1802 5517 LECTIONES
1840 5458 2253 5516 VARIANTES.

270 5575 316 5637 l)
353 5575 610 5686 sagum
631 5570 786 5648 Rhen.
822 5572 974 5624 Seml.
1013 5573 1207 5626 Oberlin.

270 5637 314 5686 Ξ)
357 5637 420 5686 DI
507 5636 570 5685 tle
596 5649 747 5685 sensi.
773 5637 891 5686 Tant
917 5637 1067 5686 Serui.

264 5636 314 5696 Ξ)
357 5636 570 5686 Difﬁcile
596 5641 747 5685 sensi.
773 5637 891 5686 Tant
917 5637 1067 5687 Serui.

265 5701 315 5762 5)
349 5699 574 5764 Ideoque
598 5696 753 5752 Rhea.
775 5699 930 5752 Seml.
957 5698 1157 5752 Obertlt.

1955 5573 2026 5638 (4)
2068 5573 2120 5638 Si
2145 5574 2381 5628 voluisset
2403 5578 2521 5628 add.
2549 5578 2694 5628 Rhen.

1959 5639 2031 5699 (5)
2065 5637 2382 5702 Loquebatur
2400 5641 2554 5693 Rhea.
2579 5642 2731 5693 Semt.
2755 5641 2948 5695 Obertlt.
2968 5641 3258 5706 loqueretur
3283 5649 3396 5694 Jtm.

1547 5780 2109 5842 COMMENTARIUS.

193 5875 381 5948 quippe
400 5875 568 5933 Deum
583 5875 797 5933 Patrem
814 5874 1005 5933 Filium
1027 5888 1086 5931 se
1103 5873 1317 5944 fecisse,
1332 5874 1476 5948 quod
1497 5875 1586 5934 Dei
1600 5900 1782 5951 μοναρ-

1897 5889 2008 5949 χίιν
2034 5880 2410 5952 appellabant,
2443 5883 2587 5940 unde
2609 5899 2806 5943 nomen
2837 5887 3010 5944 sortiti
3039 5896 3181 5945 sunt.
3215 5885 3292 5940 Ls
3321 5890 3416 5948 Pa.
