4262 6490
761 375 862 433 167

2170 378 2637 439 TERTULLIANI

3972 385 4081 443 168

755 491 896 548 Filio
945 506 1043 562 per
1084 491 1273 549 Isaiam
1303 491 1405 567 (ls.
1455 492 1597 548 XLII
1623 532 1641 562 ,
1674 493 1701 548 1
1734 491 1758 565 )
1789 508 1804 547 :
1858 489 1993 548 Ecce
2038 492 2179 563 [ilius
2226 512 2365 551 meus
2392 502 2447 562 Λ
2473 496 2666 552 Sermo
2692 495 2897 567 ipsius;
2925 507 2982 553 et
3006 498 3162 555 tertia
3187 539 3204 566 ,
3235 498 3469 570 Spiritus
3514 499 3569 557 in
3615 498 3881 560 Sermone
3908 546 3921 570 ,
3955 506 4081 562 ideo

756 600 907 656 quem
935 583 1065 657 elegi
1088 606 1105 652 ς
1127 584 1340 641 dilectus
1378 602 1517 642 meus
1555 586 1611 641 in
1640 602 1791 659 quem
1819 585 1945 641 bene
1970 588 2123 642 sensi.
2156 587 2360 643 Ponant

755 678 997 749 spiritum
1049 695 1217 734 meum
1244 696 1397 751 super
1420 682 1589 751 ipsum
1612 720 1629 748 ,
1683 690 1729 733 et
1766 680 2024 750 judicium
2068 682 2362 739 nationibus

756 772 1098 828 annuntiabit.
1128 773 1327 844 Accipe
1351 785 1406 830 et
1430 774 1497 831 ad
1522 774 1697 845 ipsum
1716 771 2117 849 (ls.XLIX,16)
2155 795 2168 831 :
2201 777 2357 848 Mag-

757 882 883 920 num
909 865 998 920 tibi
1026 874 1099 921 est
1127 876 1183 921 ut
1211 872 1401 922 vaceris
1429 867 1568 937 filius
1596 884 1737 922 meus
1763 867 1831 920 ad
1855 870 2155 923 statuendus
2199 871 2359 925 tribus

757 957 921 1013 Jacob
946 999 963 1026 ,
1008 967 1054 1013 et
1081 959 1151 1012 ad
1172 960 1563 1014 conuertenda»:
1589 958 1958 1029 dispersione»:
1987 958 2219 1015 lsraelis.
2251 960 2358 1015 Po-

758 1050 839 1106 sui
865 1059 914 1106 te
949 1050 1003 1104 in
1043 1050 1206 1106 lucem
1238 1052 1501 1106 nationum
1526 1093 1543 1115 ,
1592 1061 1645 1105 ut
1683 1051 1753 1105 sis
1795 1051 1935 1106 salus
1983 1053 2038 1105 in
2080 1062 2361 1106 extremum

757 1152 925 1198 terra.
968 1143 1167 1214 Accipe
1210 1160 1353 1199 nunc
1378 1153 1434 1200 et
1463 1143 1583 1200 Filii
1660 1159 1819 1200 voces
1866 1144 1935 1200 de
2006 1145 2166 1200 Patre
2229 1144 2358 1217 (ls.,

756 1234 874 1292 LXI
902 1276 919 1303 ,
970 1235 1025 1302 ι)
1063 1253 1076 1289 :
1129 1235 1358 1306 Spiritus
1428 1236 1635 1290 Domini
1682 1252 1837 1305 super
1882 1252 1961 1289 me
1992 1280 2007 1304 ,
2052 1246 2362 1307 quapropter

758 1330 905 1384 unxit
934 1344 1014 1382 me
1036 1369 1050 1393 ,
1082 1330 1151 1383 ad
1176 1327 1630 1400 euangelizandum
1661 1326 1971 1382 hominibus.
2003 1327 2133 1382 Item
2156 1327 2221 1382 ad
2258 1328 2360 1382 Pa-

766 1432 905 1478 trem
936 1423 987 1477 in
1022 1423 1254 1487 Psaltno,
1286 1423 1355 1479 de
1381 1422 1573 1479 eodem
1606 1443 1619 1480 :
1653 1420 1738 1477 Ne
1765 1422 2093 1492 dereliqucris
2120 1438 2230 1485 me,
2263 1421 2360 1475 do-

758 1531 849 1569 nec
862 1516 1155 1569 annuntient
1171 1515 1436 1570 brachium
1457 1525 1599 1569 tuum
1617 1514 1866 1567 nativitati
1880 1516 2127 1568 universa:
2139 1524 2362 1569 venturae

762 1606 879 1682 (Ps.
933 1608 1136 1674 LXXI,
1184 1605 1292 1679 8
1346 1608 1477 1663 Item
1525 1608 1577 1661 itt
1626 1608 1732 1663 alio
1764 1606 1882 1678 (Ps.
1929 1606 2020 1678 III)
2054 1624 2067 1661 :
2102 1605 2357 1676 Domine,

755 1702 881 1773 quid
931 1702 1257 1772 multiplicati
1301 1711 1418 1756 sunt
1464 1701 1553 1771 qui
1594 1701 1935 1771 conprimunt
1985 1700 2110 1754 me.’
2156 1700 2259 1756 Sed
2307 1710 2362 1757 et

756 1809 948 1850 omnes
975 1810 1110 1864 pene
1136 1795 1335 1850 Psahni
1361 1793 1565 1851 Lhristi
1599 1808 1884 1864 personam
1925 1794 2233 1859 sustinent;
2272 1794 2361 1850 Fi-

757 1888 887 1945 lium
916 1888 982 1944 ad
1011 1888 1221 1943 Patrem
1252 1929 1268 1953 ,
1299 1887 1352 1942 id
1382 1896 1499 1955 est,
1548 1886 1819 1943 Christum
1865 1886 1933 1940 ad
1988 1888 2154 1942 Deum
2200 1886 2363 1942 verba

2466 588 2746 658 pluraliter
2773 591 3139 660 pronuntiavit
3165 633 3181 658 ,
3233 594 3485 663 faciamus
3514 634 3529 660 ,
3561 605 3616 649 et
3641 635 3656 660 ,
3696 606 3947 662 nostram,
3971 608 4027 652 et
4062 641 4077 667 ,

2464 680 2629 735 nobis.
2661 679 2795 737 Cum
2834 682 3030 753 quibus
3056 684 3199 739 enim
3231 684 3458 739 faciebat
3488 685 3760 742 hominem
3796 730 3811 752 ,
3858 700 3915 744 et
3956 692 4079 759 qui-

2463 771 2566 829 bus
2587 772 2816 830 faciebat
2841 776 3117 831 similem?
3144 773 3279 831 Cutn
3301 777 3438 832 Filio
3481 780 3561 850 (5)
3591 782 3828 849 quidem,
3847 784 3935 852 qui
3965 795 4082 837 emt

2464 863 2751 921 induturus
2778 866 3053 923 hominem
3089 886 3103 935 ;
3134 865 3338 938 Spiritu
3374 886 3502 926 vero
3529 914 3543 937 ,
3590 875 3679 942 qui
3726 885 3844 929 erat
3873 879 4079 931 sancti-

2465 956 2727 1013 ﬁcaturus
2757 958 3032 1016 hominem
3063 1002 3078 1028 ,
3110 967 3263 1031 quasi
3291 979 3414 1018 eum
3448 965 3711 1021 ministris
3746 967 3825 1039 (4)
3855 980 3910 1024 et
3938 971 4083 1025 arbi-

2464 1052 2563 1107 tris
2605 1091 2623 1118 ,
2674 1068 2745 1109 ex
2792 1055 2995 1110 unitate
3044 1055 3327 1113 Trinitatis
3379 1058 3718 1129 loquebatur.
3787 1062 4031 1133 Denique
4063 1107 4077 1131 ,

2463 1158 2697 1215 sequens
2726 1146 3004 1219 Scriptura
3047 1148 3330 1220 distinguit
3360 1151 3497 1205 inter
3524 1167 3784 1223 personas
3816 1174 3830 1209 :
3865 1155 3933 1208 Et
3964 1158 4081 1223 fecit

2464 1235 2608 1292 Deus
2638 1240 2923 1309 hominem,
2953 1243 3022 1295 ad
3048 1244 3320 1313 imaginem
3348 1243 3445 1298 Dei
3471 1246 3590 1315 fecit
3640 1247 3788 1301 illum
3838 1247 3999 1318 (Gen.
4035 1251 4078 1315 Ι,

2464 1329 2583 1402 27).
2610 1330 2720 1386 Cur
2743 1348 2851 1389 non
2878 1375 2893 1401 ,
2926 1350 3078 1389 suam
3106 1377 3120 1402 ,
3152 1337 3195 1389 si
3227 1352 3363 1390 unus
3412 1340 3502 1406 qui
3556 1338 3817 1405 faciebat,
3871 1352 3925 1396 et
3975 1359 4077 1397 non

2465 1432 2582 1477 erat
2605 1422 2671 1477 ad
2700 1424 2855 1494 cujus
2902 1425 3171 1481 faciebat?
3199 1429 3329 1484 Erat
3374 1441 3555 1486 autem
3599 1432 3665 1486 ad
3697 1434 3852 1503 cujus
3879 1434 4081 1505 imagi-

2466 1530 2591 1570 nem
2640 1517 2868 1572 laciebat
2898 1535 2912 1572 :
2944 1519 3011 1574 ad
3058 1520 3179 1575 Filii
3223 1523 3466 1589 scilicet,
3516 1526 3604 1594 qui
3658 1525 3820 1580 homo
3872 1529 4079 1583 [ιιιιιι-ιιε

2466 1608 2666 1664 certior
2694 1618 2750 1664 et
2782 1611 2962 1667 verior
2982 1654 2998 1679 ,
3025 1613 3311 1684 imaginem
3353 1632 3505 1671 suam
3534 1618 3735 1673 fecerat
3764 1620 3868 1674 dici
3901 1620 4077 1675 homi-

2466 1719 2591 1759 nem
2633 1706 2722 1775 qui
2756 1714 2884 1762 tunc
2932 1708 3001 1763 de
3046 1707 3175 1763 limo
3208 1709 3426 1766 formari
3471 1712 3733 1777 habebat,
3769 1715 3948 1784 imago
3992 1731 4078 1769 ve-

2466 1798 2512 1852 ri
2547 1796 2631 1869 (5)
2664 1809 2719 1854 et
2747 1800 3063 1857 similitudo.
3096 1802 3201 1858 Sed
3241 1814 3296 1857 et
3341 1803 3393 1857 in
3426 1807 3874 1861 antecedentibus
3903 1810 4081 1877 Operi-

2467 1888 2568 1943 bus
2598 1890 2783 1945 tnuttdi
2811 1892 3082 1962 quomodo
3120 1895 3381 1965 scriptum
3414 1907 3494 1951 est
3520 1898 3542 1949 ?
3574 1897 3811 1952 Primum
3838 1900 4079 1969 quidem,

758 1984 1039 2039 lacientem
1086 1991 1499 2054 repraesentant.
1559 1981 1947 2037 Animadverte
1984 1982 2147 2035 etiam
2188 1980 2361 2050 Spiri-
2393 2007 2440 2065 Β
2469 1981 2709 2036 nondum
2743 1983 2881 2038 Filio
2909 1997 3202 2055 apparente
3225 2030 3239 2053 ,
3274 1989 3344 2040 Et
3386 1989 3517 2042 dixit
3562 1989 3734 2045 Deus:
3763 1992 3885 2046 Fiat
3938 1994 4072 2057 tux,

756 2085 868 2131 tum
911 2076 1214 2146 loquentem
1246 2090 1309 2130 ex
1362 2074 1519 2130 tertia
1552 2089 1783 2145 persona
1812 2074 1881 2129 de
1910 2074 2066 2129 Patre
2092 2082 2147 2129 et
2175 2073 2314 2128 Filio
2345 2090 2360 2128 :

756 2166 901 2222 Dixit
927 2166 1180 2222 Dominus
1216 2166 1443 2221 Domino
1471 2182 1600 2231 meo,
1630 2166 1749 2220 sede
1772 2165 1840 2218 ad
1865 2164 2132 2219 dexteram
2157 2180 2319 2218 meant
2342 2204 2360 2232 ,

756 2263 916 2317 donec
944 2277 1132 2331 ponam
1160 2261 1396 2315 inimicos
1424 2270 1538 2314 tuos
1585 2259 1865 2313 scabellum
1907 2258 2095 2325 pedum
2135 2268 2360 2313 tuorum.

758 2355 879 2428 (Ps.
910 2351 1002 2410 CX
1032 2393 1049 2421 ,
1100 2352 1176 2425 t).
1208 2353 1340 2408 Item
1391 2367 1489 2425 per
1516 2351 1705 2407 Isaiam
1742 2369 1755 2405 :
1788 2349 1917 2406 Htec
1947 2351 2071 2404 dicit
2111 2348 2364 2405 Dominus

756 2449 979 2505 Domino
1007 2464 1117 2502 meo
1146 2444 1349 2502 Christo
1372 2445 1560 2518 (XLV,
1590 2446 1669 2514 1).
1708 2444 1841 2500 Item
1875 2459 1972 2514 per
2004 2442 2257 2498 eumdem
2294 2441 2362 2497 ad

756 2544 969 2599 Patrem
998 2541 1067 2597 de
1092 2541 1231 2596 Filio
1258 2561 1272 2596 :
1302 2539 1538 2607 Domine,
1560 2539 1674 2609 quis
1704 2538 1916 2592 credidit
1937 2538 2137 2591 auditui
2163 2535 2364 2591 nostro?

756 2636 825 2691 Et
852 2635 1115 2691 brachium
1146 2632 1355 2687 Dontini
1380 2633 1462 2686 cui
1488 2632 1762 2687 revelatum
1796 2639 1870 2685 est
1890 2630 1915 2684 1’
1938 2628 2364 2683 Annuntiauimus

755 2736 819 2785 de
844 2730 953 2796 illo,
970 2730 1101 2784 sicut
1113 2728 1380 2799 puerulus,
1395 2727 1526 2782 sicut
1554 2724 1706 2780 radix
1730 2727 1784 2779 in
1808 2738 1943 2779 terra
1967 2721 2178 2790 sitienti,
2195 2732 2242 2777 et
2260 2738 2361 2777 non

755 2832 864 2879 erat
890 2824 1059 2893 {arma
1086 2824 1221 2891 ejus,
1238 2837 1327 2876 nec
1339 2820 1504 2893 gloria
1534 2817 1639 2890 (Is.
1656 2817 1807 2885 LIII,
1838 2821 1892 2883 1,
1919 2818 1955 2872 2
1975 2816 2019 2888 ).
2045 2816 2168 2871 Hme
2194 2831 2362 2886 pauca

755 2916 1053 2975 detnultis.
1082 2913 1193 2971 Nec
1219 2915 1363 2970 enim
1404 2912 1719 2968 all‘eetamus
1743 2910 2023 2965 universas
2050 2908 2364 2980 Scripturas

756 3007 1011 3064 evolvere
1042 3048 1073 3072 ,ν
1112 3020 1239 3062 cum
1308 3014 1362 3061 et
1410 3004 1462 3059 in
1520 3003 1746 3074 singulis
1816 3001 2066 3072 capitulis
2143 2999 2357 3072 plenam

756 3100 1093 3167 maiestatem
1173 3109 1229 3154 et
1305 3102 1676 3153 auctoritatem
1762 3103 2176 3161 contestantes,
2252 3109 2365 3148 ma-

751 3191 929 3264 jorem
985 3204 1335 3262 congressum
1385 3190 1436 3245 in
1494 3187 1869 3244 retractatibus
1916 3185 2210 3241 habeamus
2256 3183 2360 3255 (1).

2472 2081 2519 2124 et
2549 2074 2689 2143 facta
2715 2084 2788 2129 est
2823 2094 2836 2130 :
2867 2076 2982 2145 ipse
3009 2076 3190 2131 statim
3219 2078 3411 2134 Sermo
3440 2081 3531 2134 lux
3560 2096 3677 2134 vera
3702 2122 3717 2148 ,
3749 2100 3865 2152 qua:
3889 2084 4081 2137 illumi-

2471 2175 2558 2217 nat
2585 2166 2840 2220 hominem
2863 2171 3141 2222 venientem
3162 2170 3216 2223 in
3242 2171 3377 2225 hunc
3402 2173 3648 2226 mundum
3672 2217 3685 2241 ,
3717 2185 3773 2230 et
3805 2193 3902 2245 per
3935 2178 4079 2230 illum

2471 2257 2760 2313 nmmlialis
2806 2275 3020 2330 quoque
3072 2261 3183 2316 lux.
3231 2263 3441 2318 Exinde
3488 2275 3666 2321 autem
3712 2267 3765 2321 in
3816 2269 4081 2325 Sermone

2472 2349 2687 2406 Christo
2728 2353 3014 2410 assistente
3056 2365 3111 2410 et
3145 2356 3552 2413 administrante
3598 2361 3737 2416 Deus
3784 2364 3957 2417 voluit
4002 2366 4080 2435 (6)

2469 2441 2585 2499 ﬁeri
2612 2486 2626 2509 ,
2650 2456 2703 2499 et
2734 2446 2873 2501 Deus
2892 2447 3037 2503 fecit.
3068 2449 3135 2503 Et
3164 2449 3299 2504 dixit
3331 2452 3468 2506 Deus
3489 2470 3501 2505 :
3522 2451 3643 2505 Fiat
3673 2454 4079 2520 ﬁrmamentum,

2468 2546 2516 2589 et
2574 2539 2693 2607 fecit
2744 2536 2885 2593 Deus
2940 2542 3317 2610 firmamentum
3346 2544 3364 2617 (
3393 2544 3523 2599 Gen.
3552 2546 3609 2613 Ι,
3642 2547 3673 2601 7
3706 2576 3729 2587 -
3756 2548 3849 2619 16)
3880 2566 3892 2612 ;
3931 2561 3978 2603 ct
4007 2552 4082 2604 di-

2468 2627 2546 2681 xit
2576 2627 2711 2683 Deus
2739 2645 2759 2682 :
2788 2629 2946 2684 Fiant
2977 2634 3285 2700 luminaria,
3311 2646 3359 2688 et
3388 2636 3507 2705 fecit
3534 2638 3671 2692 Deus
3697 2622 3956 2694 liuninnre
3977 2660 4083 2695 nm-

2462 2720 2553 2789 jus
2584 2731 2633 2773 et
2659 2721 2863 2787 minus;
2896 2722 2991 2777 sed
3021 2733 3077 2779 et
3101 2735 3295 2780 canora
3329 2727 3511 2797 utique
3542 2729 3681 2783 idem
3729 2730 3859 2784 fecit
3901 2734 3991 2802 qui
4033 2743 4085 2786 et

2469 2812 2647 2880 priora
2668 2853 2682 2875 ,
2715 2813 2764 2865 id
2797 2824 2879 2868 est
2904 2813 3095 2870 Sermo
3119 2817 3247 2881 Dei,
3279 2835 3371 2886 per
3393 2836 3543 2889 quem
3573 2822 3747 2874 omnia
3775 2821 3917 2889 facta
3944 2835 4082 2889 sunt,

2467 2912 2517 2956 et
2546 2904 2655 2959 sine
2674 2921 2775 2974 quo
2800 2910 2991 2976 factum
3013 2919 3084 2961 est
3111 2910 3260 2963 nihil.
3300 2910 3398 2978 Qui
3424 2912 3541 2980 ipse
3576 2913 3715 2967 Deus
3742 2928 3825 2967 εει
3845 2957 3859 2980 ,
3891 2932 4084 2971 secun-

2468 2994 2597 3051 dutn
2627 2995 2937 3070 .Ioanncm(|
2959 3040 2972 3063 ,
3009 2998 3099 3070 1),
3133 2998 3275 3055 Deus
3304 3012 3413 3056 erat
3439 3003 3643 3058 Sermo.
3680 3006 3860 3061 [Iabes
3900 3008 4038 3061 duos
4065 3049 4079 3074 ,

2468 3089 2630 3145 alium
2661 3091 2927 3147 dicentem
2958 3102 3016 3147 ut
3042 3094 3135 3147 liat
3157 3134 3173 3161 ,
3206 3096 3368 3149 alium
3393 3095 3704 3153 facientem.
3751 3101 3933 3154 Alium
3984 3116 4082 3155 au-

2470 3191 2575 3237 tem
2616 3185 2890 3254 quomodo
2917 3187 3164 3255 accipere
3193 3187 3396 3244 debeas
3420 3231 3435 3255 ,
3477 3190 3587 3261 jam
3623 3193 3899 3262 professus
3926 3211 4080 3260 sum;

756 3285 875 3341 llis.
905 3283 1087 3354 itaque
1159 3283 1378 3352 paucis,
1453 3290 1632 3335 tamen
1726 3278 2009 3334 manileste
2091 3276 2365 3333 distinctio
2471 3292 2715 3346 personae
2736 3320 2750 3343 ,
2783 3295 2888 3333 non
2920 3280 3233 3335 substantia:
3266 3285 3485 3338 nomine
3513 3301 3527 3349 ;
3556 3285 3621 3338 ad
3652 3286 4078 3353 distinctionem,

759 3377 1043 3436 Trinitatis
1094 3377 1400 3447 exponitur.
1459 3373 1557 3429 Est
1600 3374 1746 3429 enim
1798 3372 1914 3443 ipse
1981 3370 2071 3441 qui
2120 3385 2437 3463 pronun-C
2469 3383 2575 3424 non
2604 3371 2669 3423 ad
2724 3371 3069 3428 divisionem.
3121 3374 3391 3430 Caeterum
3425 3417 3441 3445 ,
3505 3377 3606 3433 etsi
3661 3379 3861 3449 ubique
3928 3392 4084 3436 teneo

761 3473 897 3538 tiat,
928 3469 1164 3540 Spiritus
1189 3510 1204 3536 ,
1263 3478 1319 3523 et
1349 3466 1508 3522 Pater
1556 3464 1625 3521 ad
1683 3479 1843 3535 quem
1892 3463 2204 3533 pronuntiat
2231 3504 2247 3530 ,
2313 3472 2369 3518 et
2472 3478 2633 3517 unam
2664 3465 3020 3520 substantiam
3051 3468 3101 3521 in
3137 3468 3308 3522 tribus
3335 3468 3739 3526 eobmrentibus
3764 3514 3779 3536 ,
3813 3482 3994 3529 tamen
4022 3490 4081 3528 a-

757 3563 929 3620 Filius
972 3561 1042 3617 de
1083 3576 1190 3632 quo
1236 3558 1566 3630 pronuntiat.
1595 3556 1685 3613 Sic
1712 3566 1768 3612 et
1818 3566 2014 3611 canora
2057 3570 2177 3626 qua:
2224 3570 2368 3611 nunc
2468 3554 2599 3611 lium
2630 3556 2803 3612 dicam
2827 3568 3042 3628 oportet
3070 3576 3137 3613 ex
3177 3563 3510 3617 necessitate
3544 3578 3773 3631 sensus,
3825 3582 3950 3622 eum
3995 3568 4083 3638 qui

758 3656 827 3712 ad
855 3656 1069 3713 Patrem
1096 3654 1167 3711 de
1196 3653 1334 3709 Filio
1356 3694 1374 3721 ,
1404 3652 1491 3707 vel
1516 3646 1595 3707 ad
1614 3650 1807 3706 Filium
1832 3691 1847 3715 ,
1888 3665 2030 3704 nunc
2054 3649 2122 3705 ad
2170 3649 2364 3705 Filium
2462 3646 2655 3718 jubet,
2684 3659 2738 3704 et
2764 3666 2887 3705 eum
2914 3651 3003 3719 qui
3035 3652 3181 3707 facit.
3209 3652 3342 3706 Nam
3376 3671 3476 3710 nec
3501 3656 3717 3726 juberet
3741 3700 3755 3725 ,
3791 3662 3834 3713 si
3865 3662 3983 3730 ipsc
4010 3661 4080 3715 fa-

757 3750 828 3807 de
856 3749 1015 3806 Patre
1043 3790 1060 3817 ,
1091 3748 1176 3804 vel
1202 3748 1267 3802 ad
1300 3747 1514 3802 Patrem
1546 3785 1562 3811 ,
1610 3759 1753 3799 nunc
1799 3743 1868 3799 ad
1923 3745 2182 3814 Spiritum
2238 3759 2365 3815 pro-

758 3840 1075 3897 nuntiantur
1100 3854 1115 3906 ;
1144 3850 1580 3910 unamquamque
1606 3849 1890 3909 personam
1922 3834 1975 3890 in
1998 3849 2093 3891 sua
2125 3835 2368 3907 proprie-

766 3946 879 3996 tate
903 3934 1256 3994 constituunt.

1348 4066 1578 4127 CAPUT
1607 4066 1728 4124 XII.

833 4215 892 4271 Si
924 4224 978 4271 te
1000 4211 1177 4269 adhuc
1204 4223 1462 4266 numerus
1498 4204 1829 4263 scandalizat
1882 4205 2181 4273 Trinitatis,
2210 4205 2363 4277 quasi

758 4326 867 4368 non
891 4322 1151 4364 connexa;
1171 4304 1226 4361 in
1258 4304 1464 4358 unitate
1483 4299 1714 4371 simplici
1742 4340 1758 4366 ,
1790 4298 2065 4370 interrogo
2090 4298 2362 4370 quomodo

757 4407 951 4463 unicus
993 4413 1049 4461 et
1097 4399 1383 4472 singularis
1431 4395 1713 4468 pluraliter
1765 4394 2036 4467 loquitur:
2082 4394 2365 4447 Faciamus

759 4498 1013 4555 hominem
1040 4495 1109 4550 ad
1136 4492 1410 4563 imaginem
1437 4499 1485 4546 et
1529 4486 1915 4543 similitudinem
1940 4496 2168 4541 nostram
2206 4482 2356 4559 (Gen.

758 4594 813 4661 Ι,
844 4590 964 4666 26);
995 4604 1118 4648 cum
1166 4585 1415 4643 debuerit
1450 4582 1653 4639 dixisse
1676 4622 1693 4648 ,
1746 4580 1964 4636 Faciam
2000 4582 2253 4635 hominem
2294 4580 2366 4631 ad

2469 3753 2636 3810 ceret,
2670 3744 3031 3814 dumjub‘eret
3054 3746 3168 3802 tieri
3196 3745 3277 3819 (7)
3311 3764 3404 3817 per
3427 3764 3573 3804 enni.
3610 3750 3811 3807 Tamen
3836 3753 4081 3823 jubebat,

2471 3835 2609 3890 haud
2637 3837 2736 3892 sibi
2754 3837 3003 3907 jussurus
3030 3838 3075 3892 si
3104 3854 3247 3893 unus
3268 3851 3453 3907 esset;
3482 3851 3576 3897 aut
3594 3845 3710 3898 sine
3729 3846 3887 3915 jussu
3910 3846 4081 3903 factu-

2469 3946 2594 3997 rus,
2626 3930 2753 4002 quia
2802 3946 2909 3987 non
2972 3943 3345 4003 exspectasset
3394 3944 3452 3990 ut
3506 3936 3607 3993 sibi
3635 3937 3873 4008 juberet.

3073 4068 3299 4127 CAPUT
3338 4074 3478 4128 XIII.

2542 4206 2703 4277 Ergo,
2724 4204 2916 4276 inquit,
2939 4205 2987 4261 si
3006 4206 3146 4263 Deus
3165 4206 3320 4272 dixit,
3340 4216 3397 4264 et
3413 4208 3553 4266 Dens
3571 4211 3715 4279 fecit;
3731 4213 3778 4267 si
3798 4215 3936 4272 alius
3949 4216 4083 4273 deus

2466 4298 2625 4366 dixit,
2647 4309 2700 4356 et
2717 4300 2855 4356 alius
2884 4301 3030 4367 fecit,
3059 4300 3169 4357 duo
3192 4301 3265 4357 dii
3293 4302 3673 4373 praedicantur.
3700 4307 3755 4363 Si
3782 4319 3887 4364 tam
3912 4311 4083 4368 durus

2467 4402 2682 4465 es,puta
2707 4394 2921 4449 interim
2948 4412 2961 4448 :
2990 4404 3045 4450 et
3066 4402 3124 4449 ut
3144 4393 3320 4450 adhuc
3346 4397 3578 4467 amplius
3606 4400 3706 4455 boc
3734 4412 3909 4470 putes,
3941 4406 4083 4459 acci-

2473 4500 2539 4556 pe
2579 4486 2631 4539 in
2660 4484 2874 4539 Psalmo
2894 4483 3105 4555 (XLIV,
3138 4485 3191 4551 7,
3216 4484 3274 4559 8)
3295 4486 3430 4542 duos
3449 4487 3581 4544 deos
3610 4489 3784 4547 dictos
3809 4510 3821 4546 :
3844 4492 4082 4550 Thronus

2468 4576 2831 4645 tuus,Deus,in
2843 4578 3175 4649 tevummirga
3190 4579 3335 4651 regni
3349 4580 3425 4633 tui
3444 4597 3463 4635 :
3483 4581 3709 4637 dilexisti
3722 4585 4010 4654 justitiam,
4031 4601 4080 4641 ct

756 4686 1031 4758 imaginem
1055 4693 1103 4738 et
1147 4678 1529 4736 similitudinem
1576 4690 1741 4729 meam
1781 4689 1801 4729 :
1833 4682 2018 4743 utpote
2068 4673 2260 4728 unicus
2309 4681 2362 4726 et
2467 4672 2617 4727 odisti
2644 4671 2998 4742 iniquitatem,
3029 4680 3298 4743 propterea
3323 4673 3472 4727 unxit
3496 4683 3543 4728 te
3564 4673 3733 4739 Deus,
3763 4675 3906 4732 Deus
3938 4688 4076 4735 tuus.

756 4775 1089 4850 singularis?
1117 4773 1223 4831 Sed
1250 4782 1303 4829 et
1334 4771 1387 4826 in
1417 4767 1770 4841 sequentibus
1795 4783 1809 4821 :
1844 4764 1979 4820 Ecce
2002 4764 2167 4818 Adam
2194 4766 2360 4835 factus
2387 4798 2439 4859 Β
2466 4763 2522 4820 Si
2550 4763 2616 4819 ad
2635 4763 2801 4819 Deum
2824 4763 3085 4859 loquitur,
3110 4772 3163 4818 et
3190 4772 3407 4819 unctum
3450 4765 3660 4820 Deuma
3682 4767 3791 4822 Deo
3818 4766 4076 4837 afﬁrmat,

756 4881 831 4927 est
858 4881 1098 4941 tanquam
1127 4882 1257 4921 unus
1294 4881 1357 4920 ex
1398 4861 1541 4917 nobis
1567 4901 1581 4924 ,
1614 4859 1749 4913 fallit
1773 4867 1866 4912 aut
1906 4856 2041 4911 ludit
2067 4872 2082 4921 ;
2135 4866 2191 4911 ut
2235 4870 2357 4910 cum
2389 4853 2426 4859 ⁷
2463 4855 2669 4910 scilicet
2696 4855 2782 4910 hic
2806 4853 2943 4909 duos
2968 4854 3101 4911 deos
3129 4856 3379 4924 proponit
3409 4854 3511 4927 (8).
3542 4855 3671 4912 Inde
3697 4868 3753 4913 et
3768 4858 4073 4932 Esaias(ls.

756 4981 919 5032 unus,
936 4973 990 5020 et
1015 4962 1184 5028 solus,
1211 4968 1267 5016 et
1294 4956 1580 5029 singularis
1609 4962 1773 5019 esset,
1799 4965 2085 5007 numerose
2114 4950 2361 5021 loquere-

756 5070 845 5116 tur
866 5076 881 5113 :
904 5070 997 5114 aut
1018 5054 1276 5127 numquid
1300 5050 1510 5123 angelis
1541 5049 1861 5119 loquebatur
1886 5088 1901 5114 ,
1930 5053 1989 5100 ut
2010 5043 2179 5100 Judaei
2202 5044 2366 5099 inter-

757 5162 1083 5226 pretantur,
1135 5148 1258 5220 quia
1310 5160 1412 5202 nec
1462 5143 1562 5213 ipsi
1623 5140 1818 5196 Filium
1869 5136 2216 5210 agnoscunt?
2282 5136 2363 5190 An

755 5244 885 5316 quia
923 5242 1039 5315 ipse
1065 5251 1182 5297 erat
1212 5239 1371 5295 Pater
1394 5278 1410 5302 ,
1444 5234 1617 5292 Filius
1640 5275 1655 5299 ,
1702 5231 1933 5303 Spiritus
1954 5271 1971 5297 ,
2012 5228 2135 5284 ideo
2181 5227 2363 5298 plura-

758 5336 867 5392 lem
896 5350 955 5392 se
982 5342 1244 5406 praestans
1289 5327 1395 5402 (2),
1426 5325 1708 5399 pluraliter
1732 5323 1831 5379 sibi
1854 5319 2221 5392 loquebatur?
2250 5317 2364 5373 Imo

756 5432 883 5502 quia
924 5430 1033 5501 jam
1075 5424 1386 5483 adhzerebat
1432 5422 1508 5479 illi
1540 5421 1746 5484 Filius,
1796 5415 2035 5473 secunda
2085 5428 2310 5484 persona
2341 5452 2358 5478 ,

2464 4946 2627 5013 XLV,
2659 4945 2750 5017 Iit)
2802 4946 2869 5004 ad
2927 4961 3211 5017 personant
3262 4946 3496 5003 Christi:
3538 4948 3606 5003 Et
3633 4951 3811 5005 sabain
3854 4951 3962 5025 (9),
3995 4955 4076 5010 in-

2468 5039 2603 5111 quit,
2646 5040 2742 5094 viri
2781 5040 2903 5093 elati
2948 5040 3017 5093 ad
3054 5050 3102 5093 te
3130 5042 3437 5105 transibunt,
3469 5050 3517 5095 et
3555 5054 3668 5113 post
3707 5054 3755 5098 te
3800 5060 4078 5117 sequentur

2468 5132 2619 5186 uincti
2642 5131 2891 5197 manibus,
2918 5141 2965 5185 et
2986 5142 3033 5185 te
3051 5131 3359 5197 adorabunt,
3392 5134 3514 5203 quia
3538 5135 3589 5188 in
3619 5145 3667 5189 te
3691 5134 3833 5192 Deus
3862 5148 3959 5193 est.
3992 5140 4072 5194 Tu

2467 5224 2602 5279 enim
2629 5240 2682 5279 es
2714 5222 2850 5277 Deus
2876 5232 3065 5288 noster,
3098 5231 3145 5277 et
3170 5225 3532 5293 nesciebamus,
3564 5224 3706 5281 Deus
3744 5226 3978 5295 Israelis.
4010 5232 4077 5287 Et

2467 5318 2556 5375 hic
2579 5318 2723 5374 enim
2749 5316 3000 5381 dicendo,
3033 5315 3171 5372 Deus
3199 5318 3252 5372 in
3286 5329 3354 5386 te,
3383 5329 3460 5385 et,
3493 5329 3548 5373 tu
3590 5318 3753 5389 Deus,
3780 5322 3919 5379 duos
3956 5341 4077 5394 pro-

2467 5413 2616 5483 ponit
2640 5429 2653 5466 :
2686 5410 2777 5481 qni
2802 5420 2940 5478 erat,
2969 5419 3024 5467 et
3052 5410 3105 5467 in
3132 5425 3241 5481 quo
3265 5420 3403 5480 erat;
3434 5410 3549 5484 (10)
3565 5411 3933 5482 Christum,et
3958 5417 4074 5489 Spi-

1990 5526 2368 5588 LEC'I’IONES
2409 5526 2813 5585 VABIANTES.

820 5638 894 5702 (1)
936 5639 1187 5690 Habemus
1210 5635 1363 5690 Rhea.
1384 5632 1541 5685 Seml.
1567 5629 1762 5683 Oberth.

845 5704 892 5759 Ξ)
937 5702 1215 5753 Praeferens
1245 5712 1277 5745 ιι
1300 5712 1423 5749 ouu'.

843 5753 895 5827 5)
934 5765 1154 5816 Similem
1173 5766 1196 5812 ?
1222 5762 1344 5811 Filio
1369 5760 1519 5813 thcn.
1543 5755 1693 5807 Sentl.
1722 5753 1919 5807 Oberth.

822 5826 897 5893 (4)
936 5826 1423 5893 fprnmiqistristt.

824 5878 897 5955 ἔτί)
935 5891 1068 5955 Yero
1092 5888 1410 5955 tthen.Pmn.
1451 5882 1605 5934 Seml.
1633 5878 1827 5932 Obcrth.

824 5949 899 6021 (6)
944 5954 1169 6005 Voluerit
1205 5949 1314 6017 Rig.
1358 5956 1517 5999 t'cnct.

2522 5625 2594 5685 (7)
2628 5623 2757 5695 Dum
2777 5623 2978 5695 jubere}
3002 5624 3150 5684 enim,
3169 5623 3277 5674 tieri
3303 5627 3405 5677 Lat.
3431 5623 3532 5689 Rig.
3550 5626 3664 5676 dum
3684 5628 3909 5688 juberet.
3934 5632 4068 5683 Fieri

2460 5699 2686 5751 per_ettt_n
2713 5693 2877 5751 tamen
2896 5685 2999 5746 jub.
3026 5695 3139 5751 .lttn.

2526 5749 2597 5809 (8)
2638 5749 2736 5797 Sed
2764 5751 2841 5814 hic
2878 5750 2999 5814 duos
3016 5749 3151 5814 deos
3183 5762 3269 5814 pro
3307 5751 3442 5811 virga
3477 5754 3619 5814 regni
3654 5756 3723 5802 tui
3748 5755 3900 5805 Seml.
3935 5761 4075 5809 Pam.

2460 5812 2666 5861 allirmat
2691 5819 2737 5859 et
2766 5812 2845 5858 hic
2870 5812 2994 5859 «Inus
3016 5810 3151 5860 υνυς
3175 5812 3277 5860 Lat.

2527 5873 2600 5936 (9)
2637 5874 2831 5921 Sabaim
2870 5874 3023 5922 Frun.
3049 5875 3247 5936 Seboitn
3282 5873 3437 5924 Scml.

2530 5934 2634 6004 (ιο)
2674 5936 2768 5996 Qui
2796 5944 2934 5986 erant
2960 5937 3007 5986 in
3030 5936 3143 5987 Chr.
3180 5934 3331 5989 Rhen.
3355 5938 3505 5988 Scntl.
3533 5939 3729 5991 Obcrth.
