4262 6490
210 371 312 427 169

1374 368 1577 425 LIBER
1619 366 1982 426 ADVERSUS
2018 367 2374 425 PRAXEAM.

3416 368 3519 425 170

210 486 395 540 ritum.
433 486 512 557 (1)
544 483 718 554 Ipsum
749 483 868 552 plus
894 491 997 547 est,
1030 480 1174 552 quod
1203 483 1254 536 in
1287 480 1576 551 Evangelia
1603 480 1821 536 totidem
1849 484 1901 545 Α
1929 497 2046 553 qua:
2068 484 2118 538 in
2143 484 2421 540 materiam
2451 482 2571 539 fidei
2598 494 2877 554 prOSpecta
2900 493 3059 555 atque
3087 485 3391 554 dispensata
3414 493 3514 539 est.

215 581 462 635 inwuies
490 597 503 645 ;
538 579 601 633 In
634 580 883 649 principio
911 588 1015 631 erat
1041 577 1241 641 Sermo,
1268 586 1314 630 et
1336 576 1517 630 Sermo
1538 585 1646 629 erat
1672 574 1814 647 apud

209 672 397 734 Deum,
438 682 484 725 et
527 670 665 724 Deus
705 680 811 724 erat
854 669 1034 724 Sermo
1095 668 1296 739 (Joan.
1333 668 1372 733 I,
1416 668 1494 739 I).
1546 667 1695 722 Unus
1730 668 1819 736 qui

210 777 351 830 erat,
385 776 440 819 et
471 766 610 819 alius
645 778 809 833 penes
832 779 987 831 quem
1013 772 1144 817 erat.
1174 762 1279 817 Sed
1308 772 1362 816 et
1392 776 1584 816 nomen
1611 761 1819 817 Domini

208 857 261 910 in
300 857 515 911 duobus
538 857 692 925 lego;
728 854 871 909 Dixit
900 854 1148 907 Dominus
1168 852 1390 907 Domino
1421 869 1548 906 utea.
1585 851 1720 907 Sede
1752 851 1821 904 ad

210 952 477 1003 dexteram
506 966 669 1003 meam
716 947 735 1019 (
766 947 854 1001 Ps.
897 946 1030 1012 CIX,
1074 946 1151 1016 I).
1189 946 1257 1000 Et
1288 946 1476 999 Esaias
1511 944 1624 998 haec
1656 943 1818 997 dicit:

210 1042 455 1107 Domine,
489 1045 602 1113 quis
628 1042 839 1095 credidit
861 1040 1060 1093 (ιιιάίιηὶ
1101 1049 1271 1093 nostra
1296 1041 1320 1092 ?
1346 1049 1391 1092 et
1422 1038 1684 1091 brachium
1716 1035 1822 1090 Do-

213 1138 344 1189 mini
373 1138 460 1189 cui
488 1137 759 1190 revolution
788 1138 903 1188 cst?
935 1132 1035 1205 (Is.
1080 1132 1215 1198 LIII,
1261 1130 1339 1200 I.)
1370 1130 1645 1184 Brochium
1679 1130 1819 1183 enim

211 1242 352 1283 luttm
386 1230 495 1299 (εὶ),
538 1246 641 1283 non
677 1228 885 1281 Domini
915 1227 1158 1291 dixisset,
1188 1227 1231 1278 si
1280 1240 1383 1278 non
1412 1224 1690 1278 Dominum
1723 1222 1823 1276 Pa-

213 1334 354 1378 trem
380 1332 437 1376 et
463 1323 745 1375 Dominum
770 1320 960 1374 Filium
989 1318 1208 1384 intelligi
1232 1319 1411 1372 vellet.
1442 1317 1616 1370 Etiam
1646 1315 1823 1368 adhuc

207 1414 483 1483 antiquior
510 1412 735 1467 Genesis
768 1429 780 1465 :
814 1409 877 1462 Et
916 1409 1046 1478 pluit
1084 1407 1331 1461 Dominus
1370 1423 1521 1476 super
1543 1405 1823 1459 Sodommn

207 1517 250 1559 ct
268 1505 613 1558 Gomorrlunn
634 1503 851 1573 sulphur
877 1511 922 1555 et
950 1503 1117 1571 ignem
1139 1500 1201 1553 tle
1220 1501 1345 1553 uelo
1366 1516 1396 1551 a
1426 1497 1646 1552 Domino
1667 1494 1819 1567 (Gen.

208 1599 355 1664 XIX,
385 1597 506 1666 21).
543 1598 666 1652 ιιιυς
698 1607 789 1649 aut
816 1611 946 1664 nega
974 1594 1197 1663 scripta,
1232 1602 1325 1647 aut
1349 1593 1469 1663 quis
1496 1607 1577 1657 es,
1617 1602 1674 1646 ut
1714 1606 1819 1645 non

209 1702 368 1762 putes
398 1689 714 1760 accipienda
746 1686 1202 1757 quemadmodum
1231 1686 1431 1755 scripta
1463 1694 1613 1749 sunt,
1646 1682 1818 1737 maxi-

211 1800 299 1838 me
330 1800 453 1852 qua:
496 1798 600 1835 non
631 1781 681 1834 in
706 1780 978 1850 allegoriis
1010 1788 1061 1833 et
1094 1778 1386 1847 parabolis,
1418 1776 1511 1832 sed
1543 1775 1596 1830 in
1621 1774 1817 1829 deﬁni-

213 1878 453 1931 tionibus
482 1886 537 1929 et
573 1876 653 1945 (5)
684 1874 845 1929 certis
874 1883 927 1927 et
954 1871 1289 1941 simplicibus
1318 1869 1519 1923 habent
1561 1868 1818 1923 sensum?
1854 1888 1899 1947 Β

215 1969 368 2038 Quod
402 1970 445 2023 si
479 1985 542 2022 ex
574 1969 679 2021 illis
712 1982 770 2021 es
801 1967 888 2035 qui
938 1976 1065 2019 tunc
1110 1964 1392 2019 Dominum
1434 1976 1540 2017 non
1584 1962 1818 2018 sustine-

215 2062 345 2116 bant
395 2061 486 2115 Dei
518 2074 576 2113 se
607 2058 796 2111 Filium
830 2056 1230 2120 ostendentem,
1261 2070 1360 2109 nec
1388 2070 1509 2110 eum
1540 2054 1821 2109 Dominum

224 2153 532 2217 crederent,
561 2151 846 2206 recordare
880 2161 932 2203 tu
963 2166 1084 2203 eum
1118 2150 1222 2203 illis
1242 2150 1502 2218 scriptum
1534 2161 1688 2202 esse:
1717 2145 1826 2215 Ego

218 2250 345 2312 dixi,
385 2246 485 2299 Vos
517 2247 587 2298 dii
614 2246 752 2309 estis,
780 2254 825 2297 et
854 2244 948 2310 ﬁlii
980 2242 1224 2296 Altissimi
1269 2241 1286 2313 (
1315 2241 1409 2297 Ps.
1443 2239 1707 2304 LXXXII,
1742 2240 1821 2306 6).

219 2340 285 2394 Iit
308 2358 320 2392 :
348 2338 505 2392 Stetit
536 2336 670 2389 Drns
699 2337 747 2389 in
779 2336 989 2389 ecclesia
1016 2334 1259 2399 deorum;
1287 2342 1342 2387 ut
1366 2334 1411 2387 si
1436 2332 1701 2399 homines,
1734 2345 1829 2399 per

222 2429 382 2485 ﬁdem
408 2429 547 2484 ﬁlios
574 2430 665 2483 Dei
691 2427 879 2490 factos,
900 2428 1031 2481 deos
1056 2428 1325 2496 Scriptura
1352 2426 1697 2495 pronuntiare
1719 2438 1825 2478 non

221 2525 420 2590 timuit,
456 2523 595 2577 scias
622 2522 766 2575 illam
800 2523 968 2574 multo
999 2520 1169 2589 magis
1202 2535 1331 2574 vero
1355 2529 1409 2574 et
1434 2520 1593 2574 unico
1622 2518 1716 2573 Dei
1742 2517 1830 2572 Fi-

220 2616 290 2671 Iio
323 2617 419 2670 Dei
446 2626 643 2668 nomen
668 2612 789 2683 jure
813 2612 1125 2667 contulisse.
1162 2629 1179 2661 ‹
1207 2611 1366 2680 Ergo,
1398 2610 1596 2679 inquis,
1630 2624 1827 2678 provo-

218 2709 352 2762 cabo
408 2717 481 2773 te,
559 2717 618 2759 ut
659 2705 816 2759 hodie
866 2719 1079 2775 quoque
1124 2718 1190 2758 ex
1240 2703 1557 2757 auctoritate
1604 2702 1826 2755 istarum

221 2801 624 2869 Scripturarum
656 2808 964 2851 constanter
995 2797 1130 2852 duos
1171 2795 1303 2850 deos
1330 2804 1385 2849 et
1418 2794 1554 2850 duos
1583 2794 1830 2849 dominos

222 2892 505 2961 prredices.
533 2911 551 2941 ι
572 2890 741 2945 Absit.
761 2889 869 2945 Nos
896 2890 1035 2943 enim
1057 2890 1147 2957 qui
1178 2900 1232 2943 et
1259 2897 1498 2957 tempora
1528 2896 1582 2941 et
1610 2902 1831 2942 caussas

224 2982 632 3051 Scripturerum
659 2996 752 3049 per
777 2981 864 3034 Dei
888 2980 1110 3049 gratiam
1137 2979 1470 3047 inspicimus,
1498 2976 1572 3047 (a)
1600 2979 1832 3034 maxime

226 3075 520 3135 Paracleti,
556 3089 661 3125 non
693 3073 968 3125 hominum
1000 3070 1270 3140 discipuli,
1304 3072 1436 3124 duos
1463 3070 1675 3139 quidem
1700 3068 1834 3124 deﬁ-

220 3167 424 3231 nimus,
466 3166 678 3219 l‘atrcm
720 3173 770 3217 et
829 3163 1045 3228 Filium,
1087 3172 1141 3217 et
1172 3162 1281 3229 jam
1322 3171 1431 3217 tres
1467 3177 1588 3216 cum
1630 3160 1831 3231 Spiritu

222 3272 437 3320 sancto,
464 3259 759 3314 secundum
789 3260 1049 3312 rationem
1074 3255 1413 3319 meonomiae,
1438 3272 1556 3325 qua:
1583 3254 1709 3310 facit
1736 3270 1833 3308 nu-
1858 3295 1901 3357 (η

1160 3348 1169 3357 .
1307 3347 1316 3357 .
1367 3347 1386 3357 -
1522 3347 1556 3357 ..
1602 3356 1607 3357 ,
1719 3348 1729 3357 .
1884 3337 1901 3357 Δ

224 3367 471 3406 merum:
510 3367 599 3414 ne,
641 3358 697 3403 ut
722 3358 897 3401 vestra
938 3348 1259 3418 perversitas
1305 3347 1485 3412 infert,
1521 3347 1676 3401 Pater
1719 3348 1832 3415 ipse
1859 3337 1903 3357 υ

221 3445 477 3499 credatur
514 3451 669 3495 natus
696 3449 749 3494 et
778 3454 997 3509 passus;
1031 3438 1170 3509 quod
1197 3455 1302 3492 non
1332 3437 1459 3492 licet
1486 3437 1655 3503 credi,
1695 3454 1831 3506 quo-

222 3535 368 3589 niam
404 3550 513 3587 non
546 3534 614 3585 ita
644 3532 893 3586 traditum
922 3541 1024 3585 est.
1059 3532 1201 3587 DUos
1242 3540 1416 3586 tamen
1452 3529 1590 3584 Deos
1617 3540 1669 3584 et
1698 3529 1835 3585 duos

222 3627 483 3680 llotuinos
528 3639 794 3693 nunquam
839 3639 903 3677 ex
946 3638 1041 3678 ore
1087 3632 1271 3677 nostro
1317 3621 1672 3692 proferimus:
1721 3638 1827 3676 non

221 3720 374 3789 quasi
410 3734 517 3772 non
550 3728 601 3771 et
642 3718 797 3771 Pater
831 3718 989 3780 Deus,
1032 3730 1086 3770 et
1123 3716 1290 3771 Filius
1325 3716 1485 3782 Deus,
1514 3727 1568 3771 et
1595 3716 1827 3787 Spiritus

222 3823 443 3868 sanctus
472 3811 633 3874 Deus,
664 3819 719 3862 et
747 3809 886 3861 Deus
913 3808 1311 3877 unusquisque;
1344 3808 1437 3862 sed
1466 3809 1717 3878 quoniam
1742 3824 1830 3863 re-

223 3914 307 3959 tro
340 3915 399 3959 et
434 3903 544 3957 duo
573 3900 650 3954 dii
682 3899 864 3954 etduo
904 3898 1104 3953 domini
1136 3899 1597 3968 pnedicabantur;
1627 3910 1702 3967 ut,
1742 3898 1831 3955 ubi

222 4004 465 4053 venisset
501 3995 773 4057 Christus,
801 4001 855 4047 et
886 3992 1028 4046 Deus
1056 3999 1461 4063 agnosceretur,
1493 4000 1548 4046 et
1578 3991 1835 4047 Dominus

222 4100 534 4150 voearctur,
560 4086 680 4156 quia
708 4084 875 4140 Filius
904 4084 994 4138 Dei
1018 4093 1067 4138 et
1095 4083 1558 4140 Dumini.Sienim
1583 4099 1686 4138 una
1713 4099 1833 4154 per-

228 4200 360 4238 sona
387 4191 442 4235 ct
478 4182 567 4235 Dei
596 4190 648 4235 et
679 4179 887 4231 Domini
924 4179 975 4232 in
1007 4177 1298 4247 Scripturis
1328 4178 1679 4243 inveniretur,
1715 4192 1832 4233 me-

227 4278 332 4330 rito
364 4274 612 4329 Christus
640 4287 747 4326 non
772 4281 915 4325 esset
943 4269 1209 4325 admiSsus
1234 4270 1300 4324 ad
1330 4286 1522 4324 nomen
1554 4271 1642 4324 Dei
1671 4281 1723 4325 et
1754 4269 1833 4341 (4)

227 4368 460 4423 Domini.
498 4365 667 4419 Nemo
696 4364 837 4418 enim
869 4364 1006 4417 alius
1042 4374 1239 4433 prmter
1270 4378 1406 4418 unus
1437 4364 1579 4419 Deus
1609 4374 1665 4418 et
1698 4379 1835 4418 unus

233 4462 495 4516 Dominus
528 4458 939 4530 praedicabatur,
972 4466 1027 4511 et
1058 4457 1290 4511 futurum
1316 4466 1431 4510 erat
1459 4466 1515 4510 ιιι
1538 4459 1650 4526 ipse
1675 4455 1836 4512 Pater

228 4552 582 4609 descendisse
612 4548 905 4615 rideretur,
935 4550 1057 4619 quia
1080 4567 1215 4605 unus
1248 4550 1390 4605 Deus
1415 4559 1467 4606 et
1491 4565 1627 4605 unus
1654 4550 1833 4604 Domi-

1926 577 1996 630 Αι
2037 575 2123 630 ubi
2155 578 2301 632 venit
2326 575 2594 639 Christus,
2632 586 2687 633 et
2716 579 2961 647 cognitus
2997 588 3077 631 est
3108 592 3135 631 a
3170 578 3344 643 nobis,
3378 577 3519 646 quod

1927 666 2039 736 ipse
2068 669 2140 721 sit
2170 666 2249 738 (ὅ)
2281 670 2368 738 qui
2401 682 2679 722 numerum
2712 678 2854 723 retro
2885 668 3106 734 fecerat,
3137 668 3306 723 factus
3332 683 3521 724 secun-

1926 761 2026 815 dus
2061 776 2087 815 a
2114 762 2293 827 Patre,
2322 770 2377 817 et
2403 776 2522 817 cum
2556 762 2755 832 Spiritu
2787 763 2995 828 tertius,
3026 772 3080 817 et
3103 762 3211 831 jam
3242 762 3398 816 Pater
3429 777 3522 831 per

1928 853 2101 921 ipsum
2132 853 2341 922 plenius
2374 854 2766 918 ntanil‘vstatns,
2794 854 3067 910 redactum
3090 865 3169 909 est
3189 854 3297 924 jam
3328 868 3520 909 nomen

1929 944 2020 999 Dei
2063 955 2117 1000 et
2162 947 2367 1001 Domini
2403 949 2452 1001 in
2488 948 2771 1012 unionem;
2807 958 2881 1009 ut.
2921 947 3002 1019 (6)
3037 949 3159 1018 quia
3207 949 3453 1003 nationes
3492 964 3520 1001 a

1928 1039 2267 1093 multitudine
2295 1040 2556 1094 idolorum
2592 1041 2881 1096 transirent
2903 1040 2968 1095 ad
2994 1042 3207 1095 unicum
3245 1042 3433 1107 Deum,
3463 1051 3524 1096 et

1931 1128 2008 1199 (7)
2040 1129 2336 1185 diti‘ercntia
2385 1132 2807 1187 constitueretur
2840 1133 2980 1188 inter
3000 1134 3236 1187 cultores
3259 1134 3435 1195 unius,
3466 1142 3524 1189 et

1930 1223 2173 1292 plurima:
2209 1224 2522 1279 divinitatis.
2558 1227 2686 1280 Nam
2715 1236 2769 1282 et
2809 1227 2990 1282 lucere
3021 1228 3074 1282 in
3111 1227 3309 1282 mundo
3340 1226 3520 1282 Chris-

1929 1317 2103 1369 tianos
2128 1318 2406 1386 Oportebat
2433 1330 2489 1373 ut
2512 1320 2649 1375 lilios
2678 1321 2832 1384 lucis,
2864 1323 3041 1376 lumen
3070 1321 3253 1375 mundi
3279 1338 3439 1376 unum
3468 1332 3522 1377 et

1929 1406 2097 1462 Deum
2127 1418 2184 1464 et
2226 1410 2510 1466 Dominum
2552 1413 2812 1478 colentes,
2842 1423 2897 1469 ct
2940 1414 3299 1469 nominantes.
3346 1413 3522 1471 Caete-

1927 1515 2068 1563 rum,
2099 1501 2142 1555 si
2170 1518 2235 1555 ex
2265 1503 2594 1558 conscientia
2623 1519 2725 1574 qua
2757 1505 2957 1560 scimus
2983 1505 3075 1561 Dei
3107 1521 3299 1562 nomen
3332 1515 3387 1562 et
3418 1506 3527 1561 Do-

1929 1592 2055 1645 mini
2086 1604 2138 1648 et
2170 1593 2310 1648 Patri
2342 1604 2396 1649 et
2439 1594 2569 1650 Filio
2609 1606 2664 1651 ct
2690 1595 2921 1666 Spiritui
2958 1600 3266 1662 convenire,
3306 1599 3437 1655 deos
3468 1608 3523 1653 ct

1928 1684 2178 1741 dOminos
2212 1688 2636 1755 nominaremus,
2677 1691 3095 1745 extinxissemus
3139 1693 3283 1746 Iaces
3314 1702 3525 1749 nostras

1930 1778 2090 1833 etiam
2117 1778 2183 1833 ad
2215 1782 2466 1851 martyria
2515 1781 2834 1846 timidiores,
2870 1784 3062 1853 quibus
3099 1782 3358 1838 evadendi
3392 1801 3523 1853 quo-

1931 1885 2034 1939 que
2083 1870 2161 1941 (8)
2222 1883 2427 1940 pateret
2466 1871 2545 1943 (9)
2587 1873 2799 1927 occasio
2864 1874 3171 1943 jurantibus
3211 1877 3390 1929 statim
3431 1891 3526 1946 per

1935 1962 2069 2018 deos
2098 1971 2154 2018 et
2176 1964 2443 2030 dominos,
2472 1975 2528 2019 ut
2556 1966 2769 2035 quidatn
2799 1967 3055 2031 heretici,
3088 1967 3160 2038 (b)
3195 1983 3420 2039 quorum
3452 1970 3521 2024 dii

1932 2058 2130 2127 plures.
2161 2059 2343 2129 Itaque
2364 2060 2495 2115 deos
2518 2062 2737 2114 omnino
2765 2077 2869 2115 non
2892 2063 3088 2125 dicam,
3120 2080 3219 2117 nec
3241 2064 3522 2129 dominos;

1930 2150 2023 2205 sed
2055 2152 2368 2219 Apostolum
2410 2167 2625 2223 sequar,
2658 2164 2715 2210 ut
2762 2155 2804 2207 si
2837 2156 3035 2224 pariter
3065 2158 3373 2212 nominandi
3407 2159 3527 2215 I‘ue-

1931 2240 2038 2294 rint
2062 2240 2219 2297 Pater
2240 2251 2295 2296 et
2317 2242 2501 2307 Filius,
2530 2244 2694 2298 Deum
2721 2244 2933 2300 Patrem
2956 2247 3242 2315 appellem,
3268 2256 3321 2301 et
3340 2248 3522 2303 Jesum

1929 2330 2201 2386 Christum
2226 2334 2506 2390 Dominum
2530 2338 2821 2389 nominem.
2847 2336 3030 2391 Solum
3055 2349 3230 2394 autem
3254 2340 3522 2396 Christum

1934 2432 2119 2491 potero
2147 2423 2309 2477 Demn
2334 2425 2535 2491 dicere,
2564 2427 2701 2481 sicut
2723 2428 2860 2482 idem
2892 2429 3216 2499 Apostolus:
3246 2432 3326 2486 Ex.
3347 2435 3529 2505 quibus

1934 2520 2186 2585 Christus,
2218 2521 2304 2590 qui
2344 2529 2436 2586 cst,
2472 2518 2661 2590 inquit,
2696 2521 2830 2575 Deus
2855 2540 3005 2591 super
3036 2526 3209 2578 omnia
3239 2528 3524 2584 benedictus

1933 2614 1987 2666 in
2013 2629 2174 2666 wvum
2227 2629 2375 2666 omne
2427 2610 2620 2681 (liam.
2654 2611 2695 2679 I,
2730 2614 2819 2683 7).
2849 2614 2980 2669 Nam
3029 2627 3084 2671 et
3131 2618 3337 2673 radium
3396 2621 3529 2676 solis

1933 2720 2176 2761 seorsum
2203 2705 2372 2760 solem
2404 2706 2637 2773 vocabo;
2660 2707 2830 2761 solem
2854 2718 3032 2764 autem
3061 2711 3345 2767 nominans
3374 2713 3528 2781 cujus

1933 2808 2015 2851 est
2051 2796 2250 2862 radius,
2298 2811 2400 2851 non
2444 2797 2623 2851 statim
2664 2809 2717 2852 et
2759 2800 2966 2854 radium
3008 2802 3177 2856 solem
3221 2805 3525 2874 appellabo.

1934 2891 2064 2945 Nam
2095 2892 2192 2945 etsi
2216 2891 2360 2945 soles
2381 2889 2517 2945 duos
2544 2906 2648 2945 non
2675 2891 2887 2958 faciam,
2919 2894 3035 2965 (l0)
3071 2905 3247 2952 tamen
3277 2906 3332 2952 et
3358 2901 3525 2954 solem

1935 2995 1988 3040 et
2016 2984 2221 3039 radium
2253 2985 2369 3054 ejns
2411 2994 2517 3039 tam
2556 2985 2691 3041 duas
2723 3001 2827 3052 res,
2869 2998 2921 3042 et
2949 2988 3083 3042 duas
3124 2991 3330 3059 species
3371 2994 3529 3048 unius

1937 3078 2177 3131 indivisa:
2220 3077 2533 3131 substantia:
2579 3079 2894 3143 numerabo,
2934 3097 3092 3150 quam
3135 3082 3249 3155 (II)
3283 3084 3449 3140 Deum
3476 3096 3531 3141 et

1934 3169 2250 3225 Sermonem
2282 3168 2420 3240 ejus,
2453 3185 2612 3240 quam
2643 3170 2853 3226 Patrem
2881 3181 2935 3227 et
2956 3172 3168 3228 Filium.

2534 3301 2765 3360 CAPUT
2793 3304 2937 3362 xw.
2984 3372 2989 3377 ἢ

2011 3436 2198 3490 Adhuc
2234 3447 2289 3490 et
2320 3436 2406 3490 illa
2437 3437 2591 3491 nobis
2622 3439 2805 3508 regula
2845 3439 3055 3495 adsistit
3086 3442 3223 3498 duos
3252 3445 3526 3501 vindican-

1942 3528 2085 3582 tibus
2115 3528 2324 3583 Palretti
2368 3539 2421 3582 et
2453 3527 2670 3593 Filium,
2696 3546 2815 3599 qua:
2855 3530 2972 3599 (I2)
3006 3534 3330 3591 invisibilem
3363 3537 3527 3593 Deum

1936 3620 2332 3675 determinavit.
2384 3619 2516 3675 Cum
2561 3621 2705 3675 enim
2765 3621 2973 3693 Moyses
3032 3623 3227 3693 (Exod.
3288 3628 3527 3696 XXXIII,

1942 3714 2032 3775 15,
2063 3712 2155 3783 29)
2191 3713 2260 3784 (c)
2290 3714 2340 3767 in
2364 3712 2597 3784 IEgypto
2632 3713 2993 3770 desiderasset
3021 3716 3231 3773 Domini
3268 3737 3531 3792 conspec-

1941 3806 2077 3863 tum,
2105 3798 2325 3853 dicens:
2347 3799 2406 3852 Si
2434 3814 2551 3869 ergo
2571 3799 2737 3852 inveni
2752 3802 2971 3869 gratiam
2991 3819 3162 3857 coram
3176 3816 3241 3872 te,
3260 3810 3533 3881 manifesta

1938 3893 2061 3945 milli
2092 3904 2160 3959 te,
2184 3901 2237 3946 ut
2266 3901 2624 3964 cognoscentcr
2660 3894 2857 3947 videam
2898 3905 2979 3951 te:
3014 3895 3135 3952 Non
3173 3909 3312 3970 potes
3341 3903 3529 3971 videre,

1937 3986 2129 4056 inquit,
2176 3986 2358 4058 faciem
2396 4004 2596 4054 meum;
2639 4004 2741 4042 non
2778 3988 2910 4043 enim
2943 3990 3123 4045 videbit
3161 3994 3312 4049 homo
3349 3999 3533 4067 faciem

1938 4096 2134 4144 meum,
2171 4091 2218 4133 et
2247 4081 2408 4144 vicet;
2450 4080 2499 4134 id
2527 4089 2631 4145 est,
2670 4082 2930 4137 morietur
2956 4083 3046 4153 qui
3076 4084 3285 4141 viderit.
3316 4088 3536 4146 Inveni-

1938 4187 2059 4227 mus
2079 4173 2220 4226 enim
2244 4182 2298 4226 et
2318 4188 2345 4226 a
2371 4171 2551 4226 multis
2576 4172 2741 4225 Deum
2765 4173 2957 4237 visum,
2982 4186 3035 4230 et
3058 4178 3327 4234 neminem
3351 4189 3527 4238 tamen

1936 4280 2141 4329 eorum,
2186 4263 2275 4333 qui
2306 4278 2428 4318 eum
2460 4262 2724 4329 viderant,
2766 4275 3057 4320 mortuum.
3086 4267 3271 4324 Visum
3311 4273 3529 4343 quidem

1937 4358 2105 4413 Deum
2135 4355 2427 4411 secundum
2460 4355 2734 4410 hominum
2775 4358 3148 4427 capacitatem,
3191 4378 3297 4417 non
3336 4379 3529 4421 secun-

1936 4452 2062 4505 dum
2090 4448 2477 4519 plenitudinem
2500 4445 2826 4501 divinitatis:
2860 4465 2981 4503 nam
3010 4451 3328 4520 patriarcha:
3360 4456 3527 4513 Deum

1938 4544 2136 4598 vidisse
2159 4542 2480 4605 referuntur,
2505 4549 2560 4595 ut
2579 4539 2847 4595 Abraham
2871 4542 3135 4609 etJacob,
3158 4555 3212 4599 et
3230 4548 3527 4618 prophetae,

229 4660 328 4702 nus
357 4645 675 4714 legebatur;
707 4650 760 4695 et
791 4650 899 4695 tota
929 4642 1228 4696 (economia
1256 4643 1373 4712 ejus
1395 4642 1830 4703 obumbraretur,
1858 4634 1913 4693 D
1941 4647 1999 4693 ut
2031 4635 2217 4703 Isaias,
2277 4644 2335 4689 ut
2373 4635 2657 4703 Ezechiel;
2686 4645 2743 4691 et
2779 4644 2958 4694 tamen
2999 4642 3195 4697 mortui
3238 4660 3343 4701 non
3384 4658 3528 4705 sunt.

1477 4754 1860 4812 LECTIONES
1896 4753 1985 4811 VA
1996 4748 2311 4807 IIIANTES.

289 4848 363 4924 (l)
391 4850 627 4924 Spiritum
666 4861 706 4898 s.
746 4846 1115 4924 Plus‘_L(ttin._in
1144 4848 1347 4924 Christo
1370 4863 1435 4901 ex
1481 4848 1533 4899 S.
1568 4847 1687 4899 Plus
1718 4855 1834 4899 Jun.

294 4910 368 4972 (Ξί
398 4910 537 4963 Enim
563 4925 703 4960 smun
726 4926 824 4960 non
846 4911 1090 4971 dixisset,
1118 4914 1157 4960 si
1180 4910 1332 4961 Seml.

293 4976 367 5039 (5)
396 4975 456 5039 Et
474 4973 610 5039 (abest
630 4972 781 5039 Seml.

321 5034 367 5085 4)
410 5038 483 5085 Ad
510 5037 627 5085 add.
652 5034 803 5085 Seml.

321 5045 347 5084 4
410 5045 483 5085 At]
510 5045 627 5085 add.
652 5045 803 5085 δρηιι.

294 5045 369 5159 is;
413 5100 491 5148 Sit
514 5099 645 5148 abest
667 5094 817 5149 Seml.

298 5166 368 5226 (6)
397 5162 461 5213 Et
491 5159 645 5211 Seml.

2005 4842 2080 4907 (7)
2121 4842 2185 4907 Ut
2205 4841 2356 4892 Seml.

2025 4902 2076 4965 8)
2116 4906 2319 4968 Quaque
2343 4902 2517 4968 ςφηι..

2025 4969 2075 5029 il)
2102 4966 2249 5018 Patet
2266 4966 2415 5017 Seml.

2031 5031 2103 5094 I0)
2144 5030 2281 5079 Duos
2302 5031 2469 5094 faciam
2491 5030 2643 5081 Seml.

2031 5092 2105 5154 lli)
2142 5095 2245 5151 Qua
2266 5092 2417 5141 Seml.

2002 5152 2105 5220 (12)
2148 5156 2307 5216 Quem
2331 5152 2485 5205 Seml.

1626 5240 2182 5299 COMMENTARIUS.

313 5341 472 5397 CAP.
502 5336 647 5393 XIII.
670 5367 739 5376 —
764 5336 839 5409 (a)
873 5337 1097 5392 Maxime
1128 5336 1382 5392 Paracleti
1402 5380 1417 5404 ,
1446 5353 1547 5391 non
1574 5337 1835 5393 hominum

240 5412 501 5483 discipuli.
526 5410 722 5473 Sentit,
746 5410 798 5462 ni
830 5410 1003 5483 fallor,
1029 5410 1095 5483 de
1120 5410 1397 5464 I’aracleto
1421 5426 1572 5463 novre
1600 5409 1833 5483 prophe-

244 5487 347 5538 tiae.
371 5481 666 5539 Jac-labant
695 5496 820 5535 vero
848 5481 1078 5534 Montani
1102 5494 1418 5547 sectatores,
1443 5496 1501 5534 se
1524 5496 1629 5535 non
1658 5481 1834 5534 homi-

242 5572 365 5610 num
395 5552 711 5621 discipnlos.
738 5551 832 5621 sed
860 5552 1135 5605 I'araeleti.
1174 5553 1346 5606 Ilum.

317 5624 396 5697 (b)
440 5620 674 5697 Quarum
720 5620 809 5697 Dii
855 5624 1050 5697 plures.
1092 5623 1316 5697 I'rOpter
1352 5622 1597 5697 {Bonum
1624 5622 1848 5697 deorum

246 5692 564 5751 immensam
600 5693 915 5761 farraginem
959 5692 1360 5747 Valentinianus
1389 5694 1712 5758 subindicat,
1758 5694 1847 5763 qui

247 5768 623 5837 tlnosticorum
673 5767 814 5817 velut
853 5765 1073 5829 surculi,
1117 5776 1170 5819 et
1203 5764 1338 5821 rami
1366 5780 1432 5821 ex
1459 5776 1712 5837 corrupta
1753 5781 1841 5821 ra-

250 5842 381 5895 dice.
415 5838 495 5895 ιε
524 5836 618 5889 I’n.

534 5930 973 5991 Tenreuaanr
1026 5930 1098 5990 II.

2017 5334 2093 5408 (ς)
2117 5333 2332 5417 ΔΜοιιεεε
2352 5332 2411 5415 in.
2427 5329 3026 5417 [Egyploduidernssgl
3050 5335 3255 5417 Domini
3272 5360 3537 5417 Διςοιιερρεσ-

1942 5389 2171 5461 ιηιῖιζἈι
2196 5389 2371 5479 neque
2402 5405 2452 5479 in
2479 5389 2736 5479 Ᾰξέγριθ.
2764 5404 2857 5479 sed
2895 5407 2945 5459 in

1942 5479 2153 5549 Moyses
2195 5473 2321 5549 ipse
2337 5473 2501 5549 refert
2537 5473 2801 5549 ejusmodi
2830 5489 2888 5529 se
2914 5479 3236 5549 colloquium
3273 5502 3392 5543 eum
3424 5473 3537 5549 Deo

1958 5545 2568 5628 halittisse}_blirandutlt
2613 5545 2810 5627 idcirco
2857 5548 3010 5602 nobis
3042 5545 3266 5622 videtur,
3298 5561 3437 5628 quod
3471 5545 3538 5621 ne

1957 5622 2097 5674 ullus
2136 5618 2350 5688 quidem
2387 5620 2651 5685 interpres
2678 5616 2802 5690 sive
2819 5632 3213 5678 commentator
3244 5616 3383 5685 hunc
3409 5616 3542 5690 Tel-1

1957 5692 2155 5748 tulliani
2202 5704 2465 5764 errorem,
2499 5688 2836 5764 quantunnjs
2866 5690 3100 5757 obvium,
3144 5696 3209 5750 ad
3240 5710 3419 5760 nostra
3452 5688 3541 5764 urs-

1956 5780 2059 5827 que
2086 5773 2324 5833 tempora
2354 5759 2736 5816 observaverit.
2771 5759 2904 5815 Enn.

2901 5916 3101 6005 (δέω.)
