4262 6490
747 372 844 427 171

2135 361 2270 415 TER
2289 359 2595 415 l'ULLIANI

3935 365 4039 420 I72

751 483 915 553 Igitur
950 489 1043 536 aut
1084 478 1217 533 mori
1255 476 1571 542 debuerant,
1613 476 1657 528 si
1703 490 1825 531 emn
1866 474 2137 540 viderant;
2174 473 2338 528 Deum
2365 476 2417 535 Α
2448 483 2670 545 apparet
2699 484 2846 531 retro
2873 489 3088 546 semper
3111 476 3163 531 in
3191 480 3435 547 speculo,
3468 488 3522 532 et
3546 482 3848 549 aenigmate,
3878 490 3930 534 ct
3957 481 4039 535 vi-

752 578 892 632 cnim
922 591 1063 628 nemo
1089 572 1290 635 uidebit,
1322 581 1367 625 et
1394 572 1555 633 uiuet;
1584 579 1675 625 aut
1708 570 1752 623 si
1785 569 1949 624 Deum
1987 569 2254 632 viderunt,
2287 577 2343 623 et

753 668 946 722 mortui
980 681 1085 719 non
1118 673 1259 724 sunt.
1306 662 1576 731 Scriptura
1611 663 1888 725 mentitur,
1917 662 2081 715 Deum
2109 660 2338 727 dixisse,

754 759 962 813 Faciem
984 774 1146 812 meam
1172 757 1323 811 homo
1348 757 1388 811 si
1416 754 1613 818 viderit,
1639 770 1739 808 non
1760 755 1885 809 uiuet
1908 770 1924 818 ;
1951 764 2042 808 aut
2066 753 2339 824 Scriptura

752 853 1025 915 mentitur,
1065 865 1183 903 cum
1223 849 1479 913 invisum,
1527 856 1619 901 aut
1645 862 1765 900 cum
1796 850 1965 900 visum
2013 847 2177 901 Deum
2219 860 2341 915 pro-

750 945 873 1000 fert.
905 944 1020 998 Jam
1052 958 1177 1013 ergo
1204 942 1341 996 alius
1367 942 1469 996 erit
1494 941 1582 1010 qui
1611 940 1911 1005 videbatur,
1945 940 2069 1011 quia
2101 956 2206 996 non
2238 956 2338 1010 po-

752 1046 855 1091 test
885 1036 1024 1091 idcm
1058 1034 1340 1089 invisibilis
1379 1032 1611 1093 deliniri.
1645 1033 1734 1103 qui
1778 1033 2091 1094 videbatur;
2126 1042 2180 1087 et
2203 1048 2338 1087 con-

748 1143 981 1199 sequens
1003 1129 1127 1194 erit,
1158 1137 1214 1180 ut
1240 1125 1560 1181 invisibilem
1587 1125 1797 1184 Patrem
1830 1126 2212 1196 intelligamus,
2240 1141 2339 1196 pro

750 1223 1079 1293 plenitudine
1108 1220 1434 1290 majestatis;
1468 1220 1729 1276 visibilem
1761 1236 1891 1275 vero
1919 1219 2109 1274 Filium
2142 1234 2336 1290 agnos-

744 1330 948 1377 Cautus,
980 1329 1075 1383 pro
1100 1315 1316 1369 modulo
1336 1312 1714 1367 derivationis:
1743 1311 1879 1366 sicut
1905 1327 2004 1367 nee
2031 1311 2198 1367 sulem
2239 1328 2338 1366 no-

747 1407 829 1462 bis
857 1406 1206 1477 contcmplari
1252 1406 1397 1470 licet,
1430 1415 1685 1475 quantum
1721 1405 1787 1459 ad
1825 1406 1993 1475 ipsam
2024 1405 2341 1460 substantia:

744 1513 1005 1552 summam
1038 1514 1157 1564 quae
1185 1506 1267 1551 est
1308 1498 1358 1551 in
1390 1497 1578 1562 cmlis;
1622 1497 1827 1551 radium
1859 1508 2036 1552 autem
2065 1498 2179 1567 ejus
2202 1498 2339 1553 tole-

744 1590 1112 1645 ramusocnlis
1134 1604 1230 1659 pro
1250 1599 1608 1659 temperatura
1637 1590 1896 1658 portionis
1921 1606 2038 1659 quae
2064 1590 2114 1644 in
2141 1600 2337 1645 terram

747 1682 869 1735 inde
892 1682 1200 1752 porrigitur.
1236 1681 1330 1736 Hic
1361 1698 1425 1736 ex
1447 1681 1661 1737 diverso
1691 1682 1832 1736 volet
1850 1683 2043 1755 aliquis
2065 1685 2225 1738 etiam
2248 1684 2337 1739 Fi-

744 1774 872 1828 lium
904 1775 1221 1829 invisibilem
1252 1774 1602 1838 contendere,
1643 1783 1698 1827 ut
1734 1790 2060 1836 sermonem.
2092 1785 2148 1829 ut
2178 1777 2337 1846 spiri-

2449 568 2619 631 sione,
2648 576 2703 621 et
2723 567 2932 621 somnio
2960 568 3147 635 Deum,
3174 568 3223 624 id
3252 582 3354 633 est,
3381 568 3572 623 Filium
3594 572 3706 637 Dei,
3733 573 3903 626 visum
3929 584 4037 628 tam

2453 658 2736 729 Proplietis
2763 668 2819 714 et
2848 658 3197 726 Patriarchis,
3242 678 3402 731 quam
3432 670 3487 716 et
3518 664 3615 732 ipsi
3642 663 3816 718 adhuc
3847 664 4037 736 Moysi.

2446 750 2513 805 Et
2535 751 2647 821 ipse
2671 752 2887 823 quidem
2920 752 3179 808 Dominus
3207 757 3250 807 si
3285 755 3422 808 forte
3444 770 3626 811 coram
3653 756 3717 812 ad
3747 756 3933 812 faciem
3962 758 4042 812 lo-

2444 844 2727 912 quebatur,
2762 860 2866 898 non
2902 854 3077 899 tamen
3108 855 3166 899 ut
3192 855 3294 912 est,
3330 840 3491 900 homo
3523 848 3710 901 faciem
3742 850 3856 919 ejus
3886 850 4040 905 vidc-

2445 946 2547 999 ret,
2579 936 2680 991 nisi
2711 936 2851 993 forte
2879 937 2930 990 in
2954 938 3171 1007 speculo
3202 948 3257 992 et
3291 940 3342 992 in
3370 939 3671 1008 aenigmate.
3704 941 3962 1011 Denique,
3994 942 4041 997 si

2444 1029 2521 1082 sic
2541 1027 2706 1099 Moysi
2729 1028 2938 1084 loeutus
2956 1040 3037 1083 est
3062 1029 3337 1090 Dominus.
3365 1040 3420 1084 ut
3442 1042 3491 1085 et
3514 1030 3691 1100 Moyse
3716 1031 3899 1087 facient
3924 1036 4042 1100 ejus

2443 1121 2687 1173 cominus
2714 1120 2898 1185 sciret,
2920 1119 3192 1189 quomodo
3218 1120 3394 1174 statim
3422 1131 3581 1191 atque
3606 1120 3801 1176 ibidem
3828 1123 4044 1177 deside-

2445 1222 2528 1267 rat
2552 1212 2743 1269 faciem
2771 1214 2886 1285 ejus
2934 1215 3121 1271 videre
3166 1232 3347 1285 quam,
3378 1218 3500 1286 quia
3546 1217 3771 1279 viderat.
3818 1236 3923 1273 non
3953 1220 4046 1274 de-

2452 1307 2738 1363 sideraret.
2778 1310 3058 1374 Quomodo
3099 1326 3252 1379 teque
3297 1321 3351 1365 et
3384 1310 3638 1365 Dominus
3682 1324 3836 1382 negat
3877 1314 4047 1369 videri

2449 1399 2636 1454 faciem
2695 1415 2844 1454 suam
2892 1416 3087 1471 posse,
3152 1418 3310 1473 quam
3366 1403 3713 1469 ostenderat,
3777 1407 3818 1458 si
3868 1416 4049 1461 tamen

2444 1493 2804 1548 ostenderat?
2870 1496 2973 1548 Aut
3025 1512 3144 1564 qua:
3188 1507 3270 1550 est
3328 1495 3491 1549 facies
3551 1495 3663 1562 Dei,
3708 1499 3857 1567 cujus
3917 1514 4049 1553 con-

2441 1597 2657 1654 spectus
2721 1597 2964 1657 negatur,
3030 1593 3074 1643 si
3112 1599 3229 1643 erat
3279 1607 3397 1659 qua:
3436 1592 3545 1644 visa
3612 1595 3735 1647 est?
3786 1592 3917 1658 Vidi,
3958 1595 4045 1648 in-

2442 1678 2560 1746 quit
2599 1677 2784 1742 Jacob,
2830 1678 2994 1732 Deum
3028 1680 3159 1750 facie
3193 1681 3259 1732 ad
3292 1684 3496 1749 faciem,
3529 1692 3575 1735 et
3615 1684 3755 1737 salva
3794 1688 3931 1755 facta
3968 1695 4045 1740 est

2442 1772 2615 1825 anima
2643 1789 2752 1826 mea
2782 1772 2937 1843 (Gen.
2971 1771 3186 1839 XXXII,
3221 1772 3341 1846 '50).
3376 1776 3490 1829 Alia
3522 1775 3683 1831 debet
3714 1794 3833 1832 che
3858 1779 4047 1846 facies,

746 1876 891 1932 tum;
935 1878 987 1920 et
1023 1866 1149 1921 dum
1195 1867 1405 1921 unicam
1442 1865 1520 1938 (l)
1552 1865 1913 1921 conditionem
1947 1866 2117 1922 Patris
2138 1877 2192 1922 et
2222 1866 2341 1922 Filii
2371 1875 2419 1934 Β
2447 1880 2562 1934 qua:
2593 1866 2637 1919 si
2668 1864 2931 1929 videatur,
2964 1866 3179 1920 occidit.
3215 1868 3323 1920 Aut
3352 1868 3607 1937 numquid
3631 1867 3798 1922 Filius
3830 1872 4050 1938 quidem

747 1962 999 2020 vindicat.
1033 1978 1196 2017 unum
1228 1963 1405 2032 potius
1429 1972 1590 2033 atque
1615 1962 1866 2017 emndem
1889 1965 2210 2017 confirmare
2236 1961 2334 2016 Pa-

750 2065 883 2109 trem
923 2066 977 2110 et
1013 2053 1229 2110 Filium.
1266 2054 1369 2110 Sed
1409 2056 1643 2109 diximus
1664 2054 1993 2128 Scripturam
2024 2055 2339 2111 dill‘erentite

744 2146 1092 2215 patrocinari,
1133 2162 1227 2215 per
1258 2147 1485 2200 visibilis
1520 2156 1575 2202 et
1605 2147 1885 2203 invisibilis
1914 2148 2333 2204 diSIinetionem.

742 2238 873 2294 Nam
897 2248 951 2294 et
983 2239 1108 2293 illttd
1136 2238 1395 2305 adjiciunt
1422 2238 1488 2294 ad
1518 2241 2075 2310 argumentationem:
2109 2240 2261 2306 Quod
2292 2240 2337 2294 si

743 2330 910 2386 Filius
951 2340 1074 2385 tunc
1100 2331 1165 2385 ad
1196 2330 1415 2403 Moysen
1448 2333 1787 2403 loquebatur,
1820 2332 1935 2401 ipse
1967 2332 2155 2387 faciem
2184 2347 2335 2387 suam

742 2424 941 2478 nemini
971 2424 1232 2479 visibilem
1267 2424 1655 2493 pronuntiaret,
1686 2423 1805 2493 quia
1828 2424 2035 2479 scilicet
2062 2424 2176 2494 ipse
2205 2423 2339 2478 invi-

740 2516 912 2571 sibilis
957 2516 1111 2570 Pater
1134 2516 1291 2568 luerit
1319 2515 1371 2569 in
1394 2514 1514 2568 Filii
1566 2516 1802 2569 nomine.
1851 2516 1929 2570 Ac
1972 2530 2067 2586 per
2099 2520 2219 2578 hoc,
2261 2516 2338 2569 sic

742 2608 990 2665 eumdem
1021 2609 1206 2661 volunt
1230 2608 1398 2677 accipi
1454 2607 1714 2662 visibilem
1743 2617 1799 2663 et
1828 2607 2172 2670 invisibilem.
2205 2625 2339 2677 quo-

744 2700 906 2754 modo
936 2700 1181 2755 eumdem
1221 2698 1430 2754 Patrem
1461 2707 1516 2752 et
1542 2698 1766 2753 Filium:
1797 2701 2049 2771 quoniam
2088 2710 2143 2756 et
2182 2702 2339 2772 paulo

742 2807 926 2862 supra,
956 2801 1239 2861 antequam
1266 2790 1452 2846 faciem
1477 2791 1645 2864 Moysi
1669 2803 1936 2862 negasset,
1972 2790 2052 2866 (ἲ)
2080 2796 2335 2866 scriptum

741 2887 834 2950 sit,
860 2885 1141 2939 Dominum
1164 2884 1230 2939 ad
1254 2884 1471 2955 Moysen
1495 2885 1733 2940 locutum
1759 2901 1962 2951 coram,
1989 2888 2133 2941 velut
2154 2889 2197 2941 si
2219 2890 2339 2958 quis

744 2978 989 3048 loquatur
1011 2978 1075 3031 ad
1099 2977 1328 3031 amicum
1352 2992 1528 3037 suum.
1558 2994 1663 3031 non
1687 2978 1862 3031 minus
1882 2994 2042 3048 quam
2065 2991 2114 3034 et
2137 2978 2336 3034 JaCob:

741 3068 854 3140 Ego
883 3070 1006 3135 vidi,
1037 3069 1209 3138 inquit
1238 3067 1387 3139 (Gen.
1421 3067 1641 3132 XXXII,
1673 3068 1789 3140 50),
1828 3069 2103 3124 Dominum
2122 3072 2254 3139 [acie
2272 3075 2340 3124 ad

744 3161 949 3231 faciem.
985 3161 1126 3230 Ergo
1155 3161 1380 3214 visibilis
1410 3169 1466 3214 et
1498 3159 1577 3231 (ὅ)
1609 3159 1890 3214 invisibilis
1922 3160 2085 3216 idem.
2120 3161 2189 3215 Et
2216 3163 2338 3232 quia

2448 1958 2751 2022 videbatur,
2783 1970 2833 2014 et
2861 1962 2940 2014 sic
2968 1960 3152 2027 facies,
3183 1960 3279 2015 sed
3313 1961 3485 2029 ipsum
3519 1963 3619 2015 lioc
3650 1963 3699 2017 in
3737 1964 3962 2029 visione,
3997 1974 4055 2019 ct

2444 2053 2673 2114 somnio,
2704 2062 2759 2107 et
2786 2052 3029 2121 Speculo,
3060 2062 3114 2107 ct
3136 2053 3454 2122 aenigmate,
3482 2054 3603 2123 quia
3636 2070 3834 2119 sermo,
3861 2068 3913 2110 et
3941 2057 4055 2125 spi-

2444 2146 2601 2213 ritus,
2626 2146 2725 2200 nisi
2747 2146 3059 2215 imaginaria
3087 2146 3255 2199 forma
3279 2146 3447 2200 videri
3473 2162 3578 2200 non
3611 2159 3803 2216 potest.
3833 2148 3909 2220 (a)
3944 2151 4051 2204 Fa-

2454 2235 2592 2291 ciem
2614 2247 2791 2291 autem
2816 2252 2965 2291 suam
2991 2237 3121 2291 dicit
3146 2238 3465 2292 invisibili-in
3491 2238 3724 2294 Patiem.
3751 2242 3883 2309 Quis
3906 2244 4051 2298 enim

2445 2328 2639 2384 Pater?
2662 2346 2763 2382 non
2790 2329 2953 2385 facies
2974 2330 3077 2384 erit
3095 2329 3235 2395 Filii,
3264 2332 3479 2386 nomine
3497 2334 3851 2397 auctoritatis,
3887 2350 4052 2405 quam

2449 2421 2662 2489 genitus
2688 2437 2717 2474 a
2747 2420 2903 2475 Patre
2933 2422 3319 2491 consequitur?
3351 2422 3465 2476 Non
3506 2424 3649 2478 enim
3681 2436 3735 2479 et
3766 2425 3832 2479 de
3869 2428 4052 2495 aliqua

2455 2514 2659 2583 majore
2696 2530 2919 2583 persona
2954 2516 3197 2584 congruit
3225 2516 3403 2571 dicere
3437 2534 3448 2569 :
3483 2518 3642 2572 facies
3678 2532 3793 2571 mea
3836 2530 3920 2574 est
3960 2520 4054 2577 ille

2448 2606 2639 2671 houto;
2669 2617 2721 2661 et
2752 2626 2762 2660 :
2796 2606 2984 2661 faciem
3013 2608 3140 2660 mihi
3168 2617 3403 2676 praestat.
3445 2607 3623 2675 Pater,
3658 2611 3847 2679 inquit,
3882 2614 4055 2677 maior

2445 2715 2524 2753 me
2550 2710 2621 2754 est
2676 2698 2855 2770 (Joan.
2891 2700 3030 2761 XIV,
3062 2700 3182 2772 28).
3216 2701 3358 2770 Ergo
3383 2701 3547 2758 facies
3575 2705 3676 2757 erit
3711 2704 3828 2758 Filii
3865 2706 4050 2763 Pater.

2444 2790 2576 2845 Nam
2619 2802 2673 2847 et
2703 2794 2977 2861 Scriptura
3006 2792 3133 2862 quid
3165 2792 3331 2847 dicit?
3370 2794 3600 2863 Spiritus
3639 2812 3870 2865 persona:
3911 2799 4048 2867 ejus,

2444 2883 2674 2938 Christus
2715 2884 2969 2938 Dominus
3011 2883 3223 2955 (Tltreu.
3260 2885 3347 2950 IV,
3378 2884 3493 2958 20).
3535 2887 3676 2951 Ergo
3720 2891 3763 2941 si
3803 2888 4053 2947 Christus

2446 2994 2687 3047 DCI‘SOHEC
2731 2990 2965 3047 paterna:
3005 2980 3225 3050 Spiritus
3265 2988 3366 3043 est,
3413 2985 3605 3034 merito
3636 2983 3788 3051 cujus
3819 2984 4043 3053 spiritus

2445 3085 2673 3140 persona
2702 3082 2839 3137 erat,
2871 3070 2921 3125 id
2946 3081 3026 3125 est
3050 3071 3243 3136 Patris,
3274 3088 3394 3125 eum
3424 3072 3613 3128 faciem
3643 3091 3816 3139 suam,
3842 3092 3905 3130 ev
3938 3077 4057 3132 uni-

2448 3174 2555 3219 tate
2592 3165 2817 3230 seilicet,
2864 3166 3247 3233 pronuntiavit.
3299 3164 3524 3219 Mirarer
3565 3168 3740 3235 plane.
3781 3183 3847 3222 an
3882 3170 4051 3226 facies

746 3256 886 3311 idem
911 3264 1223 3326 utrumque,
1246 3254 1365 3309 ideo
1388 3264 1441 3309 et
1466 3254 1600 3324 ipse,
1623 3268 1727 3323 qua
1751 3254 1926 3321 Pater,
1946 3254 2340 3320 invisibilis;et
2366 3269 2411 3333 ρ
2446 3255 2565 3311 Filii
2606 3256 2765 3311 Pater
2800 3257 2966 3325 accipi
3012 3258 3201 3326 possit,
3243 3258 3329 3325 qui
3375 3269 3456 3313 est
3484 3272 3645 3329 caput
3688 3260 3834 3331 ejus:
3880 3264 4051 3334 Caput

744 3368 849 3423 qua
872 3351 1059 3414 Filius.
1084 3350 1161 3421 (4)
1183 3351 1427 3405 visibilis.
1448 3351 1610 3417 Quasi
1632 3366 1737 3404 non
1757 3353 2018 3420 expositio
2045 3352 2337 3423 Scriptura:

741 3465 860 3517 qua:
888 3447 945 3501 lit
969 3461 999 3500 a
1024 3444 1200 3509 nobis,
1229 3444 1366 3499 Filio
1384 3453 1676 3515 competat,
1705 3445 1862 3501 Patre
1892 3447 2131 3516 seposito
2157 3448 2210 3502 in
2242 3462 2336 3503 sua

742 3539 1127 3595 invisibilitate.
1156 3534 1237 3610 (5)
1267 3537 1505 3592 Dicimus
1534 3541 1677 3591 enim
1701 3546 1755 3591 et
1780 3537 1975 3592 Filium
1998 3554 2097 3593 suo
2121 3541 2337 3596 nomine

744 3644 968 3689 eatenus
990 3630 1336 3695 invisibilem,
1359 3644 1461 3699 qua
1484 3643 1663 3683 sermo
1686 3639 1741 3683 et
1762 3630 1979 3698 spiritus
2006 3630 2099 3685 Dei
2124 3646 2188 3686 ex
2212 3633 2340 3687 sub.

744 3725 957 3780 stantia
982 3721 1293 3778 conditione
1318 3721 1426 3790 jam
1456 3736 1619 3787 nunc,
1649 3731 1701 3775 et
1724 3736 1827 3792 qua
1853 3719 1933 3794 (6)
1968 3722 2124 3787 Deus,
2156 3734 2209 3778 et
2234 3740 2342 3781 ser-

748 3834 859 3883 mo,
891 3825 945 3872 et
968 3816 1221 3887 spiritus:
1256 3813 1526 3870 visibilem
1563 3822 1744 3869 autem
1778 3813 1941 3870 fuisse
1970 3825 2095 3871 ante
2120 3832 2337 3873 carnem

746 3928 814 3968 eo
844 3911 1001 3968 modo
1036 3925 1142 3979 quo
1170 3908 1301 3963 dicit
1329 3906 1516 3979 (Num.
1551 3907 1666 3972 XII,
1701 3907 1783 3979 2)
1831 3909 1895 3963 ad
1939 3912 2114 3967 Aaron
2146 3923 2201 3967 et
2230 3911 2341 3967 Ma-

746 4005 910 4067 riam;
943 4002 1073 4058 Etsi
1100 4002 1250 4073 fuerit
1276 4000 1557 4071 Prophetas
1578 4004 1629 4055 iu
1655 4001 1810 4065 vobis,
1834 4004 1887 4056 iu
1912 4004 2100 4059 uisione
2128 4022 2341 4075 cognos-

744 4115 836 4153 car
863 4098 961 4161 illi,
990 4107 1035 4151 et
1064 4098 1116 4149 iu
1152 4096 1348 4150 somnio
1378 4096 1556 4165 loquar
1580 4096 1681 4161 illi,
1722 4114 1821 4149 mm
1864 4100 2115 4166 quomodo
2148 4100 2337 4173 Moysi.

750 4189 821 4245 Os
846 4190 912 4243 ad
934 4206 989 4243 us
1017 4190 1193 4258 loquar
1221 4188 1296 4243 illi
1327 4189 1379 4242 in
1404 4188 1589 4255 specie,
1619 4186 1672 4242 id
1694 4198 1776 4242 est
1801 4188 1852 4243 in
1882 4191 2135 4256 veritate;
2165 4204 2210 4247 et
2237 4210 2339 4249 non

745 4285 800 4337 in
828 4284 1113 4353 waigmate,
1144 4281 1197 4336 id
1226 4292 1329 4347 est,
1359 4296 1465 4335 non
1497 4284 1546 4334 in
1579 4282 1831 4350 imagine.
1863 4282 2011 4339 Sicut
2036 4296 2089 4339 et
2115 4287 2337 4358 Apostoo

747 4376 830 4430 Ius
847 4392 860 4428 :
880 4372 932 4427 Ν
939 4391 1034 4427 uuc
1061 4374 1289 4428 uidemus
1312 4384 1550 4435 tauquam
1575 4390 1664 4444 per
1689 4376 1949 4442 speculum
1975 4378 2025 4430 in
2047 4379 2333 4451 teuigmate,

744 4477 860 4521 tunc
898 4476 1066 4521 autent
1112 4466 1243 4536 facie
1278 4466 1345 4519 ad
1388 4467 1571 4537 [aciem
1614 4464 1671 4539 (Ι
1702 4466 1967 4532 Cor.XllI,
2016 4470 2130 4542 I2).
2174 4473 2337 4545 Igitur

741 4574 864 4616 cum
902 4561 1064 4625 Moysi
1114 4569 1294 4614 servat
1350 4570 1693 4629 conspectum
1734 4579 1887 4617 suum
1918 4576 1970 4618 et
2008 4566 2332 4637 colloquium

2440 3352 2581 3407 enim
2611 3350 2801 3406 Christi
2828 3349 2961 3404 Deus
2992 3349 3045 3421 (Ι
3075 3350 3193 3404 Cor.
3226 3349 3293 3415 ll,
3322 3349 3403 3423 5).

3043 3460 3273 3517 CAPUT
3314 3462 3430 3518 XV.

2513 3558 2571 3613 Si
2617 3557 2757 3611 hunc
2783 3555 3065 3610 articulum
3102 3556 3490 3624 qua-stionibns
3520 3556 3809 3626 Scriptura:
3847 3561 4053 3617 veteris

2441 3666 2548 3705 non
2570 3650 2874 3721 expediam,
2899 3648 2966 3704 de
2988 3647 3137 3703 Novo
3158 3650 3504 3703 Testamento
3525 3664 3730 3704 sumam
3754 3653 4051 3711 confirma-

2444 3743 2643 3797 tionem
2696 3750 2895 3797 nostra'.
2931 3742 3415 3811 interpretationis;
3464 3758 3529 3797 ne
3574 3744 3949 3817 quodcumque
3994 3750 4053 3807 in

2442 3834 2637 3891 Filium
2696 3844 2907 3905 reputo,
2951 3834 3003 3889 in
3048 3834 3259 3889 Patrem
3304 3835 3527 3904 proinde
3581 3837 3855 3895 defendas.
3902 3840 4053 3900 Ecce

2442 3928 2583 3981 enim
2620 3936 2675 3982 et
2701 3927 2751 3981 in
2782 3925 3086 3997 Evangeliis
3112 3936 3165 3980 et
3196 3926 3250 3980 in
3278 3929 3550 3996 Apostolis
3580 3930 3844 3987 visibilem
3872 3944 3925 3987 et
3963 3935 4051 3989 in-

2442 4020 2709 4075 visibilem
2740 4020 2905 4075 Deum
2936 4019 3306 4090 deprehendo,
3339 4022 3438 4074 sub
3466 4024 3743 4079 manifesta
3772 4040 3825 4079 et
3858 4043 4051 4095 perso-

2444 4113 2547 4166 nali
2571 4112 2917 4167 distinctione
2940 4112 3266 4167 conditionis
3289 4115 3583 4183 utrinSque.
3616 4117 3889 4173 Exclamat
3911 4138 4051 4191 quo-

2441 4205 2727 4261 dammodo
2754 4206 3024 4271 Joannes;
3059 4204 3225 4261 Deum
3247 4224 3392 4261 nemo
3421 4209 3545 4263 uidit
3577 4228 3798 4271 unquam
3828 4213 4044 4284 (Joan.,

2441 4296 2481 4363 I,
2508 4296 2621 4369 18).
2646 4296 2838 4367 Utique
2863 4313 2963 4353 nec.
2992 4309 3157 4353 retro.
3187 4299 3398 4354 Ademit
3419 4303 3561 4356 enim
3589 4306 3844 4374 temporis
3866 4324 4050 4375 quars-

2441 4393 2659 4457 tionem,
2704 4391 2930 4447 dicendo
2991 4392 3156 4447 Deum
3190 4408 3457 4461 nunquam
3501 4396 3692 4451 visum.
3740 4398 4048 4459 Conﬁrmat

2439 4494 2493 4540 et
2522 4486 2806 4553 Apostolus
2836 4487 2901 4539 de
2941 4486 3081 4539 Deo:
3120 4485 3277 4553 Quem
3306 4504 3450 4541 uenio
3487 4489 3609 4541 vidit
3633 4492 3914 4553 hominum.
3949 4496 4047 4551 sed

2440 4593 2529 4631 nec
2558 4578 2726 4631 videre
2767 4588 2928 4647 potest
2976 4575 3028 4649 (Ι
3054 4575 3192 4632 Titii.
3225 4578 3311 4643 Vl,
3356 4578 3482 4650 18);
3516 4582 3736 4643 Scilicet,
3765 4586 3888 4653 quia
3922 4602 4047 4641 mo-

742 4653 881 4710 l‘acie
906 4653 974 4708 ad
1006 4653 1190 4709 faciem
1223 4654 1273 4709 in
1298 4653 1531 4709 futurum
1562 4654 1709 4727 (nam
1737 4654 1837 4711 hnc
1861 4668 2043 4728 postea
2074 4661 2329 4732 adimple-
2357 4668 2411 4728 D
2440 4672 2606 4726 rietur
2628 4671 2715 4740 qui
2741 4670 2926 4726 viderit
2955 4670 3054 4743 (ὁ).
3081 4670 3248 4726 Iidem
3280 4672 3377 4741 ipsi
3404 4676 3441 4726 Α
3454 4676 3642 4741 postoli
3671 4688 3724 4730 et
3752 4678 3953 4735 vidisse
3978 4696 4045 4737 se

738 4758 851 4803 tum
878 4758 960 4802 est
987 4748 1038 4801 in
1063 4748 1259 4802 montis
1281 4762 1516 4805 secessu.
1545 4748 1685 4802 sicut
1709 4749 1932 4817 legimus
1962 4752 2013 4807 in
2039 4752 2332 4826 Evangelia

741 4839 895 4913 (Luc.
916 4838 1010 4904 IX,
1034 4839 1148 4909 50.)
1176 4841 1349 4897 visum
1378 4855 1498 4897 cum
1520 4840 1612 4896 illo
1634 4846 1851 4914 Moysen
1876 4844 2328 4917 colloquentem);

2437 4762 2735 4828 Christum,
2757 4774 2812 4819 et
2841 4774 3207 4818 contrectasse
3234 4774 3517 4819 testantur.
3553 4767 3719 4821 Porro
3742 4774 3784 4822 si
3808 4771 3925 4839 ipse
3954 4783 4048 4830 est

2434 4855 2682 4910 Christus
2710 4865 2764 4909 et
2789 4857 2947 4911 Pater
2968 4864 3023 4911 et
3056 4854 3245 4924 Filius,
3275 4858 3548 4927 quomodo
3578 4861 3725 4914 visus
3743 4872 3847 4929 est,
3867 4874 3921 4919 et
3950 4866 4044 4922 in-

1985 4937 2367 5002 LECTIONES
2406 4947 2818 5006 VAIiIANTES.

824 5047 868 5108 l)
910 5045 1063 5108 Unam
1089 5047 1238 5108 Scott.

817 5107 867 5170 '2)
911 5108 971 5159 Et
996 5107 1161 5158 inserit
1183 5110 1332 5160 Sani.

820 5174 868 5237 5)
909 5172 969 5223 Et
991 5172 1122 5221 abest
1142 5172 1294 5222 Frau.
1315 5171 1483 5224 Paris.

2520 5130 2569 5187 ὅ)
2598 5129 2907 5178 Visibilitatis
2929 5130 3081 5180 Semt.

2522 5066 2571 5125 ι)
2601 5064 2735 5130 iouia
2758 5074 2808 5130 et
2831 5066 2956 5115 filius
2978 5066 3129 5116 Seml.
3158 5074 3299 5130 pater
3321 5068 3526 5119 visibilis
3546 5069 3749 5120 antehac
3768 5078 3884 5122 Jun.

2522 5072 2571 5125 ι)
2614 5072 2735 5124 Quia
2758 5074 2808 5116 et
2831 5072 2956 5115 titius
2978 5072 3129 5116 Semt.
3158 5074 3299 5130 pater
3321 5072 3526 5119 visibilis
3546 5072 3749 5120 ante/mc
3768 5078 3841 5121 Jui

2496 5072 2569 5249 35)
2598 5129 2907 5200 Visibilitatis
2929 5130 3081 5180 Semt.

2518 5190 2569 5249 6)
2612 5191 2733 5249 Qma
2750 5192 2902 5243 Seml.
2927 5206 3037 5254 qua:
3061 5192 3197 5242 Deus
3220 5201 3273 5243 ut
3295 5194 3415 5243 Jun.
3441 5207 3536 5257 qua
3561 5196 3711 5244 etiam
3737 5196 3841 5262 [τίς.

2070 5262 2628 5331 COMMENTARIUS.

799 5346 1252 5420 CAP.XIV.—-(a)
1287 5346 1490 5403 Faciem
1510 5359 1679 5404 autem
1692 5368 1855 5415 suam,
1872 5364 1977 5409 etc.
2002 5352 2147 5410 ISllld
2162 5356 2332 5413 adfert

728 5430 917 5473 auctor
931 5429 1177 5487 tanquam
1204 5431 1570 5489 argumentum
1590 5422 1985 5479 Praxeanorum
2004 5442 2017 5489 ;
2036 5442 2158 5480 nam
2176 5441 2222 5483 et
2244 5446 2329 5485 re-

726 5490 854 5566 futat
872 5490 1053 5566 verbis
1071 5493 1193 5550 illis.
1216 5491 1341 5566 Quis
1362 5494 1492 5566 enim
1510 5504 1648 5561 pater
1670 5494 1695 5546 ?
1716 5504 1819 5549 etc.
1846 5498 2134 5551 ostendens
2156 5500 2323 5566 [ilium

725 5563 901 5641 potius
950 5560 1134 5641 [aciein
1181 5564 1337 5627 patris
1386 5560 1949 5638 dici'tleliere.idque
1997 5585 2063 5623 ex
2118 5560 2317 5641 scrip,

729 5633 932 5687 'l‘hren.
968 5631 1052 5687 IV.
1092 5633 1222 5686 Pan.

794 5704 949 5780 (i-\_l_’.
982 5703 1096 5757 XV.
1126 5736 1189 5742 —
1312 5704 1489 5780 Alidem
1511 5709 1607 5776 ipsi
1635 5708 1885 5777 :Ipostoli.
1916 5722 2017 5764 etc.
2045 5715 2321 5780 Apostolis

723 5775 1163 5848 pluralinumero
1192 5776 1471 5839 adtribuit,
1506 5779 1645 5847 quod
1675 5775 1819 5832 Solus
1850 5780 2082 5836 Joannes
2097 5775 2317 5848 scribit,

724 5846 889 5917 Epist.
916 5846 952 5911 I,
978 5864 1024 5901 c.
1063 5849 1107 5914 l,
1140 5858 1192 5903 et
1231 5862 1348 5903 mox
1384 5846 1607 5916 citatui';
1638 5865 1698 5905 ea
1725 5851 1791 5907 de
1821 5866 2029 5922 caussa,
2063 5846 2319 5926 quantum

2433 5376 2675 5444 apparet,
2693 5366 2835 5438 quod
2853 5366 3128 5444 pluraliter
3141 5368 3436 5444 illediverit
3456 5370 3627 5437 :Quod
3643 5372 3875 5435 uidimus,
3895 5381 4045 5444 quod

2432 5438 2738 5503 audiuimus,
2771 5440 2931 5494 oculis
2953 5441 3136 5493 nostris
3159 5442 3397 5502 uidimus.
3424 5454 3470 5495 et
3496 5460 3675 5497 manus
3696 5456 3884 5499 nostra:
3906 5438 4042 5503 can-

2428 5516 2785 5576 treclaverunt,
2837 5512 2899 5565 de
2929 5513 3173 5584 Sermone
3202 5515 3329 5566 uiue.
3384 5512 3482 5569 Ubi
3530 5525 3584 5567 ct
3626 5531 3833 5569 rursum
3870 5522 4042 5584 paulo

2428 5592 2545 5647 post
2573 5585 2851 5637 verborum
2878 5582 3119 5637 ordinem
3174 5585 3435 5645 immutat,
3468 5600 3587 5639 cum
3640 5588 3844 5655 legatur
3868 5582 4041 5648 hodie

2427 5660 2482 5703 et
2513 5668 2682 5727 graece
2734 5665 2786 5707 et
2832 5655 3023 5709 latine:
3078 5656 3213 5723 quod
3254 5658 3578 5721 audirimus,
3632 5663 3766 5727 quod
3812 5661 4043 5719 uidimus

2426 5724 2586 5776 oculis
2615 5727 2815 5787 nostris,
2845 5727 2981 5792 quod
3010 5728 3387 5797 prospeximus,
3409 5738 3452 5783 et
3482 5724 3665 5785 manus
3686 5740 3876 5787 uostra'
3902 5750 4039 5791 cou-

2425 5803 2775 5851 trectareruut.
2813 5797 2946 5852 PAM.
