4262 6490
196 360 283 415 175
1305 362 1511 419 LIBER
1554 363 1873 421 ADVEIlSU

1773 364 1918 421 lSUS
1956 364 2311 420 ΡΒᾹΧΕΛΜ.
3355 365 3456 422 174

197 477 347 530 visus?
388 478 465 532 Ad
498 477 637 533 hanc
672 477 1038 534 diversitatem
1081 477 1182 533 visi
1210 486 1264 533 et
1294 479 1452 534 invisi
1496 479 1548 533 in
1581 492 1741 532 unum
1772 482 1825 543 Α
1851 478 2065 541 litatem,
2094 488 2141 532 et
2164 478 2326 532 lucem
2354 477 2548 532 habitat
2577 476 2993 532 inaccessibilem.
3030 476 3103 531 De
3128 492 3234 548 quo
3266 486 3321 532 et
3347 492 3439 531 su-

196 571 558 637 confcrendam,
606 574 725 644 quis
755 589 820 627 ex
865 572 1081 628 diverso
1117 589 1226 629 non
1268 575 1745 645 argumentabitur,
1856 583 1951 639 pra
1989 569 2196 623 dixerat
2232 568 2309 638 (a)
2347 586 2359 621 :
2395 566 2520 638 Regi
2564 579 2731 621 autent
2762 568 3061 623 steculorum
3085 608 3099 631 ,
3134 568 3447 634 immortali,

196 676 319 721 recte
357 673 630 737 utrumque
662 665 861 721 dictum
895 683 908 717 :
948 664 1211 721 vusibilem
1243 666 1457 737 quidem
1490 667 1540 721 in
1566 681 1749 735 came,
1855 661 2111 725 invisibili,
2140 660 2236 716 soli
2260 658 2369 714 Deo
2398 677 2415 713 :
2446 671 2498 713 ut
2527 668 2581 715 et
2620 662 2887 715 contraria
2936 662 3032 730 ipsi
3073 659 3210 715 Filio
3248 661 3452 714 adscri—

194 758 478 815 invisibilem
530 777 659 816 vero
710 770 833 816 ante
879 776 1130 825 carnem;
1186 773 1242 815 ut
1297 759 1439 816 idem
1483 761 1555 815 sit
1596 761 1754 816 Pater
1858 756 2147 822 heremus,
2181 754 2560 810 mortalitatem
2607 754 2722 828 (9),
2752 755 3447 824 aceessibilitatemmuem

194 851 442 907 invisibilis
488 862 612 910 ante
661 869 902 920 carnem,
960 854 1054 925 qui
1109 865 1163 910 et
1209 852 1379 909 Filius
1428 853 1654 908 visibilis
1699 852 1753 907 in
1859 859 2112 902 mortuum
2137 858 2467 904 contestatur
2494 850 2769 903 secundum
2798 846 3448 919 Scripturas(lCor.XV,

192 947 368 1001 carne?
418 950 618 1017 Atquin
641 990 654 1014 ,
701 950 743 1003 si
792 949 932 1003 idem
987 954 1110 1003 ante
1162 962 1380 1002 carnem
1430 946 1712 1001 invisibilis
1733 985 1750 1011 ,
1859 940 1917 1011 3)
1943 958 1958 1008 ;
1988 953 2041 997 et
2066 958 2095 997 a
2124 957 2184 997 se
2212 944 2504 1000 novissime
2532 945 2731 1011 visum,
2753 960 2847 1016 per
2874 944 3241 1000 accessibilem
3269 944 3448 1013 utique

192 1042 429 1109 qUomodo
469 1042 616 1096 visus
654 1042 814 1097 etiam
847 1049 992 1095 retro
1029 1037 1297 1094 invenitur
1335 1048 1458 1093 ante
1494 1037 1755 1093 carnem?
1861 1038 2037 1093 lucem
2071 1055 2084 1091 :
2116 1054 2418 1108 quanquam
2464 1051 2517 1094 et
2546 1039 2691 1095 illam
2723 1055 2897 1109 neque
2922 1033 3032 1110 (10)
3069 1039 3180 1107 ipse
3212 1038 3327 1091 sine
3359 1053 3450 1106 pe-

192 1129 347 1201 llique
365 1132 403 1186 si
428 1131 567 1187 idem
593 1141 711 1202 post
732 1144 889 1202 quem
919 1141 971 1187 et
999 1140 1146 1186 retro
1174 1131 1346 1185 visum
1376 1130 1430 1184 in
1451 1131 1752 1200 aenigmate,
1862 1129 2032 1186 riculo
2075 1130 2291 1186 luminis
2336 1142 2589 1201 expertus
2634 1140 2756 1196 est,
2808 1130 2883 1201 (b)
2932 1145 3105 1199 neque
3157 1128 3347 1185 Petrus
3403 1137 3459 1183 et

194 1224 373 1294 plenius
422 1223 687 1279 visibilem
733 1238 860 1278 caro
914 1222 1124 1289 ell‘ecit;
1172 1237 1354 1278 sermo
1401 1221 1623 1285 scilicet,
1666 1221 1758 1292 qui
1861 1222 2095 1278 Joannes
2138 1233 2193 1277 et
2233 1222 2465 1280 lacubus
2504 1225 2623 1280 sine
2661 1223 2883 1278 rationis
2929 1222 3042 1296 (11)
3089 1234 3141 1277 et
3186 1222 3456 1284 amentia;

197 1326 241 1371 et
282 1331 394 1371 caro
424 1318 613 1381 tactus,
643 1326 726 1371 est
756 1316 911 1382 alius,
958 1328 1120 1385 quem
1164 1330 1435 1385 nunquam
1475 1313 1757 1384 quisquam
1863 1316 1952 1386 qui
1999 1316 2045 1370 si
2092 1331 2199 1371 non
2243 1318 2447 1386 passuri
2480 1316 2599 1372 Filii
2628 1316 2852 1387 gloriam
2874 1356 2889 1382 ,
2924 1315 3018 1370 sed
3050 1316 3260 1370 Patrem
3290 1314 3457 1368 vidis-

194 1407 326 1471 vidit,
363 1408 460 1461 nisi
500 1408 678 1473 Pater,
711 1406 918 1462 scilicet
946 1406 1097 1476 cujus
1125 1414 1209 1461 est
1246 1421 1450 1462 sermo.
1492 1406 1758 1475 Denique,
1865 1423 2004 1474 sent,
2030 1409 2476 1477 credo,morituri
2503 1409 2716 1465 ibidem.
2738 1408 2904 1463 Deum
2926 1410 3067 1461 enim
3086 1424 3230 1460 neuio
3254 1407 3458 1473 videbit,

197 1502 519 1571 inspiciamus
577 1517 735 1570 quem
789 1500 1037 1571 Apostoli
1092 1500 1346 1555 Viderint.
1401 1499 1551 1568 Quod
1624 1498 1760 1553 vidi-
1866 1516 1912 1559 et
1938 1505 2085 1560 uiuet.
2116 1504 2171 1559 Si
2203 1502 2319 1558 haec
2353 1503 2424 1556 ita
2460 1512 2624 1567 sunt,
2653 1509 2866 1555 constat
2890 1514 3012 1555 eum
3045 1514 3259 1568 semper
3287 1498 3460 1553 visum

192 1612 320 1661 mus,
366 1594 529 1664 inquit
577 1592 810 1648 Joannes
864 1591 909 1662 (ι
957 1591 1114 1647 Joun.
1150 1591 1202 1661 l,
1256 1592 1335 1663 l),
1377 1592 1512 1662 quod
1558 1590 1760 1644 audiui-
1866 1617 1875 1654 ε

1866 1601 1933 1654 ah
1964 1599 2137 1662 initio,
2171 1596 2263 1669 qui
2294 1596 2440 1651 visus
2471 1594 2636 1651 fuerit
2666 1596 2716 1648 in
2751 1593 2887 1657 line;
2918 1602 3118 1648 etcum
3151 1606 3251 1646 nec
3278 1592 3327 1644 in
3357 1592 3464 1644 line

194 1705 294 1743 mus
316 1730 329 1753 ,
359 1689 517 1742 oculis
548 1690 734 1743 nostris
760 1688 997 1752 uidimus,
1026 1700 1071 1742 et
1100 1704 1280 1741 manus
1318 1697 1503 1740 nostra:
1538 1696 1760 1739 contr-ec.
1867 1692 2062 1755 visum,
2093 1689 2183 1760 qui
2214 1703 2313 1744 nec
2338 1688 2405 1743 ab
2435 1687 2587 1741 initio
2617 1685 2716 1740 fuit
2738 1686 2884 1740 visus
2909 1702 2924 1751 ;
2957 1695 3011 1739 et
3053 1685 3122 1738 ita
3153 1684 3287 1739 duos
3316 1698 3466 1747 esse,

186 1791 396 1834 tut’urunl
432 1782 493 1834 de
537 1781 787 1835 Sermone
826 1782 960 1836 vilic.
1012 1782 1203 1835 Sermo
1246 1780 1389 1835 enim
1419 1779 1541 1832 vita:
1570 1776 1761 1844 factus,
1870 1784 2043 1837 visum
2074 1791 2130 1836 et
2165 1780 2417 1834 invisum.
2448 1776 2615 1833 Filius
2656 1792 2785 1847 ergo
2827 1778 2974 1832 visus
3011 1785 3095 1831 est
3134 1790 3368 1844 semper,
3417 1785 3474 1831 et

182 1887 230 1929 ct
255 1875 477 1939 auditus,
509 1886 561 1929 et
586 1884 977 1938 contrectatus,
1008 1875 1133 1944 quia
1173 1888 1320 1937 caro.
1354 1871 1441 1941 qui
1482 1882 1607 1925 ante
1641 1886 1763 1925 car-
1795 1883 1841 1943 Β
1872 1874 2037 1929 Filius
2061 1878 2411 1927 conversatus
2441 1879 2523 1923 est
2554 1884 2790 1937 semper,
2824 1879 2879 1922 et
2912 1866 3080 1921 Filius
3103 1878 3355 1937 operatus
3386 1877 3471 1921 est

194 1984 304 2021 nem
343 1965 531 2022 Sermo
579 1976 781 2023 tantum
834 1967 886 2022 in
933 1966 1222 2037 primordio
1268 1965 1405 2037 apud
1454 1966 1618 2020 Deum
1659 1964 1764 2019 Pa-
1870 1982 2107 2036 semper,
2136 1980 2205 2017 ex
2238 1962 2558 2042 auctoritate
2591 1960 2763 2014 Patris
2789 1969 2844 2013 et
2873 1959 3150 2013 voluntate
3175 1974 3190 2023 ;
3218 1960 3339 2029 quia
3375 1957 3467 2012 Fi-

192 2073 333 2125 trcm,
376 2078 481 2115 non
534 2062 690 2115 Pater
729 2060 867 2131 apud
911 2061 1248 2117 Sermonem.
1297 2058 1428 2114 Nam
1471 2057 1575 2113 etsi
1622 2057 1768 2113 Deus
1871 2060 1971 2113 lius
2010 2055 2138 2109 nihil
2161 2074 2191 2108 a
2221 2054 2490 2125 semetipso
2522 2059 2683 2122 potest
2711 2055 2898 2122 facere,
2932 2051 3030 2103 nisi
3054 2050 3230 2103 uiderit
3260 2048 3472 2103 Patrem

180 2155 379 2218 Sermo,
415 2153 509 2209 sed
538 2153 679 2223 apud
702 2153 893 2219 Deum,
917 2154 1037 2224 quia
1061 2169 1125 2207 ex
1156 2152 1267 2207 Deo
1301 2153 1463 2219 Deus,
1495 2153 1618 2221 quia
1642 2167 1764 2205 eum
1873 2154 2183 2225 )hcieutem;
2241 2151 2294 2204 in
2343 2164 2506 2205 sensu
2555 2148 2762 2203 scilicet
2806 2145 3090 2203 facientem
3133 2143 3270 2218 (1‘2).
3316 2145 3474 2199 Pater

178 2250 325 2304 Patre
367 2248 505 2318 apud
564 2249 799 2303 Patrem.
830 2245 899 2300 Et
939 2247 1154 2300 vidimus
1198 2245 1416 2316 gloriam
1463 2246 1573 2315 ejus
1599 2284 1615 2309 ,
1655 2254 1769 2297 tnn-
1874 2246 2017 2301 enim
2047 2260 2208 2299 sensu
2246 2242 2361 2315 (15)
2388 2242 2515 2312 agit.
2548 2241 2719 2296 Filius
2745 2256 2875 2297 vero
2911 2242 3053 2311 quod
3084 2240 3198 2312 (I/s)
3222 2241 3275 2293 in
3303 2239 3475 2294 Patris

178 2359 325 2410 quam
388 2340 633 2410 κατήρειιὶιὶ
678 2357 709 2393 ιι
751 2338 905 2393 Patre
947 2336 1125 2409 (Joan.
1158 2337 1211 2401 l.
1242 2336 1368 2406 M);
1409 2336 1590 2406 utique
1619 2335 1762 2399 Filii.
1874 2357 2036 2397 sensu
2068 2348 2151 2396 est
2181 2338 2369 2393 videns
2397 2337 2623 2409 perﬁcit.
2657 2337 2748 2391 Sic
2775 2337 2946 2390 omnia
2987 2353 3075 2405 per
3115 2333 3312 2390 Filium
3339 2339 3477 2406 facta

176 2435 371 2489 scilicet
401 2433 647 2494 visibilis,
694 2432 978 2502 glorilicati
1006 2446 1036 2485 a
1060 2432 1217 2486 Patre
1246 2430 1521 2486 invisibili.
1553 2429 1620 2483 Ει
1650 2429 1771 2482 ideo
1875 2443 2013 2501 sunt,
2043 2442 2089 2487 et
2113 2433 2222 2487 sine
2246 2431 2335 2486 illo
2362 2431 2556 2501 factum
2576 2441 2647 2483 est
2676 2428 2833 2484 nihil.

174 2527 416 2597 quoniam
457 2526 535 2595 (1)
595 2523 912 2579 Sermonem
958 2522 1052 2578 Dei
1100 2522 1265 2577 Deum
1312 2521 1540 2584 dixerat,
1581 2537 1647 2576 ne
1691 2518 1769 2592 (2)
2470 2520 2698 2579 CAPUT
2739 2521 2877 2578 XVI.

176 2618 446 2688 adjuvaret
471 2616 905 2670 adversariorum
938 2614 1413 2685 praesumptionem
1441 2653 1455 2678 ,
1488 2614 1640 2682 quasi
1675 2612 1776 2666 Pa-
1950 2614 2059 2672 Nec
2085 2627 2239 2686 putes
2268 2615 2382 2671 sola
2409 2629 2574 2686 opera
2601 2612 2783 2668 mundi
2811 2628 2904 2684 per
2934 2612 3128 2668 Filium
3160 2611 3297 2668 facta
3322 2654 3336 2677 .
3377 2614 3473 2668 sed

180 2720 311 2765 trem
340 2711 513 2779 ipsum
545 2708 786 2774 vidisset,
809 2707 875 2761 ad
904 2705 1342 2776 distinguendum
1368 2706 1506 2760 inter
1534 2704 1777 2759 invisibi-
1882 2718 1937 2763 ct
1963 2724 2082 2776 qua:
2106 2723 2135 2761 ιι
2170 2708 2283 2762 Deo
2311 2706 2506 2762 exinde
2527 2715 2676 2777 gesta
2706 2715 2851 2760 sunt.
2882 2704 3045 2761 Pater
3071 2706 3213 2761 enim
3244 2706 3334 2776 qui
3361 2706 3484 2759 (lili-

175 2804 275 2857 lcm
308 2802 541 2867 Patrem,
568 2811 620 2854 et
646 2798 843 2853 Filium
872 2799 1156 2859 visibilem.
1186 2797 1482 2869 superdicit
1510 2813 1575 2853 ex
1603 2796 1779 2851 abun-
1882 2801 1955 2872 git
1983 2797 2199 2866 Filium,
2228 2809 2274 2853 et
2302 2799 2473 2853 omnia
2500 2797 2714 2852 tradidit
2755 2798 2808 2852 in
2855 2814 3013 2851 manu
3060 2799 3171 2868 (15)
3203 2802 3352 2869 ejus;
3384 2800 3488 2851 uti-

175 2896 344 2957 danzi,
378 2894 544 2947 Deum
573 2910 718 2947 nemo
745 2894 866 2946 vidit
902 2910 1128 2963 unquam
1153 2892 1359 2963 (loan.,
1389 2891 1430 2959 l,
1461 2891 1574 2963 18).
1607 2892 1776 2960 Quem
1883 2906 1987 2962 que
2015 2909 2041 2943 a
2072 2889 2364 2961 primordio
2390 2890 2601 2960 diligit,
2646 2899 2701 2944 et
2740 2906 2769 2943 a
2813 2890 3109 2959 primordio
3140 2892 3373 2947 tradidit.
3406 2895 3480 2946 Ex

180 2987 393 3043 Deum?
422 2986 785 3042 Sermonem?
816 2988 1036 3055 Atquin,
1088 2984 1319 3040 Vidimus
1343 3028 1357 3051 ,
1391 2995 1437 3039 et
1466 2986 1776 3054 audiuimus,
1884 3003 2012 3057 quo,
2044 3003 2075 3040 α
2104 2987 2386 3056 primordio
2407 2986 2598 3060 (Sermo
2626 2998 2736 3041 erat
2762 2988 2901 3058 apud
2928 2990 3115 3054 Deum,
3139 2999 3184 3042 et
3212 2987 3351 3041 Deus
3379 2997 3489 3041 erat

175 3093 221 3135 ct
251 3082 696 3145 t'Ullert'llltillltltS,
743 3078 811 3133 de
858 3078 1124 3135 Sermone
1162 3080 1285 3133 vitae
1332 3077 1642 3148 praedictum
1674 3087 1776 3133 est.
1888 3079 2069 3134 Sermo
2096 3079 2305 3150 (learn,
2331 3078 2372 3147 l,
2403 3079 2480 3149 1),
2514 3079 2601 3133 cui
2633 3078 2755 3133 data
2781 3090 2852 3134 est
2881 3081 3044 3133 omnis
3070 3092 3291 3151 potestas
3315 3096 3346 3132 a
3374 3078 3487 3132 Ρα-

177 3175 282 3230 Sed
313 3192 473 3245 qnctn
502 3176 664 3228 Deum
690 3173 712 3226 ?
738 3172 959 3228 Scilicet
988 3173 1225 3238 Patrem,
1260 3173 1399 3243 apud
1420 3190 1579 3244 quem
1612 3174 1781 3228 Deum
1890 3181 1963 3227 tre
1986 3173 2036 3225 in
2064 3173 2201 3227 caelis
2228 3181 2276 3225 et
2300 3172 2353 3225 in
2378 3181 2515 3225 terra
2541 3170 2781 3241 (Hall/1.,
2818 3171 3061 3236 XXVIII,
3086 3175 3165 3245 8).
3198 3171 3316 3227 Non
3338 3173 3485 3243 judi-

180 3269 263 3339 (ὖ)
290 3280 409 3325 erat
437 3270 647 3333 Sermo,
680 3269 973 3339 unigenitus
1011 3268 1222 3323 scilicet
1247 3266 1327 3341 (4)
1363 3267 1531 3322 Filius
1553 3310 1567 3332 ,
1607 3272 1694 3340 qui
1729 3272 1783 3324 in
1812 3280 1857 3343 (ς
1891 3274 1971 3317 cat
1996 3263 2155 3319 Pater
2179 3280 2515 3337 quemquam;
2542 3264 2631 3319 sed
2657 3282 2804 3321 onme
2816 3258 3077 3335 judicium
3107 3267 3316 3321 tradidit
3352 3265 3490 3320 Filio

176 3363 349 3416 sinum
371 3362 458 3430 (5)
480 3359 652 3413 Putris
679 3362 794 3430 ipse
815 3361 1067 3413 disseruit.
1088 3358 1206 3430 Ipse
1223 3358 1590 3422 etauditus,et
1609 3361 1752 3413 visus
1772 3401 1788 3427 ,
1896 3360 2104 3432 (Joan.,
2133 3360 2199 3426 V,
2226 3360 2341 3433 22);
2373 3377 2404 3416 a
2428 3362 2723 3431 primordio
2748 3372 2946 3418 tamen.
2979 3361 3205 3419 Omnem
3236 3363 3378 3418 enim
3406 3362 3492 3417 di-

181 3463 236 3507 ct
298 3468 368 3507 ne
429 3451 743 3520 phantasma
788 3450 1100 3505 crederetur
1125 3492 1139 3515 ,
1181 3451 1353 3505 'etiam
1404 3460 1788 3506 contrectatus.
1896 3465 2028 3509 cens
2054 3464 2394 3524 potestatem,
2418 3464 2473 3510 et
2493 3470 2651 3509 omne
2667 3455 2948 3523 judicium,
2971 3466 3023 3509 ct
3048 3457 3223 3511 oumia
3250 3471 3345 3526 per
3370 3470 3495 3511 eum

181 3543 337 3598 llune
364 3543 643 3597 etl’aulus
683 3542 991 3612 consliexit,
1040 3556 1141 3597 nec
1180 3552 1361 3598 tamen
1390 3541 1604 3598 Patrem
1634 3542 1789 3599 vidit.
1898 3546 2061 3615 facta,
2095 3556 2151 3602 et
2175 3548 2354 3601 omnia
2382 3547 2573 3602 tradita
2601 3548 2653 3601 in
2684 3560 2845 3601 manu
2886 3546 3003 3617 ejus
3029 3587 3042 3611 ,
3088 3548 3285 3602 nullam
3324 3562 3490 3603 exce.

180 3634 398 3697 Nonne.
442 3634 634 3704 inquit,
666 3632 769 3687 uidi
795 3631 973 3688 Jesunt
1014 3631 1078 3704 (Ι
1105 3632 1223 3688 Cor.
1256 3632 1345 3700 IX,
1378 3634 1437 3704 1)
1462 3633 1485 3687 ‘l
1514 3633 1793 3690 Christum
1900 3640 2138 3709 ptionem
2186 3641 2445 3711 temporis
2490 3640 2789 3710 permittit:
2818 3641 2943 3710 quia
2973 3640 3149 3693 omnia
3181 3654 3286 3695 non
3315 3648 3495 3707 erunt,

184 3738 370 3781 autem
394 3738 448 3779 et
471 3725 585 3793 ipse
610 3724 773 3779 Deum
792 3723 872 3794 (6)
890 3724 1321 3794 cognominavit:
1346 3724 1577 3791 Quorum
1600 3736 1791 3798 patres,
1901 3731 1947 3787 si
1979 3748 2084 3785 non
2115 3732 2291 3786 omnis
2324 3732 2580 3801 temporis
2626 3730 2841 3786 fuerint.
2870 3730 3038 3787 Filius
3068 3733 3246 3803 itaque
3274 3743 3358 3788 est
3408 3732 3501 3804 qui

183 3830 231 3874 ct
260 3836 328 3875 ea:
356 3818 539 3889 quibus
568 3817 799 3871 Christus
833 3818 1113 3871 secundum
1138 3835 1343 3874 carnem
1364 3859 1381 3885 ,
1408 3821 1495 3891 qui
1529 3830 1601 3876 est
1644 3837 1800 3893 super
1904 3821 2018 3893 (16)
2038 3823 2105 3876 ab
2130 3823 2280 3876 initio
2296 3822 2577 3892 judicavit,
2604 3824 2791 3878 turrim
2808 3825 3253 3893 superbissimam
3272 3825 3497 3893 elidens,

196 3911 279 3983 (7)
312 3911 492 3965 omnia
536 3909 673 3978 Deus
721 3909 1008 3964 benedictus
1046 3912 1101 3964 in
1144 3928 1307 3966 ωυηηι
1357 3910 1534 3983 (liam.
1584 3912 1675 3979 IX,
1722 3914 1798 3986 5).
1903 3913 2218 3983 linguasque
2248 3912 2572 3981 dispertiens
2615 3912 2754 3986 (17),
2796 3916 2981 3971 orbem
3027 3924 3196 3971 totum
3242 3931 3503 3987 aquarum

186 4002 448 4058 Osreudit
495 4012 548 4056 et
575 4002 687 4073 ipse
714 4000 794 4075 (8)
824 4003 1082 4059 visibilem
1117 4004 1207 4059 Dei
1235 4003 1460 4071 Filium,
1486 4004 1537 4061 id
1564 4016 1647 4061 est
1675 4006 1800 4063 Ser-
1905 4004 2155 4059 violentia
2189 4004 2433 4074 puniens,
2469 4004 2660 4075 pluens
2690 4022 2853 4076 super
2876 4004 3164 4063 Sodomam
3197 4017 3251 4063 ct
3275 4008 3503 4065 Gomor-

180 4110 412 4150 monem
457 4094 575 4156 Dei,
623 4095 744 4161 quia
798 4111 917 4149 caro
966 4099 1130 4165 factus
1179 4105 1272 4162 est,
1323 4095 1569 4152 Christus
1610 4096 1789 4155 dictus
1909 4098 2061 4154 rham
2104 4100 2277 4169 ignem
2306 4109 2358 4153 et
2384 4097 2699 4167 sulphurem
2731 4099 2880 4173 (l8);
2911 4100 3161 4156 Dominus
3190 4102 3361 4176 (l9)a
3390 4104 3500 4159 Do-

186 4197 296 4242 est.
329 4186 412 4241 De
443 4184 599 4240 Patre
622 4194 799 4241 autem
832 4185 899 4239 ad
929 4185 1304 4243 Timotheum:
1329 4187 1491 4255 Quem
1508 4206 1654 4244 nemo
1680 4190 1805 4245 vidit
1909 4190 2047 4245 mino
2073 4188 2254 4261 (Gem,
2285 4187 2427 4255 XIX,
2457 4189 2573 4262 24).
2605 4189 2723 4260 lpse
2750 4191 2893 4247 enim
2920 4202 2974 4248 et
2999 4193 3066 4248 ad
3096 4192 3325 4250 humana
3357 4211 3507 4252 sem-

192 4278 511 4344 hominum,
550 4275 641 4330 sed
682 4292 770 4330 nec
814 4278 980 4331 uidere
1037 4288 1197 4348 potest
1245 4277 1286 4347 (Ι
1332 4277 1493 4347 Tum,
1543 4280 1626 4348 Vl,
1687 4279 1803 4352 16).
1908 4299 2004 4355 per
2041 4284 2305 4353 colloquia
2334 4282 2642 4351 descendit,
2677 4285 2745 4341 ab
2772 4285 2941 4342 Adam
2967 4302 3137 4359 usque
3165 4288 3231 4344 ad
3266 4290 3501 4345 Patriar-

183 4370 552 4441 Exaggerans
582 4366 815 4440 amplius
846 4366 1021 4442 (ibid.)
1047 4388 1061 4425 :
1091 4371 1192 4439 Qui
1217 4369 1358 4427 solus
1376 4371 1524 4427 habet
1544 4374 1805 4430 immorta-
1907 4376 2038 4433 chas
2080 4386 2135 4432 et
2170 4375 2506 4449 Prophetas,
2556 4377 2610 4433 in
2660 4379 2887 4449 visione,
2938 4382 2993 4437 in
3037 4384 3249 4440 somnio
3281 4383 3418 4458 (20),
3450 4383 3506 4444 in

1414 4508 1710 4569 LECTION
1717 4511 1800 4570 ES
1834 4510 2249 4571 VARIANTES.

278 4638 330 4699 Ι)
375 4640 635 4701 Quomodo
656 4639 811 4693 Seml.
1909 4653 2023 4695 Jstn.
2048 4644 2249 4694 rationis
2273 4655 2334 4693 ex
2359 4648 2575 4697 amentia
2600 4647 2789 4701 Wouw.

270 4704 330 4817 Ξ)
381 4699 450 4753 Ut
472 4699 629 4753 Seml.

270 4771 331 4835 ei
378 4763 689 4835 Psesswel-
728 4834 734 4835 ,
881 4826 893 4835 .
1831 4774 1886 4835 D

1978 4706 2076 4770 (12)
2106 4706 2417 4758 Sentientem
2437 4708 2579 4767 send.

1831 4774 1886 4835 D
1974 4770 2077 4835 (t3)
2112 4769 2167 4835 In
2189 4782 2340 4835 sensu
2375 4778 2490 4823 Jun.

277 4826 334 4890 4)
374 4828 584 4878 Scilicet
605 4826 736 4878 abest
768 4826 909 4890 Seml.
1832 4826 1879 4835 '
1973 4826 2079 4890 (ll)
2115 4832 2208 4890 Qui
2241 4835 2407 4884 Venet.
2433 4835 2581 4886 Rhea.

277 4888 335 4946 ὅ)
374 4890 469 4940 Est
493 4893 543 4939 in
564 4892 675 4939 sinu
698 4888 838 4940 Seml.
1976 4888 2081 4946 (15)
2115 4888 2236 4944 Sinu
2260 4896 2412 4946 Rhea.

276 4774 331 4879 ἶ)
374 4774 736 4901 geiiiierabéu
768 4826 909 4878 Seml.
1831 4774 1886 4835 D

276 4896 311 4955 ὅ
374 4890 469 4940 Est
493 4904 543 4939 in
564 4904 675 4939 smu
698 4888 838 4940 Seml.

276 4956 336 5010 6)
376 4952 550 5013 Ipsum
570 4951 827 5002 Dominum
848 4951 991 5005 Seml.

276 5014 338 5077 7)
384 5014 493 5077 Per
516 5013 657 5077 Seml.
796 5076 799 5077 ν

1831 4774 1886 4835 Ι)
2005 4774 2077 4832 ιδ)
2113 4774 2167 4819 In
2189 4782 2340 4842 sensu
2375 4778 2490 4823 Jun.

895 4862 975 5003 ἦ
1973 4774 2578 5077 (Ἀξιω-

895 4990 903 5002 τ
978 4990 991 5004 -
2004 4956 2063 5067 ξς

256 5014 309 5069 i7
384 5014 493 5063 Per
516 5014 657 5063 Seml.
1980 5014 2058 5077 (l7
2119 5019 2422 5083 Disperdens
2444 5020 2597 5072 Seml.

255 5014 339 5202 (Β)
380 5076 502 5151 Ipse
526 5076 655 5125 abest
674 5076 817 5126 Seml.
1982 5014 2088 5202 (48;
2120 5082 2332 5145 Sulphur
2353 5089 2467 5134 Jun.

255 5142 316 5202 (9
384 5139 459 5202 lat
472 5151 622 5202 mser.
642 5145 776 5202 ,ηιιιΔ
2013 5144 2066 5193 19
2126 5144 2261 5194 Deus
2281 5156 2308 5193 a
2332 5142 2441 5196 Deo
2462 5146 2597 5199 Seml

255 5082 339 5202 (8)
380 5082 502 5151 Ipse
526 5082 655 5125 abest
674 5082 817 5126 Seml.
2008 5083 2065 5129 l8
2120 5082 2332 5145 Sulphur
2353 5089 2467 5134 Jun.

253 5142 316 5202 (9
384 5139 451 5188 ht
472 5151 622 5189 mser.
642 5145 755 5187 Jsm.
2126 5144 2261 5194 Deus
2281 5156 2308 5193 a
2332 5142 2441 5196 Deo
2462 5146 2615 5199 Seml.

256 5201 380 5269 (to)
422 5201 486 5269 ξι
508 5201 633 5269 add.
652 5197 807 5269 seml._
852 5262 863 5269 _
956 5264 982 5269 7_
1125 5262 1163 5269 _
1455 5268 1460 5269 ί
1637 5267 1644 5269 Α
2125 5206 2304 5258 Somno
2325 5208 2479 5260 Seml.

256 5197 380 5274 (li?)
422 5197 863 5274 E‘,‘!dd~s€""-..
952 5264 982 5274 _.
1125 5262 1163 5274 ..
1434 5268 1463 5274 Α,
1635 5267 1645 5274 ,
1986 5197 2091 5270 (9-0)
2125 5206 2304 5258 Somno
2325 5197 2479 5260 Seml.

259 5260 380 5329 (11)
422 5262 662 5316 Rationes
681 5260 824 5314 Seml.
849 5262 1083 5317 irratione
1118 5262 1274 5316 Fran.
1316 5268 1565 5321 erratione
1590 5267 1737 5320 Rhea.
1766 5274 1820 5321 et

1578 5351 2141 5414 COMMENTARIUS.

279 5464 525 5551 (a)]iegi
535 5473 703 5547 autem
715 5465 1700 5551 sectiloruininimprt‘a'li,invisibi_li,cte.
1718 5468 1815 5551 ch
1920 5470 2098 5551 Quare
2118 5470 2278 5551 etiam
2302 5471 2355 5551 in
2377 5472 2470 5527 illo
2495 5473 2656 5551 nimis
2680 5473 2847 5532 libera
2870 5477 3034 5551 Clarii
3054 5484 3350 5551 castigatio.
3373 5488 3521 5547 Pus.

196 5536 739 5617 εἴηήθωιιε(ιίεημηι,
759 5536 900 5617 ηυρά
916 5554 1017 5592 non
1026 5538 1192 5617 plodo
1205 5538 1819 5617 DB._Ambr.Hieron.et
1946 5536 1963 5540 ⁷
1995 5542 2074 5615 (b)
2110 5542 2290 5617 Neque
2300 5541 2493 5617 _Petrus
2520 5554 2564 5598 et
2588 5543 2816 5602 Joannes
2844 5559 2891 5602 et
2914 5548 3137 5605 Jacobus
3170 5536 3520 5617 sineratioiiii

200 5607 1257 5689 August.huncloeumApostJTins.1,
1276 5611 1522 5677 citantes,
1547 5611 1820 5689 sedethic
1923 5623 1971 5671 et
2000 5607 2241 5689 amna.
2276 5614 2389 5670 Hoc
2417 5625 2719 5689 est,_neque
2744 5620 2860 5673 sine
2888 5622 3123 5689 periculo
3144 5607 3397 5688 rationis.—
3419 5607 3520 5686 ne:

202 5679 1822 5771 noctunuonaliudlegantquatnsoliDeoxx(procelligitur,
1926 5701 2050 5771 que
2074 5686 2193 5771 sine
2232 5679 2813 5771 amentia-Periculum
2842 5679 3060 5748 rationis
3091 5695 3238 5759 dicit,
3267 5679 3518 5771 uiti—siquia

202 5701 1822 5807 numnunc"auuutegantqllalnsonueoxxquqcoutgltur,
1926 5701 2050 5811 ille
2074 5701 2193 5740 Sine
2232 5701 2483 5768 amentia.
2516 5701 2813 5744 t'ertcutum
2842 5701 3060 5748 rationis
3091 5701 3238 5759 dicit,
3270 5710 3325 5753 ut
3351 5718 3518 5771 supra

200 5752 360 5819 qutid
386 5752 610 5832 quidam
639 5766 705 5830 ex
736 5766 923 5832 gravere
943 5749 1219 5807 hodiernis
1238 5768 1435 5832 exemp
1455 5754 1821 5832 a_rtbtts_t_nter-
1980 5758 2225 5832 ertculum
2243 5756 2466 5823 lumims,
2493 5758 2593 5832 hoc
2614 5770 2717 5827 est,
2738 5761 3178 5821 damnum.l.iber
3202 5767 3394 5828 Ursini.
3412 5776 3525 5828 sine

206 5833 434 5893 ponunt
451 5822 693 5895 sapienti,
714 5822 976 5893 adjectum
1000 5837 1122 5881 esse
1142 5839 1208 5882 ex
1230 5823 1376 5883 calce
1394 5824 1565 5898 Epist.
1587 5826 1649 5883 ad
1666 5827 1821 5884 Rom.
1929 5829 2140 5885 rationis
2160 5822 2476 5897 statuentia;
2494 5822 2832 5899 Pithmi,sine
2850 5836 3045 5891 ratione
3064 5847 3111 5891 et
3129 5822 3373 5896 «utentia;
