4262 6490
726 349 833 405 175

2146 349 2607 405 'l'EiiTLilLlANl

3920 348 4027 408 176

719 461 962 532 speculo,
996 461 1047 516 iu
1072 462 1391 533 aenigmate,
1423 462 1666 518 ordinem
1698 476 1852 517 suum
1890 471 2215 533 pratstroens
2246 464 2313 517 ab
2346 464 2393 523 Α
2419 463 2592 518 deuda
2644 462 2809 519 fuisse
2834 465 2931 536 (8),
2964 465 3006 519 si
3040 464 3238 535 scripta
3269 481 3373 523 non
3403 474 3615 532 essent;
3648 465 3872 521 fortasse
3918 481 4023 519 non

717 554 873 608 initio
897 569 1131 624 semper,
1153 570 1313 624 quem
1330 563 1445 610 erat
1469 564 1848 624 persecuturus
1866 554 1917 609 in
1944 556 2102 610 tinem
2123 556 2223 627 (1).
2245 556 2317 609 Ita

720 660 936 717 semper
982 646 1255 702 ediscebat
1301 647 1401 718 (a),
1450 657 1506 703 et
1556 647 1699 703 Deus
1750 650 1801 701 in
1852 648 2007 703 terris
2048 664 2170 702 cum
2219 648 2317 702 ho-

718 741 954 796 minibus
977 741 1283 796 conversari
1307 755 1409 796 non
1433 742 1569 795 alios
1596 743 1765 811 potuit
1797 740 1878 811 (2)
1926 757 2084 812 quam
2103 741 2316 807 Sermo,

719 834 809 901 qui
837 848 964 887 caro
989 843 1106 888 erat
1139 834 1365 888 futurus.
1396 833 1683 889 Ediscebat
1727 844 1904 887 autem
1926 874 1941 898 ,
1986 842 2043 887 ut
2074 832 2224 889 nobis
2257 833 2319 886 ti-

720 926 843 980 dem
892 936 1200 992 sterneret,
1242 937 1301 980 ut
1348 926 1553 981 facilius
1588 925 1934 981 crederemus
1984 924 2171 979 Filium
2227 925 2316 979 Dei

718 1018 1064 1073 descendisse
1096 1019 1145 1072 in
1192 1018 1467 1083 saeculum,
1517 1018 1560 1071 si
1608 1017 1685 1087 (5)
1743 1027 1797 1072 et
1852 1027 1996 1071 retro
2044 1018 2146 1070 tale
2189 1016 2317 1086 quid

717 1119 924 1179 gestum
954 1123 1424 1179 cognosceremus.
1461 1108 1686 1178 Propter
1711 1123 1809 1162 nos
1839 1107 1981 1161 enim
2009 1107 2149 1162 sicut
2186 1108 2319 1161 scri-

714 1212 805 1275 pta
838 1211 982 1267 sunt,
1013 1204 1083 1257 ita
1114 1213 1168 1257 et
1194 1214 1345 1273 gesta
1378 1211 1523 1266 sunt,
1554 1202 1604 1256 in
1633 1218 1767 1271 quiis
1795 1215 2030 1257 amorum
2065 1204 2197 1257 lines
2222 1201 2317 1256 de~

716 1305 1089 1351 cucurrerunt.
1143 1296 1233 1351 Sic
1282 1298 1443 1351 etiam
1502 1296 1729 1351 affectus
1801 1297 2064 1349 humanos
2110 1296 2316 1351 sciebat

713 1387 823 1458 jam
859 1398 982 1442 tunc
1008 1427 1022 1452 ,
1051 1397 1397 1456 suscepturus
1424 1388 1582 1441 etiam
1618 1389 1757 1457 ipsas
1785 1388 2113 1443 substantias
2144 1388 2317 1442 homi-

717 1481 823 1544 nis,
877 1478 1092 1534 carnem
1144 1489 1199 1534 et
1245 1482 1522 1543 animam;
1574 1483 1907 1551 interrogans
1952 1482 2118 1536 Adam
2167 1484 2314 1553 quasi

713 1576 982 1639 nesciens,
1012 1574 1111 1628 Ubi
1132 1591 1184 1629 es
1211 1575 1415 1628 Adam?
1440 1576 1684 1644 paenitens
1714 1577 1849 1643 quod
1876 1577 2132 1630 hominem
2159 1580 2313 1643 fecis-

715 1677 811 1728 set,
859 1667 1010 1736 quasi
1057 1681 1161 1720 non
1207 1668 1537 1735 priest-iens;
1583 1676 1782 1724 tentuus
1823 1668 2114 1733 Abraham,
2163 1671 2313 1740 quasi

713 1759 970 1829 ignorans
999 1758 1124 1827 quid
1155 1758 1226 1811 sit
1258 1759 1307 1813 in
1341 1759 1557 1814 homine
1584 1777 1597 1825 ;
1629 1759 1887 1825 oﬂ'ensus,
1937 1762 2315 1817 reconciliatus

2423 556 2689 611 credenda
2718 557 2785 612 de
2828 556 3009 622 Patre,
3053 557 3177 613 licet
3225 559 3444 626 scripta,
3491 574 3650 628 quem
3694 558 3779 613 isti
3810 558 3862 611 in
3912 557 4023 611 vul-

2425 660 2550 701 vam
2583 646 2759 701 Mariae
2786 646 3079 713 deducunt,
3104 658 3157 702 et
3185 649 3236 701 in
3261 647 3415 703 Pilati
3452 648 3681 703 tribunal
3715 648 4024 718 imponunt,

2423 746 2476 791 et
2504 739 2555 792 in
2589 748 2939 797 monumento
2975 739 3054 812 (9)
3084 740 3287 810 Joseph
3317 741 3665 796 concludunt.
3698 741 3832 795 llinc
3863 741 4026 812 igitur

2421 842 2643 899 apparet
2670 847 2823 885 error
2853 831 3089 887 illorum.
3122 832 3433 902 Ignorantes
3463 834 3632 899 enim,
3665 849 3694 887 a
3727 832 4023 901 primordio

2422 936 2637 975 onmem
2656 924 2898 976 ordinem
2922 923 3123 977 divinae
3143 924 3512 993 dispositionis
3534 939 3627 995 per
3646 924 3839 979 Filium
3861 924 4029 979 decu-

2422 1016 2680 1079 currisse,
2732 1016 2905 1084 ipsum
2950 1016 3178 1071 credunt
3214 1017 3427 1071 Patrem
3476 1025 3532 1072 et
3574 1018 3767 1077 visum,
3806 1026 3857 1069 et
3900 1030 4026 1070 con-

2420 1123 2686 1175 gressum,
2726 1120 2781 1162 et
2825 1119 3127 1179 operatum,
3170 1120 3224 1163 et
3256 1110 3399 1163 sitim
3430 1120 3484 1165 et
3513 1111 3750 1165 esuriem
3786 1125 4027 1181 passum,

2421 1200 2680 1255 adversus
2730 1200 3053 1270 Pr0phetatn
3097 1201 3412 1257 dicentem:
3466 1199 3609 1255 Deus
3650 1213 3869 1256 teternns
3915 1219 4017 1255 non

2421 1295 2574 1359 sitiet,
2605 1312 2696 1348 nec
2722 1297 2907 1349 esuriet
2936 1298 3140 1349 omnino
3183 1300 3419 1365 (quanto
3460 1297 3631 1366 magis
3671 1310 3769 1350 nec
3821 1297 4019 1350 morie-

2424 1398 2530 1453 tur,
2582 1404 2681 1443 nec
2715 1390 3007 1459 sepelietur
3038 1391 3049 1443 !
3085 1390 3101 1458 )
3132 1406 3147 1455 ;
3190 1398 3243 1443 et
3282 1391 3350 1443 ita
3399 1406 3561 1445 unum
3613 1390 3777 1444 Deum
3810 1404 4029 1458 semper

2422 1482 2618 1552 egisse,
2646 1481 2697 1536 id
2727 1492 2810 1537 est
2842 1482 3077 1543 Patrem,
3110 1497 3230 1551 qua:
3262 1498 3356 1551 per
3388 1480 3582 1535 Filium
3610 1489 3759 1552 gesta
3786 1492 3931 1536 sunt.

3000 1573 3230 1628 CAPUT
3274 1571 3439 1627 XVII.

2498 1665 2726 1721 Facilius
2770 1666 3218 1721 existimaverunt
3269 1666 3481 1720 Patrem
3529 1665 3579 1719 in
3632 1665 3749 1720 Filii
3804 1664 4025 1720 nomine

2424 1758 2621 1829 egisse.
2649 1774 2810 1829 quam
2846 1758 3036 1813 Filium
3062 1759 3113 1812 in
3148 1759 3341 1823 Patris;
3368 1758 3583 1813 dicente
3614 1759 3730 1827 ipso
3762 1757 4023 1812 Domino:

716 1850 938 1905 eisdem.
976 1851 1041 1905 Et
1070 1852 1111 1904 si
1148 1866 1250 1919 qua
1300 1850 1536 1906 haeretici
1582 1852 1993 1920 apprehendunt
2021 1854 2170 1922 quasi
2204 1854 2311 1906 Deo
2343 1860 2390 1919 B
2420 1851 2535 1923 Ego
2566 1854 2675 1905 veni
2708 1853 2760 1905 in
2794 1852 2967 1906 Putris
3012 1853 3110 1906 ntei
3159 1852 3361 1904 nomine
3413 1850 3591 1922 (Joan.
3625 1849 3664 1903 V
3690 1893 3704 1915 ,
3737 1852 3853 1919 45).
3890 1850 4024 1905 Item

713 1942 954 2011 indigna,
985 1941 1049 1995 ad
1087 1942 1502 1997 destructionem
1532 1942 1826 2007 Creatoris,
1859 1944 2168 2013 ignorantes
2198 1946 2311 2000 haec

713 2037 769 2091 in
802 2034 993 2089 Filium
1022 2037 1363 2104 competisse,
1395 2037 1482 2105 qui
1524 2037 1684 2090 etiam
1720 2038 1997 2105 passiones
2027 2039 2309 2104 humanas,

716 2135 770 2181 et
796 2126 937 2179 sitim
965 2166 980 2192 ,
1010 2136 1064 2179 et
1090 2126 1344 2189 esuriem,
1377 2136 1431 2181 ct
1462 2126 1746 2197 lacrymas,
1779 2137 1833 2181 et
1866 2128 2034 2198 ipsam
2066 2130 2312 2186 nativita-

713 2226 821 2273 tem
848 2259 862 2284 ,
894 2219 1169 2287 ipsamque
1200 2227 1428 2271 mortem
1460 2228 1576 2272 erat
1604 2218 1880 2273 subiturus
1912 2236 1925 2272 :
1971 2218 2190 2289 Propter
2219 2222 2314 2275 hoc

711 2312 994 2364 minorattts
1035 2327 1065 2362 a
1108 2308 1265 2363 Patre
1339 2311 1590 2364 modicum
1639 2312 1759 2381 quid
1820 2312 1897 2384 (4)
1939 2314 2065 2366 citra
2108 2315 2314 2385 angelos

713 2402 833 2473 (Ps.
870 2402 1002 2468 \‘lll,
1035 2404 1113 2472 6).
1146 2403 1252 2458 Sed
1286 2404 1521 2459 lueretici
1552 2405 1766 2475 quidem
1802 2422 1899 2459 nec
1932 2406 2071 2461 Filio
2101 2408 2189 2463 Dei
2219 2409 2313 2463 de-

710 2497 977 2568 putabunt
1009 2500 1333 2566 convenire,
1366 2515 1484 2569 quae
1514 2509 1566 2553 tu
1602 2498 1703 2569 ipsi
1757 2501 1836 2571 (5)
1899 2501 2041 2556 Patri
2084 2504 2311 2569 inducis,

712 2589 865 2657 quasi
899 2590 1012 2659 ipse
1038 2605 1097 2643 se
1128 2590 1559 2645 deuominaverit
1591 2602 1808 2661 propter
1838 2608 1967 2655 nos;
2000 2609 2119 2647 cutn
2168 2596 2317 2649 Scri-

711 2691 869 2751 ptura
896 2681 1060 2735 alium
1090 2680 1233 2735 dicat
1262 2682 1330 2736 ab
1359 2683 1465 2738 alio
1510 2683 1833 2737 minoratutn
1862 2725 1873 2745 ,
1911 2701 2014 2738 non
2064 2684 2236 2755 ipsum
2288 2704 2313 2740 a

712 2775 1027 2844 semetipso.
1060 2774 1196 2843 Quid
1234 2775 1277 2828 si
1325 2784 1379 2830 et
1420 2776 1557 2829 alius
1583 2776 1672 2845 qui
1702 2777 2043 2832 coronabatur
2078 2780 2238 2850 gloria
2267 2790 2315 2835 et

713 2868 903 2922 honore
928 2867 1029 2939 (6),
1053 2869 1190 2923 alius
1219 2869 1308 2938 qui
1337 2871 1650 2929 coronabat,
1679 2870 1859 2941 utique
1885 2871 2079 2927 Filium
2111 2874 2313 2929 Pater?

713 2961 1002 3029 Cmterutn,
1036 2963 1194 3033 quale
1225 2973 1307 3018 est
1330 3003 1345 3028 ,
1376 2974 1435 3017 ut
1462 2963 1601 3018 Deus
1628 2963 1969 3033 omnipotens
2016 2966 2103 3020 ille
2132 2967 2313 3021 invisi-

712 3053 857 3117 bilis,
890 3071 1033 3123 quem
1063 3072 1208 3108 nemo
1254 3056 1376 3108 vidit
1428 3056 1690 3108 hominum
1717 3097 1729 3118 ,
1783 3072 1874 3107 nec
1915 3057 2083 3110 videre
2112 3067 2271 3126 potest
2299 3075 2311 3111 :

712 3149 806 3203 ille
833 3148 923 3219 qui
954 3148 1349 3201 iuacressibilem
1378 3148 1538 3200 lucem
1571 3148 1761 3199 habitat
1786 3163 1803 3200 :
1836 3148 1927 3202 ille
1955 3149 2044 3217 qui
2088 3166 2185 3203 non
2215 3150 2312 3204 ha-

2416 1946 2481 1999 ad
2513 1947 2685 2015 ipsum
2718 1946 2927 1999 Patrem
2958 1963 2968 1997 :
3003 1945 3202 1998 Nomen
3226 1955 3369 1997 tuum
3391 1944 3710 2013 ntanifestavi
3735 1944 4027 1997 hominibus

2418 2039 2599 2108 (Joau.
2633 2038 2791 2101 XVII,
2825 2038 2903 2109 6).
2935 2039 3009 2110 (b)
3036 2038 3363 2093 Condicente
3384 2038 3544 2091 etiam
3573 2038 3845 2105 Scriptura
3877 2053 3889 2087 :
3922 2035 4028 2089 Be-

2415 2133 2645 2185 nedictus
2669 2132 2753 2199 qui
2776 2132 2909 2184 venit
2930 2132 2983 2184 in
3006 2134 3208 2184 nomine
3232 2130 3439 2183 Domini
3462 2128 3640 2201 (Matt.
3658 2128 3797 2193 XXI,
3821 2128 3898 2198 6),
3917 2132 4024 2185 uti-

2415 2239 2521 2294 que
2545 2224 2776 2278 Filiusiu
2794 2224 2967 2279 Patris
2991 2226 3223 2279 nomine.
3243 2223 3349 2279 Sed
3372 2234 3425 2279 et
3448 2225 3661 2278 nomina
3678 2222 3795 2292 (10)
3824 2223 4020 2287 Patris,

2419 2317 2559 2371 Deus
2574 2318 2940 2386 omnipotens,
2962 2317 3270 2371 Altissimus
3296 2318 3439 2386 (11),
3466 2316 3721 2370 Dominus
3742 2315 4023 2379 virtutum,

2419 2408 2535 2462 Rex
2570 2409 2804 2471 lsraclis,
2835 2410 2936 2474 Qui
2963 2418 3066 2463 est.
3090 2407 3367 2475 Quatenus
3394 2408 3464 2461 ita
3491 2406 3774 2477 scriptura:
3799 2406 4022 2471 docent,

2419 2501 2533 2555 haec
2561 2502 2791 2555 dicimus
2813 2511 2863 2555 et
2892 2502 2942 2555 in
2982 2500 3175 2555 Filium
3200 2500 3542 2569 competisse,
3566 2510 3622 2555 et
3643 2502 3695 2555 in
3726 2500 3807 2555 bis
3829 2499 4026 2556 Filium

2421 2594 2656 2659 venisse,
2688 2606 2743 2649 et
2773 2597 2822 2647 in
2854 2594 2937 2650 his
2975 2609 3190 2663 semper
3218 2594 3412 2663 egisse,
3447 2602 3502 2650 et
3530 2592 3608 2647 sic
3639 2607 3701 2647 ea
3733 2592 3783 2645 in
3814 2606 3875 2646 se
3916 2593 4021 2643 ho-

2418 2686 2651 2739 ntiaihus
2675 2686 3066 2742 manifesmssc.
3096 2685 3299 2748 Omnia,
3330 2686 3520 2754 inquit,
3553 2683 3725 2738 Patris
3752 2700 3861 2738 mea
3881 2693 4025 2738 sunt.

2417 2774 2525 2830 Cur
2543 2793 2647 2831 non
2665 2787 2718 2831 et
2734 2780 2983 2833 nomina?
3006 2778 3136 2833 Cum
3158 2777 3272 2849 (12)
3292 2792 3421 2847 ergo
3438 2776 3571 2847 legis
3592 2778 3756 2833 Deum
3771 2779 4027 2847 omnipo-

2421 2882 2619 2927 tentem
2644 2915 2656 2937 ,
2686 2884 2737 2927 et
2770 2873 3124 2935 Allissimum,
3157 2881 3212 2926 et
3242 2872 3405 2926 Demn
3436 2870 3715 2935 Virtutum,
3738 2880 3794 2926 et
3816 2870 4021 2941 Regem

2419 2962 2669 3028 lsraelis,
2719 2976 2773 3018 et
2823 2963 2893 3035 (ε)
2938 2963 3038 3031 Qm
3086 2978 3220 3028 ssr;
3263 2962 3383 3017 vide
3441 2978 3508 3018 ne
3556 2979 3648 3032 per
3692 2962 3810 3017 hac
3856 2961 4029 3017 Filius

2418 3057 2578 3111 etiam
2607 3057 3029 3121 demonstretur,
3069 3070 3167 3109 suo
3192 3055 3314 3124 jure
3339 3054 3480 3109 Deus
3513 3056 3855 3122 omnipotens
3881 3054 4026 3125 (15),

2419 3164 2522 3219 qua
2556 3148 2748 3202 Sermo
2792 3147 2887 3201 Dei
2912 3147 3320 3216 omnipotentis,
3350 3161 3559 3215 quaque
3588 3148 3829 3199 omnium
3861 3160 4021 3201 acce-

716 3243 839 3296 bitat
866 3242 919 3293 in
947 3241 1284 3310 mannfactis;
1309 3256 1339 3292 a
1372 3240 1525 3309 cujus
1552 3251 1823 3309 conspectu
1852 3250 1986 3294 terra
2012 3243 2311 3296 contremis-
2340 3247 2385 3310 (ζ
2421 3244 2496 3312 pit
2523 3251 2874 3311 potestatem;
2906 3240 3233 3303 Altissimus,
3265 3253 3368 3307 qua
3397 3238 3604 3292 dextera
3631 3236 3727 3291 Dei
3749 3237 4027 3302 cxaltatus,

716 3337 806 3401 cit,
840 3345 1033 3388 montes
1060 3334 1339 3404 liquescunt
1370 3344 1424 3387 ut
1461 3351 1610 3398 cera;
1644 3334 1735 3404 qui
1774 3344 1929 3387 (olunt
1960 3337 2131 3390 orbem
2160 3355 2314 3392 manu

718 3426 1060 3497 apprehendit
1092 3427 1222 3479 velut
1252 3427 1429 3478 nidum
1452 3442 1470 3489 ;
1496 3426 1577 3481 cui
1617 3428 1796 3480 (celum
1826 3428 2037 3482 thronus
2058 3471 2071 3493 ,
2107 3444 2151 3484 et
2181 3442 2316 3486 terra

716 3518 1031 3581 scabellunt;
1060 3518 1109 3571 in
1142 3533 1246 3587 quo
1273 3518 1449 3572 omnis
1482 3518 1651 3582 locus,
1682 3533 1786 3571 non
1817 3519 1931 3588 ipse
1959 3521 2008 3573 in
2037 3522 2153 3575 loco
2180 3540 2193 3588 ;
2224 3526 2315 3593 qui

718 3610 1088 3664 universitatis
1129 3618 1366 3662 extrema
1413 3609 1551 3662 linea
1589 3618 1705 3667 est:
1754 3608 1846 3664 ille
1893 3611 2219 3678 Altissimus,
2265 3615 2316 3669 in

717 3700 974 3771 paradiso
995 3699 1061 3753 ad
1084 3714 1360 3768 veSperam
1388 3700 1827 3763 deambulaverit,
1850 3718 2094 3770 quaerens
2124 3705 2316 3771 Adam;

720 3802 976 3847 etarcam
1044 3800 1163 3860 post
1227 3791 1496 3844 introitum
1552 3789 1665 3845 Noe
1728 3790 2012 3857 clauserit;
2066 3804 2119 3849 et
2180 3798 2318 3868 apud

718 3882 991 3941 Abraham
1039 3883 1139 3936 sub
1188 3898 1389 3951 quercu
1435 3881 1874 3951 refrigeraverit;
1908 3895 1962 3939 et
2004 3886 2221 3957 Moysen
2252 3889 2320 3945 de

720 3976 860 4033 rubo
889 3975 1093 4032 ardenti
1125 3975 1368 4041 vocarit;
1401 3987 1457 4031 et
1503 3978 1553 4030 in
1607 3978 1827 4033 fornace
1870 3979 2145 4049 Babylonii
2179 3985 2320 4053 regis

721 4077 943 4139 quartus
981 4068 1290 4138 apparuerit
1345 4074 1697 4138 (quanquam
1751 4068 1919 4124 Filius
1966 4072 2196 4129 hominis
2238 4087 2320 4130 est

720 4158 941 4229 dictus),
973 4161 1024 4212 ni
1058 4159 1169 4214 haec
1204 4160 1255 4213 in
1288 4160 1515 4228 imagine
1552 4159 1671 4231 (7),
1704 4170 1759 4215 et
1784 4164 2002 4231 speculo
2033 4207 2046 4229 ,
2096 4176 2151 4221 et
2187 4169 2317 4223 teni-

724 4261 869 4309 mate
898 4251 1158 4307 fuissent?
1188 4252 1408 4309 Scilicet
1436 4263 1491 4308 et
1522 4252 1637 4309 haec
1664 4269 1765 4311 nec
1794 4255 1860 4311 de
1889 4257 2029 4312 Filio
2068 4258 2165 4314 Dei
2204 4276 2312 4316 cre-

2420 3338 2558 3392 sicut
2590 3338 2779 3392 Petrus
2826 3338 2877 3391 in
2911 3336 3057 3390 Actis
3083 3333 3145 3406 (ll
3170 3376 3184 3396 .
3214 3333 3307 3404 9.9.)
3338 3334 3728 3396 concinnatur;
3764 3331 4029 3387 Dominus

2422 3430 2699 3496 virtutum,
2728 3428 2851 3498 quia
2880 3428 3063 3481 omnia
3095 3426 3336 3493 subjecta
3368 3434 3492 3479 sunt
3522 3425 3593 3478 illi
3624 3440 3654 3478 a
3684 3434 3834 3492 patre
3862 3440 3877 3489 ;
3909 3424 4025 3479 Rex

2423 3520 2662 3584 lsraelis,
2690 3522 2811 3590 quia
2856 3520 2946 3573 ille
2977 3518 3190 3588 proprie
3220 3516 3419 3571 excidit
3453 3515 3571 3585 (H)
3600 3531 3718 3570 sors
3743 3516 3922 3585 gentis
3954 3517 4033 3570 is-

2424 3614 2563 3677 tius;
2597 3618 2743 3675 item,
2776 3613 2875 3680 Qur
2920 3626 3038 3677 esr,
3077 3610 3330 3680 quoniam
3367 3608 3517 3662 tnulti
3548 3608 3639 3661 lilii
3681 3606 3798 3679 (15)
3834 3607 4031 3662 dicun-

2427 3715 2534 3772 tur,
2566 3715 2749 3761 etnon
2786 3716 2929 3761 sunt.
2966 3705 3023 3760 Si
3050 3716 3231 3758 autem
3271 3701 3462 3756 Volunt
3502 3712 3558 3755 et
3596 3700 3795 3756 Christi
3831 3716 4033 3756 nomen

2424 3799 2595 3854 Patris
2633 3816 2771 3864 esse,
2805 3797 3022 3852 audient
3058 3797 3175 3865 (16)
3210 3810 3309 3849 suo
3339 3794 3478 3849 loco.
3506 3792 3748 3856 Interim,
3782 3792 3869 3848 hic
3900 3794 4032 3848 mihi

2425 3902 2727 3964 promotum
2779 3892 2849 3945 sit
2893 3903 3213 3960 responsum
3271 3886 3531 3942 adversus
3587 3886 3637 3940 id
3679 3886 3822 3955 quod
3867 3895 3923 3941 et
3966 3886 4035 3940 de

2424 3983 2745 4053 Apocalypsi
2783 3981 3007 4035 Joannis
3056 3977 3334 4049 proferunt
3376 3994 3390 4029 :
3451 3977 3562 4047 Ego
3614 3976 3727 4047 (i7)
3779 3976 4035 4031 Dominus

2423 4081 2510 4148 qui
2538 4087 2611 4130 est
2642 4075 2785 4147 (18),
2812 4086 2858 4129 et
2884 4076 2970 4144 qui
2998 4075 3117 4143 fuit,
3149 4084 3194 4126 et
3225 4072 3359 4125 venit
3388 4072 3745 4141 onmipoleus;
3776 4081 3829 4125 et
3855 4072 4029 4126 sicubi

2422 4173 2547 4227 alibi
2573 4173 2663 4227 Dei
2686 4170 3071 4239 omnipotentis
3091 4166 3501 4236 appellationem
3529 4179 3635 4219 non
3662 4173 3850 4233 putent
3872 4163 4032 4217 etiam

2424 4263 2560 4318 Filio
2588 4264 2880 4319 convenire
2906 4280 2919 4314 :
2950 4260 3102 4331 quasi
3132 4258 3223 4330 qui
3255 4267 3511 4313 venturus
3540 4266 3645 4324 est,
3679 4272 3784 4311 non
3812 4255 3885 4310 sit
3914 4255 4033 4326 (t9)

1934 4377 2228 4436 LECTION
2236 4380 2315 4436 ES
2356 4376 2659 4437 VARIANT
2668 4380 2765 4435 ES.

817 4486 861 4551 1)
901 4486 1019 4551 Qua!
1044 4492 1151 4551 erat
1175 4496 1526 4551 persecuturus
1550 4488 1731 4540 infinita
1754 4492 1903 4543 Seml.

812 4550 863 4613 2)
902 4550 1067 4613 Potuit
1090 4549 1219 4601 abest
1238 4552 1387 4601 Semt.

2344 4628 2396 4687 D

2514 4497 2590 4563 11)
2626 4496 2899 4563 Altissimus
2920 4492 3050 4563 (Litest
3072 4490 3222 4543 Seml.

2518 4559 2589 4611 l2)
2625 4559 2720 4611 Cur
2746 4559 2897 4607 Fran.
2928 4559 3089 4606 Paris.

2510 4613 2589 4680 15)
2626 4622 2945 4680 Omnipotens
2962 4618 3093 4667 abest
3118 4618 3153 4667 S
3166 4613 3275 4680 emt.

809 4612 858 4661 5)
895 4612 945 4659 Si
969 4612 1097 4661 (thes!
1121 4613 1269 4661 Sentl.

810 4674 859 4753 tt
895 4674 1018 4753 aee
1037 4674 1169 4753 sets
1196 4674 1342 4734 ςεηιι-

2487 4674 2589 4753 (11)
2628 4674 3170 4753 Ae‘eid'itguanrOpria
3196 4676 3350 4728 exivit
3374 4674 3529 4725 Latin.

810 4735 860 4810 ἕ)
897 4735 1182 4810 ἓρδθβσηθις
1210 4798 1222 4810 .
1475 4803 1503 4810 -.
1589 4801 1599 4810 .

2490 4735 2591 4810 (ns)
2629 4745 2704 4810 Dii
2719 4742 2902 4810 ⁸ιόιιίἱιή.
2930 4735 3152 4810 Cittccou.

810 4796 861 4858 6)
898 4796 1109 4845 Gloriam
1136 4805 1189 4846 et
1210 4798 1442 4847 honorem
1468 4801 1615 4850 Seml.
2489 4796 2590 4858 116)
2628 4796 2841 4855 Audtuu't
2863 4806 3017 4855 Seml.

811 4858 861 4930 ἶ)
895 4858 1085 4930 ρίςιιιε,
1114 4860 1235 4930 ρῌιι
1262 4861 1473 4923 imagine
1492 4863 1643 4914 Seml.
2489 4858 2509 4928 ζ
2518 4858 2592 4930 17)
2628 4869 2759 4930 Ergo
2782 4868 2932 4919 Seml-
3043 4929 3048 4930 ν
3220 4927 3228 4930 _
3411 4926 3420 4930 _
3542 4928 3546 4930 Α
3619 4928 3624 4930 Α
3719 4922 3727 4930 .
3859 4919 3870 4929 .

820 4875 861 4981 ις
897 4875 1085 4929 metus,
1114 4875 1165 4908 et
1190 4875 1235 4908 In
1262 4875 1473 4923 Intagtnc
1492 4875 1643 4914 δευρί.
2489 4875 2566 4928 (Π
2630 4875 2759 4931 Ergo
2782 4875 2932 4919 San
3411 4926 3420 4934 '
3719 4922 3727 4930 .
3859 4919 3870 4929 υ

809 4923 858 4997 δ..
895 4920 1123 4997 Ῐί¹¹¹⁸⁸θ¹¹ί
1146 4922 1274 4997 3‘";
1361 4984 1372 4997 .
2488 4875 2592 4997 (18)
2627 4932 2687 4997 iit
2707 4935 2791 4995 qui
2820 4939 2925 4997 erat
2948 4929 3067 4997 add;
3094 4927 3245 4997 sentt.
3266 4932 3319 4978 et
3340 4939 3423 4990 qui
3449 4928 3559 4975 erat
3580 4928 3732 4984 etqut
3756 4926 4033 4971 renttJttn.

789 4980 1390 5059 (Dl‘hi‘ouumentis-Seml.
1520 5054 1528 5059 _
1566 5049 1574 5058 _
1631 5051 1661 5059 __
1748 5048 1758 5059 .
2491 4980 2594 5059 (i9)
2628 4980 2741 5057 Est;
2760 5007 2856 5044 non
2878 4992 3007 5045 abest
3029 4990 3178 5043 Sami.

790 5042 893 5109 (10)
927 5043 1117 5095 Nemini
1145 5059 1155 5093 :
1183 5055 1235 5097 et
1254 5061 1432 5097 nomen
1454 5049 1604 5112 patris
1625 5048 1777 5101 Seml.

2107 5159 2667 5218 COMMENTARIUS.

798 5268 953 5325 CAP.
984 5266 1119 5323 XVI.
1137 5266 1297 5339 —-(a)
1322 5268 1405 5321 Ita
1432 5286 1626 5339 semper
1648 5269 2019 5328 ediseebat.Sic
2046 5276 2095 5328 in
2116 5276 2252 5332 libro
2266 5278 2329 5331 de

724 5339 892 5397 Carne
910 5339 1127 5411 Christi:
1158 5360 1174 5389 ι
1201 5339 1263 5411 Et
1297 5340 1541 5400 liberare.
1577 5342 1765 5409 inquit,
1790 5344 2099 5411 etjudicare
2132 5347 2325 5402 huma-

727 5428 855 5466 num
869 5410 1383 5482 genusetliscebatin
1398 5412 1576 5465 carnis
1591 5412 1768 5465 habitu
1797 5410 1901 5466 non
1922 5431 2055 5471 natm
2078 5419 2270 5473 adhuc.
2299 5440 2317 5471 ι

723 5481 958 5537 Rursum
982 5523 995 5535 .
1024 5484 1087 5534 de
1116 5481 1323 5535 Πειρη-ν.
1356 5498 1461 5534 car.
1493 5501 1512 5531 ι
1551 5483 1942 5539 Immunitatem
1974 5489 2150 5542 carnis
2180 5490 2323 5544 edis-

723 5563 872 5608 cunt.
916 5572 933 5603 ι
970 5553 1037 5606 Ει
1072 5552 1156 5606 hic
1185 5567 1344 5606 mox:
1382 5572 1399 5603 ι
1441 5552 1723 5608 Ediscebat
1758 5564 1956 5610 autem.
1997 5579 2013 5609 ι
2050 5560 2105 5612 In
2142 5561 2322 5616 libello

726 5626 795 5676 ad
827 5622 1076 5695 Martyres
1101 5641 1127 5695 τί
1148 5642 1167 5673 t
1218 5623 1385 5676 Etiam
1416 5624 1475 5695 in
1520 5640 1648 5694 pace
1670 5666 1684 5689 ,
1710 5625 1912 5695 inquit,
1946 5628 2126 5685 labore
2156 5642 2208 5686 et
2236 5634 2315 5687 in-

724 5695 1021 5750 commodis
1050 5693 1248 5748 bellutn
1278 5695 1382 5760 pati
1407 5693 1805 5760 jam'ediscunt’.
1844 5717 1861 5746 ι
1899 5698 2071 5754 ΒιηῖΝ.

758 5764 1237 5838 CAP.XV’Il.—(b)
1251 5763 1553 5820 Condicente
1564 5768 1715 5820 etiam
1727 5768 2003 5840 scriptura.
2019 5772 2314 5832 Condicere

2436 5294 2571 5333 nove
2595 5285 2821 5347 usurpat
2838 5291 2931 5345 pro
2950 5274 3194 5329 similiter
3208 5272 3409 5347 dicere,
3427 5269 3541 5347 sive
3554 5262 3823 5347 assentiri.
3849 5263 4029 5347 finus.

2509 5352 2588 5420 (c)
2618 5334 2849 5414 Qui'est:
2881 5354 2966 5418 ἐγὼ
2993 5350 3092 5413 caui
3121 5347 3244 5420 an»,
3288 5343 3418 5396 dicit
3447 5340 3704 5420 Dominus
3746 5334 3891 5417 Deus
3915 5353 3938 5420 ;Δ
3979 5344 4032 5387 et

2431 5410 2538 5475 alio
2568 5410 2685 5475 ioco
2712 5438 2721 5471 :
2756 5420 2854 5485 Qui
2882 5410 2951 5471 est
2983 5410 3060 5470 me
3085 5416 3242 5489 misit,
3271 5423 3401 5478 etc.;
3429 5410 3496 5489 ad
3518 5410 3669 5478 cujus
3695 5410 3842 5489 vocis
3867 5410 4033 5489 inter:

2431 5478 2796 5562 pretatioueui
2814 5489 3092 5558 subjicitur
3120 5487 3321 5562 surripi,
3352 5484 3442 5553 qui
3474 5491 3547 5562 est
3568 5522 3582 5545 ,
3612 5480 3853 5560 quoniam
3881 5478 4031 5562 multi

2428 5554 2525 5632 filii
2555 5564 2794 5633 dicuntur
2820 5602 2833 5620 .
2865 5554 2927 5613 et'
2948 5577 3047 5633 non
3072 5567 3208 5633 sunt.
3236 5556 3365 5633 Qua!
3397 5554 3773 5633 esplicatio'an
3805 5563 3930 5633 rer_a
3962 5554 4030 5633 sit

2430 5618 2535 5687 'nnn
2567 5634 2739 5686 ausint
2767 5618 2969 5685 dicere.
3010 5630 3085 5683 lbi
3110 5618 3576 5695 enitn'signili'cari
3606 5622 3726 5690 quis
3778 5618 4029 5698 crederet

2424 5720 2619 5759 nomen
2651 5688 3404 5771 tetagrammatonJehpraﬂn
3421 5688 3909 5771 quo_tot‘nmysteria
3946 5688 4025 5741 la-

2424 5784 2537 5832 tent
2567 5784 2623 5830 ut
2648 5763 2866 5830 tradunt
2886 5771 3092 5829 rabbini
3113 5780 3169 5828 et
3189 5763 3501 5827 Cabalistm.
3530 5764 3607 5820 ιε
3633 5763 3729 5819 Pa.
