  <div class='ocr_page' id='page_1' title='image "/cluster/home/n/w/nwhite01/storage/ocr_20150623/2/hvd.32044015466741/106.png"; bbox 0 0 4262 6490; ppageno 0'>
   <div class='ocr_carea' id='block_1_1' title="bbox 217 403 314 460">
    <p class='ocr_par' dir='ltr' id='par_1_1' title="bbox 217 403 314 460">
     <span class='ocr_line' id='line_1_1' title="bbox 217 403 314 460; baseline -0.041 0"><span class='ocrx_word' id='word_1_1' title='bbox 217 403 314 460; x_wconf 78' lang='grc'><strong>177</strong></span> 
     </span>
    </p>
   </div>
   <div class='ocr_carea' id='block_1_2' title="bbox 212 520 1803 605">
    <p class='ocr_par' dir='ltr' id='par_1_2' title="bbox 212 520 1803 605">
     <span class='ocr_line' id='line_1_2' title="bbox 212 520 1803 605; baseline 0.009 -32"><span class='ocrx_word' id='word_1_2' title='bbox 212 520 567 591; x_wconf 88' lang='lat' dir='ltr'><strong>omnipotens,</strong></span> <span class='ocrx_word' id='word_1_3' title='bbox 596 538 717 579; x_wconf 92' lang='lat' dir='ltr'><strong>cum</strong></span> <span class='ocrx_word' id='word_1_4' title='bbox 748 533 797 577; x_wconf 84' lang='lat' dir='ltr'><strong>et</strong></span> <span class='ocrx_word' id='word_1_5' title='bbox 821 522 987 580; x_wconf 81' lang='lat' dir='ltr'><strong>Filius</strong></span> <span class='ocrx_word' id='word_1_6' title='bbox 1009 527 1394 596; x_wconf 83' lang='lat' dir='ltr'><strong>omnipotentis</strong></span> <span class='ocrx_word' id='word_1_7' title='bbox 1427 539 1532 586; x_wconf 84' lang='lat' dir='ltr'><strong>tam</strong></span> <span class='ocrx_word' id='word_1_8' title='bbox 1558 534 1803 605; x_wconf 87' lang='lat' dir='ltr'><strong>omnipo-</strong></span> 
     </span>
    </p>
   </div>
   <div class='ocr_carea' id='block_1_3' title="bbox 212 615 1227 687">
    <p class='ocr_par' dir='ltr' id='par_1_3' title="bbox 212 615 1227 687">
     <span class='ocr_line' id='line_1_3' title="bbox 212 615 1227 687; baseline 0.007 -18"><span class='ocrx_word' id='word_1_9' title='bbox 212 624 325 669; x_wconf 88' lang='lat' dir='ltr'><strong>tens</strong></span> <span class='ocrx_word' id='word_1_10' title='bbox 349 617 417 671; x_wconf 91' lang='lat' dir='ltr'><strong>sit</strong></span> <span class='ocrx_word' id='word_1_11' title='bbox 439 615 540 686; x_wconf 88' lang='lat' dir='ltr'><strong>(l),</strong></span> <span class='ocrx_word' id='word_1_12' title='bbox 569 632 726 687; x_wconf 90' lang='lat' dir='ltr'><strong>quam</strong></span> <span class='ocrx_word' id='word_1_13' title='bbox 760 619 896 674; x_wconf 91' lang='lat' dir='ltr'><strong>Deus</strong></span> <span class='ocrx_word' id='word_1_14' title='bbox 926 620 1016 675; x_wconf 82' lang='lat' dir='ltr'><strong>Dei</strong></span> <span class='ocrx_word' id='word_1_15' title='bbox 1045 622 1227 677; x_wconf 73' lang='lat' dir='ltr'><strong>Filius.</strong></span> 
     </span>
    </p>
   </div>
   <div class='ocr_carea' id='block_1_4' title="bbox 776 711 1243 771">
    <p class='ocr_par' dir='ltr' id='par_1_4' title="bbox 776 711 1243 771">
     <span class='ocr_line' id='line_1_4' title="bbox 776 711 1243 771; baseline 0.011 -5"><span class='ocrx_word' id='word_1_16' title='bbox 776 711 1005 769; x_wconf 79' lang='lat' dir='ltr'><strong>CAPUT</strong></span> <span class='ocrx_word' id='word_1_17' title='bbox 1055 714 1243 771; x_wconf 81' lang='lat' dir='ltr'><strong>XVIII.</strong></span> 
     </span>
    </p>
   </div>
   <div class='ocr_carea' id='block_1_5' title="bbox 276 801 1813 881">
    <p class='ocr_par' dir='ltr' id='par_1_5' title="bbox 276 801 1813 881">
     <span class='ocr_line' id='line_1_5' title="bbox 276 801 1813 881; baseline 0.01 -24"><span class='ocrx_word' id='word_1_18' title='bbox 276 801 377 857; x_wconf 88' lang='lat' dir='ltr'><strong>Sed</strong></span> <span class='ocrx_word' id='word_1_19' title='bbox 413 802 550 859; x_wconf 88' lang='lat' dir='ltr'><strong>hanc</strong></span> <span class='ocrx_word' id='word_1_20' title='bbox 574 806 885 863; x_wconf 89' lang='lat' dir='ltr'><strong>societatem</strong></span> <span class='ocrx_word' id='word_1_21' title='bbox 915 809 1193 865; x_wconf 87' lang='lat' dir='ltr'><strong>nominum</strong></span> <span class='ocrx_word' id='word_1_22' title='bbox 1226 820 1569 881; x_wconf 86' lang='lat' dir='ltr'><strong>paternorum</strong></span> <span class='ocrx_word' id='word_1_23' title='bbox 1600 814 1651 869; x_wconf 93' lang='lat' dir='ltr'><strong>in</strong></span> <span class='ocrx_word' id='word_1_24' title='bbox 1678 814 1813 873; x_wconf 84' lang='lat' dir='ltr'><strong>Filio</strong></span> 
     </span>
    </p>
   </div>
   <div class='ocr_carea' id='block_1_6' title="bbox 210 895 1809 978">
    <p class='ocr_par' dir='ltr' id='par_1_6' title="bbox 210 895 1809 978">
     <span class='ocr_line' id='line_1_6' title="bbox 210 895 1809 978; baseline 0.009 -27"><span class='ocrx_word' id='word_1_25' title='bbox 210 910 274 951; x_wconf 90' lang='lat' dir='ltr'><strong>ne</strong></span> <span class='ocrx_word' id='word_1_26' title='bbox 321 895 473 951; x_wconf 77' lang='lat' dir='ltr'><strong>facile</strong></span> <span class='ocrx_word' id='word_1_27' title='bbox 512 901 875 971; x_wconf 68' lang='lat' dir='ltr'><strong>perspiciunt,</strong></span> <span class='ocrx_word' id='word_1_28' title='bbox 922 903 1204 973; x_wconf 94' lang='lat' dir='ltr'><strong>perturbat</strong></span> <span class='ocrx_word' id='word_1_29' title='bbox 1251 906 1375 961; x_wconf 92' lang='lat' dir='ltr'><strong>illos</strong></span> <span class='ocrx_word' id='word_1_30' title='bbox 1422 906 1721 978; x_wconf 77' lang='lat' dir='ltr'><strong>Scriptura,</strong></span> <span class='ocrx_word' id='word_1_31' title='bbox 1763 913 1809 967; x_wconf 89' lang='lat' dir='ltr'><strong>si</strong></span> 
     </span>
    </p>
   </div>
   <div class='ocr_carea' id='block_1_7' title="bbox 210 990 1813 1065">
    <p class='ocr_par' dir='ltr' id='par_1_7' title="bbox 210 990 1813 1065">
     <span class='ocr_line' id='line_1_7' title="bbox 210 990 1813 1065; baseline 0.011 -24"><span class='ocrx_word' id='word_1_32' title='bbox 210 990 422 1059; x_wconf 87' lang='lat' dir='ltr'><strong>quando</strong></span> <span class='ocrx_word' id='word_1_33' title='bbox 454 992 668 1047; x_wconf 91' lang='lat' dir='ltr'><strong>unicum</strong></span> <span class='ocrx_word' id='word_1_34' title='bbox 716 994 883 1051; x_wconf 89' lang='lat' dir='ltr'><strong>Deum</strong></span> <span class='ocrx_word' id='word_1_35' title='bbox 915 998 1138 1059; x_wconf 78' lang='lat' dir='ltr'><strong>statuit;</strong></span> <span class='ocrx_word' id='word_1_36' title='bbox 1185 1000 1335 1065; x_wconf 89' lang='lat' dir='ltr'><strong>quasi</strong></span> <span class='ocrx_word' id='word_1_37' title='bbox 1383 1016 1487 1053; x_wconf 90' lang='lat' dir='ltr'><strong>non</strong></span> <span class='ocrx_word' id='word_1_38' title='bbox 1533 1002 1721 1057; x_wconf 90' lang='lat' dir='ltr'><strong>eadem</strong></span> <span class='ocrx_word' id='word_1_39' title='bbox 1759 1013 1813 1058; x_wconf 86' lang='lat' dir='ltr'><strong>et</strong></span> 
     </span>
    </p>
   </div>
   <div class='ocr_carea' id='block_1_8' title="bbox 207 1081 1812 1162">
    <p class='ocr_par' dir='ltr' id='par_1_8' title="bbox 207 1081 1812 1162">
     <span class='ocr_line' id='line_1_8' title="bbox 207 1081 1812 1162; baseline 0.01 -27"><span class='ocrx_word' id='word_1_40' title='bbox 207 1081 337 1136; x_wconf 86' lang='lat' dir='ltr'><strong>deos</strong></span> <span class='ocrx_word' id='word_1_41' title='bbox 363 1093 415 1137; x_wconf 91' lang='lat' dir='ltr'><strong>et</strong></span> <span class='ocrx_word' id='word_1_42' title='bbox 442 1083 693 1140; x_wconf 88' lang='lat' dir='ltr'><strong>dominos</strong></span> <span class='ocrx_word' id='word_1_43' title='bbox 718 1084 855 1142; x_wconf 90' lang='lat' dir='ltr'><strong>duos</strong></span> <span class='ocrx_word' id='word_1_44' title='bbox 882 1091 1257 1158; x_wconf 90' lang='lat' dir='ltr'><strong>proposuerit,</strong></span> <span class='ocrx_word' id='word_1_45' title='bbox 1289 1100 1349 1145; x_wconf 94' lang='lat' dir='ltr'><strong>ut</strong></span> <span class='ocrx_word' id='word_1_46' title='bbox 1378 1106 1538 1162; x_wconf 85' lang='lat' dir='ltr'><strong>supra</strong></span> <span class='ocrx_word' id='word_1_47' title='bbox 1574 1096 1812 1151; x_wconf 87' lang='lat' dir='ltr'><strong>ostendi-</strong></span> 
     </span>
    </p>
   </div>
   <div class='ocr_carea' id='block_1_9' title="bbox 206 1175 1807 1257">
    <p class='ocr_par' dir='ltr' id='par_1_9' title="bbox 206 1175 1807 1257">
     <span class='ocr_line' id='line_1_9' title="bbox 206 1175 1807 1257; baseline 0.011 -30"><span class='ocrx_word' id='word_1_48' title='bbox 206 1189 343 1229; x_wconf 86' lang='lat' dir='ltr'><strong>mus.</strong></span> <span class='ocrx_word' id='word_1_49' title='bbox 379 1175 520 1245; x_wconf 79' lang='lat' dir='ltr'><strong>Ergo</strong></span> <span class='ocrx_word' id='word_1_50' title='bbox 546 1177 669 1246; x_wconf 83' lang='lat' dir='ltr'><strong>quia</strong></span> <span class='ocrx_word' id='word_1_51' title='bbox 724 1178 860 1233; x_wconf 90' lang='lat' dir='ltr'><strong>duos</strong></span> <span class='ocrx_word' id='word_1_52' title='bbox 900 1189 954 1235; x_wconf 83' lang='lat' dir='ltr'><strong>et</strong></span> <span class='ocrx_word' id='word_1_53' title='bbox 1006 1194 1153 1245; x_wconf 91' lang='lat' dir='ltr'><strong>cum,</strong></span> <span class='ocrx_word' id='word_1_54' title='bbox 1186 1183 1451 1253; x_wconf 85' lang='lat' dir='ltr'><strong>inquiunt,</strong></span> <span class='ocrx_word' id='word_1_55' title='bbox 1484 1188 1807 1257; x_wconf 76' lang='lat' dir='ltr'><strong>invenimus,</strong></span> 
     </span>
    </p>
   </div>
   <div class='ocr_carea' id='block_1_10' title="bbox 210 1266 1807 1344">
    <p class='ocr_par' dir='ltr' id='par_1_10' title="bbox 210 1266 1807 1344">
     <span class='ocr_line' id='line_1_10' title="bbox 210 1266 1807 1344; baseline 0.012 -23"><span class='ocrx_word' id='word_1_56' title='bbox 210 1266 328 1321; x_wconf 87' lang='lat' dir='ltr'><strong>ideo</strong></span> <span class='ocrx_word' id='word_1_57' title='bbox 378 1269 539 1323; x_wconf 89' lang='lat' dir='ltr'><strong>ambo</strong></span> <span class='ocrx_word' id='word_1_58' title='bbox 583 1286 719 1326; x_wconf 89' lang='lat' dir='ltr'><strong>unus</strong></span> <span class='ocrx_word' id='word_1_59' title='bbox 771 1282 936 1344; x_wconf 91' lang='lat' dir='ltr'><strong>atque</strong></span> <span class='ocrx_word' id='word_1_60' title='bbox 988 1275 1149 1338; x_wconf 91' lang='lat' dir='ltr'><strong>idem,</strong></span> <span class='ocrx_word' id='word_1_61' title='bbox 1210 1287 1264 1332; x_wconf 90' lang='lat' dir='ltr'><strong>et</strong></span> <span class='ocrx_word' id='word_1_62' title='bbox 1312 1279 1477 1334; x_wconf 89' lang='lat' dir='ltr'><strong>Filius</strong></span> <span class='ocrx_word' id='word_1_63' title='bbox 1528 1291 1581 1337; x_wconf 90' lang='lat' dir='ltr'><strong>et</strong></span> <span class='ocrx_word' id='word_1_64' title='bbox 1629 1284 1807 1341; x_wconf 87' lang='lat' dir='ltr'><strong>Pater.</strong></span> 
     </span>
    </p>
   </div>
   <div class='ocr_carea' id='block_1_11' title="bbox 212 1358 1808 1439">
    <p class='ocr_par' dir='ltr' id='par_1_11' title="bbox 212 1358 1808 1439">
     <span class='ocr_line' id='line_1_11' title="bbox 212 1358 1808 1439; baseline 0.012 -25"><span class='ocrx_word' id='word_1_65' title='bbox 212 1358 398 1423; x_wconf 83' lang='lat' dir='ltr'><strong>Porro,</strong></span> <span class='ocrx_word' id='word_1_66' title='bbox 434 1376 538 1416; x_wconf 90' lang='lat' dir='ltr'><strong>non</strong></span> <span class='ocrx_word' id='word_1_67' title='bbox 586 1365 919 1433; x_wconf 81' lang='lat' dir='ltr'><strong>periclitatur</strong></span> <span class='ocrx_word' id='word_1_68' title='bbox 949 1367 1250 1439; x_wconf 80' lang='lat' dir='ltr'><strong>Scriptura,</strong></span> <span class='ocrx_word' id='word_1_69' title='bbox 1284 1382 1342 1426; x_wconf 81' lang='grc' dir='ltr'><strong>ιιι</strong></span> <span class='ocrx_word' id='word_1_70' title='bbox 1387 1374 1459 1427; x_wconf 91' lang='lat' dir='ltr'><strong>illi</strong></span> <span class='ocrx_word' id='word_1_71' title='bbox 1503 1375 1570 1430; x_wconf 89' lang='lat' dir='ltr'><strong>de</strong></span> <span class='ocrx_word' id='word_1_72' title='bbox 1601 1389 1688 1431; x_wconf 89' lang='lat' dir='ltr'><strong>tua</strong></span> <span class='ocrx_word' id='word_1_73' title='bbox 1717 1393 1808 1432; x_wconf 84' lang='lat' dir='ltr'><strong>ar-</strong></span> 
     </span>
    </p>
   </div>
   <div class='ocr_carea' id='block_1_12' title="bbox 202 1454 1805 1525">
    <p class='ocr_par' dir='ltr' id='par_1_12' title="bbox 202 1454 1805 1525">
     <span class='ocr_line' id='line_1_12' title="bbox 202 1454 1805 1525; baseline 0.014 -22"><span class='ocrx_word' id='word_1_74' title='bbox 202 1454 605 1520; x_wconf 80' lang='lat' dir='ltr'><strong>gumentatione</strong></span> <span class='ocrx_word' id='word_1_75' title='bbox 650 1470 960 1524; x_wconf 83' lang='lat' dir='ltr'><strong>succurras,</strong></span> <span class='ocrx_word' id='word_1_76' title='bbox 992 1476 1059 1514; x_wconf 84' lang='lat' dir='ltr'><strong>ne</strong></span> <span class='ocrx_word' id='word_1_77' title='bbox 1098 1461 1200 1516; x_wconf 84' lang='lat' dir='ltr'><strong>sibi</strong></span> <span class='ocrx_word' id='word_1_78' title='bbox 1231 1465 1498 1519; x_wconf 88' lang='lat' dir='ltr'><strong>contraria</strong></span> <span class='ocrx_word' id='word_1_79' title='bbox 1541 1468 1805 1525; x_wconf 88' lang='lat' dir='ltr'><strong>videatur.</strong></span> 
     </span>
    </p>
   </div>
   <div class='ocr_carea' id='block_1_13' title="bbox 204 1542 1809 1621">
    <p class='ocr_par' dir='ltr' id='par_1_13' title="bbox 204 1542 1809 1621">
     <span class='ocr_line' id='line_1_13' title="bbox 204 1542 1809 1621; baseline 0.013 -25"><span class='ocrx_word' id='word_1_80' title='bbox 204 1542 369 1598; x_wconf 82' lang='lat' dir='ltr'><strong>Habet</strong></span> <span class='ocrx_word' id='word_1_81' title='bbox 446 1546 731 1613; x_wconf 89' lang='lat' dir='ltr'><strong>rationem,</strong></span> <span class='ocrx_word' id='word_1_82' title='bbox 781 1558 836 1604; x_wconf 84' lang='lat' dir='ltr'><strong>et</strong></span> <span class='ocrx_word' id='word_1_83' title='bbox 874 1566 996 1607; x_wconf 92' lang='lat' dir='ltr'><strong>cum</strong></span> <span class='ocrx_word' id='word_1_84' title='bbox 1039 1554 1254 1607; x_wconf 84' lang='lat' dir='ltr'><strong>unicum</strong></span> <span class='ocrx_word' id='word_1_85' title='bbox 1304 1556 1467 1610; x_wconf 88' lang='lat' dir='ltr'><strong>Deum</strong></span> <span class='ocrx_word' id='word_1_86' title='bbox 1510 1562 1711 1621; x_wconf 78' lang='lat' dir='ltr'><strong>statuit,</strong></span> <span class='ocrx_word' id='word_1_87' title='bbox 1754 1571 1809 1617; x_wconf 93' lang='lat' dir='ltr'><strong>et</strong></span> 
     </span>
    </p>
   </div>
   <div class='ocr_carea' id='block_1_14' title="bbox 200 1637 1808 1720">
    <p class='ocr_par' dir='ltr' id='par_1_14' title="bbox 200 1637 1808 1720">
     <span class='ocr_line' id='line_1_14' title="bbox 200 1637 1808 1720; baseline 0.011 -29"><span class='ocrx_word' id='word_1_88' title='bbox 200 1651 316 1691; x_wconf 89' lang='lat' dir='ltr'><strong>cum</strong></span> <span class='ocrx_word' id='word_1_89' title='bbox 376 1637 515 1695; x_wconf 84' lang='lat' dir='ltr'><strong>duos</strong></span> <span class='ocrx_word' id='word_1_90' title='bbox 570 1640 785 1698; x_wconf 85' lang='lat' dir='ltr'><strong>Patrem</strong></span> <span class='ocrx_word' id='word_1_91' title='bbox 830 1654 883 1699; x_wconf 90' lang='lat' dir='ltr'><strong>et</strong></span> <span class='ocrx_word' id='word_1_92' title='bbox 929 1645 1123 1701; x_wconf 86' lang='lat' dir='ltr'><strong>Filium</strong></span> <span class='ocrx_word' id='word_1_93' title='bbox 1172 1649 1444 1714; x_wconf 86' lang='lat' dir='ltr'><strong>ostendit;</strong></span> <span class='ocrx_word' id='word_1_94' title='bbox 1503 1661 1557 1705; x_wconf 88' lang='lat' dir='ltr'><strong>et</strong></span> <span class='ocrx_word' id='word_1_95' title='bbox 1613 1655 1808 1720; x_wconf 59' lang='lat' dir='ltr'><strong>suffici;</strong></span> 
     </span>
    </p>
   </div>
   <div class='ocr_carea' id='block_1_15' title="bbox 198 1727 1809 1800">
    <p class='ocr_par' dir='ltr' id='par_1_15' title="bbox 198 1727 1809 1800">
     <span class='ocr_line' id='line_1_15' title="bbox 198 1727 1809 1800; baseline 0.012 -20"><span class='ocrx_word' id='word_1_96' title='bbox 198 1728 315 1783; x_wconf 88' lang='lat' dir='ltr'><strong>sibi.</strong></span> <span class='ocrx_word' id='word_1_97' title='bbox 357 1727 553 1785; x_wconf 86' lang='lat' dir='ltr'><strong>Filium</strong></span> <span class='ocrx_word' id='word_1_98' title='bbox 585 1734 847 1788; x_wconf 88' lang='lat' dir='ltr'><strong>nominari</strong></span> <span class='ocrx_word' id='word_1_99' title='bbox 874 1735 943 1789; x_wconf 87' lang='lat' dir='ltr'><strong>ab</strong></span> <span class='ocrx_word' id='word_1_100' title='bbox 970 1752 1029 1789; x_wconf 88' lang='lat' dir='ltr'><strong>ea</strong></span> <span class='ocrx_word' id='word_1_101' title='bbox 1059 1748 1290 1794; x_wconf 85' lang='lat' dir='ltr'><strong>constat.</strong></span> <span class='ocrx_word' id='word_1_102' title='bbox 1322 1740 1491 1796; x_wconf 86' lang='lat' dir='ltr'><strong>Salvo</strong></span> <span class='ocrx_word' id='word_1_103' title='bbox 1530 1744 1674 1798; x_wconf 89' lang='lat' dir='ltr'><strong>enim</strong></span> <span class='ocrx_word' id='word_1_104' title='bbox 1719 1744 1809 1800; x_wconf 88' lang='lat' dir='ltr'><strong>Fi-</strong></span> 
     </span>
    </p>
   </div>
   <div class='ocr_carea' id='block_1_16' title="bbox 199 1817 1807 1905">
    <p class='ocr_par' dir='ltr' id='par_1_16' title="bbox 199 1817 1807 1905">
     <span class='ocr_line' id='line_1_16' title="bbox 199 1817 1807 1905; baseline 0.012 -32"><span class='ocrx_word' id='word_1_105' title='bbox 199 1817 268 1873; x_wconf 91' lang='lat' dir='ltr'><strong>lio</strong></span> <span class='ocrx_word' id='word_1_106' title='bbox 299 1831 447 1876; x_wconf 88' lang='lat' dir='ltr'><strong>reete</strong></span> <span class='ocrx_word' id='word_1_107' title='bbox 471 1823 687 1879; x_wconf 89' lang='lat' dir='ltr'><strong>unicum</strong></span> <span class='ocrx_word' id='word_1_108' title='bbox 725 1825 890 1881; x_wconf 86' lang='lat' dir='ltr'><strong>Deum</strong></span> <span class='ocrx_word' id='word_1_109' title='bbox 917 1836 1090 1895; x_wconf 80' lang='lat' dir='ltr'><strong>potest</strong></span> <span class='ocrx_word' id='word_1_110' title='bbox 1110 1829 1523 1897; x_wconf 88' lang='lat' dir='ltr'><strong>determinasse,</strong></span> <span class='ocrx_word' id='word_1_111' title='bbox 1555 1835 1704 1905; x_wconf 85' lang='lat' dir='ltr'><strong>cujus</strong></span> <span class='ocrx_word' id='word_1_112' title='bbox 1725 1846 1807 1892; x_wconf 89' lang='lat' dir='ltr'><strong>est</strong></span> 
     </span>
    </p>
   </div>
   <div class='ocr_carea' id='block_1_17' title="bbox 195 1908 1805 1996">
    <p class='ocr_par' dir='ltr' id='par_1_17' title="bbox 195 1908 1805 1996">
     <span class='ocr_line' id='line_1_17' title="bbox 195 1908 1805 1996; baseline 0.012 -33"><span class='ocrx_word' id='word_1_113' title='bbox 195 1908 375 1966; x_wconf 85' lang='lat' dir='ltr'><strong>Filius.</strong></span> <span class='ocrx_word' id='word_1_114' title='bbox 396 1912 511 1967; x_wconf 82' lang='lat' dir='ltr'><strong>Non</strong></span> <span class='ocrx_word' id='word_1_115' title='bbox 534 1916 675 1971; x_wconf 91' lang='lat' dir='ltr'><strong>enim</strong></span> <span class='ocrx_word' id='word_1_116' title='bbox 696 1916 892 1972; x_wconf 88' lang='lat' dir='ltr'><strong>desiuit</strong></span> <span class='ocrx_word' id='word_1_117' title='bbox 907 1933 1026 1974; x_wconf 84' lang='lat' dir='ltr'><strong>esse</strong></span> <span class='ocrx_word' id='word_1_118' title='bbox 1046 1921 1134 1989; x_wconf 89' lang='lat' dir='ltr'><strong>qui</strong></span> <span class='ocrx_word' id='word_1_119' title='bbox 1155 1920 1316 1977; x_wconf 83' lang='lat' dir='ltr'><strong>habet</strong></span> <span class='ocrx_word' id='word_1_120' title='bbox 1337 1923 1531 1979; x_wconf 76' lang='lat' dir='ltr'><strong>Filium</strong></span> <span class='ocrx_word' id='word_1_121' title='bbox 1551 1926 1668 1996; x_wconf 90' lang='lat' dir='ltr'><strong>ipse</strong></span> <span class='ocrx_word' id='word_1_122' title='bbox 1688 1929 1805 1982; x_wconf 82' lang='lat' dir='ltr'><strong>uni-</strong></span> 
     </span>
    </p>
   </div>
   <div class='ocr_carea' id='block_1_18' title="bbox 193 2006 1804 2113">
    <p class='ocr_par' dir='ltr' id='par_1_18' title="bbox 193 2006 1798 2085">
     <span class='ocr_line' id='line_1_18' title="bbox 193 2006 1798 2085; baseline 0.01 -27"><span class='ocrx_word' id='word_1_123' title='bbox 193 2016 304 2065; x_wconf 87' lang='lat' dir='ltr'><strong>cus,</strong></span> <span class='ocrx_word' id='word_1_124' title='bbox 324 2018 425 2059; x_wconf 89' lang='lat' dir='ltr'><strong>suo</strong></span> <span class='ocrx_word' id='word_1_125' title='bbox 442 2006 645 2063; x_wconf 88' lang='lat' dir='ltr'><strong>scilicet</strong></span> <span class='ocrx_word' id='word_1_126' title='bbox 667 2010 902 2075; x_wconf 88' lang='lat' dir='ltr'><strong>nomine,</strong></span> <span class='ocrx_word' id='word_1_127' title='bbox 921 2012 1166 2081; x_wconf 84' lang='lat' dir='ltr'><strong>quotiens</strong></span> <span class='ocrx_word' id='word_1_128' title='bbox 1184 2014 1300 2069; x_wconf 87' lang='lat' dir='ltr'><strong>sine</strong></span> <span class='ocrx_word' id='word_1_129' title='bbox 1314 2014 1449 2070; x_wconf 87' lang='lat' dir='ltr'><strong>Filio</strong></span> <span class='ocrx_word' id='word_1_130' title='bbox 1472 2019 1798 2085; x_wconf 80' lang='lat' dir='ltr'><strong>nominatur;</strong></span> 
     </span>
    </p>
   </div>
   <div class='ocr_carea' id='block_1_19' title="bbox 1904 2006 2772 2113">
    <p class='ocr_par' dir='ltr' id='par_1_19' title="bbox 1911 2038 2772 2113">
     <span class='ocr_line' id='line_1_19' title="bbox 1911 2038 2772 2113; baseline 0.014 -23"><span class='ocrx_word' id='word_1_131' title='bbox 1911 2038 2088 2093; x_wconf 89' lang='lat' dir='ltr'><strong>sciens</strong></span> <span class='ocrx_word' id='word_1_132' title='bbox 2131 2054 2348 2096; x_wconf 87' lang='lat' dir='ltr'><strong>sensum</strong></span> <span class='ocrx_word' id='word_1_133' title='bbox 2395 2047 2605 2113; x_wconf 85' lang='lat' dir='ltr'><strong>patris:</strong></span> <span class='ocrx_word' id='word_1_134' title='bbox 2645 2047 2772 2113; x_wconf 85' lang='lat' dir='ltr'><strong>Quis</strong></span> 
     </span>
    </p>
   </div>
   <div class='ocr_carea' id='block_1_20' title="bbox 192 2094 1805 2177">
    <p class='ocr_par' dir='ltr' id='par_1_20' title="bbox 192 2094 1805 2177">
     <span class='ocr_line' id='line_1_20' title="bbox 192 2094 1805 2177; baseline 0.014 -31"><span class='ocrx_word' id='word_1_135' title='bbox 192 2095 304 2149; x_wconf 89' lang='lat' dir='ltr'><strong>sine</strong></span> <span class='ocrx_word' id='word_1_136' title='bbox 323 2094 460 2150; x_wconf 79' lang='lat' dir='ltr'><strong>Filio</strong></span> <span class='ocrx_word' id='word_1_137' title='bbox 473 2108 652 2153; x_wconf 88' lang='lat' dir='ltr'><strong>autem</strong></span> <span class='ocrx_word' id='word_1_138' title='bbox 673 2102 999 2167; x_wconf 87' lang='lat' dir='ltr'><strong>nominatur,</strong></span> <span class='ocrx_word' id='word_1_139' title='bbox 1022 2118 1142 2158; x_wconf 90' lang='lat' dir='ltr'><strong>cum</strong></span> <span class='ocrx_word' id='word_1_140' title='bbox 1169 2106 1530 2177; x_wconf 86' lang='lat' dir='ltr'><strong>principaliter</strong></span> <span class='ocrx_word' id='word_1_141' title='bbox 1555 2110 1805 2168; x_wconf 84' lang='lat' dir='ltr'><strong>determi-</strong></span> 
     </span>
    </p>
   </div>
   <div class='ocr_carea' id='block_1_21' title="bbox 193 2191 1804 2276">
    <p class='ocr_par' dir='ltr' id='par_1_21' title="bbox 193 2191 1804 2276">
     <span class='ocr_line' id='line_1_21' title="bbox 193 2191 1804 2276; baseline 0.011 -35"><span class='ocrx_word' id='word_1_142' title='bbox 193 2198 344 2245; x_wconf 89' lang='lat' dir='ltr'><strong>natur</strong></span> <span class='ocrx_word' id='word_1_143' title='bbox 361 2199 419 2243; x_wconf 89' lang='lat' dir='ltr'><strong>ut</strong></span> <span class='ocrx_word' id='word_1_144' title='bbox 435 2191 602 2258; x_wconf 85' lang='lat' dir='ltr'><strong>prima</strong></span> <span class='ocrx_word' id='word_1_145' title='bbox 621 2208 867 2259; x_wconf 88' lang='lat' dir='ltr'><strong>persona,</strong></span> <span class='ocrx_word' id='word_1_146' title='bbox 887 2212 1006 2267; x_wconf 75' lang='lat' dir='ltr'><strong>qua:</strong></span> <span class='ocrx_word' id='word_1_147' title='bbox 1028 2207 1152 2253; x_wconf 90' lang='lat' dir='ltr'><strong>ante</strong></span> <span class='ocrx_word' id='word_1_148' title='bbox 1172 2198 1292 2254; x_wconf 81' lang='lat' dir='ltr'><strong>Filii</strong></span> <span class='ocrx_word' id='word_1_149' title='bbox 1317 2216 1509 2257; x_wconf 86' lang='lat' dir='ltr'><strong>nomen</strong></span> <span class='ocrx_word' id='word_1_150' title='bbox 1533 2215 1649 2259; x_wconf 88' lang='lat' dir='ltr'><strong>erat</strong></span> <span class='ocrx_word' id='word_1_151' title='bbox 1674 2222 1773 2276; x_wconf 90' lang='lat' dir='ltr'><strong>pro</strong></span> <span class='ocrx_word' id='word_1_152' title='bbox 1792 2238 1804 2251; x_wconf 71' lang='grc' dir='ltr'><strong><em>ρ</em></strong></span> 
     </span>
    </p>
   </div>
   <div class='ocr_carea' id='block_1_22' title="bbox 193 2282 1805 2364">
    <p class='ocr_par' dir='ltr' id='par_1_22' title="bbox 193 2282 1805 2364">
     <span class='ocr_line' id='line_1_22' title="bbox 193 2282 1805 2364; baseline 0.012 -30"><span class='ocrx_word' id='word_1_153' title='bbox 193 2282 457 2350; x_wconf 89' lang='lat' dir='ltr'><strong>ponenda;</strong></span> <span class='ocrx_word' id='word_1_154' title='bbox 472 2284 596 2353; x_wconf 85' lang='lat' dir='ltr'><strong>quia</strong></span> <span class='ocrx_word' id='word_1_155' title='bbox 622 2285 776 2341; x_wconf 85' lang='lat' dir='ltr'><strong>Pater</strong></span> <span class='ocrx_word' id='word_1_156' title='bbox 789 2297 913 2344; x_wconf 89' lang='lat' dir='ltr'><strong>ante</strong></span> <span class='ocrx_word' id='word_1_157' title='bbox 924 2293 1348 2359; x_wconf 79' lang='lat' dir='ltr'><strong>cognoscitur,et</strong></span> <span class='ocrx_word' id='word_1_158' title='bbox 1366 2305 1483 2364; x_wconf 91' lang='lat' dir='ltr'><strong>post</strong></span> <span class='ocrx_word' id='word_1_159' title='bbox 1500 2297 1708 2353; x_wconf 87' lang='lat' dir='ltr'><strong>Patrem</strong></span> <span class='ocrx_word' id='word_1_160' title='bbox 1726 2300 1805 2354; x_wconf 86' lang='lat' dir='ltr'><strong>Fi-</strong></span> 
     </span>
    </p>
   </div>
   <div class='ocr_carea' id='block_1_23' title="bbox 192 2373 1804 2461">
    <p class='ocr_par' dir='ltr' id='par_1_23' title="bbox 192 2373 1804 2461">
     <span class='ocr_line' id='line_1_23' title="bbox 192 2373 1804 2461; baseline 0.012 -33"><span class='ocrx_word' id='word_1_161' title='bbox 192 2373 289 2430; x_wconf 81' lang='lat' dir='ltr'><strong>lius</strong></span> <span class='ocrx_word' id='word_1_162' title='bbox 311 2377 639 2432; x_wconf 85' lang='lat' dir='ltr'><strong>nominatur.</strong></span> <span class='ocrx_word' id='word_1_163' title='bbox 655 2378 820 2450; x_wconf 80' lang='lat' dir='ltr'><strong>Igitur</strong></span> <span class='ocrx_word' id='word_1_164' title='bbox 838 2394 973 2437; x_wconf 89' lang='lat' dir='ltr'><strong>unus</strong></span> <span class='ocrx_word' id='word_1_165' title='bbox 991 2382 1131 2439; x_wconf 88' lang='lat' dir='ltr'><strong>Deus</strong></span> <span class='ocrx_word' id='word_1_166' title='bbox 1152 2384 1326 2451; x_wconf 88' lang='lat' dir='ltr'><strong>Pater,</strong></span> <span class='ocrx_word' id='word_1_167' title='bbox 1350 2397 1406 2441; x_wconf 88' lang='lat' dir='ltr'><strong>et</strong></span> <span class='ocrx_word' id='word_1_168' title='bbox 1438 2390 1574 2445; x_wconf 91' lang='lat' dir='ltr'><strong>alius</strong></span> <span class='ocrx_word' id='word_1_169' title='bbox 1602 2392 1804 2461; x_wconf 87' lang='lat' dir='ltr'><strong>absque</strong></span> 
     </span>
    </p>
   </div>
   <div class='ocr_carea' id='block_1_24' title="bbox 192 2467 1802 2551">
    <p class='ocr_par' dir='ltr' id='par_1_24' title="bbox 192 2467 1802 2551">
     <span class='ocr_line' id='line_1_24' title="bbox 192 2467 1802 2551; baseline 0.012 -31"><span class='ocrx_word' id='word_1_170' title='bbox 192 2481 255 2521; x_wconf 86' lang='lat' dir='ltr'><strong>eo</strong></span> <span class='ocrx_word' id='word_1_171' title='bbox 286 2467 364 2538; x_wconf 71' lang='grc' dir='ltr'><strong>(Ξ.)</strong></span> <span class='ocrx_word' id='word_1_172' title='bbox 394 2485 501 2524; x_wconf 91' lang='lat' dir='ltr'><strong>non</strong></span> <span class='ocrx_word' id='word_1_173' title='bbox 557 2481 659 2526; x_wconf 86' lang='lat' dir='ltr'><strong>est.</strong></span> <span class='ocrx_word' id='word_1_174' title='bbox 713 2472 866 2540; x_wconf 86' lang='lat' dir='ltr'><strong>Quod</strong></span> <span class='ocrx_word' id='word_1_175' title='bbox 897 2475 1011 2545; x_wconf 86' lang='lat' dir='ltr'><strong>ipse</strong></span> <span class='ocrx_word' id='word_1_176' title='bbox 1052 2476 1291 2534; x_wconf 81' lang='lat' dir='ltr'><strong>inferens</strong></span> <span class='ocrx_word' id='word_1_177' title='bbox 1338 2479 1443 2551; x_wconf 77' lang='lat'><strong>(&#39;5),</strong></span> <span class='ocrx_word' id='word_1_178' title='bbox 1474 2497 1578 2536; x_wconf 86' lang='lat' dir='ltr'><strong>non</strong></span> <span class='ocrx_word' id='word_1_179' title='bbox 1610 2482 1802 2539; x_wconf 88' lang='lat' dir='ltr'><strong>Filium</strong></span> 
     </span>
    </p>
   </div>
   <div class='ocr_carea' id='block_1_25' title="bbox 191 2565 1804 2634">
    <p class='ocr_par' dir='ltr' id='par_1_25' title="bbox 191 2565 1804 2634">
     <span class='ocr_line' id='line_1_25' title="bbox 191 2565 1804 2634; baseline 0.011 -18"><span class='ocrx_word' id='word_1_180' title='bbox 191 2572 374 2631; x_wconf 75' lang='lat' dir='ltr'><strong>negat,</strong></span> <span class='ocrx_word' id='word_1_181' title='bbox 407 2565 501 2619; x_wconf 90' lang='lat' dir='ltr'><strong>sed</strong></span> <span class='ocrx_word' id='word_1_182' title='bbox 522 2566 688 2621; x_wconf 88' lang='lat' dir='ltr'><strong>alium</strong></span> <span class='ocrx_word' id='word_1_183' title='bbox 711 2567 878 2625; x_wconf 89' lang='lat' dir='ltr'><strong>Deum</strong></span> <span class='ocrx_word' id='word_1_184' title='bbox 907 2587 919 2623; x_wconf 93' lang='lat'><strong>:</strong></span> <span class='ocrx_word' id='word_1_185' title='bbox 948 2579 1201 2627; x_wconf 60' lang='lat' dir='ltr'><strong>ceterum</strong></span> <span class='ocrx_word' id='word_1_186' title='bbox 1233 2575 1370 2629; x_wconf 89' lang='lat' dir='ltr'><strong>alius</strong></span> <span class='ocrx_word' id='word_1_187' title='bbox 1394 2590 1423 2629; x_wconf 92' lang='lat' dir='ltr'><strong>a</strong></span> <span class='ocrx_word' id='word_1_188' title='bbox 1452 2575 1610 2633; x_wconf 89' lang='lat' dir='ltr'><strong>Patre</strong></span> <span class='ocrx_word' id='word_1_189' title='bbox 1642 2578 1804 2634; x_wconf 80' lang='lat' dir='ltr'><strong>Filius</strong></span> 
     </span>
    </p>
   </div>
   <div class='ocr_carea' id='block_1_26' title="bbox 199 2655 1805 2738">
    <p class='ocr_par' dir='ltr' id='par_1_26' title="bbox 199 2655 1805 2738">
     <span class='ocr_line' id='line_1_26' title="bbox 199 2655 1805 2738; baseline 0.009 -29"><span class='ocrx_word' id='word_1_190' title='bbox 199 2670 300 2709; x_wconf 92' lang='lat' dir='ltr'><strong>non</strong></span> <span class='ocrx_word' id='word_1_191' title='bbox 338 2664 425 2709; x_wconf 84' lang='lat' dir='ltr'><strong>est</strong></span> <span class='ocrx_word' id='word_1_192' title='bbox 481 2655 583 2728; x_wconf 76' lang='grc'><strong>(4).</strong></span> <span class='ocrx_word' id='word_1_193' title='bbox 634 2657 893 2729; x_wconf 90' lang='lat' dir='ltr'><strong>Denique,</strong></span> <span class='ocrx_word' id='word_1_194' title='bbox 928 2661 1129 2731; x_wconf 88' lang='lat' dir='ltr'><strong>inspice</strong></span> <span class='ocrx_word' id='word_1_195' title='bbox 1196 2667 1471 2734; x_wconf 86' lang='lat' dir='ltr'><strong>sequentia</strong></span> <span class='ocrx_word' id='word_1_196' title='bbox 1502 2668 1805 2738; x_wconf 68' lang='lat' dir='ltr'><strong>huiusmodi</strong></span> 
     </span>
    </p>
   </div>
   <div class='ocr_carea' id='block_1_27' title="bbox 192 2747 1805 2817">
    <p class='ocr_par' dir='ltr' id='par_1_27' title="bbox 192 2747 1805 2817">
     <span class='ocr_line' id='line_1_27' title="bbox 192 2747 1805 2817; baseline 0.009 -16"><span class='ocrx_word' id='word_1_197' title='bbox 192 2747 713 2817; x_wconf 86' lang='lat' dir='ltr'><strong>pranuntiationum,</strong></span> <span class='ocrx_word' id='word_1_198' title='bbox 747 2760 802 2805; x_wconf 90' lang='lat' dir='ltr'><strong>et</strong></span> <span class='ocrx_word' id='word_1_199' title='bbox 834 2750 1076 2809; x_wconf 84' lang='lat' dir='ltr'><strong>invenies</strong></span> <span class='ocrx_word' id='word_1_200' title='bbox 1104 2753 1217 2811; x_wconf 79' lang='lat' dir='ltr'><strong>fere</strong></span> <span class='ocrx_word' id='word_1_201' title='bbox 1246 2756 1313 2811; x_wconf 89' lang='lat' dir='ltr'><strong>ad</strong></span> <span class='ocrx_word' id='word_1_202' title='bbox 1342 2758 1605 2814; x_wconf 85' lang='lat' dir='ltr'><strong>idolorum</strong></span> <span class='ocrx_word' id='word_1_203' title='bbox 1647 2760 1805 2816; x_wconf 79' lang='lat' dir='ltr'><strong>facti-</strong></span> 
     </span>
    </p>
   </div>
   <div class='ocr_carea' id='block_1_28' title="bbox 192 2844 1797 2924">
    <p class='ocr_par' dir='ltr' id='par_1_28' title="bbox 192 2844 1797 2924">
     <span class='ocr_line' id='line_1_28' title="bbox 192 2844 1797 2924; baseline 0.011 -30"><span class='ocrx_word' id='word_1_204' title='bbox 192 2849 395 2896; x_wconf 85' lang='lat' dir='ltr'><strong>latores</strong></span> <span class='ocrx_word' id='word_1_205' title='bbox 423 2851 582 2911; x_wconf 90' lang='lat' dir='ltr'><strong>atque</strong></span> <span class='ocrx_word' id='word_1_206' title='bbox 608 2844 844 2900; x_wconf 86' lang='lat' dir='ltr'><strong>cultores</strong></span> <span class='ocrx_word' id='word_1_207' title='bbox 870 2846 1241 2905; x_wconf 85' lang='lat' dir='ltr'><strong>deﬁnitionem</strong></span> <span class='ocrx_word' id='word_1_208' title='bbox 1269 2866 1455 2907; x_wconf 89' lang='lat' dir='ltr'><strong>earum</strong></span> <span class='ocrx_word' id='word_1_209' title='bbox 1488 2856 1797 2924; x_wconf 83' lang='lat' dir='ltr'><strong>pertinere;</strong></span> 
     </span>
    </p>
   </div>
   <div class='ocr_carea' id='block_1_29' title="bbox 189 2934 1801 3003">
    <p class='ocr_par' dir='ltr' id='par_1_29' title="bbox 189 2934 1801 3003">
     <span class='ocr_line' id='line_1_29' title="bbox 189 2934 1801 3003; baseline 0.01 -16"><span class='ocrx_word' id='word_1_210' title='bbox 189 2944 242 2988; x_wconf 93' lang='lat' dir='ltr'><strong>ut</strong></span> <span class='ocrx_word' id='word_1_211' title='bbox 290 2934 692 2991; x_wconf 88' lang='lat' dir='ltr'><strong>multitudinem</strong></span> <span class='ocrx_word' id='word_1_212' title='bbox 734 2936 992 2994; x_wconf 82' lang='lat' dir='ltr'><strong>falsorum</strong></span> <span class='ocrx_word' id='word_1_213' title='bbox 1041 2940 1269 2997; x_wconf 89' lang='lat' dir='ltr'><strong>deorum</strong></span> <span class='ocrx_word' id='word_1_214' title='bbox 1323 2945 1453 2999; x_wconf 90' lang='lat' dir='ltr'><strong>nnio</strong></span> <span class='ocrx_word' id='word_1_215' title='bbox 1504 2945 1801 3003; x_wconf 81' lang='lat' dir='ltr'><strong>divinitatis</strong></span> 
     </span>
    </p>
   </div>
   <div class='ocr_carea' id='block_1_30' title="bbox 188 3029 1803 3105">
    <p class='ocr_par' dir='ltr' id='par_1_30' title="bbox 188 3029 1803 3105">
     <span class='ocr_line' id='line_1_30' title="bbox 188 3029 1803 3105; baseline 0.006 -21"><span class='ocrx_word' id='word_1_216' title='bbox 188 3029 449 3097; x_wconf 78' lang='lat' dir='ltr'><strong>espellat,</strong></span> <span class='ocrx_word' id='word_1_217' title='bbox 481 3029 685 3085; x_wconf 85' lang='lat' dir='ltr'><strong>habens</strong></span> <span class='ocrx_word' id='word_1_218' title='bbox 716 3040 896 3088; x_wconf 89' lang='lat' dir='ltr'><strong>tamen</strong></span> <span class='ocrx_word' id='word_1_219' title='bbox 928 3032 1122 3089; x_wconf 87' lang='lat' dir='ltr'><strong>Filium</strong></span> <span class='ocrx_word' id='word_1_220' title='bbox 1150 3048 1352 3105; x_wconf 89' lang='lat' dir='ltr'><strong>quanto</strong></span> <span class='ocrx_word' id='word_1_221' title='bbox 1380 3036 1713 3093; x_wconf 82' lang='lat' dir='ltr'><strong>individuum</strong></span> <span class='ocrx_word' id='word_1_222' title='bbox 1747 3050 1803 3095; x_wconf 90' lang='lat' dir='ltr'><strong>et</strong></span> 
     </span>
    </p>
   </div>
   <div class='ocr_carea' id='block_1_31' title="bbox 188 3122 1799 3198">
    <p class='ocr_par' dir='ltr' id='par_1_31' title="bbox 188 3122 1799 3198">
     <span class='ocr_line' id='line_1_31' title="bbox 188 3122 1799 3198; baseline 0.007 -23"><span class='ocrx_word' id='word_1_223' title='bbox 188 3122 558 3192; x_wconf 82' lang='lat' dir='ltr'><strong>inscparatum</strong></span> <span class='ocrx_word' id='word_1_224' title='bbox 582 3138 611 3177; x_wconf 89' lang='lat' dir='ltr'><strong>a</strong></span> <span class='ocrx_word' id='word_1_225' title='bbox 639 3123 817 3187; x_wconf 87' lang='lat' dir='ltr'><strong>Patre,</strong></span> <span class='ocrx_word' id='word_1_226' title='bbox 849 3134 999 3180; x_wconf 90' lang='lat' dir='ltr'><strong>tanto</strong></span> <span class='ocrx_word' id='word_1_227' title='bbox 1027 3127 1078 3180; x_wconf 89' lang='lat' dir='ltr'><strong>in</strong></span> <span class='ocrx_word' id='word_1_228' title='bbox 1106 3127 1266 3183; x_wconf 86' lang='lat' dir='ltr'><strong>Patre</strong></span> <span class='ocrx_word' id='word_1_229' title='bbox 1296 3130 1673 3198; x_wconf 87' lang='lat' dir='ltr'><strong>reputandum,</strong></span> <span class='ocrx_word' id='word_1_230' title='bbox 1700 3134 1799 3187; x_wconf 86' lang='lat' dir='ltr'><strong>etsi</strong></span> 
     </span>
    </p>
   </div>
   <div class='ocr_carea' id='block_1_32' title="bbox 189 3217 1803 3296">
    <p class='ocr_par' dir='ltr' id='par_1_32' title="bbox 189 3217 1803 3296">
     <span class='ocr_line' id='line_1_32' title="bbox 189 3217 1803 3296; baseline 0.007 -26"><span class='ocrx_word' id='word_1_231' title='bbox 189 3231 292 3270; x_wconf 89' lang='lat' dir='ltr'><strong>non</strong></span> <span class='ocrx_word' id='word_1_232' title='bbox 339 3217 700 3271; x_wconf 87' lang='lat' dir='ltr'><strong>nominatum.</strong></span> <span class='ocrx_word' id='word_1_233' title='bbox 732 3219 931 3289; x_wconf 82' lang='lat' dir='ltr'><strong>Atquin</strong></span> <span class='ocrx_word' id='word_1_234' title='bbox 977 3220 1022 3275; x_wconf 92' lang='lat' dir='ltr'><strong>si</strong></span> <span class='ocrx_word' id='word_1_235' title='bbox 1058 3221 1392 3279; x_wconf 84' lang='lat' dir='ltr'><strong>nominasset</strong></span> <span class='ocrx_word' id='word_1_236' title='bbox 1435 3223 1609 3289; x_wconf 88' lang='lat' dir='ltr'><strong>illum,</strong></span> <span class='ocrx_word' id='word_1_237' title='bbox 1647 3239 1803 3296; x_wconf 88' lang='lat' dir='ltr'><strong>sepa-</strong></span> 
     </span>
    </p>
   </div>
   <div class='ocr_carea' id='block_1_33' title="bbox 186 3307 1799 3381">
    <p class='ocr_par' dir='ltr' id='par_1_33' title="bbox 186 3307 1799 3381">
     <span class='ocr_line' id='line_1_33' title="bbox 186 3307 1799 3381; baseline 0.006 -19"><span class='ocrx_word' id='word_1_238' title='bbox 186 3317 384 3374; x_wconf 80' lang='lat' dir='ltr'><strong>rasset,</strong></span> <span class='ocrx_word' id='word_1_239' title='bbox 435 3309 508 3363; x_wconf 87' lang='lat' dir='ltr'><strong>ita</strong></span> <span class='ocrx_word' id='word_1_240' title='bbox 551 3307 759 3376; x_wconf 87' lang='lat' dir='ltr'><strong>dicens,</strong></span> <span class='ocrx_word' id='word_1_241' title='bbox 789 3330 808 3362; x_wconf 83' lang='grc'><strong>‹</strong></span> <span class='ocrx_word' id='word_1_242' title='bbox 846 3310 997 3367; x_wconf 80' lang='lat' dir='ltr'><strong>Alius</strong></span> <span class='ocrx_word' id='word_1_243' title='bbox 1037 3323 1234 3381; x_wconf 65' lang='lat' dir='ltr'><strong>praeter</strong></span> <span class='ocrx_word' id='word_1_244' title='bbox 1279 3328 1366 3369; x_wconf 90' lang='lat' dir='ltr'><strong>me</strong></span> <span class='ocrx_word' id='word_1_245' title='bbox 1414 3330 1519 3369; x_wconf 89' lang='lat' dir='ltr'><strong>non</strong></span> <span class='ocrx_word' id='word_1_246' title='bbox 1560 3327 1665 3380; x_wconf 85' lang='lat' dir='ltr'><strong>est,</strong></span> <span class='ocrx_word' id='word_1_247' title='bbox 1699 3318 1799 3372; x_wconf 93' lang='lat' dir='ltr'><strong>nisi</strong></span> 
     </span>
    </p>
   </div>
   <div class='ocr_carea' id='block_1_34' title="bbox 1369 412 2363 485">
    <p class='ocr_par' dir='ltr' id='par_1_34' title="bbox 1369 412 2363 485">
     <span class='ocr_line' id='line_1_34' title="bbox 1369 412 2363 485; baseline 0.017 -17"><span class='ocrx_word' id='word_1_248' title='bbox 1369 412 1567 471; x_wconf 77' lang='lat' dir='ltr'><strong>LIBER</strong></span> <span class='ocrx_word' id='word_1_249' title='bbox 1608 413 1647 471; x_wconf 86' lang='grc' dir='ltr'><strong>Α</strong></span> <span class='ocrx_word' id='word_1_250' title='bbox 1660 414 1973 476; x_wconf 81' lang='lat' dir='ltr'><strong>DVERSUS</strong></span> <span class='ocrx_word' id='word_1_251' title='bbox 2010 419 2363 485; x_wconf 67' lang='lat' dir='ltr'><strong>PRAXEAM.</strong></span> 
     </span>
    </p>
   </div>
   <div class='ocr_carea' id='block_1_35' title="bbox 3406 446 3512 505">
    <p class='ocr_par' dir='ltr' id='par_1_35' title="bbox 3406 446 3512 505">
     <span class='ocr_line' id='line_1_35' title="bbox 3406 446 3512 505; baseline 0.009 -1"><span class='ocrx_word' id='word_1_252' title='bbox 3406 446 3512 505; x_wconf 77' lang='grc'><strong>178</strong></span> 
     </span>
    </p>
   </div>
   <div class='ocr_carea' id='block_1_36' title="bbox 1910 542 3508 636">
    <p class='ocr_par' dir='ltr' id='par_1_36' title="bbox 1910 542 3508 636">
     <span class='ocr_line' id='line_1_36' title="bbox 1910 542 3508 636; baseline 0.021 -44"><span class='ocrx_word' id='word_1_253' title='bbox 1910 542 2080 595; x_wconf 81' lang='lat' dir='ltr'><strong>ritatis</strong></span> <span class='ocrx_word' id='word_1_254' title='bbox 2099 546 2355 617; x_wconf 88' lang='lat' dir='ltr'><strong>arripient</strong></span> <span class='ocrx_word' id='word_1_255' title='bbox 2376 548 2837 629; x_wconf 60' lang='lat' dir='ltr'><strong>:Extendijnqnit,</strong></span> <span class='ocrx_word' id='word_1_256' title='bbox 2860 561 3042 617; x_wconf 73' lang='lat' dir='ltr'><strong>caelum</strong></span> <span class='ocrx_word' id='word_1_257' title='bbox 3062 564 3220 620; x_wconf 87' lang='lat' dir='ltr'><strong>solus.</strong></span> <span class='ocrx_word' id='word_1_258' title='bbox 3238 566 3508 636; x_wconf 84' lang='lat' dir='ltr'><strong>Quantum</strong></span> 
     </span>
    </p>
   </div>
   <div class='ocr_carea' id='block_1_37' title="bbox 1831 635 3515 736">
    <p class='ocr_par' dir='ltr' id='par_1_37' title="bbox 1831 635 3515 736">
     <span class='ocr_line' id='line_1_37' title="bbox 1831 635 3515 736; baseline 0.023 -50"><span class='ocrx_word' id='word_1_259' title='bbox 1831 638 1885 699; x_wconf 79' lang='grc' dir='ltr'>Α</span> <span class='ocrx_word' id='word_1_260' title='bbox 1912 635 1976 689; x_wconf 89' lang='lat' dir='ltr'><strong>ad</strong></span> <span class='ocrx_word' id='word_1_261' title='bbox 1994 650 2214 696; x_wconf 65' lang='lat' dir='ltr'><strong>caeteras</strong></span> <span class='ocrx_word' id='word_1_262' title='bbox 2232 643 2477 714; x_wconf 82' lang='lat' dir='ltr'><strong>virtutes,</strong></span> <span class='ocrx_word' id='word_1_263' title='bbox 2497 649 2663 718; x_wconf 88' lang='lat' dir='ltr'><strong>solus,</strong></span> <span class='ocrx_word' id='word_1_264' title='bbox 2688 665 3011 718; x_wconf 70' lang='lat' dir='ltr'><strong>prtestruens</strong></span> <span class='ocrx_word' id='word_1_265' title='bbox 3027 658 3283 719; x_wconf 87' lang='lat' dir='ltr'><strong>adversus</strong></span> <span class='ocrx_word' id='word_1_266' title='bbox 3299 666 3515 736; x_wconf 85' lang='lat' dir='ltr'><strong>conjec-</strong></span> 
     </span>
    </p>
   </div>
   <div class='ocr_carea' id='block_1_38' title="bbox 1918 736 3515 830">
    <p class='ocr_par' dir='ltr' id='par_1_38' title="bbox 1918 736 3515 830">
     <span class='ocr_line' id='line_1_38' title="bbox 1918 736 3515 830; baseline 0.021 -47"><span class='ocrx_word' id='word_1_267' title='bbox 1918 739 2066 787; x_wconf 90' lang='lat' dir='ltr'><strong>turas</strong></span> <span class='ocrx_word' id='word_1_268' title='bbox 2095 736 2489 808; x_wconf 61' lang='lat' dir='ltr'><strong>haereticorum,</strong></span> <span class='ocrx_word' id='word_1_269' title='bbox 2514 745 2601 814; x_wconf 90' lang='lat' dir='ltr'><strong>qui</strong></span> <span class='ocrx_word' id='word_1_270' title='bbox 2628 748 2886 804; x_wconf 91' lang='lat' dir='ltr'><strong>mundum</strong></span> <span class='ocrx_word' id='word_1_271' title='bbox 2913 750 2982 807; x_wconf 88' lang='lat' dir='ltr'><strong>ab</strong></span> <span class='ocrx_word' id='word_1_272' title='bbox 3001 754 3207 825; x_wconf 80' lang='lat' dir='ltr'><strong>angelis</strong></span> <span class='ocrx_word' id='word_1_273' title='bbox 3234 755 3311 829; x_wconf 90' lang='lat' dir='ltr'><strong>(o)</strong></span> <span class='ocrx_word' id='word_1_274' title='bbox 3337 769 3389 815; x_wconf 90' lang='lat' dir='ltr'><strong>et</strong></span> <span class='ocrx_word' id='word_1_275' title='bbox 3417 776 3515 830; x_wconf 80' lang='lat' dir='ltr'><strong>po-</strong></span> 
     </span>
    </p>
   </div>
   <div class='ocr_carea' id='block_1_39' title="bbox 1920 827 3508 922">
    <p class='ocr_par' dir='ltr' id='par_1_39' title="bbox 1920 827 3508 922">
     <span class='ocr_line' id='line_1_39' title="bbox 1920 827 3508 922; baseline 0.022 -46"><span class='ocrx_word' id='word_1_276' title='bbox 1920 827 2196 883; x_wconf 88' lang='lat' dir='ltr'><strong>testatibus</strong></span> <span class='ocrx_word' id='word_1_277' title='bbox 2243 830 2468 889; x_wconf 86' lang='lat' dir='ltr'><strong>diversis</strong></span> <span class='ocrx_word' id='word_1_278' title='bbox 2513 838 2701 895; x_wconf 90' lang='lat' dir='ltr'><strong>volunt</strong></span> <span class='ocrx_word' id='word_1_279' title='bbox 2743 851 3036 912; x_wconf 89' lang='lat' dir='ltr'><strong>structum;</strong></span> <span class='ocrx_word' id='word_1_280' title='bbox 3084 850 3172 919; x_wconf 91' lang='lat' dir='ltr'><strong>qui</strong></span> <span class='ocrx_word' id='word_1_281' title='bbox 3223 827 3278 906; x_wconf 89' lang='lat' dir='ltr'><strong>et</strong></span> <span class='ocrx_word' id='word_1_282' title='bbox 3329 827 3508 922; x_wconf 87' lang='lat' dir='ltr'><strong>ipsum</strong></span> 
     </span>
    </p>
   </div>
   <div class='ocr_carea' id='block_1_40' title="bbox 1916 914 3510 1017">
    <p class='ocr_par' dir='ltr' id='par_1_40' title="bbox 1916 914 3510 1017">
     <span class='ocr_line' id='line_1_40' title="bbox 1916 914 3510 1017; baseline 0.021 -48"><span class='ocrx_word' id='word_1_283' title='bbox 1916 914 2226 975; x_wconf 89' lang='lat' dir='ltr'><strong>Creatorem</strong></span> <span class='ocrx_word' id='word_1_284' title='bbox 2258 934 2348 979; x_wconf 88' lang='lat' dir='ltr'><strong>aut</strong></span> <span class='ocrx_word' id='word_1_285' title='bbox 2377 926 2623 997; x_wconf 81' lang='lat' dir='ltr'><strong>angelum</strong></span> <span class='ocrx_word' id='word_1_286' title='bbox 2656 932 2875 999; x_wconf 78' lang='lat' dir='ltr'><strong>faciunt,</strong></span> <span class='ocrx_word' id='word_1_287' title='bbox 2910 946 3004 993; x_wconf 88' lang='lat' dir='ltr'><strong>aut</strong></span> <span class='ocrx_word' id='word_1_288' title='bbox 3043 914 3115 994; x_wconf 32' lang='lat' dir='ltr'><strong>ad.</strong></span> <span class='ocrx_word' id='word_1_289' title='bbox 3137 941 3238 996; x_wconf 88' lang='lat' dir='ltr'><strong>alia</strong></span> <span class='ocrx_word' id='word_1_290' title='bbox 3274 914 3362 1017; x_wconf 36' lang='grc'><strong>(9).</strong></span> <span class='ocrx_word' id='word_1_291' title='bbox 3386 961 3510 1017; x_wconf 69' lang='lat' dir='ltr'><strong>qua:</strong></span> 
     </span>
    </p>
   </div>
   <div class='ocr_carea' id='block_1_41' title="bbox 1916 1011 3509 1108">
    <p class='ocr_par' dir='ltr' id='par_1_41' title="bbox 1916 1011 3509 1108">
     <span class='ocr_line' id='line_1_41' title="bbox 1916 1011 3509 1108; baseline 0.021 -45"><span class='ocrx_word' id='word_1_292' title='bbox 1916 1011 2277 1079; x_wconf 76' lang='lat' dir='ltr'><strong>extrinsecus,</strong></span> <span class='ocrx_word' id='word_1_293' title='bbox 2311 1025 2368 1071; x_wconf 93' lang='lat' dir='ltr'><strong>ut</strong></span> <span class='ocrx_word' id='word_1_294' title='bbox 2397 1035 2557 1089; x_wconf 88' lang='lat' dir='ltr'><strong>opera</strong></span> <span class='ocrx_word' id='word_1_295' title='bbox 2588 1024 2791 1091; x_wconf 89' lang='lat' dir='ltr'><strong>mundi,</strong></span> <span class='ocrx_word' id='word_1_296' title='bbox 2826 1026 3161 1098; x_wconf 84' lang='lat' dir='ltr'><strong>ignorantem</strong></span> <span class='ocrx_word' id='word_1_297' title='bbox 3189 1011 3401 1108; x_wconf 85' lang='lat' dir='ltr'><strong>quoque</strong></span> <span class='ocrx_word' id='word_1_298' title='bbox 3420 1055 3509 1095; x_wconf 88' lang='lat' dir='ltr'><strong>su-</strong></span> 
     </span>
    </p>
   </div>
   <div class='ocr_carea' id='block_1_42' title="bbox 1917 1100 3511 1199">
    <p class='ocr_par' dir='ltr' id='par_1_42' title="bbox 1917 1100 3511 1199">
     <span class='ocr_line' id='line_1_42' title="bbox 1917 1100 3511 1199; baseline 0.021 -46"><span class='ocrx_word' id='word_1_299' title='bbox 1917 1100 2220 1159; x_wconf 83' lang='lat' dir='ltr'><strong>bornatum.</strong></span> <span class='ocrx_word' id='word_1_300' title='bbox 2253 1109 2354 1163; x_wconf 85' lang='lat' dir='ltr'><strong>Aut</strong></span> <span class='ocrx_word' id='word_1_301' title='bbox 2380 1111 2424 1165; x_wconf 90' lang='lat' dir='ltr'><strong>si</strong></span> <span class='ocrx_word' id='word_1_302' title='bbox 2456 1113 2534 1167; x_wconf 93' lang='lat' dir='ltr'><strong>sic</strong></span> <span class='ocrx_word' id='word_1_303' title='bbox 2560 1116 2709 1171; x_wconf 91' lang='lat' dir='ltr'><strong>solus</strong></span> <span class='ocrx_word' id='word_1_304' title='bbox 2738 1120 2932 1176; x_wconf 66' lang='lat' dir='ltr'><strong>caelum</strong></span> <span class='ocrx_word' id='word_1_305' title='bbox 2958 1100 3220 1195; x_wconf 71' lang='lat' dir='ltr'><strong>extendit,</strong></span> <span class='ocrx_word' id='word_1_306' title='bbox 3243 1100 3511 1199; x_wconf 78' lang='lat' dir='ltr'><strong>quomodo</strong></span> 
     </span>
    </p>
   </div>
   <div class='ocr_carea' id='block_1_43' title="bbox 1916 1193 3500 1291">
    <p class='ocr_par' dir='ltr' id='par_1_43' title="bbox 1916 1193 3500 1291">
     <span class='ocr_line' id='line_1_43' title="bbox 1916 1193 3500 1291; baseline 0.019 -44"><span class='ocrx_word' id='word_1_307' title='bbox 1916 1193 1999 1247; x_wconf 88' lang='lat' dir='ltr'><strong>isti</strong></span> <span class='ocrx_word' id='word_1_308' title='bbox 2044 1211 2369 1264; x_wconf 60' lang='lat' dir='ltr'><strong>praesumunt</strong></span> <span class='ocrx_word' id='word_1_309' title='bbox 2410 1204 2459 1258; x_wconf 92' lang='lat' dir='ltr'><strong>in</strong></span> <span class='ocrx_word' id='word_1_310' title='bbox 2491 1221 2804 1274; x_wconf 88' lang='lat' dir='ltr'><strong>perversum</strong></span> <span class='ocrx_word' id='word_1_311' title='bbox 2836 1212 3093 1281; x_wconf 68' lang='lat' dir='ltr'><strong>haeretici,</strong></span> <span class='ocrx_word' id='word_1_312' title='bbox 3127 1220 3277 1287; x_wconf 87' lang='lat' dir='ltr'><strong>quasi</strong></span> <span class='ocrx_word' id='word_1_313' title='bbox 3311 1221 3500 1291; x_wconf 84' lang='lat' dir='ltr'><strong>singu-</strong></span> 
     </span>
    </p>
   </div>
   <div class='ocr_carea' id='block_1_44' title="bbox 1917 1284 3509 1381">
    <p class='ocr_par' dir='ltr' id='par_1_44' title="bbox 1917 1284 3509 1381">
     <span class='ocr_line' id='line_1_44' title="bbox 1917 1284 3509 1381; baseline 0.019 -43"><span class='ocrx_word' id='word_1_314' title='bbox 1917 1284 2043 1341; x_wconf 88' lang='lat' dir='ltr'><strong>laris</strong></span> <span class='ocrx_word' id='word_1_315' title='bbox 2074 1304 2179 1344; x_wconf 88' lang='lat' dir='ltr'><strong>non</strong></span> <span class='ocrx_word' id='word_1_316' title='bbox 2208 1291 2521 1351; x_wconf 88' lang='lat' dir='ltr'><strong>admittatur</strong></span> <span class='ocrx_word' id='word_1_317' title='bbox 2547 1297 2747 1369; x_wconf 69' lang='lat' dir='ltr'><strong>Sollhia</strong></span> <span class='ocrx_word' id='word_1_318' title='bbox 2779 1303 2866 1357; x_wconf 87' lang='lat' dir='ltr'><strong>illa</strong></span> <span class='ocrx_word' id='word_1_319' title='bbox 2893 1304 3077 1362; x_wconf 88' lang='lat' dir='ltr'><strong>dicens</strong></span> <span class='ocrx_word' id='word_1_320' title='bbox 3104 1319 3117 1364; x_wconf 88' lang='lat'>:</span> <span class='ocrx_word' id='word_1_321' title='bbox 3149 1310 3276 1364; x_wconf 84' lang='lat' dir='ltr'><strong>Cum</strong></span> <span class='ocrx_word' id='word_1_322' title='bbox 3302 1324 3509 1381; x_wconf 81' lang='lat' dir='ltr'><strong>pararet</strong></span> 
     </span>
    </p>
   </div>
   <div class='ocr_carea' id='block_1_45' title="bbox 1913 1381 3513 1476">
    <p class='ocr_par' dir='ltr' id='par_1_45' title="bbox 1913 1381 3513 1476">
     <span class='ocr_line' id='line_1_45' title="bbox 1913 1381 3513 1476; baseline 0.019 -44"><span class='ocrx_word' id='word_1_323' title='bbox 1913 1381 2064 1435; x_wconf 71' lang='lat' dir='ltr'><strong>cmlos</strong></span> <span class='ocrx_word' id='word_1_324' title='bbox 2090 1383 2202 1455; x_wconf 93' lang='lat' dir='ltr'><strong>(I0)</strong></span> <span class='ocrx_word' id='word_1_325' title='bbox 2221 1403 2309 1454; x_wconf 87' lang='lat' dir='ltr'><strong>ego</strong></span> <span class='ocrx_word' id='word_1_326' title='bbox 2334 1389 2543 1445; x_wconf 85' lang='lat' dir='ltr'><strong>aderam</strong></span> <span class='ocrx_word' id='word_1_327' title='bbox 2570 1393 2647 1447; x_wconf 93' lang='lat' dir='ltr'><strong>illi</strong></span> <span class='ocrx_word' id='word_1_328' title='bbox 2668 1397 2825 1451; x_wconf 89' lang='lat' dir='ltr'><strong>simul</strong></span> <span class='ocrx_word' id='word_1_329' title='bbox 2854 1398 2990 1472; x_wconf 91' lang='grc'><strong>(11).</strong></span> <span class='ocrx_word' id='word_1_330' title='bbox 3022 1401 3088 1456; x_wconf 89' lang='lat' dir='ltr'><strong>Et</strong></span> <span class='ocrx_word' id='word_1_331' title='bbox 3114 1404 3157 1458; x_wconf 92' lang='lat' dir='ltr'><strong>si</strong></span> <span class='ocrx_word' id='word_1_332' title='bbox 3187 1404 3317 1460; x_wconf 77' lang='lat' dir='ltr'><strong>dixit</strong></span> <span class='ocrx_word' id='word_1_333' title='bbox 3343 1410 3513 1476; x_wconf 79' lang='lat' dir='ltr'><strong>Apos-</strong></span> 
     </span>
    </p>
   </div>
   <div class='ocr_carea' id='block_1_46' title="bbox 1916 1475 3503 1565">
    <p class='ocr_par' dir='ltr' id='par_1_46' title="bbox 1916 1475 3503 1565">
     <span class='ocr_line' id='line_1_46' title="bbox 1916 1475 3503 1565; baseline 0.019 -40"><span class='ocrx_word' id='word_1_334' title='bbox 1916 1475 2055 1530; x_wconf 89' lang='lat' dir='ltr'><strong>tolus</strong></span> <span class='ocrx_word' id='word_1_335' title='bbox 2075 1495 2085 1528; x_wconf 93' lang='lat'>:</span> <span class='ocrx_word' id='word_1_336' title='bbox 2108 1478 2234 1544; x_wconf 83' lang='lat' dir='ltr'><strong>Quis</strong></span> <span class='ocrx_word' id='word_1_337' title='bbox 2248 1487 2695 1552; x_wconf 82' lang='lat' dir='ltr'><strong>rognovitsensum</strong></span> <span class='ocrx_word' id='word_1_338' title='bbox 2713 1489 2942 1557; x_wconf 77' lang='lat' dir='ltr'><strong>Domini,</strong></span> <span class='ocrx_word' id='word_1_339' title='bbox 2963 1504 3010 1548; x_wconf 87' lang='lat' dir='ltr'><strong>et</strong></span> <span class='ocrx_word' id='word_1_340' title='bbox 3037 1497 3151 1565; x_wconf 87' lang='lat' dir='ltr'><strong>quis</strong></span> <span class='ocrx_word' id='word_1_341' title='bbox 3179 1498 3259 1553; x_wconf 87' lang='lat' dir='ltr'><strong>illi</strong></span> <span class='ocrx_word' id='word_1_342' title='bbox 3286 1503 3503 1556; x_wconf 86' lang='lat' dir='ltr'><strong>consilio</strong></span> 
     </span>
    </p>
   </div>
   <div class='ocr_carea' id='block_1_47' title="bbox 1914 1569 3509 1665">
    <p class='ocr_par' dir='ltr' id='par_1_47' title="bbox 1914 1569 3509 1665">
     <span class='ocr_line' id='line_1_47' title="bbox 1914 1569 3509 1665; baseline 0.018 -45"><span class='ocrx_word' id='word_1_343' title='bbox 1914 1570 2011 1639; x_wconf 77' lang='lat' dir='ltr'><strong>fuit</strong></span> <span class='ocrx_word' id='word_1_344' title='bbox 2036 1569 2075 1639; x_wconf 87' lang='grc' dir='ltr'><strong>(Ι</strong></span> <span class='ocrx_word' id='word_1_345' title='bbox 2098 1571 2215 1625; x_wconf 86' lang='lat' dir='ltr'><strong>Cor.</strong></span> <span class='ocrx_word' id='word_1_346' title='bbox 2236 1573 2437 1648; x_wconf 77' lang='lat'><strong>11,15)?</strong></span> <span class='ocrx_word' id='word_1_347' title='bbox 2466 1579 2544 1651; x_wconf 77' lang='grc' dir='ltr'><strong>(ὁ)</strong></span> <span class='ocrx_word' id='word_1_348' title='bbox 2574 1582 2758 1651; x_wconf 89' lang='lat' dir='ltr'><strong>utique</strong></span> <span class='ocrx_word' id='word_1_349' title='bbox 2783 1596 2975 1653; x_wconf 60' lang='lat' dir='ltr'><strong>praeter</strong></span> <span class='ocrx_word' id='word_1_350' title='bbox 2994 1588 3247 1660; x_wconf 87' lang='lat' dir='ltr'><strong>Sophiam</strong></span> <span class='ocrx_word' id='word_1_351' title='bbox 3268 1593 3341 1646; x_wconf 88' lang='lat' dir='ltr'><strong>ait</strong></span> <span class='ocrx_word' id='word_1_352' title='bbox 3366 1592 3509 1665; x_wconf 70' lang='lat'><strong>(12),</strong></span> 
     </span>
    </p>
   </div>
   <div class='ocr_carea' id='block_1_48' title="bbox 1911 1664 3509 1742">
    <p class='ocr_par' dir='ltr' id='par_1_48' title="bbox 1911 1664 3509 1742">
     <span class='ocr_line' id='line_1_48' title="bbox 1911 1664 3509 1742; baseline 0.016 -28"><span class='ocrx_word' id='word_1_353' title='bbox 1911 1677 2032 1732; x_wconf 64' lang='lat' dir='ltr'><strong>quae</strong></span> <span class='ocrx_word' id='word_1_354' title='bbox 2074 1664 2145 1719; x_wconf 94' lang='lat' dir='ltr'><strong>illi</strong></span> <span class='ocrx_word' id='word_1_355' title='bbox 2175 1667 2379 1723; x_wconf 88' lang='lat' dir='ltr'><strong>aderat.</strong></span> <span class='ocrx_word' id='word_1_356' title='bbox 2413 1670 2467 1725; x_wconf 91' lang='lat' dir='ltr'><strong>In</strong></span> <span class='ocrx_word' id='word_1_357' title='bbox 2510 1689 2625 1742; x_wconf 79' lang='lat' dir='ltr'><strong>ipso</strong></span> <span class='ocrx_word' id='word_1_358' title='bbox 2654 1683 2834 1732; x_wconf 86' lang='lat' dir='ltr'><strong>tamen</strong></span> <span class='ocrx_word' id='word_1_359' title='bbox 2865 1687 2920 1732; x_wconf 87' lang='lat' dir='ltr'><strong>et</strong></span> <span class='ocrx_word' id='word_1_360' title='bbox 2960 1694 3079 1734; x_wconf 89' lang='lat' dir='ltr'><strong>cum</strong></span> <span class='ocrx_word' id='word_1_361' title='bbox 3128 1682 3219 1737; x_wconf 91' lang='lat' dir='ltr'><strong>illo</strong></span> <span class='ocrx_word' id='word_1_362' title='bbox 3258 1664 3509 1740; x_wconf 84' lang='lat' dir='ltr'><strong>universa</strong></span> 
     </span>
    </p>
   </div>
   <div class='ocr_carea' id='block_1_49' title="bbox 1911 1758 3505 1840">
    <p class='ocr_par' dir='ltr' id='par_1_49' title="bbox 1911 1758 3505 1840">
     <span class='ocr_line' id='line_1_49' title="bbox 1911 1758 3505 1840; baseline 0.016 -32"><span class='ocrx_word' id='word_1_363' title='bbox 1911 1758 2285 1829; x_wconf 78' lang='lat' dir='ltr'><strong>compingebat</strong></span> <span class='ocrx_word' id='word_1_364' title='bbox 2304 1805 2318 1827; x_wconf 91' lang='lat'><strong>,</strong></span> <span class='ocrx_word' id='word_1_365' title='bbox 2350 1778 2456 1819; x_wconf 89' lang='lat' dir='ltr'><strong>non</strong></span> <span class='ocrx_word' id='word_1_366' title='bbox 2486 1765 2764 1836; x_wconf 81' lang='lat' dir='ltr'><strong>ignorante</strong></span> <span class='ocrx_word' id='word_1_367' title='bbox 2788 1770 2912 1840; x_wconf 89' lang='lat' dir='ltr'><strong>quid</strong></span> <span class='ocrx_word' id='word_1_368' title='bbox 2938 1771 3155 1830; x_wconf 80' lang='lat' dir='ltr'><strong>faceret.</strong></span> <span class='ocrx_word' id='word_1_369' title='bbox 3184 1776 3385 1832; x_wconf 65' lang='lat' dir='ltr'><strong>Praeter</strong></span> <span class='ocrx_word' id='word_1_370' title='bbox 3404 1778 3505 1832; x_wconf 90' lang='lat' dir='ltr'><strong>So-</strong></span> 
     </span>
    </p>
   </div>
   <div class='ocr_carea' id='block_1_50' title="bbox 1916 1849 3507 1937">
    <p class='ocr_par' dir='ltr' id='par_1_50' title="bbox 1916 1849 3507 1937">
     <span class='ocr_line' id='line_1_50' title="bbox 1916 1849 3507 1937; baseline 0.014 -37"><span class='ocrx_word' id='word_1_371' title='bbox 1916 1849 2092 1915; x_wconf 85' lang='lat' dir='ltr'><strong>phiam</strong></span> <span class='ocrx_word' id='word_1_372' title='bbox 2124 1864 2323 1917; x_wconf 89' lang='lat' dir='ltr'><strong>autem,</strong></span> <span class='ocrx_word' id='word_1_373' title='bbox 2351 1866 2551 1926; x_wconf 66' lang='lat' dir='ltr'><strong>praeter</strong></span> <span class='ocrx_word' id='word_1_374' title='bbox 2589 1857 2782 1915; x_wconf 86' lang='lat' dir='ltr'><strong>Filium</strong></span> <span class='ocrx_word' id='word_1_375' title='bbox 2820 1862 2968 1929; x_wconf 90' lang='lat' dir='ltr'><strong>dicit,</strong></span> <span class='ocrx_word' id='word_1_376' title='bbox 3005 1867 3095 1936; x_wconf 89' lang='lat' dir='ltr'><strong>qtti</strong></span> <span class='ocrx_word' id='word_1_377' title='bbox 3122 1877 3203 1923; x_wconf 88' lang='lat' dir='ltr'><strong>est</strong></span> <span class='ocrx_word' id='word_1_378' title='bbox 3238 1868 3507 1937; x_wconf 80' lang='lat' dir='ltr'><strong>Christus,</strong></span> 
     </span>
    </p>
   </div>
   <div class='ocr_carea' id='block_1_51' title="bbox 1908 1938 3509 2028">
    <p class='ocr_par' dir='ltr' id='par_1_51' title="bbox 1908 1938 3509 2028">
     <span class='ocr_line' id='line_1_51' title="bbox 1908 1938 3509 2028; baseline 0.016 -35"><span class='ocrx_word' id='word_1_379' title='bbox 1908 1938 2107 2012; x_wconf 83' lang='lat' dir='ltr'><strong>Sophia</strong></span> <span class='ocrx_word' id='word_1_380' title='bbox 2157 1954 2210 2000; x_wconf 92' lang='lat' dir='ltr'><strong>et</strong></span> <span class='ocrx_word' id='word_1_381' title='bbox 2264 1945 2448 2004; x_wconf 85' lang='lat' dir='ltr'><strong>Virtus</strong></span> <span class='ocrx_word' id='word_1_382' title='bbox 2498 1952 2591 2006; x_wconf 89' lang='lat' dir='ltr'><strong>Dei</strong></span> <span class='ocrx_word' id='word_1_383' title='bbox 2640 1955 2933 2010; x_wconf 89' lang='lat' dir='ltr'><strong>secundum</strong></span> <span class='ocrx_word' id='word_1_384' title='bbox 2980 1959 3317 2028; x_wconf 84' lang='lat' dir='ltr'><strong>Apostolum,</strong></span> <span class='ocrx_word' id='word_1_385' title='bbox 3358 1963 3509 2020; x_wconf 84' lang='lat' dir='ltr'><strong>solus</strong></span> 
     </span>
    </p>
   </div>
   <div class='ocr_carea' id='block_1_52' title="bbox 2815 2050 3509 2125">
    <p class='ocr_par' dir='ltr' id='par_1_52' title="bbox 2815 2050 3509 2125">
     <span class='ocr_line' id='line_1_52' title="bbox 2815 2050 3509 2125; baseline 0.01 -21"><span class='ocrx_word' id='word_1_386' title='bbox 2815 2050 2957 2105; x_wconf 88' lang='lat' dir='ltr'><strong>enim</strong></span> <span class='ocrx_word' id='word_1_387' title='bbox 3006 2054 3099 2107; x_wconf 87' lang='lat' dir='ltr'><strong>scil</strong></span> <span class='ocrx_word' id='word_1_388' title='bbox 3142 2071 3256 2125; x_wconf 72' lang='lat' dir='ltr'><strong>qua:</strong></span> <span class='ocrx_word' id='word_1_389' title='bbox 3298 2066 3412 2110; x_wconf 88' lang='lat' dir='ltr'><strong>sunt</strong></span> <span class='ocrx_word' id='word_1_390' title='bbox 3455 2058 3509 2111; x_wconf 85' lang='lat' dir='ltr'><strong>in</strong></span> 
     </span>
    </p>
   </div>
   <div class='ocr_carea' id='block_1_53' title="bbox 1913 2127 3505 2219">
    <p class='ocr_par' dir='ltr' id='par_1_53' title="bbox 1913 2127 3505 2219">
     <span class='ocr_line' id='line_1_53' title="bbox 1913 2127 3505 2219; baseline 0.014 -37"><span class='ocrx_word' id='word_1_391' title='bbox 1913 2127 2022 2183; x_wconf 90' lang='lat' dir='ltr'><strong>Deo</strong></span> <span class='ocrx_word' id='word_1_392' title='bbox 2056 2132 2157 2185; x_wconf 90' lang='lat' dir='ltr'><strong>nisi</strong></span> <span class='ocrx_word' id='word_1_393' title='bbox 2184 2135 2395 2199; x_wconf 75' lang='lat' dir='ltr'><strong>spiritus</strong></span> <span class='ocrx_word' id='word_1_394' title='bbox 2436 2139 2522 2207; x_wconf 89' lang='lat' dir='ltr'><strong>qui</strong></span> <span class='ocrx_word' id='word_1_395' title='bbox 2550 2140 2603 2192; x_wconf 88' lang='lat' dir='ltr'><strong>in</strong></span> <span class='ocrx_word' id='word_1_396' title='bbox 2640 2140 2752 2208; x_wconf 84' lang='lat' dir='ltr'><strong>ipso</strong></span> <span class='ocrx_word' id='word_1_397' title='bbox 2797 2145 2915 2198; x_wconf 86' lang='lat' dir='ltr'><strong>est?</strong></span> <span class='ocrx_word' id='word_1_398' title='bbox 2959 2144 3072 2199; x_wconf 85' lang='lat' dir='ltr'><strong>Non</strong></span> <span class='ocrx_word' id='word_1_399' title='bbox 3105 2148 3194 2217; x_wconf 91' lang='lat' dir='ltr'><strong>qui</strong></span> <span class='ocrx_word' id='word_1_400' title='bbox 3237 2157 3389 2203; x_wconf 81' lang='lat' dir='ltr'><strong>extra</strong></span> <span class='ocrx_word' id='word_1_401' title='bbox 3419 2150 3505 2219; x_wconf 83' lang='lat' dir='ltr'><strong>ip—</strong></span> 
     </span>
    </p>
   </div>
   <div class='ocr_carea' id='block_1_54' title="bbox 1910 2221 3509 2308">
    <p class='ocr_par' dir='ltr' id='par_1_54' title="bbox 1910 2221 3509 2308">
     <span class='ocr_line' id='line_1_54' title="bbox 1910 2221 3509 2308; baseline 0.014 -33"><span class='ocrx_word' id='word_1_402' title='bbox 1910 2236 2026 2275; x_wconf 90' lang='lat' dir='ltr'><strong>sum</strong></span> <span class='ocrx_word' id='word_1_403' title='bbox 2047 2221 2182 2294; x_wconf 81' lang='lat' dir='ltr'><strong>(l5).</strong></span> <span class='ocrx_word' id='word_1_404' title='bbox 2215 2225 2343 2281; x_wconf 84' lang='lat' dir='ltr'><strong>Erat</strong></span> <span class='ocrx_word' id='word_1_405' title='bbox 2367 2243 2497 2299; x_wconf 81' lang='lat' dir='ltr'><strong>ergo</strong></span> <span class='ocrx_word' id='word_1_406' title='bbox 2526 2232 2614 2301; x_wconf 91' lang='lat' dir='ltr'><strong>qui</strong></span> <span class='ocrx_word' id='word_1_407' title='bbox 2644 2248 2747 2287; x_wconf 90' lang='lat' dir='ltr'><strong>non</strong></span> <span class='ocrx_word' id='word_1_408' title='bbox 2775 2235 2949 2289; x_wconf 68' lang='lat' dir='ltr'><strong>stilum</strong></span> <span class='ocrx_word' id='word_1_409' title='bbox 2974 2236 3140 2293; x_wconf 90' lang='lat' dir='ltr'><strong>Deum</strong></span> <span class='ocrx_word' id='word_1_410' title='bbox 3170 2238 3386 2308; x_wconf 80' lang='lat' dir='ltr'><strong>faceret,</strong></span> <span class='ocrx_word' id='word_1_411' title='bbox 3406 2243 3509 2297; x_wconf 84' lang='lat' dir='ltr'><strong>nisi</strong></span> 
     </span>
    </p>
   </div>
   <div class='ocr_carea' id='block_1_55' title="bbox 1909 2318 3506 2401">
    <p class='ocr_par' dir='ltr' id='par_1_55' title="bbox 1909 2318 3506 2401">
     <span class='ocr_line' id='line_1_55' title="bbox 1909 2318 3506 2401; baseline 0.014 -33"><span class='ocrx_word' id='word_1_412' title='bbox 1909 2330 1938 2369; x_wconf 90' lang='lat' dir='ltr'><strong>a</strong></span> <span class='ocrx_word' id='word_1_413' title='bbox 1979 2318 2188 2372; x_wconf 65' lang='lat' dir='ltr'><strong>caeteris</strong></span> <span class='ocrx_word' id='word_1_414' title='bbox 2218 2320 2413 2377; x_wconf 87' lang='lat' dir='ltr'><strong>solum.</strong></span> <span class='ocrx_word' id='word_1_415' title='bbox 2446 2322 2550 2379; x_wconf 86' lang='lat' dir='ltr'><strong>Sed</strong></span> <span class='ocrx_word' id='word_1_416' title='bbox 2583 2337 2637 2380; x_wconf 90' lang='lat' dir='ltr'><strong>et</strong></span> <span class='ocrx_word' id='word_1_417' title='bbox 2678 2327 2791 2399; x_wconf 77' lang='grc'><strong>(14)</strong></span> <span class='ocrx_word' id='word_1_418' title='bbox 2820 2328 3161 2401; x_wconf 79' lang='lat' dir='ltr'><strong>Evangelium</strong></span> <span class='ocrx_word' id='word_1_419' title='bbox 3206 2345 3506 2399; x_wconf 90' lang='lat' dir='ltr'><strong>reeusetur,</strong></span> 
     </span>
    </p>
   </div>
   <div class='ocr_carea' id='block_1_56' title="bbox 1909 2409 3505 2495">
    <p class='ocr_par' dir='ltr' id='par_1_56' title="bbox 1909 2409 3505 2495">
     <span class='ocr_line' id='line_1_56' title="bbox 1909 2409 3505 2495; baseline 0.014 -35"><span class='ocrx_word' id='word_1_420' title='bbox 1909 2409 2049 2475; x_wconf 86' lang='lat' dir='ltr'><strong>quod</strong></span> <span class='ocrx_word' id='word_1_421' title='bbox 2080 2410 2221 2465; x_wconf 88' lang='lat' dir='ltr'><strong>dicat</strong></span> <span class='ocrx_word' id='word_1_422' title='bbox 2260 2414 2433 2468; x_wconf 85' lang='lat' dir='ltr'><strong>omnia</strong></span> <span class='ocrx_word' id='word_1_423' title='bbox 2465 2433 2555 2484; x_wconf 89' lang='lat' dir='ltr'><strong>per</strong></span> <span class='ocrx_word' id='word_1_424' title='bbox 2582 2418 2879 2473; x_wconf 81' lang='lat' dir='ltr'><strong>Sermonem</strong></span> <span class='ocrx_word' id='word_1_425' title='bbox 2915 2439 2947 2476; x_wconf 91' lang='lat' dir='ltr'><strong>a</strong></span> <span class='ocrx_word' id='word_1_426' title='bbox 2985 2422 3091 2478; x_wconf 89' lang='lat' dir='ltr'><strong>Deo</strong></span> <span class='ocrx_word' id='word_1_427' title='bbox 3118 2430 3257 2495; x_wconf 82' lang='lat' dir='ltr'><strong>facta</strong></span> <span class='ocrx_word' id='word_1_428' title='bbox 3283 2443 3391 2481; x_wconf 83' lang='lat' dir='ltr'><strong>esse</strong></span> <span class='ocrx_word' id='word_1_429' title='bbox 3410 2470 3424 2492; x_wconf 92' lang='lat'><strong>,</strong></span> <span class='ocrx_word' id='word_1_430' title='bbox 3455 2437 3505 2481; x_wconf 81' lang='lat' dir='ltr'><strong>et</strong></span> 
     </span>
    </p>
   </div>
   <div class='ocr_carea' id='block_1_57' title="bbox 1908 2500 3505 2587">
    <p class='ocr_par' dir='ltr' id='par_1_57' title="bbox 1908 2500 3505 2587">
     <span class='ocr_line' id='line_1_57' title="bbox 1908 2500 3505 2587; baseline 0.013 -35"><span class='ocrx_word' id='word_1_431' title='bbox 1908 2500 2017 2555; x_wconf 84' lang='lat' dir='ltr'><strong>sine</strong></span> <span class='ocrx_word' id='word_1_432' title='bbox 2042 2518 2099 2555; x_wconf 84' lang='lat' dir='ltr'><strong>eo</strong></span> <span class='ocrx_word' id='word_1_433' title='bbox 2123 2503 2255 2556; x_wconf 71' lang='lat' dir='ltr'><strong>nillil</strong></span> <span class='ocrx_word' id='word_1_434' title='bbox 2270 2507 2483 2575; x_wconf 79' lang='lat' dir='ltr'><strong>factum.</strong></span> <span class='ocrx_word' id='word_1_435' title='bbox 2518 2506 2628 2562; x_wconf 85' lang='lat' dir='ltr'><strong>Nisi</strong></span> <span class='ocrx_word' id='word_1_436' title='bbox 2655 2510 2796 2564; x_wconf 89' lang='lat' dir='ltr'><strong>enim</strong></span> <span class='ocrx_word' id='word_1_437' title='bbox 2822 2510 2997 2578; x_wconf 79' lang='lat' dir='ltr'><strong>fallor,</strong></span> <span class='ocrx_word' id='word_1_438' title='bbox 3022 2524 3075 2571; x_wconf 89' lang='lat' dir='ltr'><strong>et</strong></span> <span class='ocrx_word' id='word_1_439' title='bbox 3095 2516 3218 2571; x_wconf 82' lang='lat' dir='ltr'><strong>alibi</strong></span> <span class='ocrx_word' id='word_1_440' title='bbox 3245 2518 3505 2587; x_wconf 86' lang='lat' dir='ltr'><strong>scriptum</strong></span> 
     </span>
    </p>
   </div>
   <div class='ocr_carea' id='block_1_58' title="bbox 1908 2592 3503 2682">
    <p class='ocr_par' dir='ltr' id='par_1_58' title="bbox 1908 2592 3503 2682">
     <span class='ocr_line' id='line_1_58' title="bbox 1908 2592 3503 2682; baseline 0.013 -37"><span class='ocrx_word' id='word_1_441' title='bbox 1908 2601 1989 2645; x_wconf 89' lang='lat' dir='ltr'><strong>est</strong></span> <span class='ocrx_word' id='word_1_442' title='bbox 2016 2609 2028 2644; x_wconf 85' lang='lat'><strong>:</strong></span> <span class='ocrx_word' id='word_1_443' title='bbox 2061 2592 2307 2650; x_wconf 85' lang='lat' dir='ltr'><strong>Sermone</strong></span> <span class='ocrx_word' id='word_1_444' title='bbox 2328 2599 2437 2666; x_wconf 83' lang='lat' dir='ltr'><strong>ejus</strong></span> <span class='ocrx_word' id='word_1_445' title='bbox 2457 2599 2571 2653; x_wconf 66' lang='lat' dir='ltr'><strong>caeli</strong></span> <span class='ocrx_word' id='word_1_446' title='bbox 2589 2600 2778 2669; x_wconf 76' lang='lat' dir='ltr'><strong>firmati</strong></span> <span class='ocrx_word' id='word_1_447' title='bbox 2794 2615 2932 2667; x_wconf 88' lang='lat' dir='ltr'><strong>sunt,</strong></span> <span class='ocrx_word' id='word_1_448' title='bbox 2962 2615 3009 2659; x_wconf 87' lang='lat' dir='ltr'><strong>et</strong></span> <span class='ocrx_word' id='word_1_449' title='bbox 3035 2608 3220 2677; x_wconf 84' lang='lat' dir='ltr'><strong>spiritu</strong></span> <span class='ocrx_word' id='word_1_450' title='bbox 3249 2611 3351 2664; x_wconf 87' lang='lat' dir='ltr'><strong>oris</strong></span> <span class='ocrx_word' id='word_1_451' title='bbox 3385 2610 3503 2682; x_wconf 82' lang='grc'><strong>(15)</strong></span> 
     </span>
    </p>
   </div>
   <div class='ocr_carea' id='block_1_59' title="bbox 1909 2684 3509 2765">
    <p class='ocr_par' dir='ltr' id='par_1_59' title="bbox 1909 2684 3509 2765">
     <span class='ocr_line' id='line_1_59' title="bbox 1909 2684 3509 2765; baseline 0.015 -31"><span class='ocrx_word' id='word_1_452' title='bbox 1909 2684 2021 2752; x_wconf 79' lang='lat' dir='ltr'><strong>ejus</strong></span> <span class='ocrx_word' id='word_1_453' title='bbox 2048 2702 2221 2740; x_wconf 78' lang='lat' dir='ltr'><strong>omnes</strong></span> <span class='ocrx_word' id='word_1_454' title='bbox 2244 2688 2451 2745; x_wconf 78' lang='lat' dir='ltr'><strong>virtutes</strong></span> <span class='ocrx_word' id='word_1_455' title='bbox 2477 2708 2671 2746; x_wconf 89' lang='lat' dir='ltr'><strong>eorum.</strong></span> <span class='ocrx_word' id='word_1_456' title='bbox 2702 2692 2770 2748; x_wconf 88' lang='lat' dir='ltr'><strong>Et</strong></span> <span class='ocrx_word' id='word_1_457' title='bbox 2792 2694 2983 2753; x_wconf 86' lang='lat' dir='ltr'><strong>Sermo</strong></span> <span class='ocrx_word' id='word_1_458' title='bbox 3008 2709 3205 2765; x_wconf 91' lang='lat' dir='ltr'><strong>autem,</strong></span> <span class='ocrx_word' id='word_1_459' title='bbox 3241 2701 3423 2757; x_wconf 82' lang='lat' dir='ltr'><strong>Virtus</strong></span> <span class='ocrx_word' id='word_1_460' title='bbox 3451 2714 3509 2758; x_wconf 83' lang='lat' dir='ltr'><strong>et</strong></span> 
     </span>
    </p>
   </div>
   <div class='ocr_carea' id='block_1_60' title="bbox 1908 2773 3504 2858">
    <p class='ocr_par' dir='ltr' id='par_1_60' title="bbox 1908 2773 3504 2858">
     <span class='ocr_line' id='line_1_60' title="bbox 1908 2773 3504 2858; baseline 0.013 -29"><span class='ocrx_word' id='word_1_461' title='bbox 1908 2773 2131 2844; x_wconf 86' lang='lat' dir='ltr'><strong>Sophia,</strong></span> <span class='ocrx_word' id='word_1_462' title='bbox 2162 2778 2275 2847; x_wconf 89' lang='lat' dir='ltr'><strong>ipse</strong></span> <span class='ocrx_word' id='word_1_463' title='bbox 2302 2781 2405 2835; x_wconf 91' lang='lat' dir='ltr'><strong>erit</strong></span> <span class='ocrx_word' id='word_1_464' title='bbox 2434 2782 2524 2837; x_wconf 89' lang='lat' dir='ltr'><strong>Dei</strong></span> <span class='ocrx_word' id='word_1_465' title='bbox 2559 2782 2747 2841; x_wconf 86' lang='lat' dir='ltr'><strong>Filius.</strong></span> <span class='ocrx_word' id='word_1_466' title='bbox 2778 2786 2852 2841; x_wconf 88' lang='lat' dir='ltr'><strong>Ita</strong></span> <span class='ocrx_word' id='word_1_467' title='bbox 2885 2788 2928 2843; x_wconf 92' lang='lat' dir='ltr'><strong>si</strong></span> <span class='ocrx_word' id='word_1_468' title='bbox 2959 2803 3055 2858; x_wconf 89' lang='lat' dir='ltr'><strong>per</strong></span> <span class='ocrx_word' id='word_1_469' title='bbox 3083 2790 3276 2849; x_wconf 85' lang='lat' dir='ltr'><strong>Filium</strong></span> <span class='ocrx_word' id='word_1_470' title='bbox 3300 2795 3504 2858; x_wconf 91' lang='lat' dir='ltr'><strong>omnia,</strong></span> 
     </span>
    </p>
   </div>
   <div class='ocr_carea' id='block_1_61' title="bbox 1907 2868 3508 2948">
    <p class='ocr_par' dir='ltr' id='par_1_61' title="bbox 1907 2868 3508 2948">
     <span class='ocr_line' id='line_1_61' title="bbox 1907 2868 3508 2948; baseline 0.014 -27"><span class='ocrx_word' id='word_1_471' title='bbox 1907 2868 2102 2923; x_wconf 65' lang='lat' dir='ltr'><strong>malum</strong></span> <span class='ocrx_word' id='word_1_472' title='bbox 2132 2886 2347 2942; x_wconf 87' lang='lat' dir='ltr'><strong>quoque</strong></span> <span class='ocrx_word' id='word_1_473' title='bbox 2391 2889 2485 2943; x_wconf 88' lang='lat' dir='ltr'><strong>per</strong></span> <span class='ocrx_word' id='word_1_474' title='bbox 2515 2874 2706 2931; x_wconf 88' lang='lat' dir='ltr'><strong>Filium</strong></span> <span class='ocrx_word' id='word_1_475' title='bbox 2736 2880 3035 2937; x_wconf 82' lang='lat' dir='ltr'><strong>extendens</strong></span> <span class='ocrx_word' id='word_1_476' title='bbox 3054 2924 3070 2948; x_wconf 92' lang='lat'><strong>,</strong></span> <span class='ocrx_word' id='word_1_477' title='bbox 3111 2899 3215 2939; x_wconf 90' lang='lat' dir='ltr'><strong>non</strong></span> <span class='ocrx_word' id='word_1_478' title='bbox 3243 2887 3387 2942; x_wconf 89' lang='lat' dir='ltr'><strong>solus</strong></span> <span class='ocrx_word' id='word_1_479' title='bbox 3411 2904 3508 2943; x_wconf 82' lang='lat' dir='ltr'><strong>ex—</strong></span> 
     </span>
    </p>
   </div>
   <div class='ocr_carea' id='block_1_62' title="bbox 1910 2963 3507 3044">
    <p class='ocr_par' dir='ltr' id='par_1_62' title="bbox 1910 2963 3507 3044">
     <span class='ocr_line' id='line_1_62' title="bbox 1910 2963 3507 3044; baseline 0.011 -29"><span class='ocrx_word' id='word_1_480' title='bbox 1910 2963 2100 3027; x_wconf 86' lang='lat' dir='ltr'><strong>tendit,</strong></span> <span class='ocrx_word' id='word_1_481' title='bbox 2133 2964 2231 3020; x_wconf 90' lang='lat' dir='ltr'><strong>nisi</strong></span> <span class='ocrx_word' id='word_1_482' title='bbox 2264 2966 2347 3021; x_wconf 88' lang='lat' dir='ltr'><strong>illa</strong></span> <span class='ocrx_word' id='word_1_483' title='bbox 2382 2968 2587 3024; x_wconf 89' lang='lat' dir='ltr'><strong>ratione</strong></span> <span class='ocrx_word' id='word_1_484' title='bbox 2618 2986 2717 3039; x_wconf 87' lang='lat' dir='ltr'><strong>qua</strong></span> <span class='ocrx_word' id='word_1_485' title='bbox 2746 2985 2775 3024; x_wconf 90' lang='lat' dir='ltr'><strong>a</strong></span> <span class='ocrx_word' id='word_1_486' title='bbox 2799 2971 2914 3044; x_wconf 87' lang='lat' dir='ltr'><strong>(l6)</strong></span> <span class='ocrx_word' id='word_1_487' title='bbox 2946 2975 3154 3029; x_wconf 65' lang='lat' dir='ltr'><strong>caeteris</strong></span> <span class='ocrx_word' id='word_1_488' title='bbox 3190 2977 3357 3031; x_wconf 90' lang='lat' dir='ltr'><strong>solus.</strong></span> <span class='ocrx_word' id='word_1_489' title='bbox 3402 2981 3507 3033; x_wconf 80' lang='lat' dir='ltr'><strong>At-</strong></span> 
     </span>
    </p>
   </div>
   <div class='ocr_carea' id='block_1_63' title="bbox 1906 3058 3508 3141">
    <p class='ocr_par' dir='ltr' id='par_1_63' title="bbox 1906 3058 3508 3141">
     <span class='ocr_line' id='line_1_63' title="bbox 1906 3058 3508 3141; baseline 0.01 -32"><span class='ocrx_word' id='word_1_490' title='bbox 1906 3073 2010 3126; x_wconf 83' lang='lat' dir='ltr'><strong>que</strong></span> <span class='ocrx_word' id='word_1_491' title='bbox 2044 3058 2181 3113; x_wconf 87' lang='lat' dir='ltr'><strong>adeo</strong></span> <span class='ocrx_word' id='word_1_492' title='bbox 2211 3059 2390 3115; x_wconf 88' lang='lat' dir='ltr'><strong>statim</strong></span> <span class='ocrx_word' id='word_1_493' title='bbox 2422 3060 2490 3116; x_wconf 90' lang='lat' dir='ltr'><strong>de</strong></span> <span class='ocrx_word' id='word_1_494' title='bbox 2532 3060 2666 3118; x_wconf 85' lang='lat' dir='ltr'><strong>Filio</strong></span> <span class='ocrx_word' id='word_1_495' title='bbox 2698 3064 2935 3135; x_wconf 88' lang='lat' dir='ltr'><strong>loquitur</strong></span> <span class='ocrx_word' id='word_1_496' title='bbox 2965 3083 2980 3125; x_wconf 86' lang='lat'><strong>:</strong></span> <span class='ocrx_word' id='word_1_497' title='bbox 3014 3067 3141 3135; x_wconf 83' lang='lat' dir='ltr'><strong>Quis</strong></span> <span class='ocrx_word' id='word_1_498' title='bbox 3166 3069 3298 3123; x_wconf 85' lang='lat' dir='ltr'><strong>alius</strong></span> <span class='ocrx_word' id='word_1_499' title='bbox 3324 3070 3508 3141; x_wconf 73' lang='lat' dir='ltr'><strong>drjecit</strong></span> 
     </span>
    </p>
   </div>
   <div class='ocr_carea' id='block_1_64' title="bbox 1904 3149 3504 3228">
    <p class='ocr_par' dir='ltr' id='par_1_64' title="bbox 1904 3149 3504 3228">
     <span class='ocr_line' id='line_1_64' title="bbox 1904 3149 3504 3228; baseline 0.009 -25"><span class='ocrx_word' id='word_1_500' title='bbox 1904 3149 2051 3219; x_wconf 84' lang='lat' dir='ltr'><strong>signa</strong></span> <span class='ocrx_word' id='word_1_501' title='bbox 2079 3152 2531 3220; x_wconf 75' lang='lat' dir='ltr'><strong>venti-iloquorum,</strong></span> <span class='ocrx_word' id='word_1_502' title='bbox 2560 3164 2605 3208; x_wconf 85' lang='lat' dir='ltr'><strong>et</strong></span> <span class='ocrx_word' id='word_1_503' title='bbox 2635 3156 2971 3214; x_wconf 85' lang='lat' dir='ltr'><strong>diuinationes</strong></span> <span class='ocrx_word' id='word_1_504' title='bbox 3001 3176 3032 3213; x_wconf 90' lang='lat' dir='ltr'><strong>a</strong></span> <span class='ocrx_word' id='word_1_505' title='bbox 3067 3161 3243 3228; x_wconf 84' lang='lat' dir='ltr'><strong>corde,</strong></span> <span class='ocrx_word' id='word_1_506' title='bbox 3274 3174 3504 3217; x_wconf 87' lang='lat' dir='ltr'><strong>avertens</strong></span> 
     </span>
    </p>
   </div>
   <div class='ocr_carea' id='block_1_65' title="bbox 1904 3244 3509 3324">
    <p class='ocr_par' dir='ltr' id='par_1_65' title="bbox 1904 3244 3509 3324">
     <span class='ocr_line' id='line_1_65' title="bbox 1904 3244 3509 3324; baseline 0.01 -28"><span class='ocrx_word' id='word_1_507' title='bbox 1904 3244 2157 3311; x_wconf 83' lang='lat' dir='ltr'><strong>sapientes</strong></span> <span class='ocrx_word' id='word_1_508' title='bbox 2185 3253 2481 3309; x_wconf 86' lang='lat' dir='ltr'><strong>retrorsum,</strong></span> <span class='ocrx_word' id='word_1_509' title='bbox 2510 3257 2557 3302; x_wconf 87' lang='lat' dir='ltr'><strong>et</strong></span> <span class='ocrx_word' id='word_1_510' title='bbox 2583 3250 2851 3303; x_wconf 85' lang='lat' dir='ltr'><strong>consilium</strong></span> <span class='ocrx_word' id='word_1_511' title='bbox 2875 3266 3049 3305; x_wconf 88' lang='lat' dir='ltr'><strong>eorum</strong></span> <span class='ocrx_word' id='word_1_512' title='bbox 3074 3254 3336 3324; x_wconf 78' lang='lat' dir='ltr'><strong>infatuans</strong></span> <span class='ocrx_word' id='word_1_513' title='bbox 3354 3256 3377 3308; x_wconf 88' lang='lat'><strong>?</strong></span> <span class='ocrx_word' id='word_1_514' title='bbox 3398 3254 3509 3312; x_wconf 87' lang='lat' dir='ltr'><strong>Sis-</strong></span> 
     </span>
    </p>
   </div>
   <div class='ocr_carea' id='block_1_66' title="bbox 1908 3334 3509 3403">
    <p class='ocr_par' dir='ltr' id='par_1_66' title="bbox 1908 3334 3509 3403">
     <span class='ocr_line' id='line_1_66' title="bbox 1908 3334 3509 3403; baseline 0.009 -16"><span class='ocrx_word' id='word_1_515' title='bbox 1908 3342 2025 3389; x_wconf 91' lang='lat' dir='ltr'><strong>tens</strong></span> <span class='ocrx_word' id='word_1_516' title='bbox 2058 3334 2349 3393; x_wconf 82' lang='lat' dir='ltr'><strong>vcrbaFilii</strong></span> <span class='ocrx_word' id='word_1_517' title='bbox 2374 3337 2754 3402; x_wconf 89' lang='lat' dir='ltr'><strong>sui,discendo</strong></span> <span class='ocrx_word' id='word_1_518' title='bbox 2785 3342 2993 3398; x_wconf 86' lang='lat' dir='ltr'><strong>scilicet</strong></span> <span class='ocrx_word' id='word_1_519' title='bbox 3026 3361 3038 3396; x_wconf 92' lang='lat'><strong>:</strong></span> <span class='ocrx_word' id='word_1_520' title='bbox 3079 3343 3179 3399; x_wconf 84' lang='lat' dir='ltr'><strong>Hic</strong></span> <span class='ocrx_word' id='word_1_521' title='bbox 3220 3356 3294 3401; x_wconf 86' lang='lat' dir='ltr'><strong>est</strong></span> <span class='ocrx_word' id='word_1_522' title='bbox 3334 3344 3509 3403; x_wconf 86' lang='lat' dir='ltr'><strong>Filius</strong></span> 
     </span>
    </p>
   </div>
   <div class='ocr_carea' id='block_1_67' title="bbox 188 3399 3509 3509">
    <p class='ocr_par' dir='ltr' id='par_1_67' title="bbox 188 3399 3509 3509">
     <span class='ocr_line' id='line_1_67' title="bbox 188 3399 3509 3509; baseline 0.011 -51"><span class='ocrx_word' id='word_1_523' title='bbox 188 3399 359 3456; x_wconf 81' lang='lat' dir='ltr'><strong>Filius</strong></span> <span class='ocrx_word' id='word_1_524' title='bbox 412 3415 585 3455; x_wconf 75' lang='lat' dir='ltr'><strong>meus-</strong></span> <span class='ocrx_word' id='word_1_525' title='bbox 624 3422 643 3455; x_wconf 74' lang='grc' dir='ltr'>ι</span> <span class='ocrx_word' id='word_1_526' title='bbox 692 3404 869 3458; x_wconf 75' lang='lat' dir='ltr'><strong>Alium</strong></span> <span class='ocrx_word' id='word_1_527' title='bbox 919 3404 1063 3460; x_wconf 73' lang='lat' dir='ltr'><strong>enim</strong></span> <span class='ocrx_word' id='word_1_528' title='bbox 1104 3406 1265 3461; x_wconf 70' lang='grc' dir='ltr'><strong>οιίεὶιη</strong></span> <span class='ocrx_word' id='word_1_529' title='bbox 1323 3408 1518 3464; x_wconf 70' lang='lat' dir='ltr'><strong>Filium</strong></span> <span class='ocrx_word' id='word_1_530' title='bbox 1562 3409 1797 3477; x_wconf 68' lang='grc' dir='ltr'><strong>ἷεείεεεῐν</strong></span> <span class='ocrx_word' id='word_1_531' title='bbox 1828 3425 1873 3488; x_wconf 88' lang='lat' dir='ltr'><strong>C</strong></span> <span class='ocrx_word' id='word_1_532' title='bbox 1908 3444 2047 3481; x_wconf 82' lang='lat' dir='ltr'><strong>meus</strong></span> <span class='ocrx_word' id='word_1_533' title='bbox 2074 3420 2481 3493; x_wconf 76' lang='lat' dir='ltr'><strong>dilectus;ltunc</strong></span> <span class='ocrx_word' id='word_1_534' title='bbox 2502 3432 2697 3488; x_wconf 81' lang='lat' dir='ltr'><strong>audite.</strong></span> <span class='ocrx_word' id='word_1_535' title='bbox 2728 3432 2800 3489; x_wconf 86' lang='lat' dir='ltr'><strong>Ita</strong></span> <span class='ocrx_word' id='word_1_536' title='bbox 2832 3433 3023 3490; x_wconf 85' lang='lat' dir='ltr'><strong>Filium</strong></span> <span class='ocrx_word' id='word_1_537' title='bbox 3042 3437 3509 3509; x_wconf 80' lang='lat' dir='ltr'><strong>subjungensipse</strong></span> 
     </span>
    </p>
   </div>
   <div class='ocr_carea' id='block_1_68' title="bbox 186 3494 1803 3575">
    <p class='ocr_par' dir='ltr' id='par_1_68' title="bbox 186 3494 1803 3575">
     <span class='ocr_line' id='line_1_68' title="bbox 186 3494 1803 3575; baseline 0.006 -27"><span class='ocrx_word' id='word_1_538' title='bbox 186 3510 347 3564; x_wconf 86' lang='lat' dir='ltr'><strong>quem</strong></span> <span class='ocrx_word' id='word_1_539' title='bbox 391 3494 461 3549; x_wconf 91' lang='lat' dir='ltr'><strong>de</strong></span> <span class='ocrx_word' id='word_1_540' title='bbox 507 3496 623 3549; x_wconf 82' lang='lat' dir='ltr'><strong>aliis</strong></span> <span class='ocrx_word' id='word_1_541' title='bbox 668 3497 960 3565; x_wconf 78' lang='lat' dir='ltr'><strong>excepiset.</strong></span> <span class='ocrx_word' id='word_1_542' title='bbox 993 3498 1123 3552; x_wconf 88' lang='lat' dir='ltr'><strong>Puta</strong></span> <span class='ocrx_word' id='word_1_543' title='bbox 1153 3500 1323 3555; x_wconf 91' lang='lat' dir='ltr'><strong>solem</strong></span> <span class='ocrx_word' id='word_1_544' title='bbox 1370 3502 1549 3557; x_wconf 87' lang='lat' dir='ltr'><strong>dicere</strong></span> <span class='ocrx_word' id='word_1_545' title='bbox 1583 3520 1596 3557; x_wconf 90' lang='lat'><strong>:</strong></span> <span class='ocrx_word' id='word_1_546' title='bbox 1636 3523 1654 3555; x_wconf 75' lang='grc' dir='ltr'><strong><em>ι</em></strong></span> <span class='ocrx_word' id='word_1_547' title='bbox 1692 3505 1803 3575; x_wconf 81' lang='lat' dir='ltr'><strong>Ego</strong></span> 
     </span>
    </p>
   </div>
   <div class='ocr_carea' id='block_1_69' title="bbox 186 3585 1797 3659">
    <p class='ocr_par' dir='ltr' id='par_1_69' title="bbox 186 3585 1797 3659">
     <span class='ocr_line' id='line_1_69' title="bbox 186 3585 1797 3659; baseline 0.003 -18"><span class='ocrx_word' id='word_1_548' title='bbox 186 3586 290 3652; x_wconf 80' lang='lat' dir='ltr'><strong>sol,</strong></span> <span class='ocrx_word' id='word_1_549' title='bbox 325 3594 384 3640; x_wconf 89' lang='lat' dir='ltr'><strong>et</strong></span> <span class='ocrx_word' id='word_1_550' title='bbox 414 3585 551 3640; x_wconf 89' lang='lat' dir='ltr'><strong>alius</strong></span> <span class='ocrx_word' id='word_1_551' title='bbox 583 3596 777 3655; x_wconf 62' lang='lat' dir='ltr'><strong>praeter</strong></span> <span class='ocrx_word' id='word_1_552' title='bbox 804 3602 891 3643; x_wconf 91' lang='lat' dir='ltr'><strong>me</strong></span> <span class='ocrx_word' id='word_1_553' title='bbox 918 3602 1023 3643; x_wconf 90' lang='lat' dir='ltr'><strong>non</strong></span> <span class='ocrx_word' id='word_1_554' title='bbox 1057 3598 1139 3644; x_wconf 89' lang='lat' dir='ltr'><strong>est</strong></span> <span class='ocrx_word' id='word_1_555' title='bbox 1168 3630 1182 3653; x_wconf 87' lang='lat'><strong>,</strong></span> <span class='ocrx_word' id='word_1_556' title='bbox 1212 3590 1313 3645; x_wconf 86' lang='lat' dir='ltr'><strong>nisi</strong></span> <span class='ocrx_word' id='word_1_557' title='bbox 1355 3591 1535 3648; x_wconf 89' lang='lat' dir='ltr'><strong>radius</strong></span> <span class='ocrx_word' id='word_1_558' title='bbox 1565 3609 1736 3659; x_wconf 91' lang='lat' dir='ltr'><strong>meus,</strong></span> <span class='ocrx_word' id='word_1_559' title='bbox 1777 3614 1797 3646; x_wconf 75' lang='grc' dir='ltr'><strong><em>ι</em></strong></span> 
     </span>
    </p>
   </div>
   <div class='ocr_carea' id='block_1_70' title="bbox 187 3676 1801 3754">
    <p class='ocr_par' dir='ltr' id='par_1_70' title="bbox 187 3676 1801 3754">
     <span class='ocr_line' id='line_1_70' title="bbox 187 3676 1801 3754; baseline 0.006 -22"><span class='ocrx_word' id='word_1_560' title='bbox 187 3692 374 3732; x_wconf 88' lang='lat' dir='ltr'><strong>nonne</strong></span> <span class='ocrx_word' id='word_1_561' title='bbox 418 3676 731 3732; x_wconf 86' lang='lat' dir='ltr'><strong>denotasses</strong></span> <span class='ocrx_word' id='word_1_562' title='bbox 782 3678 861 3751; x_wconf 81' lang='grc'><strong>(5)</strong></span> <span class='ocrx_word' id='word_1_563' title='bbox 897 3682 1183 3736; x_wconf 87' lang='lat' dir='ltr'><strong>vanitatem</strong></span> <span class='ocrx_word' id='word_1_564' title='bbox 1243 3682 1360 3754; x_wconf 87' lang='lat'><strong>(6),</strong></span> <span class='ocrx_word' id='word_1_565' title='bbox 1403 3685 1556 3753; x_wconf 89' lang='lat' dir='ltr'><strong>quasi</strong></span> <span class='ocrx_word' id='word_1_566' title='bbox 1612 3701 1717 3740; x_wconf 89' lang='lat' dir='ltr'><strong>non</strong></span> <span class='ocrx_word' id='word_1_567' title='bbox 1746 3696 1801 3743; x_wconf 89' lang='lat' dir='ltr'><strong>et</strong></span> 
     </span>
    </p>
   </div>
   <div class='ocr_carea' id='block_1_71' title="bbox 186 3769 1801 3849">
    <p class='ocr_par' dir='ltr' id='par_1_71' title="bbox 186 3769 1801 3849">
     <span class='ocr_line' id='line_1_71' title="bbox 186 3769 1801 3849; baseline 0.007 -26"><span class='ocrx_word' id='word_1_568' title='bbox 186 3769 375 3824; x_wconf 86' lang='lat' dir='ltr'><strong>radius</strong></span> <span class='ocrx_word' id='word_1_569' title='bbox 391 3769 443 3823; x_wconf 94' lang='lat' dir='ltr'><strong>in</strong></span> <span class='ocrx_word' id='word_1_570' title='bbox 457 3770 572 3823; x_wconf 87' lang='lat' dir='ltr'><strong>sole</strong></span> <span class='ocrx_word' id='word_1_571' title='bbox 591 3770 914 3839; x_wconf 84' lang='lat' dir='ltr'><strong>deputetur?</strong></span> <span class='ocrx_word' id='word_1_572' title='bbox 935 3773 1114 3843; x_wconf 89' lang='lat' dir='ltr'><strong>Itaque</strong></span> <span class='ocrx_word' id='word_1_573' title='bbox 1133 3783 1327 3843; x_wconf 77' lang='lat' dir='ltr'><strong>praeter</strong></span> <span class='ocrx_word' id='word_1_574' title='bbox 1351 3775 1429 3849; x_wconf 89' lang='lat'><strong>(7)</strong></span> <span class='ocrx_word' id='word_1_575' title='bbox 1454 3780 1801 3849; x_wconf 86' lang='lat' dir='ltr'><strong>semetipsum</strong></span> 
     </span>
    </p>
   </div>
   <div class='ocr_carea' id='block_1_72' title="bbox 187 3862 1802 3936">
    <p class='ocr_par' dir='ltr' id='par_1_72' title="bbox 187 3862 1802 3936">
     <span class='ocr_line' id='line_1_72' title="bbox 187 3862 1802 3936; baseline 0.007 -20"><span class='ocrx_word' id='word_1_576' title='bbox 187 3876 297 3916; x_wconf 89' lang='lat' dir='ltr'><strong>non</strong></span> <span class='ocrx_word' id='word_1_577' title='bbox 354 3876 481 3916; x_wconf 89' lang='lat' dir='ltr'><strong>esse</strong></span> <span class='ocrx_word' id='word_1_578' title='bbox 511 3862 671 3917; x_wconf 90' lang='lat' dir='ltr'><strong>alium</strong></span> <span class='ocrx_word' id='word_1_579' title='bbox 699 3864 889 3928; x_wconf 88' lang='lat' dir='ltr'><strong>Deum,</strong></span> <span class='ocrx_word' id='word_1_580' title='bbox 924 3864 1025 3920; x_wconf 88' lang='lat' dir='ltr'><strong>hoc</strong></span> <span class='ocrx_word' id='word_1_581' title='bbox 1055 3876 1270 3936; x_wconf 79' lang='lat' dir='ltr'><strong>prapter</strong></span> <span class='ocrx_word' id='word_1_582' title='bbox 1304 3868 1660 3925; x_wconf 88' lang='lat' dir='ltr'><strong>idololatriam</strong></span> <span class='ocrx_word' id='word_1_583' title='bbox 1696 3882 1802 3927; x_wconf 91' lang='lat' dir='ltr'><strong>tam</strong></span> 
     </span>
    </p>
   </div>
   <div class='ocr_carea' id='block_1_73' title="bbox 188 3953 1801 4033">
    <p class='ocr_par' dir='ltr' id='par_1_73' title="bbox 188 3953 1801 4033">
     <span class='ocr_line' id='line_1_73' title="bbox 188 3953 1801 4033; baseline 0.007 -27"><span class='ocrx_word' id='word_1_584' title='bbox 188 3954 473 4007; x_wconf 88' lang='lat' dir='ltr'><strong>nationum</strong></span> <span class='ocrx_word' id='word_1_585' title='bbox 503 3969 661 4022; x_wconf 86' lang='lat' dir='ltr'><strong>quam</strong></span> <span class='ocrx_word' id='word_1_586' title='bbox 688 3953 924 4020; x_wconf 88' lang='lat' dir='ltr'><strong>lsraelis,</strong></span> <span class='ocrx_word' id='word_1_587' title='bbox 944 3957 1104 4011; x_wconf 83' lang='lat' dir='ltr'><strong>etiam</strong></span> <span class='ocrx_word' id='word_1_588' title='bbox 1129 3969 1345 4027; x_wconf 84' lang='lat' dir='ltr'><strong>prapter</strong></span> <span class='ocrx_word' id='word_1_589' title='bbox 1368 3962 1669 4027; x_wconf 67' lang='lat' dir='ltr'><strong>haereticos,</strong></span> <span class='ocrx_word' id='word_1_590' title='bbox 1690 3965 1801 4033; x_wconf 90' lang='lat' dir='ltr'><strong>qui,</strong></span> 
     </span>
    </p>
   </div>
   <div class='ocr_carea' id='block_1_74' title="bbox 187 4045 1804 4120">
    <p class='ocr_par' dir='ltr' id='par_1_74' title="bbox 187 4045 1804 4120">
     <span class='ocr_line' id='line_1_74' title="bbox 187 4045 1804 4120; baseline 0.009 -21"><span class='ocrx_word' id='word_1_591' title='bbox 187 4045 328 4101; x_wconf 88' lang='lat' dir='ltr'><strong>sicut</strong></span> <span class='ocrx_word' id='word_1_592' title='bbox 351 4047 599 4103; x_wconf 86' lang='lat' dir='ltr'><strong>nationes</strong></span> <span class='ocrx_word' id='word_1_593' title='bbox 614 4048 881 4115; x_wconf 90' lang='lat' dir='ltr'><strong>manibus,</strong></span> <span class='ocrx_word' id='word_1_594' title='bbox 908 4050 975 4103; x_wconf 89' lang='lat' dir='ltr'><strong>ita</strong></span> <span class='ocrx_word' id='word_1_595' title='bbox 990 4061 1043 4105; x_wconf 91' lang='lat' dir='ltr'><strong>et</strong></span> <span class='ocrx_word' id='word_1_596' title='bbox 1063 4052 1160 4120; x_wconf 87' lang='lat' dir='ltr'><strong>ipsi</strong></span> <span class='ocrx_word' id='word_1_597' title='bbox 1183 4052 1359 4108; x_wconf 83' lang='lat' dir='ltr'><strong>verbis</strong></span> <span class='ocrx_word' id='word_1_598' title='bbox 1374 4054 1511 4111; x_wconf 90' lang='lat' dir='ltr'><strong>idola</strong></span> <span class='ocrx_word' id='word_1_599' title='bbox 1537 4054 1804 4113; x_wconf 81' lang='lat' dir='ltr'><strong>fabrican-</strong></span> 
     </span>
    </p>
   </div>
   <div class='ocr_carea' id='block_1_75' title="bbox 190 4138 1807 4220">
    <p class='ocr_par' dir='ltr' id='par_1_75' title="bbox 190 4138 1807 4220">
     <span class='ocr_line' id='line_1_75' title="bbox 190 4138 1807 4220; baseline 0.008 -27"><span class='ocrx_word' id='word_1_600' title='bbox 190 4149 300 4202; x_wconf 87' lang='lat' dir='ltr'><strong>tur,</strong></span> <span class='ocrx_word' id='word_1_601' title='bbox 338 4138 392 4193; x_wconf 89' lang='lat' dir='ltr'><strong>id</strong></span> <span class='ocrx_word' id='word_1_602' title='bbox 420 4149 525 4203; x_wconf 86' lang='lat' dir='ltr'><strong>est,</strong></span> <span class='ocrx_word' id='word_1_603' title='bbox 555 4139 719 4195; x_wconf 86' lang='lat' dir='ltr'><strong>alium</strong></span> <span class='ocrx_word' id='word_1_604' title='bbox 766 4139 957 4209; x_wconf 86' lang='lat' dir='ltr'><strong>Deum,</strong></span> <span class='ocrx_word' id='word_1_605' title='bbox 1004 4153 1059 4198; x_wconf 92' lang='lat' dir='ltr'><strong>et</strong></span> <span class='ocrx_word' id='word_1_606' title='bbox 1102 4143 1265 4199; x_wconf 89' lang='lat' dir='ltr'><strong>alium</strong></span> <span class='ocrx_word' id='word_1_607' title='bbox 1311 4144 1607 4201; x_wconf 90' lang='lat' dir='ltr'><strong>Christum.</strong></span> <span class='ocrx_word' id='word_1_608' title='bbox 1644 4148 1807 4220; x_wconf 79' lang='lat' dir='ltr'><strong>igitur</strong></span> 
     </span>
    </p>
   </div>
   <div class='ocr_carea' id='block_1_76' title="bbox 188 4234 1808 4310">
    <p class='ocr_par' dir='ltr' id='par_1_76' title="bbox 188 4234 1808 4310">
     <span class='ocr_line' id='line_1_76' title="bbox 188 4234 1808 4310; baseline 0.007 -24"><span class='ocrx_word' id='word_1_609' title='bbox 188 4241 399 4286; x_wconf 87' lang='lat' dir='ltr'><strong>etcum</strong></span> <span class='ocrx_word' id='word_1_610' title='bbox 427 4246 486 4287; x_wconf 88' lang='lat' dir='ltr'><strong>se</strong></span> <span class='ocrx_word' id='word_1_611' title='bbox 518 4247 681 4287; x_wconf 91' lang='lat' dir='ltr'><strong>unum</strong></span> <span class='ocrx_word' id='word_1_612' title='bbox 725 4234 1147 4304; x_wconf 90' lang='lat' dir='ltr'><strong>pronuntiabat,</strong></span> <span class='ocrx_word' id='word_1_613' title='bbox 1186 4236 1322 4293; x_wconf 87' lang='lat' dir='ltr'><strong>Filio</strong></span> <span class='ocrx_word' id='word_1_614' title='bbox 1351 4238 1509 4295; x_wconf 87' lang='lat' dir='ltr'><strong>Pater</strong></span> <span class='ocrx_word' id='word_1_615' title='bbox 1553 4256 1808 4310; x_wconf 89' lang='lat' dir='ltr'><strong>procura-</strong></span> 
     </span>
    </p>
   </div>
   <div class='ocr_carea' id='block_1_77' title="bbox 188 4322 1806 4399">
    <p class='ocr_par' dir='ltr' id='par_1_77' title="bbox 188 4322 1806 4399">
     <span class='ocr_line' id='line_1_77' title="bbox 188 4322 1806 4399; baseline 0.009 -22"><span class='ocrx_word' id='word_1_616' title='bbox 188 4322 302 4388; x_wconf 85' lang='lat' dir='ltr'><strong>bat,</strong></span> <span class='ocrx_word' id='word_1_617' title='bbox 340 4338 413 4378; x_wconf 89' lang='lat' dir='ltr'><strong>ne</strong></span> <span class='ocrx_word' id='word_1_618' title='bbox 440 4324 510 4378; x_wconf 90' lang='lat' dir='ltr'><strong>ab</strong></span> <span class='ocrx_word' id='word_1_619' title='bbox 540 4325 646 4379; x_wconf 87' lang='lat' dir='ltr'><strong>alio</strong></span> <span class='ocrx_word' id='word_1_620' title='bbox 690 4326 799 4381; x_wconf 88' lang='lat' dir='ltr'><strong>Deo</strong></span> <span class='ocrx_word' id='word_1_621' title='bbox 843 4325 1090 4381; x_wconf 90' lang='lat' dir='ltr'><strong>Christus</strong></span> <span class='ocrx_word' id='word_1_622' title='bbox 1126 4332 1337 4384; x_wconf 89' lang='lat' dir='ltr'><strong>venisse</strong></span> <span class='ocrx_word' id='word_1_623' title='bbox 1387 4331 1658 4399; x_wconf 86' lang='lat' dir='ltr'><strong>credatur,</strong></span> <span class='ocrx_word' id='word_1_624' title='bbox 1712 4335 1806 4391; x_wconf 91' lang='lat' dir='ltr'><strong>sed</strong></span> 
     </span>
    </p>
   </div>
   <div class='ocr_carea' id='block_1_78' title="bbox 188 4416 1809 4497">
    <p class='ocr_par' dir='ltr' id='par_1_78' title="bbox 188 4416 1809 4497">
     <span class='ocr_line' id='line_1_78' title="bbox 188 4416 1809 4497; baseline 0.009 -30"><span class='ocrx_word' id='word_1_625' title='bbox 188 4416 258 4471; x_wconf 81' lang='lat' dir='ltr'><strong>ah</strong></span> <span class='ocrx_word' id='word_1_626' title='bbox 289 4416 383 4469; x_wconf 86' lang='lat' dir='ltr'><strong>illo</strong></span> <span class='ocrx_word' id='word_1_627' title='bbox 407 4416 497 4486; x_wconf 87' lang='lat' dir='ltr'><strong>qui</strong></span> <span class='ocrx_word' id='word_1_628' title='bbox 527 4417 847 4485; x_wconf 64' lang='lat' dir='ltr'><strong>praedixerat</strong></span> <span class='ocrx_word' id='word_1_629' title='bbox 877 4436 892 4477; x_wconf 88' lang='lat'><strong>;</strong></span> <span class='ocrx_word' id='word_1_630' title='bbox 926 4418 1036 4490; x_wconf 87' lang='lat' dir='ltr'><strong>Ego</strong></span> <span class='ocrx_word' id='word_1_631' title='bbox 1065 4420 1203 4474; x_wconf 82' lang='lat' dir='ltr'><strong>Deus</strong></span> <span class='ocrx_word' id='word_1_632' title='bbox 1224 4463 1240 4488; x_wconf 93' lang='lat'><strong>,</strong></span> <span class='ocrx_word' id='word_1_633' title='bbox 1269 4431 1315 4476; x_wconf 89' lang='lat' dir='ltr'><strong>et</strong></span> <span class='ocrx_word' id='word_1_634' title='bbox 1345 4423 1478 4479; x_wconf 86' lang='lat' dir='ltr'><strong>alius</strong></span> <span class='ocrx_word' id='word_1_635' title='bbox 1504 4426 1693 4497; x_wconf 82' lang='lat' dir='ltr'><strong>absque</strong></span> <span class='ocrx_word' id='word_1_636' title='bbox 1730 4445 1809 4483; x_wconf 87' lang='lat' dir='ltr'><strong>me</strong></span> 
     </span>
    </p>
   </div>
   <div class='ocr_carea' id='block_1_79' title="bbox 190 4509 1806 4590">
    <p class='ocr_par' dir='ltr' id='par_1_79' title="bbox 190 4509 1806 4590">
     <span class='ocr_line' id='line_1_79' title="bbox 190 4509 1806 4590; baseline 0.011 -27"><span class='ocrx_word' id='word_1_637' title='bbox 190 4527 295 4564; x_wconf 84' lang='lat' dir='ltr'><strong>non</strong></span> <span class='ocrx_word' id='word_1_638' title='bbox 321 4519 432 4574; x_wconf 84' lang='lat' dir='ltr'><strong>est;</strong></span> <span class='ocrx_word' id='word_1_639' title='bbox 466 4509 557 4581; x_wconf 89' lang='lat' dir='ltr'><strong>qui</strong></span> <span class='ocrx_word' id='word_1_640' title='bbox 588 4526 647 4566; x_wconf 91' lang='lat' dir='ltr'><strong>sc</strong></span> <span class='ocrx_word' id='word_1_641' title='bbox 670 4513 886 4568; x_wconf 90' lang='lat' dir='ltr'><strong>unicum</strong></span> <span class='ocrx_word' id='word_1_642' title='bbox 912 4557 927 4581; x_wconf 92' lang='lat'><strong>,</strong></span> <span class='ocrx_word' id='word_1_643' title='bbox 957 4514 1052 4571; x_wconf 90' lang='lat' dir='ltr'><strong>sed</strong></span> <span class='ocrx_word' id='word_1_644' title='bbox 1078 4530 1198 4571; x_wconf 91' lang='lat' dir='ltr'><strong>cum</strong></span> <span class='ocrx_word' id='word_1_645' title='bbox 1228 4516 1363 4574; x_wconf 88' lang='lat' dir='ltr'><strong>Filio</strong></span> <span class='ocrx_word' id='word_1_646' title='bbox 1392 4522 1650 4590; x_wconf 88' lang='lat' dir='ltr'><strong>ostendit,</strong></span> <span class='ocrx_word' id='word_1_647' title='bbox 1682 4540 1806 4581; x_wconf 92' lang='lat' dir='ltr'><strong>cum</strong></span> 
     </span>
    </p>
   </div>
   <div class='ocr_carea' id='block_1_80' title="bbox 190 4600 987 4672">
    <p class='ocr_par' dir='ltr' id='par_1_80' title="bbox 190 4600 987 4672">
     <span class='ocr_line' id='line_1_80' title="bbox 190 4600 987 4672; baseline 0.01 -17"><span class='ocrx_word' id='word_1_648' title='bbox 190 4616 300 4672; x_wconf 86' lang='lat' dir='ltr'><strong>quo</strong></span> <span class='ocrx_word' id='word_1_649' title='bbox 324 4600 524 4658; x_wconf 64' lang='lat' dir='ltr'><strong>coelum</strong></span> <span class='ocrx_word' id='word_1_650' title='bbox 551 4603 696 4659; x_wconf 90' lang='lat' dir='ltr'><strong>solus</strong></span> <span class='ocrx_word' id='word_1_651' title='bbox 723 4606 987 4666; x_wconf 82' lang='lat' dir='ltr'><strong>extendit.</strong></span> 
     </span>
    </p>
   </div>
   <div class='ocr_carea' id='block_1_81' title="bbox 797 4700 1209 4760">
    <p class='ocr_par' dir='ltr' id='par_1_81' title="bbox 797 4700 1209 4760">
     <span class='ocr_line' id='line_1_81' title="bbox 797 4700 1209 4760; baseline 0.01 -6"><span class='ocrx_word' id='word_1_652' title='bbox 797 4700 1026 4759; x_wconf 80' lang='lat' dir='ltr'><strong>CAPUT</strong></span> <span class='ocrx_word' id='word_1_653' title='bbox 1063 4702 1209 4760; x_wconf 80' lang='lat' dir='ltr'><strong>XIX.</strong></span> 
     </span>
    </p>
   </div>
   <div class='ocr_carea' id='block_1_82' title="bbox 1910 3522 3505 3596">
    <p class='ocr_par' dir='ltr' id='par_1_82' title="bbox 1910 3522 3505 3596">
     <span class='ocr_line' id='line_1_82' title="bbox 1910 3522 3505 3596; baseline 0.006 -21"><span class='ocrx_word' id='word_1_654' title='bbox 1910 3522 2294 3591; x_wconf 87' lang='lat' dir='ltr'><strong>interpretator</strong></span> <span class='ocrx_word' id='word_1_655' title='bbox 2323 3534 2402 3577; x_wconf 90' lang='lat' dir='ltr'><strong>est</strong></span> <span class='ocrx_word' id='word_1_656' title='bbox 2428 3566 2443 3589; x_wconf 90' lang='lat'><strong>,</strong></span> <span class='ocrx_word' id='word_1_657' title='bbox 2477 3526 2747 3592; x_wconf 84' lang='lat' dir='ltr'><strong>quomodo</strong></span> <span class='ocrx_word' id='word_1_658' title='bbox 2777 3526 2973 3582; x_wconf 72' lang='lat' dir='ltr'><strong>etnlum</strong></span> <span class='ocrx_word' id='word_1_659' title='bbox 3003 3528 3150 3583; x_wconf 89' lang='lat' dir='ltr'><strong>solus</strong></span> <span class='ocrx_word' id='word_1_660' title='bbox 3179 3531 3505 3596; x_wconf 82' lang='lat' dir='ltr'><strong>extenderit,</strong></span> 
     </span>
    </p>
   </div>
   <div class='ocr_carea' id='block_1_83' title="bbox 1907 3614 3507 3681">
    <p class='ocr_par' dir='ltr' id='par_1_83' title="bbox 1907 3614 3507 3681">
     <span class='ocr_line' id='line_1_83' title="bbox 1907 3614 3507 3681; baseline 0.007 -14"><span class='ocrx_word' id='word_1_661' title='bbox 1907 3614 2109 3668; x_wconf 76' lang='lat' dir='ltr'><strong>scilicet</strong></span> <span class='ocrx_word' id='word_1_662' title='bbox 2133 3629 2250 3669; x_wconf 89' lang='lat' dir='ltr'><strong>cum</strong></span> <span class='ocrx_word' id='word_1_663' title='bbox 2277 3614 2411 3669; x_wconf 86' lang='lat' dir='ltr'><strong>Filio</strong></span> <span class='ocrx_word' id='word_1_664' title='bbox 2427 3617 2593 3681; x_wconf 81' lang='lat' dir='ltr'><strong>solus,</strong></span> <span class='ocrx_word' id='word_1_665' title='bbox 2619 3617 2756 3671; x_wconf 90' lang='lat' dir='ltr'><strong>sicut</strong></span> <span class='ocrx_word' id='word_1_666' title='bbox 2774 3633 2894 3672; x_wconf 89' lang='lat' dir='ltr'><strong>cum</strong></span> <span class='ocrx_word' id='word_1_667' title='bbox 2915 3618 3052 3674; x_wconf 88' lang='lat' dir='ltr'><strong>Filio</strong></span> <span class='ocrx_word' id='word_1_668' title='bbox 3071 3636 3254 3675; x_wconf 91' lang='lat' dir='ltr'><strong>unum.</strong></span> <span class='ocrx_word' id='word_1_669' title='bbox 3273 3621 3507 3679; x_wconf 88' lang='lat' dir='ltr'><strong>Proinde</strong></span> 
     </span>
    </p>
   </div>
   <div class='ocr_carea' id='block_1_84' title="bbox 1908 3704 3507 3782">
    <p class='ocr_par' dir='ltr' id='par_1_84' title="bbox 1908 3704 3507 3782">
     <span class='ocr_line' id='line_1_84' title="bbox 1908 3704 3507 3782; baseline 0.006 -23"><span class='ocrx_word' id='word_1_670' title='bbox 1908 3715 1961 3759; x_wconf 91' lang='lat' dir='ltr'><strong>et</strong></span> <span class='ocrx_word' id='word_1_671' title='bbox 2002 3704 2093 3759; x_wconf 78' lang='lat' dir='ltr'><strong>lilii</strong></span> <span class='ocrx_word' id='word_1_672' title='bbox 2132 3706 2235 3760; x_wconf 91' lang='lat' dir='ltr'><strong>erit</strong></span> <span class='ocrx_word' id='word_1_673' title='bbox 2270 3722 2391 3767; x_wconf 81' lang='lat' dir='ltr'><strong>vox.</strong></span> <span class='ocrx_word' id='word_1_674' title='bbox 2428 3706 2648 3761; x_wconf 71' lang='lat' dir='ltr'><strong>Extendi</strong></span> <span class='ocrx_word' id='word_1_675' title='bbox 2674 3708 2857 3763; x_wconf 77' lang='lat' dir='ltr'><strong>rwlum</strong></span> <span class='ocrx_word' id='word_1_676' title='bbox 2891 3710 3065 3777; x_wconf 85' lang='lat' dir='ltr'><strong>solus;</strong></span> <span class='ocrx_word' id='word_1_677' title='bbox 3095 3712 3218 3782; x_wconf 87' lang='lat' dir='ltr'><strong>quia</strong></span> <span class='ocrx_word' id='word_1_678' title='bbox 3258 3712 3507 3769; x_wconf 76' lang='lat' dir='ltr'><strong>Sermone</strong></span> 
     </span>
    </p>
   </div>
   <div class='ocr_carea' id='block_1_85' title="bbox 1909 3798 3509 3879">
    <p class='ocr_par' dir='ltr' id='par_1_85' title="bbox 1909 3798 3509 3879">
     <span class='ocr_line' id='line_1_85' title="bbox 1909 3798 3509 3879; baseline 0.006 -26"><span class='ocrx_word' id='word_1_679' title='bbox 1909 3798 2022 3853; x_wconf 68' lang='lat' dir='ltr'><strong>caeli</strong></span> <span class='ocrx_word' id='word_1_680' title='bbox 2072 3801 2358 3868; x_wconf 80' lang='lat' dir='ltr'><strong>conﬁrmati</strong></span> <span class='ocrx_word' id='word_1_681' title='bbox 2411 3812 2547 3856; x_wconf 85' lang='lat' dir='ltr'><strong>stmt.</strong></span> <span class='ocrx_word' id='word_1_682' title='bbox 2590 3802 2722 3869; x_wconf 81' lang='lat' dir='ltr'><strong>Quia</strong></span> <span class='ocrx_word' id='word_1_683' title='bbox 2754 3802 2952 3873; x_wconf 79' lang='lat' dir='ltr'><strong>Sophia</strong></span> <span class='ocrx_word' id='word_1_684' title='bbox 2975 3845 2991 3869; x_wconf 92' lang='lat'><strong>,</strong></span> <span class='ocrx_word' id='word_1_685' title='bbox 3022 3803 3072 3858; x_wconf 87' lang='lat' dir='ltr'><strong>id</strong></span> <span class='ocrx_word' id='word_1_686' title='bbox 3102 3816 3183 3860; x_wconf 90' lang='lat' dir='ltr'><strong>est</strong></span> <span class='ocrx_word' id='word_1_687' title='bbox 3208 3805 3347 3879; x_wconf 83' lang='grc'><strong>(17),</strong></span> <span class='ocrx_word' id='word_1_688' title='bbox 3376 3805 3509 3862; x_wconf 87' lang='lat' dir='ltr'><strong>Ser-</strong></span> 
     </span>
    </p>
   </div>
   <div class='ocr_carea' id='block_1_86' title="bbox 1912 3897 3510 3970">
    <p class='ocr_par' dir='ltr' id='par_1_86' title="bbox 1912 3897 3510 3970">
     <span class='ocr_line' id='line_1_86' title="bbox 1912 3897 3510 3970; baseline 0.004 -23"><span class='ocrx_word' id='word_1_689' title='bbox 1912 3908 2069 3948; x_wconf 89' lang='lat' dir='ltr'><strong>mone</strong></span> <span class='ocrx_word' id='word_1_690' title='bbox 2113 3898 2420 3959; x_wconf 88' lang='lat' dir='ltr'><strong>assistente,</strong></span> <span class='ocrx_word' id='word_1_691' title='bbox 2462 3905 2703 3965; x_wconf 87' lang='lat' dir='ltr'><strong>paratum</strong></span> <span class='ocrx_word' id='word_1_692' title='bbox 2747 3905 2829 3951; x_wconf 89' lang='lat' dir='ltr'><strong>est</strong></span> <span class='ocrx_word' id='word_1_693' title='bbox 2867 3897 3088 3963; x_wconf 65' lang='lat' dir='ltr'><strong>caelum,</strong></span> <span class='ocrx_word' id='word_1_694' title='bbox 3123 3906 3178 3953; x_wconf 91' lang='lat' dir='ltr'><strong>et</strong></span> <span class='ocrx_word' id='word_1_695' title='bbox 3217 3899 3388 3952; x_wconf 85' lang='lat' dir='ltr'><strong>omnia</strong></span> <span class='ocrx_word' id='word_1_696' title='bbox 3416 3916 3510 3970; x_wconf 83' lang='lat' dir='ltr'><strong>per</strong></span> 
     </span>
    </p>
   </div>
   <div class='ocr_carea' id='block_1_87' title="bbox 1911 3987 3499 4062">
    <p class='ocr_par' dir='ltr' id='par_1_87' title="bbox 1911 3987 3499 4062">
     <span class='ocr_line' id='line_1_87' title="bbox 1911 3987 3499 4062; baseline 0.003 -21"><span class='ocrx_word' id='word_1_697' title='bbox 1911 3987 2208 4041; x_wconf 76' lang='lat' dir='ltr'><strong>Sermonem</strong></span> <span class='ocrx_word' id='word_1_698' title='bbox 2236 3997 2352 4041; x_wconf 83' lang='lat' dir='ltr'><strong>sunt</strong></span> <span class='ocrx_word' id='word_1_699' title='bbox 2382 3992 2539 4059; x_wconf 76' lang='lat' dir='ltr'><strong>facta,</strong></span> <span class='ocrx_word' id='word_1_700' title='bbox 2572 3990 2829 4058; x_wconf 90' lang='lat' dir='ltr'><strong>competit</strong></span> <span class='ocrx_word' id='word_1_701' title='bbox 2857 3998 2913 4044; x_wconf 91' lang='lat' dir='ltr'><strong>et</strong></span> <span class='ocrx_word' id='word_1_702' title='bbox 2945 3989 3142 4045; x_wconf 87' lang='lat' dir='ltr'><strong>Filium</strong></span> <span class='ocrx_word' id='word_1_703' title='bbox 3173 3990 3287 4062; x_wconf 91' lang='lat' dir='ltr'><strong>(l8)</strong></span> <span class='ocrx_word' id='word_1_704' title='bbox 3322 3991 3499 4046; x_wconf 90' lang='lat' dir='ltr'><strong>solum</strong></span> 
     </span>
    </p>
   </div>
   <div class='ocr_carea' id='block_1_88' title="bbox 1910 4080 3508 4152">
    <p class='ocr_par' dir='ltr' id='par_1_88' title="bbox 1910 4080 3508 4152">
     <span class='ocr_line' id='line_1_88' title="bbox 1910 4080 3508 4152; baseline 0.001 -17"><span class='ocrx_word' id='word_1_705' title='bbox 1910 4080 2214 4135; x_wconf 83' lang='lat' dir='ltr'><strong>extendisse</strong></span> <span class='ocrx_word' id='word_1_706' title='bbox 2251 4080 2473 4145; x_wconf 74' lang='lat' dir='ltr'><strong>cmlum,</strong></span> <span class='ocrx_word' id='word_1_707' title='bbox 2513 4081 2635 4151; x_wconf 85' lang='lat' dir='ltr'><strong>quia</strong></span> <span class='ocrx_word' id='word_1_708' title='bbox 2673 4080 2819 4135; x_wconf 88' lang='lat' dir='ltr'><strong>solus</strong></span> <span class='ocrx_word' id='word_1_709' title='bbox 2856 4081 3153 4152; x_wconf 88' lang='lat' dir='ltr'><strong>operationi</strong></span> <span class='ocrx_word' id='word_1_710' title='bbox 3195 4082 3367 4137; x_wconf 85' lang='lat' dir='ltr'><strong>Patris</strong></span> <span class='ocrx_word' id='word_1_711' title='bbox 3406 4083 3508 4137; x_wconf 88' lang='lat' dir='ltr'><strong>mi-</strong></span> 
     </span>
    </p>
   </div>
   <div class='ocr_carea' id='block_1_89' title="bbox 1912 4171 3507 4245">
    <p class='ocr_par' dir='ltr' id='par_1_89' title="bbox 1912 4171 3507 4245">
     <span class='ocr_line' id='line_1_89' title="bbox 1912 4171 3507 4245; baseline 0 -16"><span class='ocrx_word' id='word_1_712' title='bbox 1912 4174 2174 4229; x_wconf 87' lang='lat' dir='ltr'><strong>nistravit.</strong></span> <span class='ocrx_word' id='word_1_713' title='bbox 2220 4173 2361 4228; x_wconf 88' lang='lat' dir='ltr'><strong>Idem</strong></span> <span class='ocrx_word' id='word_1_714' title='bbox 2407 4174 2509 4229; x_wconf 88' lang='lat' dir='ltr'><strong>erit</strong></span> <span class='ocrx_word' id='word_1_715' title='bbox 2539 4174 2724 4229; x_wconf 89' lang='lat' dir='ltr'><strong>dicens</strong></span> <span class='ocrx_word' id='word_1_716' title='bbox 2756 4191 2767 4226; x_wconf 90' lang='lat'>:</span> <span class='ocrx_word' id='word_1_717' title='bbox 2801 4171 2914 4245; x_wconf 85' lang='lat' dir='ltr'><strong>Ego</strong></span> <span class='ocrx_word' id='word_1_718' title='bbox 2956 4175 3185 4244; x_wconf 87' lang='lat' dir='ltr'><strong>primus,</strong></span> <span class='ocrx_word' id='word_1_719' title='bbox 3220 4184 3267 4229; x_wconf 89' lang='lat' dir='ltr'><strong>et</strong></span> <span class='ocrx_word' id='word_1_720' title='bbox 3295 4175 3507 4245; x_wconf 85' lang='lat' dir='ltr'><strong>insuper</strong></span> 
     </span>
    </p>
   </div>
   <div class='ocr_carea' id='block_1_90' title="bbox 1910 4265 3505 4338">
    <p class='ocr_par' dir='ltr' id='par_1_90' title="bbox 1910 4265 3505 4338">
     <span class='ocr_line' id='line_1_90' title="bbox 1910 4265 3505 4338; baseline 0.001 -17"><span class='ocrx_word' id='word_1_721' title='bbox 1910 4276 2117 4321; x_wconf 72' lang='lat' dir='ltr'><strong>ventura</strong></span> <span class='ocrx_word' id='word_1_722' title='bbox 2148 4265 2261 4338; x_wconf 78' lang='grc'><strong>(19)</strong></span> <span class='ocrx_word' id='word_1_723' title='bbox 2295 4282 2386 4336; x_wconf 86' lang='lat' dir='ltr'><strong>ego</strong></span> <span class='ocrx_word' id='word_1_724' title='bbox 2416 4283 2548 4320; x_wconf 88' lang='lat' dir='ltr'><strong>sum.</strong></span> <span class='ocrx_word' id='word_1_725' title='bbox 2584 4266 2820 4321; x_wconf 87' lang='lat' dir='ltr'><strong>Primum</strong></span> <span class='ocrx_word' id='word_1_726' title='bbox 2848 4265 3057 4321; x_wconf 89' lang='lat' dir='ltr'><strong>scilicet</strong></span> <span class='ocrx_word' id='word_1_727' title='bbox 3081 4266 3343 4332; x_wconf 92' lang='lat' dir='ltr'><strong>omnium,</strong></span> <span class='ocrx_word' id='word_1_728' title='bbox 3373 4265 3505 4322; x_wconf 85' lang='lat' dir='ltr'><strong>Ser-</strong></span> 
     </span>
    </p>
   </div>
   <div class='ocr_carea' id='block_1_91' title="bbox 1911 4356 3506 4429">
    <p class='ocr_par' dir='ltr' id='par_1_91' title="bbox 1911 4356 3506 4429">
     <span class='ocr_line' id='line_1_91' title="bbox 1911 4356 3506 4429; baseline 0.001 -16"><span class='ocrx_word' id='word_1_729' title='bbox 1911 4374 2001 4414; x_wconf 89' lang='lat' dir='ltr'><strong>mo</strong></span> <span class='ocrx_word' id='word_1_730' title='bbox 2032 4376 2045 4412; x_wconf 93' lang='lat'><strong>:</strong></span> <span class='ocrx_word' id='word_1_731' title='bbox 2079 4356 2146 4412; x_wconf 88' lang='lat' dir='ltr'><strong>In</strong></span> <span class='ocrx_word' id='word_1_732' title='bbox 2188 4358 2443 4429; x_wconf 74' lang='lat' dir='ltr'><strong>principio</strong></span> <span class='ocrx_word' id='word_1_733' title='bbox 2473 4367 2579 4412; x_wconf 83' lang='lat' dir='ltr'><strong>erat</strong></span> <span class='ocrx_word' id='word_1_734' title='bbox 2611 4358 2835 4423; x_wconf 86' lang='lat' dir='ltr'><strong>Sermo;</strong></span> <span class='ocrx_word' id='word_1_735' title='bbox 2867 4359 2919 4412; x_wconf 90' lang='lat' dir='ltr'><strong>in</strong></span> <span class='ocrx_word' id='word_1_736' title='bbox 2950 4373 3055 4427; x_wconf 91' lang='lat' dir='ltr'><strong>quo</strong></span> <span class='ocrx_word' id='word_1_737' title='bbox 3084 4359 3350 4429; x_wconf 88' lang='lat' dir='ltr'><strong>principio</strong></span> <span class='ocrx_word' id='word_1_738' title='bbox 3377 4373 3506 4429; x_wconf 90' lang='lat' dir='ltr'><strong>pro-</strong></span> 
     </span>
    </p>
   </div>
   <div class='ocr_carea' id='block_1_92' title="bbox 1911 4449 3506 4519">
    <p class='ocr_par' dir='ltr' id='par_1_92' title="bbox 1911 4449 3506 4519">
     <span class='ocr_line' id='line_1_92' title="bbox 1911 4449 3506 4519; baseline -0.001 -11"><span class='ocrx_word' id='word_1_739' title='bbox 1911 4451 2052 4508; x_wconf 90' lang='lat' dir='ltr'><strong>latus</strong></span> <span class='ocrx_word' id='word_1_740' title='bbox 2072 4469 2100 4507; x_wconf 82' lang='lat' dir='ltr'><strong>a</strong></span> <span class='ocrx_word' id='word_1_741' title='bbox 2130 4453 2287 4507; x_wconf 87' lang='lat' dir='ltr'><strong>Patre</strong></span> <span class='ocrx_word' id='word_1_742' title='bbox 2310 4460 2410 4507; x_wconf 88' lang='lat' dir='ltr'><strong>est.</strong></span> <span class='ocrx_word' id='word_1_743' title='bbox 2436 4449 2701 4507; x_wconf 65' lang='lat' dir='ltr'><strong>Caeterum</strong></span> <span class='ocrx_word' id='word_1_744' title='bbox 2728 4451 2883 4507; x_wconf 87' lang='lat' dir='ltr'><strong>Pater</strong></span> <span class='ocrx_word' id='word_1_745' title='bbox 2908 4466 3014 4507; x_wconf 90' lang='lat' dir='ltr'><strong>non</strong></span> <span class='ocrx_word' id='word_1_746' title='bbox 3040 4450 3246 4507; x_wconf 85' lang='lat' dir='ltr'><strong>habens</strong></span> <span class='ocrx_word' id='word_1_747' title='bbox 3272 4452 3506 4519; x_wconf 89' lang='lat' dir='ltr'><strong>initium,</strong></span> 
     </span>
    </p>
   </div>
   <div class='ocr_carea' id='block_1_93' title="bbox 1912 4544 3510 4615">
    <p class='ocr_par' dir='ltr' id='par_1_93' title="bbox 1912 4544 3510 4615">
     <span class='ocr_line' id='line_1_93' title="bbox 1912 4544 3510 4615; baseline 0.001 -16"><span class='ocrx_word' id='word_1_748' title='bbox 1912 4554 2019 4599; x_wconf 87' lang='lat' dir='ltr'><strong>uta</strong></span> <span class='ocrx_word' id='word_1_749' title='bbox 2052 4544 2198 4600; x_wconf 89' lang='lat' dir='ltr'><strong>nullo</strong></span> <span class='ocrx_word' id='word_1_750' title='bbox 2227 4544 2485 4615; x_wconf 88' lang='lat' dir='ltr'><strong>prolatus,</strong></span> <span class='ocrx_word' id='word_1_751' title='bbox 2514 4554 2571 4599; x_wconf 90' lang='lat' dir='ltr'><strong>ut</strong></span> <span class='ocrx_word' id='word_1_752' title='bbox 2594 4544 2831 4605; x_wconf 86' lang='lat' dir='ltr'><strong>innatus.</strong></span> <span class='ocrx_word' id='word_1_753' title='bbox 2856 4557 2959 4597; x_wconf 91' lang='lat' dir='ltr'><strong>non</strong></span> <span class='ocrx_word' id='word_1_754' title='bbox 2990 4552 3167 4614; x_wconf 91' lang='lat' dir='ltr'><strong>potest</strong></span> <span class='ocrx_word' id='word_1_755' title='bbox 3187 4544 3378 4600; x_wconf 87' lang='lat' dir='ltr'><strong>videri.</strong></span> <span class='ocrx_word' id='word_1_756' title='bbox 3403 4544 3510 4612; x_wconf 85' lang='lat' dir='ltr'><strong>Qui</strong></span> 
     </span>
    </p>
   </div>
   <div class='ocr_carea' id='block_1_94' title="bbox 1913 4636 3511 4709">
    <p class='ocr_par' dir='ltr' id='par_1_94' title="bbox 1913 4636 3511 4709">
     <span class='ocr_line' id='line_1_94' title="bbox 1913 4636 3511 4709; baseline -0.001 -14"><span class='ocrx_word' id='word_1_757' title='bbox 1913 4640 2060 4695; x_wconf 89' lang='lat' dir='ltr'><strong>solus</strong></span> <span class='ocrx_word' id='word_1_758' title='bbox 2089 4639 2186 4695; x_wconf 77' lang='lat' dir='ltr'><strong>fuit</strong></span> <span class='ocrx_word' id='word_1_759' title='bbox 2210 4654 2445 4709; x_wconf 88' lang='lat' dir='ltr'><strong>semper,</strong></span> <span class='ocrx_word' id='word_1_760' title='bbox 2476 4638 2724 4695; x_wconf 87' lang='lat' dir='ltr'><strong>ordinem</strong></span> <span class='ocrx_word' id='word_1_761' title='bbox 2753 4637 2953 4693; x_wconf 88' lang='lat' dir='ltr'><strong>habere</strong></span> <span class='ocrx_word' id='word_1_762' title='bbox 2984 4652 3089 4694; x_wconf 90' lang='lat' dir='ltr'><strong>non</strong></span> <span class='ocrx_word' id='word_1_763' title='bbox 3120 4636 3312 4708; x_wconf 90' lang='lat' dir='ltr'><strong>potuit.</strong></span> <span class='ocrx_word' id='word_1_764' title='bbox 3348 4637 3511 4708; x_wconf 74' lang='lat' dir='ltr'><strong>Igitur</strong></span> 
     </span>
    </p>
   </div>
   <div class='ocr_carea' id='block_1_95' title="bbox 1913 4729 3509 4805">
    <p class='ocr_par' dir='ltr' id='par_1_95' title="bbox 1913 4729 3509 4805">
     <span class='ocr_line' id='line_1_95' title="bbox 1913 4729 3509 4805; baseline -0.004 -16"><span class='ocrx_word' id='word_1_765' title='bbox 1913 4734 1959 4789; x_wconf 90' lang='lat' dir='ltr'><strong>si</strong></span> <span class='ocrx_word' id='word_1_766' title='bbox 2009 4741 2289 4805; x_wconf 88' lang='lat' dir='ltr'><strong>propterea</strong></span> <span class='ocrx_word' id='word_1_767' title='bbox 2336 4732 2583 4788; x_wconf 89' lang='lat' dir='ltr'><strong>eumdem</strong></span> <span class='ocrx_word' id='word_1_768' title='bbox 2624 4740 2680 4787; x_wconf 89' lang='lat' dir='ltr'><strong>et</strong></span> <span class='ocrx_word' id='word_1_769' title='bbox 2726 4730 2939 4786; x_wconf 86' lang='lat' dir='ltr'><strong>Patrem</strong></span> <span class='ocrx_word' id='word_1_770' title='bbox 2968 4740 3023 4785; x_wconf 92' lang='lat' dir='ltr'><strong>et</strong></span> <span class='ocrx_word' id='word_1_771' title='bbox 3058 4729 3255 4785; x_wconf 89' lang='lat' dir='ltr'><strong>Filium</strong></span> <span class='ocrx_word' id='word_1_772' title='bbox 3284 4729 3509 4785; x_wconf 85' lang='lat' dir='ltr'><strong>creden-</strong></span> 
     </span>
    </p>
   </div>
   <div class='ocr_carea' id='block_1_96' title="bbox 266 4790 1804 4897">
    <p class='ocr_par' dir='ltr' id='par_1_96' title="bbox 266 4790 1804 4878">
     <span class='ocr_line' id='line_1_96' title="bbox 266 4790 1804 4878; baseline 0.011 -32"><span class='ocrx_word' id='word_1_773' title='bbox 266 4791 408 4861; x_wconf 86' lang='lat' dir='ltr'><strong>Quin</strong></span> <span class='ocrx_word' id='word_1_774' title='bbox 436 4790 519 4866; x_wconf 84' lang='lat'><strong>(8)</strong></span> <span class='ocrx_word' id='word_1_775' title='bbox 548 4791 926 4852; x_wconf 89' lang='lat' dir='ltr'><strong>ethocdictum</strong></span> <span class='ocrx_word' id='word_1_776' title='bbox 948 4798 1085 4866; x_wconf 83' lang='lat' dir='ltr'><strong>ejus,</strong></span> <span class='ocrx_word' id='word_1_777' title='bbox 1113 4800 1165 4855; x_wconf 92' lang='lat' dir='ltr'><strong>in</strong></span> <span class='ocrx_word' id='word_1_778' title='bbox 1183 4811 1553 4872; x_wconf 78' lang='lat' dir='ltr'><strong>argumentum</strong></span> <span class='ocrx_word' id='word_1_779' title='bbox 1568 4805 1804 4878; x_wconf 79' lang='lat' dir='ltr'><strong>singula-</strong></span> 
     </span>
    </p>
   </div>
   <div class='ocr_carea' id='block_1_97' title="bbox 1904 4790 3504 4897">
    <p class='ocr_par' dir='ltr' id='par_1_97' title="bbox 1917 4790 3504 4897">
     <span class='ocr_line' id='line_1_97' title="bbox 1917 4790 3504 4897; baseline -0.006 -14"><span class='ocrx_word' id='word_1_780' title='bbox 1917 4790 2043 4884; x_wconf 75' lang='lat' dir='ltr'><strong>dum</strong></span> <span class='ocrx_word' id='word_1_781' title='bbox 2072 4790 2412 4897; x_wconf 74' lang='lat' dir='ltr'><strong>putaverunt,</strong></span> <span class='ocrx_word' id='word_1_782' title='bbox 2437 4831 2493 4878; x_wconf 87' lang='lat' dir='ltr'><strong>ut</strong></span> <span class='ocrx_word' id='word_1_783' title='bbox 2513 4837 2678 4879; x_wconf 89' lang='lat' dir='ltr'><strong>unum</strong></span> <span class='ocrx_word' id='word_1_784' title='bbox 2706 4822 2873 4880; x_wconf 89' lang='lat' dir='ltr'><strong>Deum</strong></span> <span class='ocrx_word' id='word_1_785' title='bbox 2898 4820 3192 4887; x_wconf 85' lang='lat' dir='ltr'><strong>vindicent,</strong></span> <span class='ocrx_word' id='word_1_786' title='bbox 3219 4820 3365 4877; x_wconf 81' lang='lat' dir='ltr'><strong>salva</strong></span> <span class='ocrx_word' id='word_1_787' title='bbox 3388 4818 3504 4892; x_wconf 77' lang='grc' dir='ltr'><strong>(Ξο)</strong></span> 
     </span>
    </p>
   </div>
   <div class='ocr_carea' id='block_1_98' title="bbox 1445 4916 2275 4981">
    <p class='ocr_par' dir='ltr' id='par_1_98' title="bbox 1445 4916 2275 4981">
     <span class='ocr_line' id='line_1_98' title="bbox 1445 4916 2275 4981; baseline -0.001 -9"><span class='ocrx_word' id='word_1_788' title='bbox 1445 4916 1830 4980; x_wconf 81' lang='lat' dir='ltr'><strong>LECTIONES</strong></span> <span class='ocrx_word' id='word_1_789' title='bbox 1864 4917 2275 4981; x_wconf 79' lang='lat' dir='ltr'><strong>VARIAN&#39;I‘ES.</strong></span> 
     </span>
    </p>
   </div>
   <div class='ocr_carea' id='block_1_99' title="bbox 257 4996 942 5112">
    <p class='ocr_par' dir='ltr' id='par_1_99' title="bbox 257 4996 942 5112">
     <span class='ocr_line' id='line_1_99' title="bbox 257 4996 942 5112; baseline 0 0"><span class='ocrx_word' id='word_1_790' title='bbox 257 4997 334 5112; x_wconf 72' lang='lat' dir='ltr'><strong>ta</strong></span> <span class='ocrx_word' id='word_1_791' title='bbox 368 4996 942 5112; x_wconf 52' lang='lat' dir='ltr'><strong>taurea-eat.</strong></span> 
     </span>
    </p>
   </div>
   <div class='ocr_carea' id='block_1_100' title="bbox 282 5060 981 5125">
    <p class='ocr_par' dir='ltr' id='par_1_100' title="bbox 282 5060 981 5125">
     <span class='ocr_line' id='line_1_100' title="bbox 282 5060 981 5125; baseline 0.006 -16"><span class='ocrx_word' id='word_1_792' title='bbox 282 5060 334 5125; x_wconf 75' lang='lat'><strong>2)</strong></span> <span class='ocrx_word' id='word_1_793' title='bbox 368 5062 575 5125; x_wconf 47' lang='lat' dir='ltr'><strong>gbsque</strong></span> <span class='ocrx_word' id='word_1_794' title='bbox 600 5075 663 5112; x_wconf 88' lang='lat' dir='ltr'><strong>eo</strong></span> <span class='ocrx_word' id='word_1_795' title='bbox 687 5062 811 5125; x_wconf 79' lang='lat' dir='ltr'><strong>alius</strong></span> <span class='ocrx_word' id='word_1_796' title='bbox 830 5064 981 5116; x_wconf 88' lang='lat' dir='ltr'><strong>Seml.</strong></span> 
     </span>
    </p>
   </div>
   <div class='ocr_carea' id='block_1_101' title="bbox 260 5122 780 5244">
    <p class='ocr_par' dir='ltr' id='par_1_101' title="bbox 260 5122 780 5244">
     <span class='ocr_line' id='line_1_101' title="bbox 260 5122 780 5244; baseline -0.012 0"><span class='ocrx_word' id='word_1_797' title='bbox 260 5122 339 5244; x_wconf 64' lang='lat' dir='ltr'><strong>iii</strong></span> <span class='ocrx_word' id='word_1_798' title='bbox 371 5122 780 5237; x_wconf 49' lang='grc' dir='ltr'><strong>ὣᾚξθαῗαῗῗῗιί</strong></span> 
     </span>
    </p>
   </div>
   <div class='ocr_carea' id='block_1_102' title="bbox 288 5185 801 5237">
    <p class='ocr_par' dir='ltr' id='par_1_102' title="bbox 288 5185 801 5237">
     <span class='ocr_line' id='line_1_102' title="bbox 288 5185 801 5237; baseline 0.006 -3"><span class='ocrx_word' id='word_1_799' title='bbox 288 5185 339 5237; x_wconf 69' lang='grc'><strong>4)</strong></span> <span class='ocrx_word' id='word_1_800' title='bbox 373 5185 519 5235; x_wconf 85' lang='lat' dir='ltr'><strong>Deus</strong></span> <span class='ocrx_word' id='word_1_801' title='bbox 539 5186 659 5237; x_wconf 85' lang='lat' dir='ltr'><strong>add.</strong></span> <span class='ocrx_word' id='word_1_802' title='bbox 684 5194 801 5237; x_wconf 83' lang='lat' dir='ltr'><strong>Jun.</strong></span> 
     </span>
    </p>
   </div>
   <div class='ocr_carea' id='block_1_103' title="bbox 262 5247 851 5304">
    <p class='ocr_par' dir='ltr' id='par_1_103' title="bbox 262 5247 851 5304">
     <span class='ocr_line' id='line_1_103' title="bbox 262 5247 851 5304; baseline 0.01 -9"><span class='ocrx_word' id='word_1_803' title='bbox 262 5247 335 5304; x_wconf 80' lang='lat'><strong>(5)</strong></span> <span class='ocrx_word' id='word_1_804' title='bbox 372 5247 677 5299; x_wconf 82' lang='lat' dir='ltr'><strong>Denotasset</strong></span> <span class='ocrx_word' id='word_1_805' title='bbox 698 5249 851 5301; x_wconf 85' lang='lat' dir='ltr'><strong>Seml.</strong></span> 
     </span>
    </p>
   </div>
   <div class='ocr_carea' id='block_1_104' title="bbox 285 5308 756 5364">
    <p class='ocr_par' dir='ltr' id='par_1_104' title="bbox 285 5308 756 5364">
     <span class='ocr_line' id='line_1_104' title="bbox 285 5308 756 5364; baseline 0.011 -7"><span class='ocrx_word' id='word_1_806' title='bbox 285 5308 335 5364; x_wconf 89' lang='lat'><strong>6)</strong></span> <span class='ocrx_word' id='word_1_807' title='bbox 376 5308 629 5361; x_wconf 81' lang='lat' dir='ltr'><strong>Unitatem</strong></span> <span class='ocrx_word' id='word_1_808' title='bbox 649 5311 756 5364; x_wconf 78' lang='lat' dir='ltr'><strong>alii.</strong></span> 
     </span>
    </p>
   </div>
   <div class='ocr_carea' id='block_1_105' title="bbox 286 5372 651 5422">
    <p class='ocr_par' dir='ltr' id='par_1_105' title="bbox 286 5372 651 5422">
     <span class='ocr_line' id='line_1_105' title="bbox 286 5372 651 5422; baseline 0.003 -1"><span class='ocrx_word' id='word_1_809' title='bbox 286 5372 339 5422; x_wconf 85' lang='lat'><strong>7)</strong></span> <span class='ocrx_word' id='word_1_810' title='bbox 374 5372 477 5421; x_wconf 88' lang='lat' dir='ltr'><strong>Per</strong></span> <span class='ocrx_word' id='word_1_811' title='bbox 497 5374 651 5422; x_wconf 86' lang='lat' dir='ltr'><strong>Semt.</strong></span> 
     </span>
    </p>
   </div>
   <div class='ocr_carea' id='block_1_106' title="bbox 285 5433 650 5494">
    <p class='ocr_par' dir='ltr' id='par_1_106' title="bbox 285 5433 650 5494">
     <span class='ocr_line' id='line_1_106' title="bbox 285 5433 650 5494; baseline 0.003 -9"><span class='ocrx_word' id='word_1_812' title='bbox 285 5433 337 5494; x_wconf 91' lang='lat'><strong>8)</strong></span> <span class='ocrx_word' id='word_1_813' title='bbox 375 5433 471 5494; x_wconf 84' lang='lat' dir='ltr'><strong>Qui</strong></span> <span class='ocrx_word' id='word_1_814' title='bbox 497 5434 650 5486; x_wconf 85' lang='lat' dir='ltr'><strong>Seml.</strong></span> 
     </span>
    </p>
   </div>
   <div class='ocr_carea' id='block_1_107' title="bbox 286 5495 660 5549">
    <p class='ocr_par' dir='ltr' id='par_1_107' title="bbox 286 5495 660 5549">
     <span class='ocr_line' id='line_1_107' title="bbox 286 5495 660 5549; baseline 0.005 -4"><span class='ocrx_word' id='word_1_815' title='bbox 286 5495 338 5549; x_wconf 81' lang='lat'><strong>9)</strong></span> <span class='ocrx_word' id='word_1_816' title='bbox 364 5495 524 5545; x_wconf 80' lang='lat' dir='ltr'><strong>Adilla</strong></span> <span class='ocrx_word' id='word_1_817' title='bbox 545 5505 660 5547; x_wconf 85' lang='lat' dir='ltr'><strong>Jun.</strong></span> 
     </span>
    </p>
   </div>
   <div class='ocr_carea' id='block_1_108' title="bbox 265 5558 757 5622">
    <p class='ocr_par' dir='ltr' id='par_1_108' title="bbox 265 5558 757 5622">
     <span class='ocr_line' id='line_1_108' title="bbox 265 5558 757 5622; baseline 0 -13"><span class='ocrx_word' id='word_1_818' title='bbox 265 5558 370 5622; x_wconf 91' lang='lat' dir='ltr'><strong>(l0)</strong></span> <span class='ocrx_word' id='word_1_819' title='bbox 396 5558 587 5610; x_wconf 62' lang='lat' dir='ltr'><strong>Delum</strong></span> <span class='ocrx_word' id='word_1_820' title='bbox 609 5559 757 5612; x_wconf 82' lang='lat' dir='ltr'><strong>Seml.</strong></span> 
     </span>
    </p>
   </div>
   <div class='ocr_carea' id='block_1_109' title="bbox 1976 5007 2590 5072">
    <p class='ocr_par' dir='ltr' id='par_1_109' title="bbox 1976 5007 2590 5072">
     <span class='ocr_line' id='line_1_109' title="bbox 1976 5007 2590 5072; baseline -0.01 -9"><span class='ocrx_word' id='word_1_821' title='bbox 1976 5010 2079 5072; x_wconf 91' lang='grc'><strong>(11)</strong></span> <span class='ocrx_word' id='word_1_822' title='bbox 2104 5008 2256 5059; x_wconf 80' lang='lat' dir='ltr'><strong>Simul</strong></span> <span class='ocrx_word' id='word_1_823' title='bbox 2282 5008 2413 5072; x_wconf 81' lang='lat' dir='ltr'><strong>abest</strong></span> <span class='ocrx_word' id='word_1_824' title='bbox 2440 5007 2590 5059; x_wconf 84' lang='lat' dir='ltr'><strong>Seml.</strong></span> 
     </span>
    </p>
   </div>
   <div class='ocr_carea' id='block_1_110' title="bbox 2003 5071 2395 5124">
    <p class='ocr_par' dir='ltr' id='par_1_110' title="bbox 2003 5071 2395 5124">
     <span class='ocr_line' id='line_1_110' title="bbox 2003 5071 2395 5124; baseline -0.01 0"><span class='ocrx_word' id='word_1_825' title='bbox 2003 5071 2080 5124; x_wconf 73' lang='lat'><strong>12)</strong></span> <span class='ocrx_word' id='word_1_826' title='bbox 2110 5073 2221 5122; x_wconf 82' lang='lat' dir='ltr'><strong>Fuit</strong></span> <span class='ocrx_word' id='word_1_827' title='bbox 2244 5071 2395 5123; x_wconf 87' lang='lat' dir='ltr'><strong>Sentl.</strong></span> 
     </span>
    </p>
   </div>
   <div class='ocr_carea' id='block_1_111' title="bbox 2003 5133 2742 5211">
    <p class='ocr_par' dir='ltr' id='par_1_111' title="bbox 2003 5133 2742 5211">
     <span class='ocr_line' id='line_1_111' title="bbox 2003 5133 2742 5211; baseline -0.003 -25"><span class='ocrx_word' id='word_1_828' title='bbox 2003 5133 2079 5211; x_wconf 54' lang='lat' dir='ltr'><strong>l3?)</strong></span> <span class='ocrx_word' id='word_1_829' title='bbox 2104 5135 2273 5211; x_wconf 60' lang='lat' dir='ltr'><strong>ipsum</strong></span> <span class='ocrx_word' id='word_1_830' title='bbox 2293 5141 2416 5211; x_wconf 59' lang='lat' dir='ltr'><strong>erat.</strong></span> <span class='ocrx_word' id='word_1_831' title='bbox 2442 5134 2572 5211; x_wconf 45' lang='lat' dir='ltr'><strong>Iglrgo</strong></span> <span class='ocrx_word' id='word_1_832' title='bbox 2588 5133 2742 5185; x_wconf 85' lang='lat' dir='ltr'><strong>Seml.</strong></span> 
     </span>
    </p>
   </div>
   <div class='ocr_carea' id='block_1_112' title="bbox 1998 5196 2488 5248">
    <p class='ocr_par' dir='ltr' id='par_1_112' title="bbox 1998 5196 2488 5248">
     <span class='ocr_line' id='line_1_112' title="bbox 1998 5196 2488 5248; baseline -0.006 0"><span class='ocrx_word' id='word_1_833' title='bbox 1998 5196 2079 5248; x_wconf 68' lang='grc'><strong>11)</strong></span> <span class='ocrx_word' id='word_1_834' title='bbox 2104 5196 2165 5248; x_wconf 83' lang='grc' dir='ltr'><strong>Ει</strong></span> <span class='ocrx_word' id='word_1_835' title='bbox 2186 5196 2317 5248; x_wconf 82' lang='lat' dir='ltr'><strong>abest</strong></span> <span class='ocrx_word' id='word_1_836' title='bbox 2341 5196 2488 5248; x_wconf 88' lang='lat' dir='ltr'><strong>Seml.</strong></span> 
     </span>
    </p>
   </div>
   <div class='ocr_carea' id='block_1_113' title="bbox 1975 5258 2539 5319">
    <p class='ocr_par' dir='ltr' id='par_1_113' title="bbox 1975 5258 2539 5319">
     <span class='ocr_line' id='line_1_113' title="bbox 1975 5258 2539 5319; baseline -0.005 -8"><span class='ocrx_word' id='word_1_837' title='bbox 1975 5258 2078 5319; x_wconf 82' lang='grc'><strong>(15)</strong></span> <span class='ocrx_word' id='word_1_838' title='bbox 2104 5259 2213 5311; x_wconf 86' lang='lat' dir='ltr'><strong>Oris</strong></span> <span class='ocrx_word' id='word_1_839' title='bbox 2234 5258 2365 5310; x_wconf 82' lang='lat' dir='ltr'><strong>abest</strong></span> <span class='ocrx_word' id='word_1_840' title='bbox 2388 5258 2539 5311; x_wconf 81' lang='lat' dir='ltr'><strong>Seml.</strong></span> 
     </span>
    </p>
   </div>
   <div class='ocr_carea' id='block_1_114' title="bbox 1975 5320 2457 5381">
    <p class='ocr_par' dir='ltr' id='par_1_114' title="bbox 1975 5320 2457 5381">
     <span class='ocr_line' id='line_1_114' title="bbox 1975 5320 2457 5381; baseline -0.008 -8"><span class='ocrx_word' id='word_1_841' title='bbox 1975 5320 2079 5381; x_wconf 81' lang='lat' dir='ltr'><strong>(l6)</strong></span> <span class='ocrx_word' id='word_1_842' title='bbox 2106 5325 2146 5371; x_wconf 76' lang='grc' dir='ltr'><strong>Δ</strong></span> <span class='ocrx_word' id='word_1_843' title='bbox 2168 5320 2297 5374; x_wconf 77' lang='lat' dir='ltr'><strong>abest</strong></span> <span class='ocrx_word' id='word_1_844' title='bbox 2314 5320 2457 5373; x_wconf 82' lang='lat' dir='ltr'><strong>Seml.</strong></span> 
     </span>
    </p>
   </div>
   <div class='ocr_carea' id='block_1_115' title="bbox 1906 5384 2771 5447">
    <p class='ocr_par' dir='ltr' id='par_1_115' title="bbox 1906 5384 2771 5447">
     <span class='ocr_line' id='line_1_115' title="bbox 1906 5384 2771 5447; baseline -0.009 -6"><span class='ocrx_word' id='word_1_845' title='bbox 1906 5432 1916 5441; x_wconf 89' lang='lat'><strong>.</strong></span> <span class='ocrx_word' id='word_1_846' title='bbox 1974 5384 2076 5447; x_wconf 89' lang='grc'><strong>(17)</strong></span> <span class='ocrx_word' id='word_1_847' title='bbox 2102 5384 2283 5447; x_wconf 64' lang='grc' dir='ltr'><strong>Βονὶιὴι</strong></span> <span class='ocrx_word' id='word_1_848' title='bbox 2306 5387 2355 5434; x_wconf 84' lang='lat' dir='ltr'><strong>in</strong></span> <span class='ocrx_word' id='word_1_849' title='bbox 2376 5395 2607 5434; x_wconf 85' lang='lat' dir='ltr'><strong>sermone</strong></span> <span class='ocrx_word' id='word_1_850' title='bbox 2628 5384 2771 5435; x_wconf 85' lang='lat' dir='ltr'><strong>Seml.</strong></span> 
     </span>
    </p>
   </div>
   <div class='ocr_carea' id='block_1_116' title="bbox 2000 5447 2436 5498">
    <p class='ocr_par' dir='ltr' id='par_1_116' title="bbox 2000 5447 2436 5498">
     <span class='ocr_line' id='line_1_116' title="bbox 2000 5447 2436 5498; baseline -0.007 0"><span class='ocrx_word' id='word_1_851' title='bbox 2000 5447 2077 5498; x_wconf 82' lang='grc'><strong>18)</strong></span> <span class='ocrx_word' id='word_1_852' title='bbox 2104 5447 2227 5497; x_wconf 87' lang='lat' dir='ltr'><strong>Filio</strong></span> <span class='ocrx_word' id='word_1_853' title='bbox 2257 5456 2436 5497; x_wconf 77' lang='lat' dir='ltr'><strong>Womv.</strong></span> 
     </span>
    </p>
   </div>
   <div class='ocr_carea' id='block_1_117' title="bbox 2002 5507 3125 5573">
    <p class='ocr_par' dir='ltr' id='par_1_117' title="bbox 2002 5507 3125 5573">
     <span class='ocr_line' id='line_1_117' title="bbox 2002 5507 3125 5573; baseline -0.004 -12"><span class='ocrx_word' id='word_1_854' title='bbox 2002 5507 2076 5573; x_wconf 89' lang='grc'><strong>19)</strong></span> <span class='ocrx_word' id='word_1_855' title='bbox 2102 5509 2157 5560; x_wconf 86' lang='grc' dir='ltr'><strong>1η</strong></span> <span class='ocrx_word' id='word_1_856' title='bbox 2182 5515 2539 5573; x_wconf 83' lang='lat' dir='ltr'><strong>superventura</strong></span> <span class='ocrx_word' id='word_1_857' title='bbox 2562 5508 2714 5559; x_wconf 86' lang='lat' dir='ltr'><strong>Seml.</strong></span> <span class='ocrx_word' id='word_1_858' title='bbox 2742 5508 2796 5559; x_wconf 89' lang='lat' dir='ltr'><strong>In</strong></span> <span class='ocrx_word' id='word_1_859' title='bbox 2818 5507 2949 5559; x_wconf 80' lang='lat' dir='ltr'><strong>abest</strong></span> <span class='ocrx_word' id='word_1_860' title='bbox 2972 5508 3125 5559; x_wconf 83' lang='lat' dir='ltr'><strong>Fran.</strong></span> 
     </span>
    </p>
   </div>
   <div class='ocr_carea' id='block_1_118' title="bbox 1995 5569 2445 5623">
    <p class='ocr_par' dir='ltr' id='par_1_118' title="bbox 1995 5569 2445 5623">
     <span class='ocr_line' id='line_1_118' title="bbox 1995 5569 2445 5623; baseline -0.002 -1"><span class='ocrx_word' id='word_1_861' title='bbox 1995 5569 2073 5623; x_wconf 73' lang='grc' dir='ltr'><strong>ΞΟ)</strong></span> <span class='ocrx_word' id='word_1_862' title='bbox 2099 5569 2273 5623; x_wconf 73' lang='lat' dir='ltr'><strong>Salvus</strong></span> <span class='ocrx_word' id='word_1_863' title='bbox 2294 5569 2445 5623; x_wconf 85' lang='lat' dir='ltr'><strong>Seml.</strong></span> 
     </span>
    </p>
   </div>
   <div class='ocr_carea' id='block_1_119' title="bbox 2056 5328 2079 5636">
    <p class='ocr_par' dir='ltr' id='par_1_119' title="bbox 2056 5328 2079 5636">
     <span class='ocr_line' id='line_1_119' title="bbox 2056 5328 2079 5636; baseline 0 -301"><span class='ocrx_word' id='word_1_864' title='bbox 2056 5328 2079 5636; x_wconf 34' lang='grc' dir='ltr'>Ξ</span> 
     </span>
    </p>
   </div>
   <div class='ocr_carea' id='block_1_120' title="bbox 1970 5385 1993 5638">
    <p class='ocr_par' dir='ltr' id='par_1_120' title="bbox 1970 5385 1993 5638">
     <span class='ocr_line' id='line_1_120' title="bbox 1970 5385 1993 5638; baseline 0 0"><span class='ocrx_word' id='word_1_865' title='bbox 1970 5385 1993 5638; x_wconf 76' lang='lat' dir='ltr'><strong>l</strong></span> 
     </span>
    </p>
   </div>
   <div class='ocr_carea' id='block_1_121' title="bbox 1586 5652 2149 5714">
    <p class='ocr_par' dir='ltr' id='par_1_121' title="bbox 1586 5652 2149 5714">
     <span class='ocr_line' id='line_1_121' title="bbox 1586 5652 2149 5714; baseline 0.005 -6"><span class='ocrx_word' id='word_1_866' title='bbox 1586 5652 1963 5713; x_wconf 84' lang='lat' dir='ltr'><strong>COMMENTA</strong></span> <span class='ocrx_word' id='word_1_867' title='bbox 1974 5658 2011 5711; x_wconf 80' lang='lat' dir='ltr'>R</span> <span class='ocrx_word' id='word_1_868' title='bbox 2022 5657 2149 5714; x_wconf 85' lang='lat' dir='ltr'><strong>IUS.</strong></span> 
     </span>
    </p>
   </div>
   <div class='ocr_carea' id='block_1_122' title="bbox 275 5737 1805 5813">
    <p class='ocr_par' dir='ltr' id='par_1_122' title="bbox 275 5737 1805 5813">
     <span class='ocr_line' id='line_1_122' title="bbox 275 5737 1805 5813; baseline 0.004 -19"><span class='ocrx_word' id='word_1_869' title='bbox 275 5738 427 5813; x_wconf 68' lang='lat' dir='ltr'><strong>CAP.</strong></span> <span class='ocrx_word' id='word_1_870' title='bbox 456 5737 785 5813; x_wconf 56' lang='lat' dir='ltr'><strong>XIX—(2)</strong></span> <span class='ocrx_word' id='word_1_871' title='bbox 812 5740 914 5808; x_wconf 83' lang='lat' dir='ltr'><strong>Qui</strong></span> <span class='ocrx_word' id='word_1_872' title='bbox 933 5742 1178 5796; x_wconf 84' lang='lat' dir='ltr'><strong>mundum</strong></span> <span class='ocrx_word' id='word_1_873' title='bbox 1196 5742 1257 5796; x_wconf 87' lang='lat' dir='ltr'><strong>ab</strong></span> <span class='ocrx_word' id='word_1_874' title='bbox 1277 5743 1492 5812; x_wconf 79' lang='lat' dir='ltr'><strong>angelis,</strong></span> <span class='ocrx_word' id='word_1_875' title='bbox 1511 5754 1617 5799; x_wconf 91' lang='lat' dir='ltr'><strong>etc.</strong></span> <span class='ocrx_word' id='word_1_876' title='bbox 1644 5744 1805 5801; x_wconf 87' lang='lat' dir='ltr'><strong>Notat</strong></span> 
     </span>
    </p>
   </div>
   <div class='ocr_carea' id='block_1_123' title="bbox 207 5810 1804 5878">
    <p class='ocr_par' dir='ltr' id='par_1_123' title="bbox 207 5810 1804 5878">
     <span class='ocr_line' id='line_1_123' title="bbox 207 5810 1804 5878; baseline 0.004 -13"><span class='ocrx_word' id='word_1_877' title='bbox 207 5810 615 5866; x_wconf 70' lang='lat' dir='ltr'><strong>Valentinianos</strong></span> <span class='ocrx_word' id='word_1_878' title='bbox 636 5822 690 5865; x_wconf 92' lang='lat' dir='ltr'><strong>ct</strong></span> <span class='ocrx_word' id='word_1_879' title='bbox 712 5810 919 5868; x_wconf 77' lang='lat' dir='ltr'><strong>similes</strong></span> <span class='ocrx_word' id='word_1_880' title='bbox 950 5815 1113 5878; x_wconf 87' lang='lat' dir='ltr'><strong>alios,</strong></span> <span class='ocrx_word' id='word_1_881' title='bbox 1147 5824 1199 5868; x_wconf 89' lang='lat' dir='ltr'><strong>et</strong></span> <span class='ocrx_word' id='word_1_882' title='bbox 1219 5810 1391 5869; x_wconf 86' lang='lat' dir='ltr'><strong>Procli</strong></span> <span class='ocrx_word' id='word_1_883' title='bbox 1414 5824 1705 5871; x_wconf 83' lang='lat' dir='ltr'><strong>sectatores</strong></span> <span class='ocrx_word' id='word_1_884' title='bbox 1741 5832 1804 5873; x_wconf 89' lang='lat' dir='ltr'><strong>ac</strong></span> 
     </span>
    </p>
   </div>
   <div class='ocr_carea' id='block_1_124' title="bbox 207 5881 784 5939">
    <p class='ocr_par' dir='ltr' id='par_1_124' title="bbox 207 5881 784 5939">
     <span class='ocr_line' id='line_1_124' title="bbox 207 5881 784 5939; baseline 0.014 -9"><span class='ocrx_word' id='word_1_885' title='bbox 207 5881 579 5937; x_wconf 68' lang='lat' dir='ltr'><strong>Seleucianos.</strong></span> <span class='ocrx_word' id='word_1_886' title='bbox 614 5882 784 5939; x_wconf 69' lang='lat' dir='ltr'><strong>RHEN.</strong></span> 
     </span>
    </p>
   </div>
   <div class='ocr_carea' id='block_1_125' title="bbox 285 5952 1772 6026">
    <p class='ocr_par' dir='ltr' id='par_1_125' title="bbox 285 5952 1772 6026">
     <span class='ocr_line' id='line_1_125' title="bbox 285 5952 1772 6026; baseline 0.005 -22"><span class='ocrx_word' id='word_1_887' title='bbox 285 5954 364 6025; x_wconf 82' lang='lat' dir='ltr'><strong>(b)</strong></span> <span class='ocrx_word' id='word_1_888' title='bbox 392 5952 583 6025; x_wconf 86' lang='lat' dir='ltr'><strong>Utique</strong></span> <span class='ocrx_word' id='word_1_889' title='bbox 605 5966 784 6025; x_wconf 41' lang='lat' dir='ltr'><strong>praeter</strong></span> <span class='ocrx_word' id='word_1_890' title='bbox 832 5956 1099 6026; x_wconf 81' lang='lat' dir='ltr'><strong>Sophimn.</strong></span> <span class='ocrx_word' id='word_1_891' title='bbox 1121 5956 1337 6013; x_wconf 84' lang='lat' dir='ltr'><strong>Sensus</strong></span> <span class='ocrx_word' id='word_1_892' title='bbox 1358 5965 1440 6011; x_wconf 88' lang='lat' dir='ltr'><strong>est</strong></span> <span class='ocrx_word' id='word_1_893' title='bbox 1469 5974 1480 6011; x_wconf 90' lang='lat'><strong><em>:</em></strong></span> <span class='ocrx_word' id='word_1_894' title='bbox 1512 5972 1633 6012; x_wconf 72' lang='lat' dir='ltr'><strong>eum</strong></span> <span class='ocrx_word' id='word_1_895' title='bbox 1662 5958 1772 6013; x_wconf 88' lang='lat' dir='ltr'><strong>Pau</strong></span> 
     </span>
    </p>
   </div>
   <div class='ocr_carea' id='block_1_126' title="bbox 1912 5745 3507 5829">
    <p class='ocr_par' dir='ltr' id='par_1_126' title="bbox 1912 5745 3507 5829">
     <span class='ocr_line' id='line_1_126' title="bbox 1912 5745 3507 5829; baseline -0.003 -25"><span class='ocrx_word' id='word_1_896' title='bbox 1912 5749 1992 5804; x_wconf 88' lang='lat' dir='ltr'><strong>lus</strong></span> <span class='ocrx_word' id='word_1_897' title='bbox 2019 5750 2181 5829; x_wconf 64' lang='lat' dir='ltr'><strong>dicit,</strong></span> <span class='ocrx_word' id='word_1_898' title='bbox 2219 5768 2249 5829; x_wconf 74' lang='lat'><strong>«_</strong></span> <span class='ocrx_word' id='word_1_899' title='bbox 2272 5750 2382 5829; x_wconf 79' lang='lat' dir='ltr'><strong>quis</strong></span> <span class='ocrx_word' id='word_1_900' title='bbox 2422 5749 2500 5803; x_wconf 87' lang='lat' dir='ltr'><strong>illi</strong></span> <span class='ocrx_word' id='word_1_901' title='bbox 2534 5750 2745 5829; x_wconf 70' lang='lat' dir='ltr'><strong>consilio</strong></span> <span class='ocrx_word' id='word_1_902' title='bbox 2779 5749 2873 5822; x_wconf 80' lang='lat' dir='ltr'><strong>fuit</strong></span> <span class='ocrx_word' id='word_1_903' title='bbox 2895 5747 2922 5803; x_wconf 78' lang='lat'><strong><em>?</em></strong></span> <span class='ocrx_word' id='word_1_904' title='bbox 2946 5767 2987 5829; x_wconf 43' lang='lat' dir='ltr'><strong>AI</strong></span> <span class='ocrx_word' id='word_1_905' title='bbox 3024 5747 3269 5829; x_wconf 68' lang='lat' dir='ltr'><strong>intelligit</strong></span> <span class='ocrx_word' id='word_1_906' title='bbox 3313 5763 3341 5829; x_wconf 43' lang='grc' dir='ltr'><strong>τι</strong></span> <span class='ocrx_word' id='word_1_907' title='bbox 3383 5745 3507 5829; x_wconf 58' lang='lat' dir='ltr'><strong>quis</strong></span> 
     </span>
    </p>
   </div>
   <div class='ocr_carea' id='block_1_127' title="bbox 1914 5816 3506 5946">
    <p class='ocr_par' dir='ltr' id='par_1_127' title="bbox 1914 5816 3506 5946">
     <span class='ocr_line' id='line_1_127' title="bbox 1914 5816 3506 5946; baseline -0.003 -70"><span class='ocrx_word' id='word_1_908' title='bbox 1914 5830 2103 5891; x_wconf 65' lang='lat' dir='ltr'><strong>praeter</strong></span> <span class='ocrx_word' id='word_1_909' title='bbox 2125 5816 2378 5891; x_wconf 77' lang='lat' dir='ltr'><strong>Sophiam</strong></span> <span class='ocrx_word' id='word_1_910' title='bbox 2407 5822 2631 5878; x_wconf 84' lang='lat' dir='ltr'><strong>consilio</strong></span> <span class='ocrx_word' id='word_1_911' title='bbox 2659 5816 2917 5893; x_wconf 57' lang='lat' dir='ltr'><strong>fuit,un</strong></span> <span class='ocrx_word' id='word_1_912' title='bbox 2944 5816 3506 5946; x_wconf 46' lang='lat' dir='ltr'><strong>Sophiaiglrssdcrat?</strong></span> 
     </span>
    </p>
   </div>
  </div>
