2131 3245
362 192 413 220 179

1065 185 1297 214 TERTULLIANI

1952 180 2004 209 180

360 256 402 279 est
417 250 480 279 nnio
491 250 558 286 ejus,
572 249 619 286 qui
640 256 702 277 cum
718 247 753 277 sit
765 254 852 281 unus,
863 247 942 275 habet
960 245 1000 283 (1)
1011 249 1038 273 et
1045 244 1154 276 Filium,
1170 243 1198 274 Α
1210 242 1283 270 nihil.
1300 242 1366 270 Nam
1381 242 1403 270 si
1418 242 1475 270 haec
1490 249 1544 270 non
1557 241 1636 269 aliter
1647 240 1732 276 accipi
1748 240 1820 272 licet.
1840 247 1919 277 quam
1934 247 2002 276 quo-

364 305 441 332 :eque
454 301 481 324 ct
498 297 584 333 ipsum
600 295 700 324 eisdem
713 294 862 330 Scripturis
875 293 1112 328 comprehensum.
1126 290 1157 318 Si

363 344 459 372 Filium
475 344 568 372 nolunt
581 343 727 371 secundum
746 350 761 369 a
774 341 855 369 Patre
868 340 998 376 reputari,
1014 347 1048 367 ne
1061 346 1159 366 secun-

364 391 413 418 dus
424 390 491 418 duos
503 390 581 417 laciat
591 389 657 417 deos
668 388 731 421 dici,
743 388 911 416 ostendimus
923 386 1004 414 etiam
1015 385 1081 412 duos
1092 385 1159 412 deos

364 440 390 464 in
404 436 541 472 Scriptura
555 435 653 464 relatos
663 456 671 469 ,
685 439 713 462 ct
730 434 798 462 duos
813 434 955 465 dominos;
970 436 997 460 et
1016 436 1104 459 tamen
1126 438 1159 458 ne

367 483 404 512 de
428 484 479 510 isto
512 482 727 510 scandalizentur
750 480 801 517 (‘2),
823 479 954 507 rationem
981 478 1159 510 reddidimus,

364 538 415 565 qua
432 529 477 557 Dei
495 536 548 556 non
563 527 616 556 duo
632 528 765 560 dicantur,
780 533 829 554 nec
845 526 948 554 Domini
967 525 1019 562 (5),
1045 524 1092 551 sed
1109 531 1160 559 qua

366 576 444 603 Pater
456 580 483 603 et
495 574 580 602 Filius
595 574 666 606 duo;
683 578 711 601 et
729 574 779 601 hoc
792 580 845 600 non
864 580 897 600 ex
912 572 1083 607 separatione
1096 571 1161 599 sub~

365 622 481 655 stantiae,
497 620 545 649 sed
559 628 593 648 ex
606 620 792 655 dispositione,
817 627 878 646 cum
900 618 1065 646 individuum
1082 622 1109 645 et
1122 617 1162 644 in-

365 674 519 703 separatum
531 667 628 695 Filium
643 675 657 693 a
672 667 751 695 Patre
766 666 986 702 pronuntiamus;
1002 672 1052 692 nec
1072 669 1142 692 statu
1153 685 1161 697 ,

364 715 411 743 sed
428 714 512 750 gradu
528 714 625 747 ulinm;
642 714 686 749 qui
700 714 750 741 etsi
771 713 841 740 Deus
856 712 970 746 dicatur,
990 711 1097 746 quando
1112 718 1162 738 no-

367 761 485 788 minatur
500 759 659 795 singularis,
680 766 732 786 non
753 758 815 786 ideo
829 758 896 785 duos
917 757 983 785 deos
998 756 1094 790 faciat,
1115 756 1163 784 sed

366 813 459 839 unum,
475 806 526 834 hoc
538 806 596 842 ipso
608 805 680 842 quod
692 810 720 833 et
731 805 803 833 Deus
813 813 846 833 ex
859 804 961 832 unitate
974 804 1061 832 Patris
1073 803 1164 831 vocari

369 853 475 881 habeat.

672 897 785 926 CAPUT
804 896 864 925 XX.

1210 289 1292 317 modo
1302 289 1402 324 scripta
1415 293 1487 322 sunt,
1504 288 1684 316 indubitanter
1698 288 1767 315 alius
1782 287 1942 318 ostenditur,
1959 286 2004 322 qui

1210 335 1290 363 fuerit
1309 342 1324 362 a
1339 335 1480 370 principio,
1502 334 1571 362 alius
1584 334 1653 369 apud
1667 342 1746 370 quem
1761 334 1809 361 fuit
1826 344 1831 361 :
1846 334 1926 361 alium
1940 333 2004 361 Ser-

1211 389 1318 410 monem
1332 389 1403 414 esse,
1417 382 1497 410 alium
1513 381 1598 409 Deum
1614 381 1672 417 (10)
1686 382 1759 416 (licet
1773 386 1800 408 et
1812 381 1882 408 Deus
1897 381 2004 414 Sermo,

1211 428 1259 457 sed
1272 436 1322 464 qua
1338 429 1385 456 Dei
1400 428 1493 460 Filius,
1510 436 1563 456 nou
1579 437 1630 465 qua
1648 429 1756 463 Pater):
1771 429 1851 456 alium
1866 437 1912 464 per
1923 436 2005 464 quem

1211 475 1311 507 omnia,
1326 475 1407 502 alium
1427 482 1442 502 a
1464 483 1518 509 quo
1532 475 1631 502 omnia.
1657 475 1746 502 Alium
1768 480 1856 503 autem
1871 475 2008 510 quomodo

1212 520 1343 553 dicamus,
1358 528 1430 556 smpe
1441 520 1496 555 jam
1508 521 1657 554 edidimus;
1671 529 1723 555 quo
1738 521 1819 548 alium
1830 521 1951 548 dicamus
1964 528 2010 547 ne-

1213 575 1289 595 cesse
1302 572 1361 600 est,
1377 575 1410 595 ne
1422 567 1546 595 eumdem
1556 576 1563 600 ;
1574 567 1655 594 alium
1669 572 1769 601 autem,
1782 575 1835 594 non
1848 568 1921 602 quasi
1933 575 2013 601 sepa-

1213 619 1311 645 ratum.
1327 614 1375 642 sed
1406 614 1583 649 dispositione
1599 613 1656 650 (ll)
1678 615 1772 646 alium,
1789 622 1841 642 non
1866 614 2009 642 divisione.

1214 660 1264 688 llic
1278 668 1343 695 ergo
1357 662 1440 696 factus
1454 665 1490 687 est
1509 669 1581 692 caro,
1598 667 1650 687 non
1667 661 1723 695 ipse
1738 661 1814 694 cujus
1833 665 1891 688 erat
1904 661 2012 688 Sermo.

1215 706 1301 741 Hujus
1316 706 1398 741 gloria
1408 707 1462 733 visa
1477 710 1512 733 cst
1538 706 1576 742 (ὁ)
1593 711 1718 741 tanquam
1748 707 1818 733 unici
1834 714 1849 733 a
1863 706 2014 737 Patrc.non

1215 757 1341 788 tanquam
1357 752 1456 780 Patris.
1467 752 1516 780 Hic
1526 760 1594 780 unus
1606 752 1665 787 (Ιῖ)
1676 752 1763 779 sinum
1778 752 1864 779 Patris
1875 751 2014 784 disseruit,

1216 806 1270 826 non
1285 799 1371 826 sinum
1387 806 1464 826 suum
1482 798 1571 825 Pater.
1588 798 1720 825 Pncccdit
1739 798 1828 826 enim:
1847 797 1927 824 Deum
1942 806 2016 824 nemo

1216 845 1277 872 vidit
1291 853 1412 879 unquam.
1429 844 1501 872 Idem
1513 849 1541 871 et
1551 844 1608 879 (15)
1621 850 1705 878 agnus
1722 844 1768 871 Dei
1782 844 1815 870 ab
1827 843 1930 870 Joanne
1941 843 2016 871 desi-

1216 897 1326 928 gnatur,
1340 900 1393 919 non
1410 891 1467 927 ipse
1481 890 1558 926 cujus
1578 896 1618 917 est
1632 890 1756 918 dilectus.
1771 889 1849 917 Certe
1865 889 1947 917 Filius
1969 890 2016 917 Dei

403 945 457 973 Sed
475 944 749 981 argumentationibus
766 952 861 972 eorum
881 942 970 971 adhuc
990 942 1164 971 retundendis
1178 940 1203 971 B
1217 945 1334 974 semper.
1350 937 1396 965 εθιῖ
1412 944 1464 964 non
1478 937 1535 974 ipse
1548 936 1625 972 cuius
1639 941 1681 963 εει
1702 936 1797 963 FiliUS-
1813 936 1868 963 Hoc
1881 942 1942 963 Cum
1963 935 2017 962 Na—

369 1000 451 1027 opera
466 991 608 1027 prabenda
624 997 676 1024 est,
690 991 712 1018 si
724 991 787 1027 quid
801 991 834 1019 de
848 991 993 1026 Scripturis
1008 991 1041 1017 ad
1055 996 1166 1018 senten—

369 1040 433 1066 tiam
448 1046 523 1066 suam
537 1042 691 1073 excerpent,
703 1043 800 1066 caetera
813 1038 936 1065 nolentes
950 1038 1057 1071 intueri,
1070 1045 1130 1073 qnze
1141 1042 1168 1065 et

370 1086 426 1120 ipsa
441 1085 557 1120 regulam
570 1089 690 1116 servant,
700 1089 728 1112 et
736 1084 843 1119 quidem
854 1084 926 1111 salva
938 1084 1035 1111 unione
1045 1083 1169 1111 divinita-

372 1134 416 1165 tis.
433 1137 460 1160 ct
481 1131 644 1159 monarchia:
658 1132 758 1159 sonitu.
766 1130 831 1159 Nam
841 1131 910 1159 sicut
922 1131 948 1158 in
958 1130 1094 1158 veteribus
1102 1130 1168 1158 nihil

370 1179 442 1206 aliud
457 1183 547 1206 tenent
561 1185 640 1213 quam
650 1198 658 1210 ,
674 1177 730 1214 Ego
753 1176 834 1211 Deus,
848 1182 870 1204 et
883 1178 949 1204 alius
963 1182 1054 1212 prater
1066 1185 1106 1204 me
1118 1184 1169 1203 non

371 1230 407 1251 est
421 1224 479 1261 (Ps.
491 1223 571 1255 XLV.
585 1223 625 1260 5);
639 1224 673 1251 ita
688 1224 714 1251 in
729 1224 884 1259 Evangelia,
897 1224 1101 1259 responsionem
1118 1224 1170 1251 Do-

373 1271 437 1299 mini
458 1271 491 1298 ad
512 1270 664 1305 Philippum
685 1275 801 1302 tuentur,
819 1270 875 1306 Ego
893 1275 915 1297 et
936 1270 1016 1297 Pater
1034 1279 1112 1297 unum
1126 1279 1170 1298 su-

371 1326 428 1344 mus
444 1316 533 1353 (Joan.
554 1317 646 1352 XIV);
661 1321 705 1349 et,
733 1316 782 1350 Qui
807 1325 847 1344 me
872 1317 975 1350 viderit,
991 1318 1057 1344 uidet
1080 1317 1119 1354 (4)
1147 1325 1170 1347 et

372 1363 493 1397 Patrem;
510 1368 554 1395 et,
571 1363 626 1399 Ego
639 1363 665 1389 in
681 1362 768 1394 Patre,
784 1367 807 1390 et
825 1362 901 1390 Pater
919 1364 945 1391 in
960 1372 1007 1392 me.
1025 1364 1071 1392 llis
1086 1365 1171 1393 tribus

373 1409 496 1444 capitulis
511 1414 594 1437 totum
620 1410 826 1437 instrumentum
850 1411 989 1446 utriusque
1005 1410 1169 1440 Tcstamenti

374 1455 467 1483 volunt
477 1456 574 1483 cedere
588 1455 640 1493 (5),
655 1464 715 1483 cum
743 1461 866 1492 oporteat
880 1456 1027 1485 secundum
1041 1457 1114 1493 plura
1129 1459 1170 1486 iu-

376 1502 455 1537 telligi
468 1503 604 1537 pauciora,
619 1502 666 1530 sed
681 1502 818 1538 proprium
832 1503 884 1530 hoc
896 1509 938 1531 est
953 1505 1072 1532 omnium
1087 1505 1172 1533 hane-

374 1549 498 1576 ticorum.
515 1548 581 1576 Nam
599 1549 659 1584 quia
681 1556 763 1583 pauca
785 1553 848 1577 sunt
869 1558 929 1584 qum
952 1551 976 1577 in
1000 1551 1073 1586 sylva
1099 1552 1172 1579 iuve-

373 1595 424 1622 niri
447 1596 485 1632 (6)
512 1601 634 1631 possunt,
648 1604 730 1631 pauca
744 1596 872 1624 adversus
887 1597 961 1632 plura
976 1597 1133 1631 defendunt,
1145 1604 1172 1626 et

375 1642 522 1676 posteriora
537 1642 667 1670 adversus
683 1642 770 1680 priora
785 1643 944 1678 suscipiunt.
962 1643 1062 1678 ltcgula
1082 1649 1171 1672 autem

374 1689 448 1715 omni
464 1689 502 1715 rei
516 1695 624 1723 semper
639 1689 679 1723 ('l)
694 1689 728 1716 ab
748 1688 825 1716 initio
835 1690 978 1717 constituta
990 1698 1023 1718 ex
1040 1690 1173 1725 prioribus

376 1738 404 1762 et
417 1741 449 1761 ex
472 1734 593 1769 pluribus
607 1735 633 1762 in
655 1735 804 1769 posteriora
821 1736 981 1770 praescribit,
998 1737 1088 1772 utique
1103 1742 1130 1765 ct
1146 1737 1172 1765 in

375 1782 501 1817 pauciora
532 1781 583 1818 (8).

671 1827 785 1856 CAPUT
804 1828 876 1856 XXI.

413 1875 529 1910 Adspice
543 1876 632 1910 itaque
643 1874 681 1911 (a)
694 1880 793 1910 qttanta
815 1875 969 1910 praescribat
986 1876 1080 1913 (9)tibi
1092 1878 1174 1905 etiam

376 1921 404 1949 iu
429 1921 591 1956 Evangelia.
606 1927 669 1948 ante
683 1921 796 1957 Philippi
812 1922 1037 1951 consultationem
1048 1945 1055 1956 ,
1071 1930 1097 1952 et
1112 1931 1175 1954 ante

376 1975 483 1995 omnem
503 1968 763 2004 argumentationem
788 1974 870 1996 tuam.
892 1969 925 1997 Et
945 1970 970 1997 in
990 1971 1100 2007 primis,
1118 1973 1174 2007 ipsa

377 2016 467 2043 statim
482 2015 604 2051 praefatio
618 2015 728 2043 Joannis
744 2015 976 2052 Evangelizatoris
990 2017 1174 2052 demonstrat,

377 2062 447 2096 quod
463 2066 533 2089 retro
549 2061 640 2094 fuerit,
660 2062 705 2097 qui
720 2069 783 2089 caro
796 2063 852 2090 ﬁeri
872 2062 990 2091 habebat
1006 2073 1013 2092 ς
1030 2064 1064 2092 1η
1079 2066 1176 2100 princi-

377 2109 419 2137 rio
430 2114 482 2136 erat
495 2108 586 2136 Sermo
597 2107 687 2144 (Joan.
703 2108 722 2139 l.
736 2108 773 2142 1),
786 2113 809 2135 et
824 2108 915 2136 Seruio
929 2115 982 2137 erat
997 2111 1067 2145 apud
1082 2111 1175 2147 Deum,

378 2159 400 2181 et
417 2153 485 2181 Deus
504 2160 557 2181 erat
570 2163 664 2181 sermo.
682 2154 732 2181 llic
747 2159 801 2181 erat
816 2155 841 2182 in
857 2155 983 2191 principio
998 2158 1068 2192 apud
1082 2157 1174 2186 Deum.

379 2200 473 2228 Omnia
489 2210 534 2237 per
547 2202 631 2237 ipsum
651 2203 721 2237 facta
740 2206 816 2235 sunt,
840 2207 865 2229 et
885 2202 939 2230 sine
956 2203 1013 2238 ipso
1030 2206 1127 2238 factum
1139 2210 1176 2233 est

1220 985 1327 1013 thannel
1346 986 1435 1012 statim
1456 986 1560 1017 sensit,
1581 983 1650 1010 sicut
1671 987 1698 1010 et
1717 982 1779 1009 alibi
1797 983 1890 1009 Petrus
1908 991 1915 1009 :
1937 981 1976 1008 Tu
1993 990 2019 1008 es

1220 1031 1305 1058 Filius
1327 1030 1384 1059 Dei.
1409 1029 1499 1066 (Joan.
1525 1030 1543 1060 I.
1570 1029 1621 1062 50;
1643 1029 1720 1055 Matt.
1743 1028 1814 1060 XVI,
1833 1028 1891 1063 16),
1915 1028 1970 1055 lloc
1991 1033 2019 1054 et

1220 1078 1278 1114 ipse
1297 1082 1369 1105 recte
1394 1077 1512 1104 sensisse
1533 1076 1593 1103 illos
1618 1075 1941 1107 conlirmal,Nathanaeli
1960 1074 2019 1109 (Μ)

1220 1125 1328 1161 quidem
1348 1124 1514 1159 respondens
1530 1133 1536 1150 :
1553 1122 1620 1155 Quia
1635 1121 1689 1148 dixi
1705 1122 1776 1155 (15),
1792 1120 1849 1148 Vidi
1859 1127 1882 1147 te
1889 1121 1933 1147 sub
1947 1121 1999 1154 ﬁcu
2010 1140 2018 1153 ,

1221 1172 1279 1199 ideo
1292 1170 1373 1198 credis
1389 1169 1520 1206 (JoanJI,
1536 1169 1602 1203 50);
1622 1168 1731 1196 Petrum
1748 1175 1811 1195 vero
1824 1168 1924 1193 beatum
1945 1166 2022 1193 al'lir-

1221 1225 1308 1251 matis,
1324 1218 1365 1245 cui
1378 1225 1428 1244 non
1442 1224 1514 1248 caro,
1529 1224 1610 1252 neque
1624 1215 1730 1251 sanguis
1749 1214 1883 1241 revelasset
1894 1213 1977 1248 (quod
1994 1218 2021 1240 et

1223 1266 1328 1294 Patrem
1348 1263 1491 1298 senserat).
1511 1262 1555 1290 sed
1580 1260 1660 1289 Pater
1680 1261 1722 1296 qui
1739 1261 1767 1287 in
1787 1260 1856 1287 melis
1873 1265 1908 1286 cst
1929 1260 2019 1295 (Mart.

1221 1311 1292 1342 XVI,
1307 1310 1360 1346 17).
1376 1311 1435 1344 Quo
1444 1309 1515 1336 dicto
1528 1308 1666 1343 utriusque
1680 1314 1801 1342 persona?
1812 1306 1948 1333 constituit
1962 1306 2022 1333 dis—

1224 1358 1390 1388 tinctionem,
1406 1361 1432 1384 et
1447 1354 1508 1382 Filii
1522 1355 1548 1382 in
1564 1353 1654 1386 terris,
1668 1360 1747 1388 quem
1762 1352 1858 1380 Petrus
1876 1356 2023 1386 agnoverat

1224 1405 1268 1432 Dei
1282 1404 1387 1434 Filium.
1402 1408 1428 1429 et
1444 1401 1528 1429 Patris
1539 1401 1583 1437 qui
1596 1400 1688 1434 (lli)in
1702 1399 1838 1433 cmlis.qui
1856 1398 1933 1425 Petro
1947 1406 2024 1425 rere-

1223 1451 1325 1478 lavcrat
1338 1449 1408 1485 quod
1425 1448 1520 1476 Petrus
1536 1450 1682 1482 agnoverat
1693 1445 1740 1473 Dei
1759 1445 1855 1472 Filium
1870 1444 2021 1472 ChriStum.

1222 1499 1289 1526 Cum
1304 1498 1329 1526 in
1343 1497 1469 1532 templum
1482 1494 1539 1531 (l'l)
1553 1492 1751 1524 introiit,rvdem
1761 1491 1981 1527 Pan-isappcllat,
1995 1496 2025 1518 ut

1223 1548 1318 1576 Filius.
1339 1545 1405 1573 Cum
1427 1543 1459 1571 ad
1481 1541 1655 1570 Nicodcmum
1677 1539 1765 1567 dicit:
1788 1538 1830 1565 lm
1843 1538 1932 1565 dilexit
1952 1537 2024 1564 Deus

1223 1594 1365 1624 mumlum,
1381 1597 1409 1618 ut
1433 1590 1528 1617 Filium
1550 1596 1624 1615 suum
1647 1587 1749 1613 unicum
1765 1583 1878 1618 dederit,
1903 1585 1929 1611 in
1948 1592 2024 1619 quem

1225 1641 1306 1669 omnis
1319 1640 1362 1674 qui
1373 1638 1518 1668 crediderit,
1534 1643 1583 1663 non
1598 1639 1694 1670 pereat,
1709 1633 1753 1659 sed
1765 1632 1855 1659 habeat
1867 1632 1943 1660 vitam
1957 1640 2025 1657 scm-

1227 1690 1350 1724 pilernam
1365 1686 1455 1722 (Joan.
1480 1683 1525 1715 111,
1547 1682 1603 1717 16).
1619 1681 1652 1709 Ε1
1668 1686 1760 1708 rursus
1779 1678 1858 1715 (Ibid.
1877 1679 1922 1712 17)
1938 1687 1944 1704 :
1962 1677 2026 1705 Non

1225 1735 1292 1763 enim
1312 1733 1379 1761 misit
1395 1732 1463 1759 Deus
1480 1730 1576 1757 Filium
1594 1736 1667 1756 stmm
1689 1728 1716 1754 in
1735 1726 1868 1758 mundum,
1885 1730 1912 1752 ut
1923 1725 2026 1760 judice!

1225 1782 1360 1814 mundum,
1375 1780 1418 1807 sed
1434 1784 1459 1806 ut
1478 1777 1563 1805 salvus
1580 1776 1613 1803 sit
1633 1775 1744 1803 mundus
1759 1782 1804 1809 per
1817 1781 1884 1800 eum.
1903 1772 1954 1806 Qui
1969 1780 2027 1799 cre-

1228 1829 1319 1856 diderit
1334 1828 1361 1854 in
1375 1826 1464 1857 illum,
1487 1832 1537 1850 non
1550 1820 1758 1858 judicatur;qni
1778 1827 1829 1846 non
1843 1819 1978 1846 crediderit
1999 1819 2027 1846 in

1226 1877 1310 1909 illam,
1325 1875 1377 1906 iam
1388 1873 1520 1909 judicatus
1533 1874 1588 1903 est,
1607 1868 1667 1904 quia
1687 1876 1738 1895 non
1758 1866 1865 1893 credidit
1880 1866 1907 1892 in
1921 1865 2027 1892 nomine

1226 1923 1294 1951 unici
1308 1921 1370 1949 Filii
1381 1919 1438 1947 Dei.
1452 1917 1727 1953 (18).Io:tnncsantcm
1739 1920 1798 1940 cum
1813 1912 2028 1946 interrogaretur

1227 1967 1325 2004 quidde
1337 1967 1372 2003 (c)
1383 1965 1445 1994 Jesu
1454 1964 1639 1998 contingeret:
1656 1959 1743 1993 Pater,
1757 1958 1853 1994 inquit,
1865 1957 1948 2004 diligit

1228 2001 1462 2047 Filiumﬂtomnia
1474 2009 1578 2037 tradidit
1594 2008 1620 2034 in
1635 2014 1711 2033 manu
1725 2006 1790 2039 ejus.
1808 2004 1858 2037 Qui
1874 2002 1953 2030 credit
1964 2001 2026 2038 (20)

1227 2063 1254 2090 in
1273 2061 1378 2092 Filium,
1398 2058 1471 2086 habet
1486 2057 1562 2083 vitam
1574 2059 1712 2084 wternam;
1724 2052 1767 2085 qui
1783 2059 1833 2078 non
1843 2050 1922 2076 credit
1932 2049 1958 2075 in
1975 2048 2027 2075 Fi-

1227 2110 1290 2138 lium
1304 2107 1366 2142 (21)
1382 2105 1445 2136 Dei,
1460 2111 1510 2131 non
1526 2100 1617 2129 videbit
1632 2098 1724 2130 Deum,
1738 2098 1783 2124 sed
1798 2098 1836 2124 ira
1851 2096 1898 2123 Dei
1914 2095 2026 2122 manebit

1227 2164 1304 2192 super
1318 2163 1375 2182 eum
1388 2152 1478 2187 (Joan.
1490 2150 1534 2185 Ill,
1552 2149 1598 2181 55,
1613 2147 1672 2182 '56).
1689 2146 1776 2180 Quem
1792 2152 1857 2172 vero
1869 2142 2027 2172 Samaritidi

1227 2191 1363 2234 ostendit?
1376 2200 1404 2230 Si
1414 2197 1539 2228 Messiam
1552 2195 1598 2231 qui
1611 2194 1708 2223 dicitur
1720 2192 1854 2226 Christus,
1868 2191 1964 2219 Filium
1976 2191 2029 2218 uti-

994 2270 1185 2302 LECTIONES
1202 2267 1412 2302 VABIANTES.

421 2330 443 2362 1)
455 2330 552 2355 Habeat
562 2327 635 2355 Seml.

421 2359 442 2393 2)
457 2362 680 2386 Scandulimrentur
692 2359 743 2385 alii.

419 2391 443 2422 5)
458 2393 484 2416 in
497 2400 543 2422 qua
559 2393 651 2417 Domini
673 2393 726 2416 cod.
750 2391 844 2417 Wouw.

420 2423 443 2456 1)
462 2424 523 2456 Vidit
536 2425 621 2453 FrmL,
636 2424 727 2456 Puris,
743 2423 794 2456 Rig.

419 2455 443 2486 5)
457 2455 566 2480 Credere
580 2455 655 2480 Scml.

420 2488 445 2511 6)
465 2486 577 2511 invenire
590 2488 650 2511 Jun.

419 2517 443 2547 7)
457 2518 559 2547 Semper
571 2519 635 2543 abest
646 2517 720 2543 Sami.

419 2547 444 2581 8)
460 2549 485 2573 iu
498 2550 634 2581 prioribus,
649 2553 674 2574 ct
685 2551 707 2573 in
720 2548 855 2580 posteriora
867 2547 1002 2580 prescriblt
1011 2549 1098 2581 utique
1111 2550 1138 2574 et
1149 2548 1175 2573 in

376 2580 530 2613 paucioribus
543 2580 617 2606 Rhen.

419 2614 443 2644 tt)
461 2612 620 2644 Pirsescribant
628 2609 709 2644 756ml.

421 2641 448 2669 10
473 2643 530 2672 Dei,
542 2644 614 2668 alium
627 2643 756 2668 Dominum
767 2641 843 2668 Sunt.

422 2644 459 2707 11)
471 2674 582 2700 Necesse
591 2677 687 2700 estnon
697 2674 812 2699 eumdem
823 2679 843 2699 al

422 2673 459 2706 11)
471 2674 582 2700 Necesse
591 2677 630 2700 est
639 2681 687 2699 non
697 2674 812 2699 eumdem
823 2676 905 2699 autem
912 2692 920 2704 ,
931 2679 980 2699 non
990 2673 1061 2706 quasi
1072 2678 1174 2706 separa-

1185 2340 1212 2370 D
1224 2334 1286 2370 tum,
1299 2327 1456 2370 dispositione
1483 2321 1558 2350 Semt.
1588 2321 1698 2348 Necesse
1718 2321 1757 2346 est
1775 2325 1824 2345 non
1839 2318 1964 2348 eumdem,
1977 2324 2026 2344 non

1225 2366 1308 2387 autem
1317 2360 1386 2387 quasi
1397 2361 1454 2381 λωι-

1274 2385 1312 2418 12)
1324 2385 1400 2415 Unius
1413 2385 1487 2413 Seml.

1273 2417 1311 2448 15)
1325 2422 1383 2446 inde
1397 2422 1442 2445 etsi
1456 2417 1531 2443 Scml.

1274 2449 1312 2480 14)
1325 2451 1459 2477 Nathauncl
1472 2449 1544 2474 Rhea.

1275 2483 1311 2511 l5)
1326 2484 1391 2509 Dixit
1404 2483 1478 2508 Rhea.

1272 2514 1312 2545 16)
1326 2517 1370 2545 Qui
1383 2514 1455 2538 omilt.
1464 2517 1521 2545 Jun.

1273 2543 1311 2580 17)
1324 2543 1426 2580 Templi;
1441 2543 1516 2580 ςιτῃιι.

1272 2576 1310 2604 18)
1324 2579 1361 2602 De
1373 2576 1447 2602 omni.
1462 2576 1571 2599 (.‘iuccon.

1272 2606 1310 2635 19)
1323 2610 1417 2633 Dilcxit
1429 2606 1503 2631 Seml.

1269 2636 1310 2666 Ξυ)
1323 2640 1429 2665 Credidit
1442 2636 1515 2662 Senil.

1270 2664 1309 2697 iii
1323 2664 1430 2697 Credidit
1442 2670 1467 2694 in
1478 2669 1526 2693 lilio
1538 2664 1614 2693 Seml.

1066 2735 1345 2765 COMMENTARIUS.

409 2811 487 2841 CAP.
500 2809 657 2847 XXl.—la)
666 2809 768 2844 Quanta
778 2808 941 2847 praescribunt
951 2807 1006 2834 tibi.
1013 2807 1116 2847 Quanta
1124 2811 1173 2840 pro

375 2857 454 2885 qnam
461 2849 559 2885 inulta.
570 2850 600 2873 nl
609 2842 705 2885 a'niein
718 2842 901 2880 superioribus
913 2844 971 2885 plus
979 2842 1072 2870 semel.

413 2884 451 2921 (h)
460 2883 592 2921 Tanquam
608 2882 676 2921 unici
690 2890 706 2908 η
717 2876 797 2921 patre,
805 2876 938 2921 μονηςιέοξῠς
948 2882 1002 2921 ,ὦτό
1013 2881 1108 2921 117.95g.
1122 2876 1174 2921 Per

375 2912 467 2948 \‘oEc'm
491 2912 561 2947 un'ici
577 2918 676 2953 quippe
690 2912 810 2945 reddidit
827 2912 898 2952 quod
914 2915 1035 2977 habitur};
1051 2914 1128 2940 Joan.
1152 2912 1172 2940 1.

986 2957 1001 2976 ε
1038 2957 1064 2975 n.

986 2957 1001 2976 Ε
1017 2957 1064 2976 ΥΒ.

1264 2804 1416 2841 (c).loannes
1427 2807 1509 2831 autent
1521 2809 1577 2829 cum
1589 2800 1800 2861 interrogaretur.
1810 2796 1942 2825 Joannem
1954 2796 2024 2829 Bap-

1264 2846 1315 2861 Inm
1329 2840 1460 2861 inmutati,
1476 2838 1552 2861 ι-ιιίιις
1564 2841 1626 2861 sunt
1639 2842 1686 2861 ver
1698 2842 1720 2861 ia
1734 2835 1815 2861 etiam
1828 2832 1905 2861 Joan.
1922 2832 1950 2861 3.
1966 2840 2024 2861 quae

1226 2832 1315 2869 tisiaiii
1329 2840 1461 2873 intelligit.
1476 2838 1552 2873 cujus
1564 2841 1626 2873 sunt
1639 2832 1720 2862 verba
1734 2835 1815 2873 etiam
1828 2832 1905 2873 Joan.
1922 2832 1950 2864 3,
1964 2840 2025 2873 qua:

1226 2883 1382 2911 sequuntur,
1400 2869 1476 2901 P'ater
1486 2869 1568 2907 diligit
1583 2871 1689 2902 Filium,
1702 2875 1763 2903 etet;
1777 2870 1815 2897 sic
1827 2869 1899 2896 enim
1911 2869 2024 2904 castiga-

1225 2912 1323 2945 vimus,
1341 2920 1397 2948 pro,
1416 2911 1513 2938 tlilt’Iil.
1528 2911 1594 2937 ΡΑιί.
