4262 6490
206 422 304 478 181

1370 415 1574 472 LIBER
1611 412 1974 472 ADVERSUS
2011 413 2365 472 PRAXEAM.

3401 410 3509 470 182

205 552 310 608 que
341 553 420 602 se,
451 551 556 590 non
587 536 800 591 Patrem
844 532 1253 596 demonstravit,
1283 533 1373 602 qui
1404 540 1462 587 et
1489 533 1614 586 alibi
1642 531 1799 586 Chri-
1826 533 1879 592 Α
1904 532 2014 585 nire
2032 548 2196 601 posse,
2225 533 2322 586 nisi
2345 546 2495 602 quem
2529 530 2680 585 Pater
2709 528 2934 585 adducat
2961 528 3034 603 (b)
3072 545 3091 586 :
3116 545 3316 586 omnem
3352 531 3438 601 qui
3467 549 3502 584 α

205 642 320 686 slus
353 633 445 685 Dei
476 631 678 694 Filius,
713 646 818 684 non
851 628 1010 682 Pater
1047 627 1222 681 dictus
1251 635 1353 680 est.
1391 625 1595 679 Exinde
1639 625 1804 679 disci-

208 728 348 797 pulis
379 746 390 780 :
424 726 593 778 Meum
625 735 718 789 cst,
751 724 939 791 inquit,
970 733 1022 774 ut
1051 722 1238 791 faciam
1258 721 1565 775 voluntatem
1592 720 1700 790 ejus
1720 719 1806 789 qui

205 835 284 871 me
312 819 470 881 misit,
505 829 559 869 ut
586 832 924 871 consummcm
951 831 1080 884 Opus
1101 816 1226 886 ejus.
1257 813 1324 868 Et
1353 813 1417 866 ad
1455 811 1694 873 Judazos,
1738 811 1805 866 de

206 911 481 982 paralytici
505 913 730 965 sanitate
763 929 775 964 :
815 909 969 963 Pater
1013 926 1149 964 meus
1179 925 1333 979 usque
1361 909 1512 962 modo
1541 916 1802 976 operatur,

204 1017 250 1058 et
273 1023 364 1072 ego
391 1022 573 1074 operor
604 1006 781 1071 (Joan.
817 1003 881 1067 ν,
920 1004 1028 1073 I7).
1065 1003 1220 1057 Pater
1246 1014 1291 1057 et
1318 1021 1430 1074 ego,
1456 1002 1625 1057 Filius
1652 1000 1799 1055 dicit.

204 1095 478 1166 Denique,
523 1106 726 1166 prapter
779 1097 872 1148 hoc
910 1096 1073 1164 magis
1110 1093 1283 1148 Judwi
1333 1096 1477 1147 illum
1523 1094 1806 1162 interﬁcere

203 1190 457 1252 uolebant,
491 1207 588 1242 non
632 1199 828 1242 tantum
870 1187 950 1255 (I)
979 1188 1115 1253 quod
1151 1189 1359 1241 solveret
1396 1188 1686 1248 sabbatum,
1717 1187 1804 1239 sed

204 1285 337 1354 quod
360 1293 555 1353 patrem
582 1300 729 1336 suum
756 1282 919 1335 Deum
953 1282 1157 1344 diceret,
1188 1295 1392 1347 wquans
1414 1297 1466 1333 se
1495 1279 1620 1333 Deo.
1653 1269 1805 1335 Tunc

205 1393 333 1447 ergo
364 1377 577 1431 dicebat
607 1376 671 1430 ad
701 1392 793 1430 eos
829 1393 842 1428 :
877 1374 1026 1428 Nihil
1070 1373 1235 1428 Filius
1266 1377 1433 1444 facere
1476 1382 1636 1442 potest
1664 1389 1695 1425 a
1727 1389 1806 1427 se-

205 1473 438 1538 metipso,
479 1470 576 1523 nisi
615 1470 794 1522 viderit
850 1468 928 1539 (9.)
973 1467 1182 1522 Patrem
1223 1468 1486 1537 facientem
1515 1467 1695 1535 (Joan.
1736 1469 1800 1534 V,

207 1563 320 1631 I9).
354 1564 482 1630 Qua:
510 1563 639 1615 enim
669 1563 755 1614 ille
791 1562 934 1631 facit,
966 1561 1142 1613 cadent
1176 1568 1221 1611 et
1267 1557 1434 1612 Filius
1471 1560 1612 1629 facit.
1655 1559 1805 1612 Pater

206 1659 339 1711 enim
367 1656 535 1726 diligit
566 1655 791 1720 Filium,
816 1665 863 1707 et
889 1653 1059 1708 omnia
1086 1653 1451 1706 demonstravit
1477 1654 1554 1705 illi
1584 1669 1693 1722 qua!
1719 1652 1806 1706 ille

202 1751 336 1820 fecit,
372 1761 418 1802 et
450 1751 647 1818 majora
671 1749 780 1801 istis
822 1748 899 1816 (ὅ)
953 1763 1106 1816 Opera
1133 1745 1488 1799 demonstravit
1510 1745 1607 1803 illi,
1632 1756 1688 1797 ut
1717 1760 1805 1797 vos

203 1841 473 1896 miremini.
515 1840 781 1906 Quomodo
811 1840 945 1893 enim
971 1839 1181 1892 suscitat
1217 1847 1439 1889 mortuos
1474 1845 1521 1888 et
1559 1837 1799 1905 viviﬁcat,

200 1935 268 1988 ita
299 1947 343 1988 et
381 1933 548 1986 Filius
574 1950 700 2002 quos
734 1934 838 1986 vult
865 1933 1082 1999 viviﬁcat
1136 1931 1236 1999 (lt).
1269 1928 1446 2000 Neque
1482 1931 1615 1983 enim
1647 1929 1805 1983 Pater
1833 1928 1878 1988 B

194 2027 419 2097 judicat,
448 2027 536 2079 sed
564 2042 710 2078 autne
729 2025 978 2094 judicium
1002 2024 1138 2077 dedit
1169 2023 1325 2086 Filio,
1349 2023 1422 2075 uti
1448 2038 1621 2077 omnes
1643 2023 1802 2076 hono-

203 2133 308 2173 rent
342 2119 562 2183 Filium,
592 2121 720 2171 sicut
759 2118 1009 2170 honorant
1057 2113 1284 2168 Patrem.
1321 2116 1422 2179 Qui
1461 2132 1561 2169 non
1588 2115 1805 2171 honorat

202 2213 539 2275 Filium,non
565 2213 780 2264 honorat
811 2209 1037 2267 Patrem,
1057 2212 1144 2276 qui
1187 2208 1379 2262 Filium
1429 2210 1582 2264 misit.
1617 2211 1800 2277 Amen,

201 2325 342 2362 amen
363 2308 479 2359 dico
509 2307 664 2364 vobis.
695 2305 830 2375 quod
861 2305 945 2373 qui
969 2305 1111 2357 audit
1155 2304 1233 2374 (5)
1259 2321 1512 2359 sermones
1539 2322 1676 2359 meos
1698 2305 1799 2373 (6),

201 2410 243 2454 et
271 2399 430 2452 credit
459 2399 500 2449 ei
527 2397 612 2466 qui
643 2413 722 2449 me
748 2397 900 2452 misit.
932 2398 1075 2450 habet
1102 2398 1251 2448 vitam
1281 2407 1554 2461 cateruam;
1573 2409 1618 2452 et
1645 2399 1697 2451 in
1708 2399 1801 2466 ju-

203 2493 391 2546 dicium
439 2508 539 2544 non
587 2490 716 2542 venit
747 2488 848 2560 (7),
885 2490 973 2542 sed
1003 2490 1178 2542 transit
1213 2488 1290 2560 (8)
1325 2490 1388 2542 de
1430 2498 1589 2543 morte
1630 2489 1684 2542 in
1720 2489 1798 2542 vi-

202 2593 322 2638 tam.
349 2586 511 2635 Amen
540 2583 652 2634 dico
681 2581 836 2641 vobis,
866 2583 1002 2648 quod
1024 2583 1179 2634 veniet
1205 2583 1351 2646 hora,
1381 2598 1478 2649 qua
1499 2583 1684 2636 mortui
1709 2599 1801 2636 au-

202 2678 332 2731 dient
366 2692 536 2728 vocent
573 2673 694 2727 Filii
723 2673 819 2727 Dei
848 2690 865 2734 ;
897 2684 940 2727 et
973 2691 1088 2727 cum
1125 2675 1406 2737 audierint,
1436 2676 1620 2730 vivent.
1654 2676 1800 2732 Sicut

201 2769 326 2822 enim
362 2767 518 2820 Pater
543 2765 691 2820 habet
712 2767 864 2819 vitam
890 2777 1134 2819 (uernam
1162 2766 1240 2841 (9)
1271 2785 1301 2819 a
1336 2769 1622 2839 semetipso,
1650 2771 1725 2824 ita
1753 2779 1800 2824 et

202 2861 336 2914 Filio
370 2861 510 2912 dedit
537 2861 689 2911 vitam
711 2868 952 2911 mternam
992 2858 1172 2911 habere
1217 2861 1269 2912 in
1312 2861 1609 2928 semetipso,
1641 2870 1687 2914 et
1720 2859 1797 2933 (a)

195 2955 451 3022 judicium
485 2952 627 3004 dedit
656 2951 736 3005 illi
777 2951 945 3020 facere
974 2952 1024 3003 in
1053 2961 1318 3020 potestate,
1348 2970 1447 3021 qua
1473 2953 1612 3019 ﬁlius
1639 2954 1803 3008 homi-

198 3050 275 3100 nis
305 3057 418 3109 est;
459 3061 557 3114 per
594 3059 810 3099 carnem
844 3044 1071 3108 scilicet,
1133 3044 1270 3098 sicut
1300 3054 1352 3098 et
1378 3043 1546 3098 Filius
1584 3045 1675 3100 Dei
1709 3061 1802 3114 per

199 3139 445 3207 Spiritum
476 3138 613 3204 ejus.
640 3135 827 3188 Adhuc
852 3135 1035 3204 adjicit
1067 3153 1078 3186 :
1108 3133 1217 3204 Ego
1255 3144 1422 3187 autem
1456 3136 1613 3189 habeo
1634 3138 1803 3207 majus

200 3248 354 3299 quam
387 3227 612 3280 Joannis
650 3228 986 3280 testimonium
1031 3224 1210 3297 (Joan.
1256 3226 1322 3290 ν,
1364 3225 1435 3283 '56
1485 3226 1600 3301 57).
1633 3228 1806 3298 Opera

1911 622 2069 677 Patre
2092 625 2315 678 audisset
2341 633 2385 677 et
2405 623 2681 687 didicisset,
2705 623 2873 677 venire
2891 623 2959 676 ad
2983 640 3037 677 se
3060 620 3239 695 (Joan.
3272 621 3360 687 VI,
3385 622 3500 694 14).

1912 714 2034 770 Non
2055 717 2197 785 quasi
2227 714 2436 770 Patrem
2460 716 2644 785 aliquis
2671 717 2882 783 viderit,
2923 717 3179 786 adjiciens
3205 725 3262 772 et
3291 717 3378 770 hic
3397 756 3413 783 ,
3445 729 3502 772 ut

1908 809 2216 864 ostenderet
2262 809 2436 864 Patris
2483 824 2603 864 esse
2644 810 2958 866 Sermonem
3014 825 3107 878 per
3149 823 3309 879 quem
3353 808 3502 865 docti

1910 901 2056 957 ﬁant.
2090 903 2158 956 At
2210 917 2332 958 cum
2382 901 2665 959 discedunt
2688 902 2757 958 ab
2786 919 2851 957 eo
2879 903 3030 958 multi
3061 902 3240 974 (Joan.
3269 902 3353 967 Vl,
3379 901 3500 975 66).

1908 1004 1962 1051 et
1992 994 2262 1064 Apostolis
2309 996 2420 1051 suis
2464 993 2641 1061 odert,
2671 995 2714 1049 si
2754 996 2920 1050 velint
2961 995 3238 1051 discedere
3279 1007 3334 1052 et
3374 997 3498 1065 ipsi,

1907 1087 2033 1160 quid
2075 1087 2351 1158 respondit
2389 1089 2572 1143 Simon
2607 1087 2967 1156 Petrus?Quo
3010 1088 3316 1142 discedimus
3341 1087 3503 1160 (It)?

1907 1183 2056 1236 verba
2089 1185 2204 1236 t'tltB
2223 1182 2397 1246 habes,
2430 1191 2479 1235 et
2509 1198 2603 1236 nos
2623 1182 2874 1236 credimus
2901 1180 3037 1252 quod
3066 1191 3119 1234 tu
3147 1181 3216 1235 sis
3243 1179 3498 1237 Christus.

1908 1276 2122 1332 Patrem
2156 1276 2302 1331 illum
2326 1290 2465 1338 esse,
2495 1290 2561 1330 an
2593 1275 2764 1329 Patris
2795 1274 3105 1330 Christum?

2472 1367 2700 1425 CAPUT
2725 1366 2893 1424 XXII.

1977 1481 2137 1552 Cujus
2164 1492 2339 1538 autem
2368 1481 2661 1538 doctrinam
2684 1480 2814 1534 dicit
2841 1479 2905 1535 ad
2940 1494 3100 1550 quam
3135 1479 3501 1535 mirabantur?

1906 1589 2076 1639 suam,
2108 1589 2171 1627 an
2202 1573 2399 1628 Patris?
2417 1573 2592 1644 Eque
2613 1573 3004 1642 ambigentibus
3034 1572 3172 1626 inter
3197 1587 3276 1637 se,
3296 1589 3362 1626 ne
3386 1574 3500 1641 ipse

1904 1677 2046 1723 esset
2093 1667 2373 1732 Christus,
2425 1668 2605 1737 utique
2653 1681 2755 1721 non
2803 1665 2978 1729 Pater,
3009 1665 3100 1718 sed
3148 1663 3356 1718 Filius:
3388 1664 3500 1716 Nc-

1905 1776 1999 1830 que
2030 1759 2146 1832 (ιθ)
2179 1778 2258 1814 me
2286 1763 2444 1826 scitis,
2471 1762 2638 1828 inquit
2673 1760 2851 1832 (Joan.
2873 1757 3114 1830 VII,28),
3149 1759 3282 1812 unde
3308 1758 3422 1822 sim,
3455 1767 3503 1810 et

1905 1869 2005 1906 non
2033 1854 2143 1904 veni
2183 1870 2215 1905 a
2249 1854 2478 1923 meipso;
2507 1853 2596 1907 sed
2634 1863 2706 1906 est
2744 1867 2887 1905 verus
2927 1852 3013 1921 qui
3050 1867 3127 1903 me
3152 1851 3320 1911 misit,
3353 1865 3501 1919 quem

1909 1959 1992 1997 vos
2020 1961 2120 1996 non
2147 1945 2324 2000 nostis.
2364 1943 2477 2014 Ego
2507 1945 2622 1996 novi
2651 1944 2919 2011 illuin,qui
2943 1942 3106 1997 abillo
3142 1959 3254 1996 sum
3285 1939 3428 2013 (I5),
3457 1949 3506 1994 et

1909 2038 1996 2092 ille
2020 2054 2098 2090 me
2124 2039 2293 2091 misit:
2317 2037 2428 2091 Non
2444 2036 2598 2101 dixit,
2626 2037 2746 2106 quia
2770 2038 2878 2107 ipse
2897 2053 3028 2099 sum,
3053 2047 3097 2090 et
3124 2037 3232 2105 ipse
3263 2053 3342 2088 me
3367 2036 3503 2100 misi;

1908 2131 2003 2188 sed
2036 2150 2047 2186 :
2076 2133 2163 2186 ille
2190 2133 2343 2186 misit.
2377 2130 2531 2194 Item,
2560 2146 2681 2186 cum
2725 2131 2994 2184 misissent
3032 2129 3097 2184 ad
3143 2129 3503 2184 invadendum

1908 2239 2029 2280 eum
2057 2224 2311 2278 Pharisaei
2340 2241 2353 2277 :
2379 2223 2639 2277 Modicum
2661 2225 2827 2276 adhuc
2850 2224 3105 2290 temporis,
3129 2222 3224 2289 ait,
3251 2222 3506 2276 vobiscum

1906 2334 2040 2380 sum;
2059 2326 2105 2370 et
2125 2316 2253 2369 vado
2272 2317 2341 2369 ad
2357 2333 2469 2369 eum
2486 2317 2571 2387 qui
2595 2333 2670 2370 me
2687 2317 2838 2368 misit.
2858 2317 2920 2369 At
2944 2317 3028 2372 ubi
3047 2330 3106 2370 se
3122 2324 3280 2386 negat
3293 2330 3413 2369 esse
3426 2330 3508 2368 so-

1906 2410 2052 2466 lum?
2075 2410 2180 2466 Sed
2201 2427 2312 2482 ego,
2339 2411 2530 2479 inqttit,
2550 2419 2595 2463 et
2617 2411 2798 2480 quime
2818 2410 2950 2463 misit
2973 2410 3350 2474 Pater;nonne
3369 2409 3504 2465 duos

1905 2504 2266 2568 demonstrat,
2300 2514 2403 2557 tam
2436 2503 2573 2557 duos
2603 2516 2760 2570 quam
2795 2505 3164 2572 inseparatos?
3193 2506 3301 2560 imo
3330 2513 3499 2559 totum

1903 2606 2019 2652 erat
2033 2598 2132 2651 hoc
2145 2596 2286 2667 quod
2302 2595 2549 2660 docebat,
2568 2595 2898 2664 inseparatos
2916 2596 3055 2650 duos
3069 2611 3207 2652 esse.
3227 2596 3502 2666 Siquidem

1903 2697 1957 2744 et
1986 2690 2153 2756 legent
2199 2703 2502 2758 [imponens
2541 2688 2770 2742 duorum
2816 2687 3086 2742 hominum
3138 2690 3501 2743 testimonium

1904 2783 2331 2845 conlirmantem,
2360 2779 2630 2850 subjungit
2653 2798 2665 2833 :
2699 2780 2810 2850 Ego
2834 2781 3166 2834 testimonium
3189 2780 3302 2834 dico
3319 2781 3382 2833 de
3403 2797 3502 2843 me,

1905 2881 1952 2926 et
1978 2872 2316 2925 testimonium
2343 2870 2467 2923 dicit
2493 2871 2554 2925 de
2577 2888 2672 2935 me,
2696 2872 2782 2942 qui
2810 2888 2890 2924 me
2915 2873 3047 2925 misit
3075 2870 3244 2927 Pater.
3274 2872 3425 2939 Quod
3453 2873 3499 2926 si

1906 2977 2042 3017 unus
2064 2972 2225 3028 esset,
2252 2961 2378 3016 dum
2409 2962 2547 3016 idem
2579 2973 2658 3016 est
2685 2971 2741 3017 et
2764 2963 2930 3018 Filius
2960 2972 3014 3019 et
3040 2963 3215 3029 Pater,
3245 2981 3350 3019 non
3383 2974 3502 3019 nte-

1905 3065 2052 3110 retur
2095 3055 2227 3124 legis
2269 3053 2568 3123 patrocinio
2608 3052 2762 3108 ﬁdem
2811 3055 3173 3124 imponentis,
3202 3072 3307 3111 non
3350 3057 3508 3112 unius

1908 3147 2215 3202 testimonio
2238 3189 2252 3211 ,
2277 3145 2370 3200 sed
2396 3147 2645 3200 duorum.
2671 3144 2798 3200 Item
2821 3187 2834 3210 ,
2871 3146 3229 3217 interrogatus
3252 3149 3338 3203 tibi
3362 3157 3509 3205 esset

1911 3239 2088 3301 Pater,
2123 3255 2281 3308 neque
2302 3255 2372 3302 se,
2401 3254 2561 3307 neque
2585 3237 2792 3291 Patrem
2820 3248 2993 3292 notum
3019 3255 3127 3293 esse
3153 3240 3254 3293 illis
3283 3256 3507 3310 respon.

199 3325 331 3377 enim
355 3337 472 3390 qua:
509 3319 662 3372 Pater
688 3320 811 3372 mihi
836 3319 973 3372 dedit
995 3337 1366 3388 consummare,
1391 3321 1484 3376 illa
1512 3323 1625 3393 ipsa
1647 3325 1710 3378 de
1730 3341 1807 3377 me
1833 3321 1878 3384 C
1911 3334 2046 3388 dens
2069 3375 2082 3397 ,
2106 3332 2242 3386 duos
2263 3331 2397 3386 dixit
2425 3331 2636 3401 ignotos
2663 3347 2677 3394 ;
2703 3330 2845 3400 quod
2871 3331 2916 3384 si
2936 3331 3103 3399 ipsum
3132 3343 3333 3387 nossem
3355 3375 3368 3398 ,
3401 3333 3508 3386 Ρη-

201 3415 552 3468 testimonium
582 3412 863 3478 perhibent,
895 3413 1032 3480 quod
1063 3429 1140 3466 me
1174 3411 1331 3467 Pater
1363 3415 1573 3469 miserit.
1618 3415 1685 3469 Et
1723 3419 1808 3485 qui

199 3523 277 3559 me
305 3505 446 3557 misit
476 3503 652 3565 Pater,
682 3505 790 3572 ipse
820 3504 1161 3556 testimonium
1190 3506 1320 3557 dixit
1354 3506 1418 3558 de
1444 3523 1544 3560 me.
1570 3507 1806 3578 Subjnn-

197 3611 330 3668 gens
351 3604 534 3648 autem
559 3611 572 3646 :
608 3591 785 3661 Neque
815 3609 984 3646 vocem
1006 3595 1116 3663 ejus
1143 3595 1356 3649 audistis
1382 3612 1623 3661 unquam,
1648 3615 1808 3670 neque

200 3695 427 3760 formam
457 3689 566 3758 ejus
593 3687 822 3749 vidistis;
850 3687 1130 3742 conﬁrmat
1153 3699 1295 3742 retro
1321 3705 1424 3745 non
1454 3689 1689 3757 Patrem,
1712 3693 1807 3749 sed

199 3781 399 3837 Filium
432 3781 628 3844 tuisse,
661 3780 748 3850 qui
778 3780 1061 3834 videbatur
1090 3791 1143 3833 et
1183 3780 1519 3838 audiebatur.
1569 3785 1809 3854 Denique

201 3873 333 3930 dicit
361 3892 373 3928 :
405 3873 517 3942 ligo
551 3873 663 3924 veni
699 3873 750 3924 in
781 3870 954 3924 Putris
983 3872 1080 3924 mei
1106 3874 1329 3940 nomine,
1357 3885 1404 3928 et
1435 3893 1535 3930 non
1565 3895 1644 3933 me
1669 3896 1807 3934 rece-

204 3969 352 4038 pistis
385 3964 568 4037 (Joan.
596 3964 660 4030 V,
685 3963 802 4037 45).
828 3965 977 4018 Λάυο
1001 3980 1216 4035 semper
1236 3967 1401 4025 Filius
1423 3982 1536 4026 erat
1560 3973 1612 4027 in
1639 3975 1726 4028 Dei
1757 3984 1812 4030 et

212 4060 383 4128 Regis
414 4067 467 4110 et
515 4058 742 4120 Domini,
777 4065 830 4111 et
875 4055 1421 4128 (I0)Omnipolentis,
1451 4074 1503 4117 et
1553 4065 1807 4122 Altissimi

211 4153 458 4208 nomine.
493 4150 952 4219 Interrogantilius
979 4164 1157 4207 autem
1191 4153 1315 4222 quid
1347 4153 1526 4211 facere
1555 4157 1806 4226 debeant,

208 4243 495 4322 respondit
523 4262 534 4295 :
569 4241 637 4296 Ut
660 4243 875 4296 credatis
901 4243 952 4295 in
974 4259 1086 4296 eum
1116 4260 1262 4311 quem
1293 4244 1432 4300 Deus
1462 4249 1593 4302 misit
1629 4249 1806 4322 (Joan.

205 4337 294 4402 VI,
321 4321 444 4408 ‘29).
474 4336 671 4390 Panem
703 4351 914 4405 quoque
940 4352 999 4390 se
1032 4336 1288 4403 afﬁrmat,
1315 4356 1473 4410 quem
1500 4321 1653 4399 Pater
1673 4362 1804 4415 prae-

204 4435 371 4482 staret
401 4427 470 4480 de
500 4429 637 4481 cmlo
669 4424 847 4497 (Joan.
880 4427 964 4488 VI.
999 4427 1115 4500 '52).
1155 4429 1295 4499 Ergo
1320 4448 1468 4488 omne
1491 4437 1626 4503 quod
1646 4441 1690 4492 ei
1716 4439 1810 4494 da-

203 4533 276 4576 ret
311 4520 471 4574 Pater
493 4521 559 4572 ad
582 4538 631 4574 se
660 4521 844 4584 venire,
878 4523 969 4576 nec
995 4525 1300 4592 rejecturum
1328 4543 1380 4578 se
1402 4568 1414 4589 ,
1443 4530 1565 4593 quia
1593 4531 1656 4586 de
1680 4535 1808 4590 caelo

206 4616 564 4678 descendisset,
598 4631 697 4668 non
724 4625 777 4667 ut
807 4632 974 4683 suam,
999 4617 1087 4671 sed
1114 4629 1168 4670 ut
1199 4617 1373 4672 Patris
1403 4621 1590 4689 faceret
1621 4628 1805 4681 volun-

209 4720 360 4763 tatem
396 4726 413 4761 :
443 4709 755 4762 voluntatem
795 4718 962 4762 autem
1001 4708 1176 4764 Patris
1216 4729 1345 4775 esse,
1392 4715 1464 4765 uti
1503 4717 1588 4783 qui
1633 4719 1808 4772 viderit

210 4800 430 4863 Filium,
465 4810 511 4852 et
554 4800 822 4852 crediderit
850 4803 902 4853 in
935 4818 1047 4853 cum
1070 4844 1084 4866 ,
1124 4804 1276 4856 vitam
1319 4816 1362 4857 et
1395 4811 1806 4866 resurrectionem

209 4900 547 4961 consequatur
581 4889 762 4953 (Joan.
800 4890 880 4955 VI,
915 4891 1008 4962 55)
1042 4908 1060 4946 ;
1089 4895 1336 4950 neminem
1369 4913 1522 4967 porro
1544 4902 1612 4953 ad
1645 4918 1698 4954 se
1723 4919 1803 4957 ve-

1912 3438 2037 3481 trem
2083 3436 2319 3490 nossent,
2354 3440 2460 3479 non
2506 3424 2720 3494 quidem
2760 3424 2910 3494 quasi
2957 3425 3072 3493 ipse
3099 3437 3241 3479 esset
3268 3425 3426 3479 Pater
3455 3437 3510 3480 et

1915 3520 2111 3584 Filius,
2140 3518 2234 3572 sed
2265 3520 2387 3586 quia
2430 3533 2527 3586 per
2576 3516 3002 3572 individuitatem
3043 3532 3218 3585 neque
3247 3520 3502 3588 agnosci,

1912 3625 2085 3680 neque
2113 3609 2345 3678 ignorari
2373 3608 2511 3663 alter
2535 3607 2652 3664 sine
2681 3608 2850 3662 altero
2883 3616 3080 3679 potest.
3117 3608 3219 3675 Qui
3248 3626 3328 3664 me
3349 3651 3363 3672 .
3393 3612 3502 3674 ait,

1912 3704 2080 3767 misit,
2108 3718 2262 3756 verax
2292 3711 2364 3755 est
2387 3718 2402 3764 ;
2429 3710 2474 3755 et
2500 3717 2592 3771 ego
2618 3717 2734 3768 qua:
2758 3701 2820 3754 ab
2843 3717 2902 3755 eo
2930 3702 3104 3756 audivi
3129 3742 3143 3764 ,
3173 3718 3230 3755 ea
3258 3711 3305 3756 et
3330 3703 3510 3771 loquor

1911 3799 1965 3851 in
1985 3795 2252 3850 mundum.
2297 3793 2690 3865 Interpretatite
2720 3797 3053 3849 extrinsecus
3076 3794 3374 3864 Scriptura,
3402 3811 3508 3849 non

1912 3888 2231 3958 cognovisse
2263 3887 2385 3942 illos
2409 3886 2554 3958 quod
2585 3886 2654 3942 de
2681 3886 2840 3942 Patre
2862 3886 3118 3952 dixisset,
3145 3902 3269 3942 cum
3299 3887 3510 3942 scilicet

1915 3994 2243 4047 cognoscere
2267 3977 2576 4032 debuissent
2608 3991 2888 4031 sermones
2916 3977 3090 4031 Patris
3118 3978 3167 4030 in
3201 3976 3334 4032 Filio
3364 3993 3508 4044 esse,

1913 4071 2142 4141 legendo
2170 4071 2305 4140 apud
2333 4070 2656 4124 Hieremiam
2686 4068 2903 4141 (Jerem.
2934 4069 2990 4136 I,
3014 4072 3070 4141 9)
3099 4088 3110 4124 :
3143 4070 3206 4125 Et
3233 4072 3362 4127 dixit
3384 4074 3513 4126 mihi

1917 4161 2166 4215 Dominus
2188 4203 2200 4225 ,
2240 4182 2256 4212 ε
2291 4161 2420 4214 Ecce
2465 4162 2582 4215 dedi
2621 4178 2877 4217 sermones
2921 4179 3059 4217 meos
3087 4163 3140 4216 in
3164 4179 3220 4217 os
3265 4175 3451 4228 tuum;
3486 4185 3502 4217 ι

1914 4255 1980 4310 Ει
2009 4254 2146 4327 apud
2171 4254 2361 4310 Isaiam
2413 4254 2515 4327 (Is.
2538 4255 2580 4320 I,
2603 4254 2659 4328 4)
2687 4271 2706 4310 :
2731 4255 2981 4310 Dominus
3002 4257 3092 4309 dat
3119 4257 3244 4309 mihi
3281 4258 3508 4327 linguam

1913 4349 2200 4419 disciplima
2245 4349 2312 4401 ad
2358 4348 2767 4420 cognoscendum
2811 4349 3016 4412 quando
3063 4358 3293 4418 Oporteat
3342 4349 3512 4403 dicere

1914 4459 2216 4499 sermonem.
2261 4443 2414 4499 Sicut
2465 4444 2578 4511 ipse
2623 4457 2853 4496 rursus:
2888 4439 3069 4503 Tunc,
3116 4441 3284 4511 inquit
3327 4440 3508 4512 (Joan.

1918 4535 2027 4589 VIII
2053 4577 2067 4595 .
2096 4535 2187 4604 28)
2218 4574 2234 4601 ,
2274 4535 2581 4603 cognoscetis
2627 4533 2766 4603 quod
2791 4549 2884 4604 ego
2922 4533 3051 4597 sim,
3083 4541 3128 4586 et
3157 4550 3188 4585 a
3217 4536 3510 4599 memetipso

1913 4629 2044 4684 nihil
2075 4629 2256 4697 loquar
2281 4647 2292 4679 :
2323 4628 2413 4681 sed
2450 4627 2580 4680 sicut
2617 4644 2699 4682 me
2727 4627 2902 4680 docuit
2924 4668 2938 4690 ,
2967 4627 3041 4680 ita
3067 4637 3114 4680 et
3140 4627 3319 4697 loquor
3343 4644 3360 4691 ;
3386 4629 3508 4695 quia

1913 4734 1960 4776 et
1983 4723 2068 4792 qui
2097 4738 2176 4775 me
2205 4721 2374 4783 misit,
2401 4737 2594 4773 mecum
2641 4731 2733 4774 est.
2785 4721 2854 4775 Et
2899 4720 3000 4776 hoc
3039 4720 3104 4774 ad
3143 4723 3504 4778 testimonium

1917 4815 2310 4873 individuorum
2342 4814 2592 4868 duorum.
2626 4814 2786 4877 Item,
2811 4816 2866 4867 in
2910 4813 3260 4867 altercatione
3284 4813 3502 4867 Ιυίιαξο-

1917 4928 2067 4973 rum,
2096 4905 2431 4981 exprobrans
2467 4906 2608 4978 quod
2648 4905 2895 4962 occidere
2921 4921 3043 4961 eum
3075 4906 3270 4960 vellent
3300 4923 3312 4959 :
3347 4902 3459 4975 Ego
3487 4944 3504 4971 ,

1426 4989 1809 5054 LECTIONES
1847 4998 2254 5059 VARIANTES.

272 5079 344 5198 (1)
368 5079 558 5154 Tamen
584 5079 734 5128 Seml.

297 5143 322 5189 Ξ
372 5144 551 5191 Videat
586 5145 718 5191 Sem.

297 5143 342 5204 ξ)
372 5143 551 5191 Videat
586 5145 718 5191 Sem.

273 5200 342 5266 (3)
373 5205 468 5252 Ista
498 5205 646 5253 Seml.

274 5267 342 5338 ρ)
371 5268 650 5338 viaticam
685 5261 822 5338 alii.“
890 5329 917 5338 __
953 5328 974 5338 -
1020 5325 1051 5338 __

295 5328 341 5390 ἲς)
371 5330 510 5386 Quod
536 5338 588 5376 et
612 5329 693 5390 qui
716 5328 925 5378 audierit
946 5328 1098 5378 Latin.

297 5389 346 5453 tt)
373 5392 516 5439 Mens
537 5391 666 5438 abest
692 5389 838 5453 Seml.

297 5451 345 5515 7)
374 5454 554 5503 chit't
580 5451 726 5501 Scml.

1996 5097 2045 5149 8i
2069 5098 2279 5148 Transiit
2301 5093 2366 5147 al.
2389 5095 2616 5149 Transiit,
2643 5090 2711 5143 al.
2735 5095 2869 5143 venit
2891 5091 3002 5144 cod.
3035 5091 3223 5143 Wouw.

1994 5155 2045 5210 9i
2073 5159 2322 5208 Eternam
2345 5158 2476 5207 abest
2501 5155 2646 5206 Rhea.

1998 5215 2076 5273 till
2106 5223 2162 5271 Et
2183 5222 2314 5272 abest
2337 5215 2487 5271 Seml.
2513 5228 2566 5269 et
2587 5217 2769 5269 domini
2792 5218 2921 5268 abest
2938 5216 3047 5267 cod.
3083 5215 3268 5266 Wouw.

1999 5283 2077 5334 II)
2103 5283 2426 5333 Discedemus
2451 5291 2607 5332 Frcat.

2000 5346 2075 5408 12)
2102 5346 2263 5409 Atque
2286 5352 2396 5409 Jun.

2001 5401 2076 5472 13)
2097 5401 2217 5467 Qui'a
2242 5407 2368 5471 apud
2413 5405 2550 5456 illum
2586 5418 2691 5454 sum
2717 5403 2868 5456 Seml.
2910 5403 3030 5464 Quia
3055 5403 3117 5452 ab
3134 5401 3216 5452 illo
3240 5415 3347 5453 sum
3365 5408 3476 5452 Jun.

1972 5097 1994 5342 ξ

1607 5547 2166 5616 COMMENTARIUS.

287 5627 359 5706 (a)
391 5626 659 5707 ἸῙιιιίῑεὶίρη
692 5628 829 5681 dedit
856 5630 931 5683 illi
964 5634 1129 5707 facere
1157 5633 1207 5687 in
1237 5645 1480 5702 potestate
1506 5654 1605 5707 qua
1641 5640 1805 5696 Filius

219 5701 433 5753 hominis
459 5709 554 5777 est.
583 5699 716 5782 Fere
733 5716 923 5782 omnes
941 5699 1577 5782 codiceset'interpretes
1611 5729 1807 5782 propo-

223 5783 351 5825 nunt
380 5774 527 5838 quia,
557 5770 699 5836 quin]
733 5773 1000 5829 intellectu
1030 5773 1236 5830 facilius
1257 5788 1356 5830 est.
1387 5770 1515 5832 Nam
1546 5770 1817 5841 S.'Ch'rv-

224 5856 492 5897 sostomus
521 5843 666 5925 illam
699 5845 1075 5925 non-«adhibuit
1112 5846 1543 5925 distinctionem;
1575 5869 1642 5908 eo
1669 5847 1810 5925 quod

225 5930 280 5967 ea
311 5925 553 5968 uteretur
587 5913 777 5968 Paulus
805 5917 1204 5973 Samosatcnus.
1236 5920 1309 5972 I.E
1338 5922 1430 5975 Pu.

1986 5650 2065 5723 (li)
2100 5651 2216 5704 Nisi
2242 5668 2388 5717 quem
2433 5651 2586 5704 Pater
2614 5650 2861 5723 adducat.
2891 5649 3109 5723 Septem
3153 5648 3298 5723 hisce
3322 5647 3510 5716 capiti-

1915 5720 2014 5776 lius
2048 5720 2082 5776 'a
2125 5725 2379 5793 vigesimo
2411 5723 2816 5777 Monarchianos
2837 5720 3089 5793 impetit,
3139 5721 3427 5793 probatque
3477 5735 3507 5774 c

1917 5790 2198 5863 Scriptura
2217 5794 2411 5848 Filium
2440 5795 2600 5847 alium
2623 5808 2744 5863 esse
2771 5807 2799 5844 a
2833 5791 3007 5855 Patre,
3039 5790 3262 5862 ideoque
3289 5791 3500 5847 Patrem

1922 5881 2027 5920 non
2047 5862 2111 5920 'se
2141 5866 2304 5920 ﬁlium
2328 5866 2535 5921 fecisse.
2574 5865 2649 5919 LE
2669 5862 2771 5917 Pa.
