4262 6490
712 405 821 464 183

2139 388 2606 450 TERTULLIANI

3916 379 4023 436 184

712 523 879 594 inquit
908 563 923 588 ,
952 536 1067 592 qua:
1106 519 1211 576 vidi
1238 534 1387 589 penes
1417 517 1625 574 Putrem
1662 531 1826 572 meum
1847 557 1862 583 ,
1894 514 2113 583 loquor;
2141 520 2187 566 et
2214 526 2301 564 vos
2328 505 2381 567 Λ
2406 518 2460 562 et
2480 505 2671 576 jungit.
2720 504 2870 560 Adeo
2918 501 3064 558 addit
3113 502 3276 557 etiam
3326 500 3491 555 multa
3520 514 3579 555 sc
3614 513 3774 568 opera
3809 513 3834 551 a
3868 499 4024 553 Patre

712 619 848 689 quod
876 616 1067 670 vidistis
1098 631 1247 681 penes
1278 623 1471 684 patrem
1492 621 1713 666 vestrum
1732 652 1746 675 ,
1769 610 1824 664 id
1849 610 2016 680 facitis
2047 625 2061 661 :
2092 615 2141 662 et
2172 621 2305 659 nunc

713 712 867 765 vultis
901 709 1129 763 occidere
1153 708 1404 761 hominem
1417 707 1675 762 veritatem
1698 705 1835 759 vobis
1862 705 2113 767 locutum,
2153 716 2306 770 quam

711 802 905 856 audiuit
932 818 963 854 a
986 799 1094 855 Deo
1113 817 1129 864 ;
1150 809 1200 855 et
1233 819 1244 853 :
1277 798 1339 855 Si
1363 798 1497 853 Deus
1518 807 1645 853 esset
1673 807 1819 869 pater
1837 805 2012 860 vester,
2041 794 2308 849 dilexisse.

710 895 775 948 tis
800 910 897 947 me.
930 890 1043 963 Ego
1070 892 1202 945 enim
1241 906 1303 945 ex
1331 888 1440 944 Deo
1467 890 1598 944 exivi
1634 898 1682 943 et
1706 889 1818 942 veni
1845 887 1922 959 (et
1964 896 2144 941 tamen
2198 899 2305 939 non

713 994 1033 1057 separantur
1063 982 1142 1057 (I)
1166 1026 1180 1049 ,
1212 982 1338 1039 licet
1366 982 1563 1038 exiisse
1587 979 1804 1047 dixerit,
1835 989 1893 1035 ut
1921 977 2139 1050 quidam
2166 977 2306 1033 arri-

717 1080 870 1148 piunt
897 1076 1057 1147 hujus
1083 1074 1215 1131 dicti
1243 1074 1585 1131 occasionem
1617 1091 1632 1140 ;
1664 1073 1828 1129 exivit
1855 1081 2032 1127 autem
2065 1087 2094 1126 a
2124 1071 2304 1138 Patre,

716 1177 773 1226 ut
796 1169 977 1223 radius
1003 1184 1067 1222 ex
1096 1166 1210 1222 sole
1232 1209 1247 1232 ,
1280 1179 1336 1221 ut
1362 1166 1513 1221 rivus
1546 1181 1611 1220 ex
1639 1164 1819 1230 fonte,
1854 1174 1911 1219 ut
1937 1162 2114 1219 frutex
2136 1178 2202 1219 ex
2230 1178 2310 1219 sc-

718 1262 909 1334 mine).
943 1260 1053 1333 Ego
1082 1261 1391 1315 dtemonium
1411 1276 1513 1315 non
1541 1260 1699 1313 habeo
1718 1301 1733 1326 ,
1761 1258 1850 1312 sed
1876 1260 2070 1312 honoro
2099 1256 2309 1311 Patrent

716 1371 885 1408 meum
910 1370 927 1417 ;
949 1362 998 1407 et
1031 1371 1045 1409 :
1079 1352 1140 1407 Si
1176 1368 1267 1423 ego
1300 1368 1381 1405 me
1412 1353 1522 1419 ipse
1547 1351 1827 1422 gloriﬁcent
1849 1392 1865 1416 ,
1897 1350 2026 1403 nihil
2046 1358 2119 1403 est
2145 1348 2311 1420 gloria

716 1461 849 1500 mea.
872 1443 965 1499 Est
985 1446 1070 1514 qui
1092 1461 1172 1499 nte
1191 1444 1441 1514 glori/lcet
1473 1442 1649 1509 Pater,
1679 1459 1828 1512 quem
1849 1457 1934 1496 vos
1955 1441 2123 1495 dicitis
2145 1440 2309 1495 Deum

715 1554 825 1592 esse
850 1547 1066 1591 vestrum
1087 1578 1100 1599 ,
1124 1552 1213 1589 nec
1246 1536 1404 1591 nostis
1429 1534 1577 1589 illum
1596 1578 1611 1601 ,
1638 1544 1690 1589 at
1716 1551 1808 1605 ego
1846 1536 1963 1588 novi
2003 1550 2137 1589 eum.
2168 1532 2237 1587 Et
2266 1534 2311 1587 si

717 1628 921 1691 dicam,
978 1645 997 1677 σ
1031 1625 1151 1681 Non
1214 1627 1370 1694 novi,
1401 1646 1420 1677 ι
1476 1642 1561 1681 ero
1609 1626 1788 1681 sintilis
1844 1626 1995 1680 uestri
2046 1625 2313 1691 mendax;

718 1723 808 1776 sed
858 1723 974 1775 novi
1011 1722 1155 1775 illum
1178 1761 1193 1784 ,
1215 1730 1261 1775 et
1299 1736 1578 1775 sermonem
1604 1723 1715 1790 ejus
1740 1736 1903 1775 servo.
1932 1721 2010 1776 Ac
2034 1734 2155 1775 cum
2188 1719 2314 1775 sub-

717 1815 932 1886 jungit:
969 1813 1227 1867 Abraham
1274 1813 1410 1867 diem
1451 1830 1618 1867 meum
1660 1813 1823 1877 vidit,
1855 1821 1903 1867 et
1946 1814 2147 1871 [celatus
2192 1823 2314 1877 est;

2411 602 2712 657 ostendisse
2733 642 2746 664 ,
2779 614 3007 670 quorum
3032 596 3163 651 nihil
3192 594 3415 666 Iapidari
3446 604 3701 650 meretur.
3735 593 3799 647 Et
3824 607 3889 647 nc
3924 608 4023 660 pu-

2413 705 2587 751 tarent
2617 694 2739 749 ideo
2768 709 2828 749 se
2854 693 3004 747 illum
3033 690 3272 760 lapidare
3313 689 3516 744 debere
3544 730 3556 747 .
3587 686 3739 757 quasi
3766 700 3826 739 se
3857 686 4023 738 Deum

2414 789 2618 859 ipsum,
2649 786 2699 841 id
2720 795 2804 842 est
2823 786 3037 841 Patrem
3060 783 3317 837 voluisset
3344 780 3566 847 intelligi
3596 795 3610 842 ;
3640 779 3762 848 quia
3785 777 4020 841 dixerat,

2413 882 2525 954 Ego
2567 891 2615 937 et
2666 880 2822 935 Pater
2862 895 3022 933 unum
3068 892 3280 938 sumus,
3311 890 3412 943 qua
3471 872 3668 927 Filium
3728 871 3819 925 Dei
3855 870 4023 923 Deum

2412 972 2703 1029 ostendens
2724 1015 2736 1032 .
2768 986 2877 1026 non
2900 985 3000 1039 qua
3030 969 3202 1038 ipsum
3239 967 3425 1021 Deum.
3458 964 3519 1019 Si
3548 964 3600 1017 in
3630 963 3738 1033 lege
3762 1004 3776 1027 ,
3805 962 3978 1030 inquit
4006 1004 4022 1026 ,

2412 1066 2658 1137 scriptum
2681 1073 2789 1130 est,
2818 1083 2837 1114 ι
2868 1062 2980 1133 Ego
3019 1060 3127 1115 dixi
3147 1101 3165 1127 ,
3195 1075 3281 1114 vos
3321 1059 3394 1111 dii
3430 1058 3578 1121 estis,
3612 1075 3629 1105 ι
3664 1064 3711 1108 et
3737 1071 3837 1108 non
3860 1061 4029 1122 potest

2413 1161 2537 1217 solvi
2578 1159 2850 1228 Scriptura
2878 1174 2897 1222 ;
2925 1173 3075 1225 quem
3119 1154 3274 1209 Pater
3316 1151 3688 1220 sanctiﬁcavit,
3718 1158 3764 1202 et
3804 1148 3938 1201 misit
3969 1148 4024 1200 in

2414 1254 2660 1309 mundum
2681 1294 2698 1318 ,
2728 1268 2816 1306 vos
2845 1267 2957 1305 eum
2990 1248 3341 1317 blasphemare
3379 1246 3547 1298 dicitis
3569 1283 3582 1306 ,
3608 1243 3728 1311 quia
3771 1240 3879 1294 dixi
3905 1239 3982 1310 (1)
4009 1281 4025 1303 ,

2417 1344 2585 1399 Filius
2618 1341 2712 1398 Dei
2736 1359 2850 1399 sum
2887 1343 2912 1395 ἶ)
2942 1341 3004 1397 Si
3033 1356 3134 1394 non
3161 1340 3294 1411 facio
3324 1353 3477 1406 apera
3509 1334 3681 1389 Patris
3713 1332 3809 1386 mei
3832 1374 3843 1394 ,
3874 1332 4031 1384 nolite

2414 1436 2617 1491 credere
2638 1453 2657 1501 ;
2677 1436 2721 1490 si
2754 1451 2870 1488 vero
2916 1435 3050 1506 facio
3078 1475 3093 1498 ,
3121 1441 3164 1486 et
3201 1431 3326 1483 mihi
3355 1429 3557 1482 credere
3586 1444 3688 1480 non
3727 1425 3912 1489 vultis,
3944 1423 4029 1477 vel

2417 1538 2622 1601 propter
2647 1544 2801 1597 opera
2822 1526 3028 1580 credite.
3074 1522 3141 1578 Et
3172 1523 3347 1577 scitote
3367 1518 3503 1590 quod
3531 1535 3623 1589 ego
3650 1518 3702 1569 in
3735 1515 3889 1569 Patre
3910 1516 4024 1577 sim,

2418 1632 2465 1676 et
2497 1622 2652 1673 Pater
2675 1620 2729 1673 in
2759 1636 2857 1673 me.
2893 1619 2995 1673 Per
3043 1630 3202 1686 opera
3246 1628 3374 1684 ergo
3420 1618 3538 1665 erat
3580 1609 3737 1664 Pater
3767 1607 3817 1661 in
3850 1605 3987 1659 Filio
4012 1645 4028 1670 ,

2418 1722 2474 1768 ct
2500 1711 2667 1768 Filius
2693 1711 2744 1765 in
2775 1711 2930 1765 Patre
2956 1727 2970 1773 ;
2995 1718 3049 1763 et
3076 1708 3145 1763 ita
3177 1722 3269 1775 per
3290 1718 3453 1774 opera
3482 1701 3828 1770 intelligimus
3860 1712 4024 1750 unum

2419 1819 2539 1861 csse
2565 1805 2775 1860 Patrem
2802 1813 2857 1857 et
2883 1802 3074 1857 Filium
3114 1798 3224 1869 (5).
3256 1796 3406 1852 Adeo
3439 1805 3607 1849 totum
3644 1793 3745 1846 hoc
3776 1805 4033 1860 persevc-

720 1922 915 1977 nempe
956 1906 1287 1960 demonstrat
1309 1905 1501 1961 Filium
1533 1905 1763 1960 Abrahzc
1793 1914 1938 1960 retro
1970 1905 2140 1961 visum
2164 1950 2179 1973 ,
2210 1922 2314 1963 non
2345 1905 2394 1966 B
2423 1900 2572 1954 rabnl
2616 1898 2870 1954 inducere
2895 1937 2910 1960 .
2941 1906 3000 1950 ιιι
3050 1894 3157 1949 duo
3205 1902 3379 1947 tamen
3429 1890 3778 1945 crederentur
3827 1886 3877 1939 in
3923 1899 4028 1939 una

724 2001 964 2056 Patrem.
998 1999 1127 2054 Item
1154 2040 1169 2062 ,
1199 2014 1361 2069 super
1387 2014 1589 2055 cmcum
1639 1998 1785 2053 illum
1812 1997 1989 2053 Patris
2009 2015 2166 2068 opera
2186 1998 2316 2054 dicit

718 2110 773 2148 sc
797 2093 966 2163 facere
1004 2102 1256 2161 oportere.
1303 2092 1400 2146 Cui
1434 2101 1550 2159 post
1584 2093 1977 2147 restitutionem
2008 2092 2310 2147 luminum:

723 2182 835 2247 Tu,
871 2184 1041 2253 inquit
1070 2182 1251 2252 (Joan.
1286 2182 1360 2237 IX
1380 2225 1394 2247 ,
1428 2184 1520 2253 55)
1547 2227 1559 2248 ,
1590 2184 1753 2238 credis
1778 2185 1833 2237 in
1866 2183 2060 2238 Filium
2094 2183 2193 2238 Dei
2216 2185 2238 2239 ?
2260 2194 2315 2241 et

723 2276 1071 2347 interroganti
1117 2277 1237 2346 quis
1283 2285 1429 2331 esset
1478 2276 1614 2343 iste,
1643 2277 1760 2347 ipse
1789 2291 1848 2333 se
1896 2276 2312 2345 demonstrans,

721 2368 906 2438 utique
950 2368 1144 2423 Filium
1194 2369 1621 2433 demonstravit,
1650 2384 1810 2439 quem
1841 2368 2166 2424 credendum
2196 2385 2317 2427 esse

722 2459 952 2513 dixerat.
1004 2459 1234 2527 Dehinc,
1267 2460 1516 2529 cognosci
1562 2475 1620 2515 se
1665 2460 1949 2531 proﬁtetur
1974 2478 2001 2517 a
2031 2461 2187 2517 Patre
2214 2506 2229 2529 ,
2262 2472 2318 2519 et

724 2551 937 2608 Patrem
960 2567 990 2607 a
1014 2567 1093 2607 sc.
1130 2554 1191 2607 Et
1220 2553 1339 2608 ideo
1365 2569 1423 2608 se
1449 2553 1595 2623 diligi
1624 2568 1653 2606 a
1683 2553 1840 2608 Patre
1862 2594 1876 2619 ,
1907 2554 2048 2624 quod
2081 2555 2314 2611 animam

721 2657 875 2699 suam
911 2654 1069 2714 pontu
1100 2661 1114 2708 ;
1148 2645 1272 2715 quia
1315 2644 1419 2700 hoc
1464 2656 1789 2715 praeceptum
1836 2647 2137 2717 accepisset
2160 2665 2188 2701 a
2220 2648 2319 2703 Pa-

650 2732 653 2735 ⁷
723 2744 825 2791 tre.
860 2736 924 2791 Et
953 2737 1310 2807 interrogatus
1340 2754 1369 2792 a
1404 2737 1638 2802 Iudaeis,
1665 2738 1709 2791 si
1743 2738 1857 2807 ipse
1901 2749 2047 2794 esset
2070 2740 2320 2794 Christus

726 2828 933 2899 (utique
958 2829 1049 2885 Dei
1078 2829 1157 2901 (Ξ)
1184 2872 1199 2897 ,
1229 2846 1350 2884 nam
1371 2846 1537 2900 usque
1560 2831 1609 2883 in
1630 2830 2136 2886 hodiernumJudtci
2159 2831 2319 2887 Chri-

724 2930 868 2976 stum
916 2921 1049 2987 Dei,
1098 2938 1203 2978 non
1250 2922 1422 2991 ipsum
1474 2922 1686 2977 Patrem
1740 2932 1993 2992 sperant,
2024 2924 2145 2994 quia
2188 2939 2322 2979 nun-

725 3031 886 3087 quam
920 3016 1165 3074 Christus
1194 3017 1351 3073 Patcr
1378 3017 1611 3087 scriptus
1636 3026 1721 3073 est
1747 3016 2024 3087 venturus)
2050 3038 2062 3073 :
2090 3017 2316 3089 Loquor,

728 3108 902 3178 inquit
929 3151 945 3174 ,
978 3109 1143 3174 vobis,
1170 3119 1216 3164 et
1246 3127 1347 3165 non
1392 3109 1615 3165 creditis.
1653 3108 1823 3181 Opera
1842 3127 1957 3180 quas
1985 3128 2075 3181 ego
2104 3113 2238 3181 facio
2268 3112 2324 3165 in

727 3202 931 3255 nomine
959 3202 1163 3268 Patris,
1198 3203 1309 3271 ipsa
1338 3203 1401 3256 de
1444 3220 1524 3257 nte
1563 3204 1903 3257 testimonium
1942 3204 2137 3257 dicunt.
2184 3204 2321 3270 Quid

2434 1994 2628 2049 virtute
2656 2009 2670 2058 ;
2704 1992 2829 2059 quia
2858 1991 3017 2048 aliter
3042 1989 3208 2044 Filius
3233 1986 3379 2043 credi
3410 2000 3515 2041 non
3548 1991 3763 2053 posset,
3798 1980 3899 2036 nisi
3925 1978 4031 2035 duo

2418 2085 2789 2143 crederentur.

2987 2172 3218 2229 CAPUT
3261 2170 3450 2226 XXIII.

2496 2291 2626 2346 Post
2665 2289 2784 2344 lucc
2810 2297 2987 2344 autem
3014 2286 3219 2342 Martha
3249 2284 3443 2341 Filium
3476 2282 3564 2337 Dei
3595 2297 3717 2336 cum
3747 2280 3988 2335 confessa
4013 2321 4031 2345 ,

2424 2398 2530 2439 non
2578 2382 2746 2453 magis
2785 2383 3017 2447 erravit,
3071 2395 3229 2449 quam
3268 2379 3457 2433 Petrus
3489 2375 3716 2447 (Matth.
3756 2373 3909 2437 XVI,
3940 2372 4032 2440 IG)

2419 2487 2473 2532 et
2499 2474 2821 2540 Nathanael;
2852 2488 3155 2545 quanquam
3178 2472 3277 2527 etsi
3295 2478 3559 2533 errasset,
3584 2469 3762 2523 statim
3808 2465 4031 2518 didicis-

2420 2579 2523 2624 set.
2549 2568 2685 2623 Ecce
2699 2568 2861 2630 enim,
2882 2567 2947 2621 ad
2974 2564 3335 2621 suscitandum
3353 2563 3567 2616 fratrem
3590 2552 3707 2629 ejus
3723 2575 3753 2613 τι
3771 2558 4025 2621 mortuis,

2421 2660 2487 2715 ad
2512 2661 2705 2716 caelum
2736 2669 2789 2713 et
2816 2658 2880 2712 ad
2914 2659 3125 2712 Patrem
3169 2657 3424 2710 Dominus
3465 2652 3762 2723 suspiciens
3795 2670 3806 2705 :
3844 2649 4025 2717 Pater,

2423 2753 2593 2821 inquit
2633 2750 2812 2823 (Joan.
2860 2750 2964 2815 XI,
2996 2749 3087 2821 42)
3140 2748 3343 2821 [utique
3397 2745 3622 2818 Filius],
3678 2748 3869 2816 gratias
3930 2760 4032 2813 ago

2425 2845 2512 2897 tibi
2534 2886 2550 2910 ,
2582 2844 2717 2913 quod
2761 2860 2841 2896 nte
2872 2857 3066 2911 semper
3102 2840 3368 2895 exaudias.
3406 2837 3491 2907 (6)
3526 2838 3744 2905 Propter
3767 2837 3892 2888 istas
3922 2844 4033 2886 tur-

2424 2937 2514 2991 bas
2539 2939 2918 2991 circumstantes
2945 2935 3055 2988 dixi
3075 2976 3089 2999 ,
3122 2943 3173 2986 ut
3202 2931 3412 2986 credant
3442 2929 3579 2997 quod
3608 2939 3662 2980 tu
3693 2943 3770 2979 me
3807 2926 4030 2978 miseris.

2425 3029 2530 3085 Sed
2560 3041 2613 3084 et
2641 3030 2691 3083 in
2721 3026 3131 3083 conturbatione
3160 3025 3353 3077 animm
3378 3039 3391 3076 :
3432 3020 3496 3074 Et
3530 3020 3650 3086 quid
3674 3019 3887 3072 dicam?
3916 3016 4031 3069 Pa-

2427 3133 2523 3185 ter,
2555 3122 2750 3175 salvum
2790 3137 2868 3173 me
2914 3124 2997 3190 [ac
3033 3120 3095 3171 de
3142 3119 3239 3172 ista
3286 3117 3432 3170 hora.
3477 3115 3663 3184 Atquin
3701 3121 3905 3182 propter
3934 3112 4032 3165 hoc

2427 3214 2536 3269 veni
2578 3214 2631 3267 in
2665 3213 2815 3267 istam
2856 3212 3052 3265 horam.
3093 3209 3281 3263 Verum
3308 3251 3322 3275 ,
3356 3208 3533 3269 Pater,
3564 3207 3799 3276 glori/ica
3838 3220 4025 3257 nomen

728 3296 1095 3352 testimonium
1121 3302 1145 3350 ’ἰ
1174 3297 1348 3366 ipsum
1396 3297 1601 3351 scilicet
1649 3312 1771 3352 esse
1792 3339 1807 3361 ,
1839 3298 1907 3353 de
1954 3313 2062 3367 quo
2092 3298 2322 3354 interro-
2350 3292 2395 3355 C
2429 3305 2765 3371 tnum(Joan.
2787 3304 3033 3371 XII,‘£7).
3059 3302 3113 3355 In
3130 3316 3236 3371 quo
3256 3309 3371 3355 erat
3395 3310 3446 3354 et
3468 3300 3545 3367 (7)
3574 3298 3757 3351 Filius.
3785 3295 3918 3365 Ego,
3945 3296 4030 3349 in-

727 3390 928 3460 gabant
949 3431 964 3456 ,
996 3390 1045 3445 id
1077 3400 1160 3445 est
1202 3390 1475 3444 Christum
1510 3389 1622 3445 Dei.
1658 3391 1733 3445 De
1761 3390 1953 3446 ovibus
1982 3393 2142 3447 etiam
2172 3395 2283 3447 suis
2305 3434 2321 3457 ,

728 3482 875 3552 quod
903 3497 1061 3537 nemo
1091 3482 1211 3537 illas
1244 3481 1314 3538 de
1356 3497 1515 3541 manu
1543 3483 1660 3553 ejus
1689 3484 1924 3553 eriperet
1952 3502 1965 3538 :
2007 3484 2165 3539 Pater
2193 3486 2326 3539 enim

732 3575 869 3646 quod
898 3576 1022 3629 mihi
1061 3576 1236 3641 dedit,
1269 3577 1436 3645 majus
1470 3586 1545 3629 est
1580 3576 1809 3637 omnibus
1828 3574 1908 3649 (ὅ)
1933 3592 1953 3641 ;
1981 3588 2034 3632 et
2062 3576 2139 3649 (a)
2168 3596 2180 3631 :
2212 3575 2326 3649 Ego

732 3675 783 3721 et
832 3666 988 3722 Pater
1032 3684 1191 3722 unum
1234 3685 1429 3722 sumus.
1468 3667 1563 3723 IIic
1599 3683 1729 3739 ergo
1749 3668 1859 3738 jam
1889 3668 2111 3739 gradum
2142 3669 2329 3724 volunt

732 3758 901 3829 ﬁgere
928 3761 1075 3815 stulti
1100 3802 1116 3827 ,
1146 3762 1252 3815 imo
1278 3759 1405 3815 οπεοί
1424 3803 1439 3824 ,
1469 3761 1557 3830 qui
1590 3776 1694 3815 non
1723 3761 1971 3824 videant,
2000 3762 2171 3830 primo
2190 3760 2327 3832 ,Ego

731 3860 782 3908 et
812 3851 994 3919 Pater,
1024 3854 1251 3909 duorum
1273 3869 1393 3910 csse
1418 3853 1859 3925 signiﬁcationem
1885 3870 1898 3919 ;
1924 3854 2121 3910 dehinc
2151 3856 2203 3909 in
2231 3870 2327 3910 ιιοο

732 3945 954 4001 vissimo
977 3988 991 4002 .
1020 3963 1195 4001 sumus
1215 3988 1232 4013 ,
1262 3962 1368 4002 non
1411 3962 1475 4001 ex
1527 3947 1681 4002 tmius
1723 3961 1844 4003 esse
1885 3962 2109 4018 persona
2134 3990 2149 4015 ,
2180 3947 2322 4019 quod

733 4036 1012 4108 pluraliter
1032 4038 1232 4093 dictum
1258 4053 1341 4095 est
1368 4055 1383 4104 ;
1416 4049 1524 4094 tum
1550 4039 1693 4111 quod
1714 4080 1730 4105 ,
1758 4056 1919 4095 unum
1948 4057 2121 4096 sumus
2145 4084 2159 4107 ,
2193 4058 2321 4107 non,

742 4147 762 4179 ι
794 4144 929 4183 unus
957 4144 1163 4185 sumus.
1201 4150 1219 4180 ι
1256 4129 1313 4185 Si
1358 4133 1501 4186 enim
1542 4130 1795 4196 dixisset,
1832 4151 1851 4183 ι
1877 4147 2014 4186 unus
2043 4148 2226 4187 sumus
2251 4175 2267 4199 ,
2302 4154 2320 4187 ι

734 4222 995 4293 potuisset
1043 4222 1296 4292 adjuvare
1340 4222 1658 4277 sententiam
1709 4222 1942 4278 illorum.
1972 4223 2122 4280 Unus
2163 4225 2324 4281 etiam

735 4313 1021 4384 singularis
1072 4314 1281 4370 numeri
1324 4314 1646 4384 signilicatio
1694 4314 1921 4370 videtur.
1974 4316 2162 4372 Adhuc
2199 4332 2321 4373 cum

733 4408 843 4463 duo
865 4448 881 4475 ,
913 4408 1190 4465 masculini
1218 4407 1455 4477 generis.
1483 4405 1658 4463 Unum
1689 4407 1819 4463 dicit
1840 4449 1856 4473 ,
1882 4409 2104 4464 neutrali
2136 4410 2321 4480 verbo,

732 4502 877 4572 quod
922 4516 1030 4555 non
1064 4500 1294 4570 pertinet
1333 4500 1398 4555 ad
1443 4491 1864 4570 singularitatem
1889 4543 1905 4566 ,
1935 4501 2027 4557 sed
2057 4502 2123 4558 ad
2151 4504 2325 4559 unita-

733 4603 874 4657 tem,
909 4592 975 4648 ad
1014 4591 1414 4647 similitudinem
1440 4633 1454 4656 ,
1480 4590 1545 4644 ad
1591 4592 2052 4661 conjunctionem,
2080 4592 2147 4648 ad
2193 4594 2324 4651 dile-

2430 3398 2564 3468 quit,
2594 3395 2769 3465 (Joan.
2802 3395 2863 3461 V,
2897 3394 3010 3463 45).
3044 3394 3154 3447 veni
3176 3394 3225 3445 in
3248 3391 3418 3444 Patris
3440 3394 3657 3443 nomine.
3682 3388 3806 3442 lndc
3828 3387 4033 3440 scilicet

2428 3486 2925 3544 suﬁ'eccratFiliiad
2958 3487 3168 3541 Patrem
3191 3501 3312 3539 vos.
3338 3484 3477 3538 Ecce
3500 3499 3561 3536 cx
3592 3480 3914 3536 abundantia
3945 3478 4028 3551 (8)

2428 3583 2716 3652 respondet
2740 3580 2817 3651 (9)
2843 3580 2910 3635 de
2930 3580 3068 3636 ccelo
3088 3580 3264 3642 Pater,
3295 3578 3429 3631 Filio
3448 3582 3782 3631 contestatur
3804 3571 4026 3643 (Matth.

2430 3675 2601 3740 XVII,
2632 3677 2725 3745 5):
2759 3674 2859 3729 llic
2906 3684 2977 3728 est
3020 3673 3188 3726 Filius
3229 3688 3368 3724 meus
3412 3670 3654 3729 dilectus,
3685 3671 3738 3720 in
3776 3684 3874 3737 quo
3904 3668 4030 3720 bene

2429 3768 2599 3832 sensi,
2632 3766 2807 3820 audite
2834 3765 3001 3819 illum.
3034 3764 3108 3819 Ita
3140 3772 3194 3819 ct
3222 3763 3271 3817 in
3303 3764 3403 3816 isto
3423 3804 3438 3827 ,
3476 3759 3773 3828 Clori/ieavi
3793 3801 3808 3825 ,
3841 3768 3888 3811 et
3913 3758 4031 3828 glo-

2428 3858 2638 3929 ri/icabo
2667 3876 2843 3914 rursus
2882 3858 3019 3927 (I0),
3047 3864 3179 3929 quot
3213 3869 3457 3926 personae
3488 3853 3578 3907 tibi
3604 3851 3870 3916 videntur,
3899 3864 4029 3919 per-

2428 3954 2736 4009 versissime
2761 3953 2993 4017 Praxea,
3024 3950 3123 4005 nisi
3151 3956 3282 4020 quot
3311 3957 3364 4001 et
3394 3960 3556 4001 voces
3583 3945 3605 3999 ?
3634 3945 3799 3999 habes
3829 3942 4029 3998 Filium

2429 4046 2484 4100 in
2516 4046 2704 4111 terris,
2739 4045 2904 4099 habes
2952 4043 3162 4097 Patrem
3205 4042 3257 4093 in
3286 4039 3459 4093 caelis.
3490 4037 3605 4093 Non
3637 4047 3720 4092 est
3749 4036 4029 4107 separatio

2429 4136 2530 4194 ista
2554 4180 2570 4202 ,
2600 4137 2693 4192 sed
2724 4135 3005 4206 dispositio
3049 4134 3247 4188 divina.
3278 4133 3541 4187 therum
3563 4173 3577 4196 ,
3612 4131 3811 4186 scimus
3856 4130 4027 4183 Deum

2428 4228 2588 4282 etiam
2636 4229 2773 4283 intra
2819 4227 3043 4298 abyssos
3080 4240 3225 4291 esse,
3256 4234 3311 4278 et
3339 4224 3533 4291 ubique
3559 4222 3854 4277 consistere
3878 4263 3892 4286 ,
3926 4220 4026 4275 sed

2428 4319 2479 4373 vi
2508 4328 2567 4375 et
2593 4328 2873 4388 potestate.
2902 4318 3094 4374 Filiqu
3126 4332 3338 4388 quoque
3362 4357 3377 4382 ,
3412 4328 3470 4368 ut
3508 4314 3867 4376 individuum,
3899 4328 4024 4368 cum

2428 4412 2545 4482 ipso
2574 4412 2789 4483 ubique.
2823 4412 3021 4468 Tamen
3068 4412 3118 4465 in
3150 4412 3260 4481 ipsa
3293 4408 3589 4465 (Bconomia
3618 4449 3632 4473 ,
3670 4407 3830 4462 Pater
3855 4406 4027 4461 voluit

2429 4503 2621 4559 Filiqu
2650 4504 2701 4558 in
2722 4506 2880 4559 terris
2911 4502 3117 4569 haberi,
3140 4516 3198 4557 se
3227 4496 3353 4556 vero
3385 4502 3436 4553 in
3459 4499 3611 4555 ccclis
3639 4514 3653 4561 ;
3686 4514 3792 4567 quo
3824 4497 3938 4568 (II)
3969 4507 4027 4554 et

2428 4598 2542 4669 ipse
2570 4597 2735 4653 Filius
2773 4596 3075 4669 suspiciens
3101 4638 3115 4662 ,
3146 4607 3199 4650 et
3226 4595 3415 4649 orabat
3443 4604 3497 4651 ct
3527 4591 3828 4663 postulabat
3854 4606 3883 4645 a
3915 4591 4023 4645 Pa-

729 4685 963 4739 ctioncm
1001 4683 1204 4748 Patris,
1236 4683 1324 4753 qui
1364 4681 1554 4736 Filiqu
1586 4681 1758 4752 diligit
1786 4701 1801 4748 ;
1832 4694 1887 4739 et
1916 4683 1980 4738 ad
2008 4684 2320 4756 obsequium
2347 4689 2401 4749 D
2429 4700 2541 4755 tre,
2571 4705 2677 4761 quo
2705 4699 2761 4746 et
2788 4704 2887 4745 nos
2912 4700 3121 4744 erectos
3162 4687 3389 4741 docebat
3432 4700 3591 4738 orare
3622 4703 3634 4737 :
3668 4683 3822 4736 Pater
3852 4691 4025 4736 noster

734 4777 851 4833 Filii
876 4819 894 4845 ,
925 4777 1012 4848 qui
1041 4778 1296 4831 voluntati
1338 4776 1513 4832 Patris
1540 4775 1871 4845 obsequitur.
1911 4778 2081 4834 Unum
2109 4798 2283 4836 sumus
2303 4824 2318 4847 ,

732 4864 949 4935 dicens,
977 4885 1068 4939 ego
1087 4879 1135 4924 et
1170 4868 1343 4937 Pater,
1372 4868 1607 4926 ostendit
1631 4867 1768 4924 duos
1790 4884 1911 4927 esse
1931 4913 1947 4937 ,
1983 4886 2119 4942 quos
2146 4884 2319 4943 aequat

2404 4786 2514 4855 .qui
2541 4800 2592 4838 es
2614 4784 2665 4838 in
2683 4784 2821 4838 caelis
2844 4782 3167 4853 (Matth.VI,
3193 4780 3283 4851 19)
3310 4823 3321 4843 ,
3357 4788 3411 4834 et
3434 4777 3689 4847 cum(l‘2)
3719 4778 3787 4832 sit
3813 4786 3867 4831 et
3899 4777 4021 4831 ubi-

2426 4892 2531 4947 que
2554 4919 2569 4942 ,
2601 4876 2735 4932 hanc
2759 4875 2875 4948 (15)
2919 4875 3103 4932 sedem
3145 4890 3297 4930 suam
3326 4873 3493 4928 voluit
3544 4872 3703 4926 Pater
3733 4886 3747 4935 ;
3790 4871 4021 4924 minora-

1982 4983 2360 5045 LECTIONES
2385 4987 2800 5045 VARIAN‘I‘ES.

790 5101 862 5166 (1)
888 5103 1184 5166 Separamus
1207 5095 1355 5148 Seml.

791 5158 862 5222 (2)
889 5158 1022 5212 Deus
1043 5158 1191 5209 Seml.

790 5220 863 5299 (5)
890 5227 1039 5299 Pater
1058 5223 1293 5299 enimqui
1307 5220 1469 5299 major
1508 5226 1586 5299 est
1606 5222 1833 5299 omnibus
1855 5221 1993 5299 dedit
2031 5226 2149 5275 mihi
2182 5226 2269 5279 alii
2294 5240 2313 5289 ;

726 5285 869 5361 pater
886 5289 1024 5361 enim
1045 5285 1284 5361 qpiﬂdedit
1306 5286 1441 5344 mihi,
1466 5287 1615 5349 major
1638 5292 1716 5335 est
1737 5299 1865 5335 υιιιιι.
1892 5293 2006 5336 Jun.

812 5353 837 5400 ι
886 5346 1094 5398 Dixerat.
1112 5346 1261 5398 $81111.

892 5412 950 5461 Et
967 5411 1143 5461 Filium
1174 5408 1305 5461 abest
1326 5408 1473 5461 Seml.

811 5477 842 5525 6
887 5474 986 5524 Sed
1009 5472 1129 5524 add.
1159 5474 1264 5524 Lat.

789 5472 862 5536 (6)
887 5474 986 5524 Sed
1009 5472 1129 5524 add.
1159 5474 1264 5524 Lat.

2508 5101 2558 5155 7)
2583 5102 2646 5155 Et
2664 5103 2808 5155 omitt.
2838 5101 2985 5154 Seml.

2508 5161 2558 5216 8)
2586 5166 2657 5216 Ex
2679 5167 2939 5215 abundanti
2968 5161 3123 5215 Latin.

2507 5228 2557 5291 9)
2584 5228 2852 5291 Respondit
2876 5230 3027 5277 Fran.

2513 5285 2587 5350 l0)
2609 5285 2913 5348 Gldriﬁeabo,
2939 5304 3107 5339 rursus
3130 5285 3280 5339 Seml.
3314 5290 3477 5338 Venet.

2483 5353 2525 5471 (I
2544 5354 2586 5415 1)
2606 5354 2742 5431 Quod
2761 5354 2905 5403 Seml.

2515 5416 2589 5471 I9.)
2616 5416 2760 5465 Lmhs
2784 5430 2795 5464 :
2821 5430 2905 5465 cun

2515 5412 2589 5465 I9.)
2616 5416 2760 5465 leis
2784 5430 2795 5464 :
2821 5430 2929 5465 cum
2957 5412 3105 5465 Seml.

2482 5475 2587 5542 (15)
2616 5478 2813 5542 Utique,
2840 5478 2962 5527 hanc
2983 5475 3085 5527 alii.

2483 5101 2506 5347 ἒ

2070 5605 2627 5665 COMMENTARIUS.

788 5748 940 5804 CAP.
965 5745 1133 5803 XXII.
1154 5777 1225 5787 —
1249 5746 1325 5819 (a)
1354 5746 1464 5819 Ego
1510 5757 1555 5802 et
1595 5758 1738 5818 pater
1768 5764 1923 5803 unum
1953 5766 2146 5805 sumus.
2180 5748 2302 5804 Haec

716 5821 902 5877 eadem
956 5820 1116 5873 verba
1165 5835 1389 5890 qumgex
1436 5819 1590 5874 Joan.
1622 5820 1726 5885 10,
1766 5823 2083 5890 assumpsit,
2118 5820 2297 5876 retulit

713 5907 833 5963 cap.
861 5892 931 5946 ‘20
956 5934 969 5957 ,
1002 5892 1268 5962 superius.
1301 5888 1394 5945 llla
1433 5900 1609 5947 autem
1641 5888 2027 5963 detorquebant
2056 5892 2293 5948 hmretici

2406 5746 2805 5813 monarchiani,
2845 5747 2934 5817 qui
2964 5746 3087 5802 inde
3128 5744 3323 5800 factum
3350 5743 3603 5813 putabant
3634 5749 3691 5795 ut
3733 5751 4009 5817 constaret

2404 5821 2564 5875 alium
2592 5835 2695 5873 non
2727 5815 3067 5874 essc’Filium
3090 5834 3119 5872 a
3147 5818 3342 5879 Patre;
3378 5830 3497 5868 cum
3529 5823 3708 5869 tamen
3742 5815 4002 5869 unitatem

2406 5892 2651 5946 csscutiie
2678 5890 2878 5956 dicant,
2924 5906 3026 5945 non
3056 5904 3319 5961 personae.
3353 5886 3429 5941 LE
3470 5887 3567 5939 I’n.
