4262 6490
190 421 291 478 I85

1350 409 1557 467 LIBER
1597 404 1956 467 ADVERSUS
1998 402 2346 462 PRAXEAM.

3392 398 3495 456 186

189 544 255 598 vit
286 544 369 613 (I)
400 540 593 598 Filium
631 540 830 596 modico
867 544 995 595 citra
1021 537 1230 609 angelos
1251 536 1369 611 (Ps.
1402 534 1546 599 VIII,
1580 532 1637 605 6)
1662 572 1677 595 .
1707 532 1775 588 ad
1804 530 1856 589 Α
1883 524 2066 581 Deus?
2092 524 2274 594 utique
2304 536 2409 578 non
2440 522 2631 590 Pater,
2663 520 2757 576 sed
2787 520 2979 580 Sermo
3012 520 3215 590 Patris,
3248 521 3338 592 qui
3361 530 3479 575 erat

193 648 389 692 terram
411 634 780 699 demittendo;
804 634 972 704 gloria
991 641 1157 687 tamen
1178 640 1223 687 et
1246 633 1437 686 honore
1454 640 1791 685 coronaturus

191 729 337 782 illim:
357 771 371 793 ,
403 729 455 783 in
483 728 651 784 cmlos
695 726 1037 783 resumenda.
1072 724 1196 781 Hmc
1221 724 1331 795 jam
1360 723 1647 795 praestabat
1673 723 1789 789 illi,

191 821 377 877 dicens
398 863 415 887 ,
448 821 511 876 Et
542 821 827 893 gloriﬁcavi
848 862 865 888 ,
891 827 938 873 et
983 818 1305 891 glori/icabo.
1355 816 1597 873 Postulat
1622 815 1790 871 Filius

192 914 257 969 de
290 914 452 969 terris
473 956 488 979 ,
522 914 674 968 Pater
722 912 983 983 prontittit
1011 926 1040 965 a
1066 910 1241 968 cmlis.
1292 909 1429 978 Quid
1477 908 1789 965 mendacem

194 1006 328 1061 facis
358 1016 414 1061 et
446 1006 657 1061 Patrem
694 1014 748 1061 et
789 1005 983 1061 Filium
1011 1046 1027 1072 ,
1056 1005 1102 1059 si
1131 1013 1222 1059 aut
1251 1003 1329 1077 (2)
1357 1003 1515 1060 Pater
1541 1004 1610 1058 de
1637 1002 1793 1060 caelis

197 1098 519 1168 loquebatur
564 1098 630 1153 ad
677 1097 907 1163 Filium,
936 1112 1059 1152 cum
1103 1097 1219 1165 ipse
1264 1107 1411 1154 esset
1455 1096 1625 1153 Filius
1650 1096 1792 1167 apud

197 1200 407 1253 terras;
442 1201 533 1249 aut
567 1191 732 1247 Filius
760 1190 827 1245 ad
871 1191 1085 1246 Patrem
1136 1189 1475 1261 precabatur,
1505 1204 1627 1245 cum
1679 1190 1793 1260 ipse

195 1295 341 1339 esset
368 1284 529 1339 Pater
554 1283 693 1355 apud
718 1283 930 1339 cmlos?
958 1284 1125 1351 Quale
1151 1294 1234 1338 est
1261 1292 1318 1338 ut
1346 1282 1518 1339 Filius
1548 1284 1673 1339 item
1698 1298 1797 1355 po-

196 1376 420 1430 stularet
462 1376 540 1447 (5)
567 1392 593 1428 ε
622 1377 914 1447 semetipso
935 1418 949 1442 ,
983 1374 1303 1447 postulando
1342 1391 1371 1430 a
1420 1376 1610 1443 Patre,
1640 1378 1685 1431 si
1715 1377 1795 1446 (4)

200 1470 369 1527 Filius
399 1481 515 1525 erat
538 1470 725 1536 Pater;
756 1481 846 1525 aut
876 1471 1067 1527 iterum
1092 1471 1249 1526 Pater
1270 1471 1372 1527 sibi
1394 1472 1493 1544 ipsi
1518 1472 1798 1543 promitte-

200 1572 318 1625 ret,
364 1562 727 1632 promittendo
774 1562 949 1631 Filio,
978 1564 1021 1618 si
1073 1563 1233 1619 Pater
1278 1564 1437 1619 erat?
1462 1565 1618 1622 utsic
1660 1565 1797 1622 duos

198 1653 405 1710 divisos
452 1653 755 1711 diceremus
779 1698 793 1721 ,
830 1656 1100 1727 quomodo
1138 1656 1399 1727 jactitatis
1422 1697 1436 1722 ,
1466 1657 1796 1714 tolerabilius

198 1755 316 1801 erat
362 1746 502 1801 duos
544 1747 784 1816 divisos,
811 1764 972 1820 quam
1020 1765 1186 1806 unum
1243 1749 1412 1805 Deum
1459 1751 1796 1821 versipellem

202 1840 516 1910 pra‘dicare.
545 1840 726 1913 Itaque
751 1843 817 1898 ad
851 1844 982 1898 istos
1011 1852 1136 1900 tunc
1165 1844 1245 1919 (5)
1277 1845 1535 1901 Dominus
1562 1861 1798 1916 pronun-

1901 617 1953 672 in
1980 615 2091 672 lilio
2123 615 2354 671 hominis
2377 658 2393 681 ,
2428 615 2478 669 id
2505 622 2589 671 est
2620 614 2671 669 in
2702 629 2865 669 carne
2888 656 2901 680 ,
2929 613 2982 669 in
3012 629 3115 686 qua
3143 622 3199 669 et
3226 614 3496 685 glorilica-

1895 716 1982 762 tus
2007 708 2159 778 jam;
2209 706 2405 763 virtute
2454 721 2582 762 vero
2620 716 2675 763 et
2714 721 2966 763 sermone
2993 746 3009 771 ,
3038 714 3094 762 et
3138 715 3263 762 ante
3309 705 3495 761 Jesum

1894 798 2013 869 (9):
2050 797 2114 853 Et
2166 796 2341 864 Deus,
2391 799 2596 869 inquit,
2629 799 2933 870 glori/ienuit
2964 797 3079 872 (I0)
3122 797 3270 853 illum
3300 799 3351 852 in
3404 813 3484 852 se-

1896 892 2108 962 metipso
2132 930 2148 956 ,
2178 892 2229 945 id
2267 899 2383 959 est,
2416 890 2578 947 Pater
2616 891 2805 946 Filium
2839 890 2956 963 (II)
2979 891 3031 945 in
3072 890 3373 962 semetipso
3401 890 3499 944 ha-

1894 983 2026 1040 bens
2051 1024 2066 1050 ,
2097 984 2197 1039 etsi
2231 994 2539 1054 porrectum
2578 985 2643 1037 ad
2686 991 2885 1039 terram
2910 1024 2926 1049 ,
2958 998 3081 1037 mox
3112 997 3208 1053 per
3239 997 3485 1039 resurre-

1894 1077 2127 1135 ctionem
2165 1076 2483 1148 glorilicavit
2513 1074 2628 1148 (I2)
2652 1118 2667 1143 ,
2704 1085 2879 1131 morte
2904 1074 3140 1131 devicta.

2466 1188 2692 1245 CAPUT
2739 1187 2932 1244 XXIV.

1973 1307 2131 1363 Erant
2165 1307 2281 1381 (l3)
2338 1307 2497 1380 plane
2541 1306 2632 1379 qui
2680 1316 2736 1362 et
2779 1317 2905 1362 tunc
2956 1321 3060 1361 non
3112 1304 3497 1378 intelligerent.

1897 1401 2160 1471 Quoniam
2187 1411 2243 1457 et
2268 1401 2504 1457 Thomas
2548 1399 2860 1471 aliquandiu
2893 1398 3240 1455 incredulus:
3277 1398 3495 1455 Domine

1898 1496 2041 1551 enim
2064 1537 2079 1560 ,
2112 1493 2281 1565 inquit
2335 1491 2515 1566 (Joan.
2572 1491 2688 1548 XVI
2708 1534 2722 1558 ,
2748 1490 2806 1565 ὅ)
2826 1533 2839 1555 ,
2870 1508 2969 1546 non
3013 1492 3200 1545 scimus
3247 1507 3345 1561 quo
3374 1507 3460 1545 eas
3482 1533 3500 1558 ,

1898 1599 1944 1644 et
1972 1590 2225 1660 quomodo
2250 1589 2381 1643 viain
2412 1590 2643 1642 novimus
2674 1587 2699 1641 ?
2730 1587 2795 1642 Et
2835 1586 2993 1642 Jesus
3019 1604 3031 1640 :
3066 1584 3173 1657 Ego
3215 1602 3326 1639 sum
3371 1586 3452 1640 via
3478 1627 3498 1653 ,

1900 1682 2079 1736 veritas
2105 1693 2151 1735 et
2179 1683 2302 1735 vita.
2334 1679 2501 1735 Nemo
2526 1680 2657 1734 venit
2685 1678 2753 1732 ad
2795 1677 3004 1733 Patrem
3052 1679 3151 1732 nisi
3197 1695 3286 1746 per
3309 1695 3405 1732 me.
3440 1677 3504 1734 Si

1899 1773 2258 1842 cognovissetis
2312 1788 2425 1839 me,
2468 1772 2827 1843 cOgnovissetis
2876 1780 2921 1826 et
2982 1769 3190 1824 Patrem
3215 1786 3234 1825 :
3264 1771 3351 1825 sed
3379 1770 3497 1845 (14)

1900 1863 2084 1918 abhinc
2124 1866 2282 1918 nostis
2325 1865 2503 1927 illum,
2537 1875 2584 1919 et
2625 1865 2823 1919 vidistis
2857 1863 3026 1918 illum.
3063 1863 3129 1918 Et
3160 1866 3505 1934 pervenimus

202 1935 350 1988 tiavit
381 1933 563 2006 (Joan.
599 1935 701 1991 XII.
719 1979 733 2003 ,
761 1936 853 2010 30)
883 1956 895 1990 :
930 1936 1051 1992 Non
1072 1949 1280 2009 propter
1301 1956 1379 1994 me
1399 1940 1497 1993 ista
1517 1956 1615 1994 vox
1642 1941 1795 2006 venit,

1902 1958 2010 2030 jam
2043 1958 2106 2013 ad
2142 1958 2445 2029 Philippum
2466 1998 2481 2024 ,
2509 1959 2598 2029 qui
2629 1972 2724 2027 spe
2755 1958 3017 2013 excitatus
3047 1929 3259 2012 vide-udi
3289 1957 3499 2025 Patris,

200 2027 288 2078 sed
313 2037 525 2095 propter
550 2044 635 2082 vos
660 2044 679 2092 ;
710 2040 763 2082 ut
782 2030 990 2083 credant
1029 2029 1119 2097 hi,
1152 2038 1207 2086 et
1238 2028 1451 2086 Patrem
1481 2041 1537 2087 ct
1566 2031 1757 2088 Filium
1781 2074 1796 2098 ,

203 2117 253 2168 in
302 2117 417 2172 suis
467 2134 736 2191 quemque
781 2122 1089 2178 nominibus
1113 2162 1128 2188 ,
1160 2133 1214 2178 et
1254 2125 1499 2196 personis
1523 2167 1539 2193 ,
1568 2135 1623 2181 et
1644 2126 1797 2182 locis.

202 2206 305 2261 Sed
337 2208 517 2267 adhuc
546 2213 809 2269 exclamat
838 2214 996 2269 Jesus
1022 2222 1077 2271 et
1106 2215 1236 2272 dicit
1263 2234 1275 2271 :
1308 2217 1411 2283 Qui
1434 2219 1591 2272 credit
1620 2220 1672 2274 in
1699 2236 1798 2287 me,

203 2320 300 2356 non
323 2306 375 2358 in
405 2322 483 2359 me
509 2308 666 2361 credit
692 2309 823 2373 ;sed
847 2310 899 2363 in
920 2326 1034 2364 eum
1058 2312 1219 2366 credit
1242 2313 1330 2383 qui
1359 2329 1440 2367 me
1484 2314 1617 2368 misit
1654 2314 1800 2386 (quia

204 2411 297 2464 per
344 2396 541 2453 Filium
590 2400 640 2455 in
696 2400 907 2457 Patrem
952 2402 1187 2458 creditur
1215 2445 1229 2469 ,
1256 2414 1311 2459 et
1346 2405 1639 2460 auctoritas
1685 2420 1801 2463 ere-

203 2487 361 2542 demli
398 2488 534 2545 Filio
553 2534 566 2552 ,
604 2492 758 2547 Pater
786 2503 868 2550 est
894 2495 914 2565 )
941 2512 952 2556 ;
983 2506 1028 2548 et
1059 2496 1147 2563 qui
1169 2496 1413 2565 conspicit
1443 2514 1522 2551 me
1546 2497 1649 2571 (6),
1681 2516 1802 2554 con-

207 2581 357 2649 spicit
382 2597 497 2637 enm
520 2584 607 2652 qui
636 2602 714 2639 me
743 2586 893 2639 misit.
928 2586 1210 2654 Quomodo
1234 2589 1257 2641 ?
1289 2589 1541 2654 Quoniam
1563 2592 1750 2645 scilicet
1769 2608 1801 2645 a

207 2675 501 2744 menietipso
549 2693 649 2730 non
697 2694 809 2731 sum
855 2679 1093 2745 locutus;
1121 2680 1211 2734 sed
1244 2682 1329 2750 qui
1351 2697 1430 2735 me
1460 2684 1594 2735 misit
1621 2681 1799 2750 Pater,

204 2766 314 2832 ipse
351 2768 481 2819 mihi
523 2769 817 2822 mandatum
846 2770 981 2824 dedit
1004 2772 1127 2837 quid
1146 2772 1313 2825 dicam
1336 2813 1351 2838 ,
1382 2783 1429 2827 et
1452 2774 1575 2845 quid
1600 2774 1801 2846 loquar,

207 2857 461 2912 Dominus
491 2862 633 2916 enim
677 2864 762 2915 dat
804 2863 927 2915 mihi
970 2864 1202 2934 linguam
1236 2865 1523 2937 disciplinae
1543 2910 1558 2935 ,
1586 2870 1655 2922 ad
1680 2885 1802 2940 cog-

203 2953 517 3005 noscendum
544 2956 749 3022 quando
788 2966 1017 3025 aporteat
1047 2956 1215 3011 dicere
1238 2974 1517 3013 sermonem
1537 2978 1684 3031 quem
1711 2978 1803 3032 ego

201 3044 387 3111 loquor
420 3043 517 3115 (Is.
552 3045 639 3107 IV,
668 3046 747 3118 4).
798 3048 946 3102 Sicut
994 3050 1119 3103 mihi
1160 3049 1318 3104 Pater
1361 3052 1525 3119 dixit,
1555 3054 1626 3106 ita
1653 3063 1697 3107 et
1727 3055 1803 3108 lo-

199 3150 329 3202 quor
358 3133 543 3206 (Joan.
572 3135 662 3190 XII
679 3180 691 3200 ,
715 3138 829 3207 50).
857 3138 981 3193 llzec
1004 3141 1275 3210 quomodo
1297 3141 1436 3198 dicta
1464 3142 1605 3209 sint,
1629 3142 1802 3200 Evan-

201 3226 464 3294 gelizator
510 3238 564 3282 et
613 3230 794 3300 utique
850 3240 954 3286 tam
1002 3233 1179 3288 clarus
1227 3234 1525 3305 discipulus
1568 3236 1802 3293 Joannes

203 3322 410 3391 magis,
441 3338 603 3393 quam
650 3325 918 3393 Praxcas,
963 3336 1186 3383 noverat
1238 3328 1364 3403 (7);
1415 3331 1644 3402 ideoque
1688 3333 1803 3403 ipse
1830 3323 1873 3386 C

198 3415 266 3468 de
294 3431 398 3468 suo
424 3430 585 3469 sensu
618 3434 631 3469 :
664 3419 790 3474 Ante
834 3430 1001 3473 autem
1032 3421 1403 3476 solemnitatem
1435 3423 1652 3479 Pascha:
1678 3426 1758 3495 (a)
1784 3468 1801 3494 ,

201 3508 376 3577 inquit
404 3506 585 3580 (Joan.
620 3508 735 3564 XIII
760 3550 774 3577 ,
812 3512 893 3582 1).
922 3515 1083 3568 sciens
1102 3513 1257 3569 Jesus
1285 3518 1456 3571 omnia
1492 3518 1588 3573 sibi
1614 3520 1802 3575 tradita

198 3617 228 3652 a
263 3599 423 3653 Patre
444 3617 585 3667 esse,
618 3612 663 3655 et
689 3620 741 3657 se
782 3620 846 3658 ex
889 3603 999 3660 Deo
1039 3608 1223 3664 exiisse
1262 3608 1377 3680 (8),
1428 3610 1497 3665 ad
1524 3610 1689 3665 Deum
1714 3628 1803 3666 va-

199 3692 338 3745 dere.
370 3692 479 3747 Sed
508 3692 739 3749 Praxeas
764 3696 936 3765 ipsum
982 3698 1092 3753 vult
1139 3700 1350 3757 Patrem
1392 3703 1460 3757 de
1509 3704 1801 3773 semetipso

198 3786 403 3841 exiisse
429 3827 444 3851 ,
472 3796 524 3841 et
553 3786 618 3841 ad
650 3790 995 3860 semetipsum
1018 3793 1236 3860 abiisse,
1265 3802 1324 3849 ut
1348 3794 1595 3853 diabolus
1623 3799 1673 3852 in
1704 3814 1800 3856 cor

195 3879 352 3935 Judze
374 3922 388 3943 ,
421 3894 528 3933 non
562 3879 682 3935 Filii
726 3884 1066 3939 traditionem
1092 3926 1106 3950 ,
1136 3886 1232 3941 sed
1278 3887 1451 3943 Patris
1499 3890 1665 3960 ipsius
1697 3892 1799 3946 itu-

198 3976 432 4030 miserit.
467 3972 577 4028 Nec
619 3975 835 4032 diabolo
862 3977 998 4033 bene
1023 4020 1038 4046 ,
1072 3994 1170 4034 nec
1221 3979 1515 4049 haeretica;
1548 3986 1669 4054 quia
1700 4000 1801 4042 nec

200 4068 252 4122 in
286 4069 425 4124 Filio
451 4068 595 4122 bono
622 4081 722 4123 suo
751 4068 995 4126 diabolus
1020 4080 1273 4140 operatus
1309 4082 1393 4129 est
1436 4075 1797 4133 traditionem.

202 4161 373 4215 Filius
412 4161 557 4216 enim
604 4160 834 4216 traditus
859 4172 942 4217 est
985 4162 1114 4232 Dei,
1145 4165 1235 4234 qui
1266 4177 1383 4220 erat
1409 4166 1458 4220 in
1494 4167 1602 4222 filio
1629 4168 1798 4223 homi-

1907 2067 2005 2107 nec
2055 2053 2360 2122 intelligens
2411 2050 2680 2122 quomodo
2740 2051 2911 2105 visum
2950 2052 3161 2107 Patrem
3221 2051 3501 2109 audisset:

1908 2141 2160 2211 Ostende,
2191 2146 2400 2215 inquit,
2454 2145 2602 2200 nobis
2652 2142 2903 2210 Patrem,
2929 2156 2976 2198 et
3023 2144 3201 2216 suﬁicit
3242 2145 3405 2201 nobis.
3440 2144 3506 2201 Et

1909 2239 2166 2295 Dominus
2198 2256 2212 2296 :
2249 2238 2530 2309 Philippe,
2587 2246 2727 2292 tanto
2777 2247 3003 2308 tempore
3047 2240 3302 2293 vobiscum
3344 2257 3456 2294 sum
3486 2281 3502 2306 ,

1905 2344 2078 2389 etnon
2125 2333 2428 2404 cognovistis
2472 2331 2593 2385 me?
2622 2331 2792 2400 Quem
2847 2331 2977 2387 dicit
3023 2335 3272 2403 cognosci
3301 2333 3369 2387 ah
3396 2334 3503 2390 illis

1905 2425 2155 2482 debuisse
2182 2426 2310 2500 (hoc
2337 2427 2482 2482 enim
2513 2426 2686 2480 solum
2714 2426 2904 2481 discuti
2933 2425 3192 2497 oportet),
3220 2426 3371 2497 quasi
3396 2425 3502 2479 Pa-

1906 2528 2064 2586 trem,
2110 2536 2176 2574 an
2230 2520 2381 2591 quasi
2431 2518 2669 2573 Filium?
2719 2516 2773 2573 Si
2826 2520 2975 2589 quasi
3036 2520 3271 2586 Patrem,
3317 2519 3529 2597 doeeat_

1905 2609 2138 2667 Praxeas
2164 2653 2177 2675 ,
2209 2620 2359 2665 tanto
2388 2621 2630 2681 tempore
2685 2609 2956 2666 Christum
3011 2626 3133 2665 cum
3174 2613 3252 2666 eis
3277 2626 3507 2666 conver-

1905 2716 2111 2773 satum,
2143 2704 2356 2759 Patrem
2402 2703 2719 2775 aliquando,
2754 2718 2858 2756 non
2890 2702 3010 2756 dico
3036 2702 3292 2772 intelligi,
3321 2719 3507 2758 verum

1906 2798 1991 2855 vel
2051 2798 2306 2853 testimari
2375 2799 2631 2868 potuisse.
2686 2795 2801 2870 (ὁ)
2868 2795 3032 2851 Nobis
3082 2811 3270 2851 omnes
3313 2797 3503 2867 Scrip-

1908 2898 2072 2958 turai,
2105 2902 2157 2945 et
2182 2901 2389 2945 veteres
2417 2890 2687 2944 Christum
2719 2888 2809 2943 Dei
2841 2929 2854 2953 ,
2888 2896 2943 2943 et
2994 2903 3145 2942 novae
3182 2887 3373 2942 Filium
3409 2888 3502 2942 Dei

1906 2981 2211 3051 praeliniunt
2266 2980 2366 3053 (ιτ).
2427 2980 2539 3034 Hoc
2590 2988 2644 3033 et
2699 2989 2842 3033 retro
2907 2978 3302 3049 praedicabatur
3334 3020 3348 3043 ,
3405 2978 3509 3035 Itoc

1905 3084 1959 3129 et
1994 3072 2064 3127 ab
2112 3074 2228 3141 ipso
2276 3071 2497 3127 Christo
2547 3071 3032 3141 pronuntiabatur;
3077 3074 3185 3125 imo
3225 3071 3335 3142 jam
3362 3073 3510 3126 etab

1906 3164 2022 3235 ipso
2044 3164 2202 3219 Patre
2221 3178 2401 3219 coram
2430 3163 2497 3218 de
2518 3163 2672 3218 caelis
2696 3162 2890 3217 Filium
2915 3161 3216 3232 proﬁtente,
3238 3173 3290 3216 et
3314 3161 3507 3217 Filium

1904 3255 2238 3326 gloriﬁcanle
2262 3270 2275 3309 :
2300 3254 2394 3310 Hic
2420 3264 2491 3309 est
2513 3252 2679 3308 Filius
2700 3270 2862 3317 mens,
2884 3263 2971 3308 ct:
2998 3251 3295 3322 Glori/icavi
3316 3264 3362 3307 et
3392 3254 3508 3325 glo-

1908 3348 2140 3417 ri/icobo.
2176 3348 2288 3403 Iloc
2312 3356 2366 3403 et
2390 3362 2419 3399 a
2451 3345 2731 3418 discipulis
2769 3344 3114 3406 credebatur.
3141 3344 3245 3399 hoc
3274 3354 3329 3400 et
3355 3359 3383 3399 a
3412 3343 3504 3399 Juo

1908 3438 2042 3494 diris
2085 3456 2189 3494 non
2236 3438 2577 3504 credebatur,
2626 3435 2728 3492 hoc
2760 3452 2819 3491 se
2846 3435 3034 3489 volens
3074 3435 3222 3490 credi
3264 3434 3333 3490 ab
3363 3435 3467 3491 illis
3492 3474 3508 3502 ,

1904 3533 2051 3587 omni
2075 3531 2203 3585 hora
2234 3531 2447 3585 Patrem
2477 3529 2816 3592 nominabat,
2836 3536 2891 3582 et
2920 3526 3137 3581 Patrem
3168 3526 3508 3595 praeferebat,

1904 3631 1960 3680 ct
1993 3622 2207 3677 Patrem
2260 3620 2577 3676 honorabat.
2623 3619 2678 3675 Si
2719 3619 2787 3673 ita
2820 3627 2934 3685 est,
2965 3634 3094 3688 ergo
3139 3634 3244 3673 non
3296 3618 3510 3673 Patrem

1910 3724 2063 3769 tanto
2090 3722 2334 3785 tempore
2360 3726 2540 3768 secum
2567 3718 2942 3766 conversatum
2966 3709 3351 3779 ignoraveraut
3370 3751 3384 3773 ,
3413 3710 3510 3765 sed

1903 3806 2121 3863 Filium.
2152 3808 2221 3863 Et
2267 3808 2526 3864 Dominus
2572 3821 2696 3861 eum
2741 3819 2801 3860 se
2847 3804 3111 3874 ignoranti
3142 3804 3509 3873 exprobrans,

1902 3918 2062 3974 quem
2114 3904 2488 3974 ignoraverant
2517 3942 2532 3967 ,
2578 3916 2699 3955 cum
2760 3899 2942 3969 utique
2988 3900 3205 3967 agnosci
3266 3898 3507 3964 volebat,

1903 4013 2063 4068 quem
2097 4007 2246 4052 tanto
2286 4006 2529 4065 tempore
2577 4010 2683 4048 non
2733 3991 2951 4060 agnosci
2982 3990 3426 4059 exprobraverat,
3460 3990 3512 4046 id

1902 4100 1984 4143 est
2031 4089 2245 4144 Filium.
2278 4088 2346 4142 Et
2375 4101 2637 4155 apparere
2680 4085 2789 4152 jam
2834 4092 2955 4152 post
3001 4082 3273 4153 quomodo
3302 4082 3503 4137 dictum

1903 4182 2004 4249 sit,
2039 4182 2140 4248 Qui
2187 4198 2263 4235 me
2294 4180 2457 4243 ridet,
2495 4178 2628 4231 videt
2812 4185 2859 4230 et
2888 4174 3121 4229 Patrem.
3165 4174 3382 4229 Scilicet
3407 4190 3515 4245 quo

202 4258 317 4319 nis,
349 4256 491 4308 sicut
513 4254 789 4327 Scriptura
815 4257 1089 4329 subjungit
1120 4274 1139 4313 :
1169 4259 1326 4314 Nunc
1373 4260 1695 4332 glori/iratus
1725 4274 1798 4319 est

1902 4284 1953 4329 et
1981 4290 2139 4344 supra
2166 4316 2182 4340 ,
2220 4271 2329 4343 Ego
2362 4282 2407 4324 et
2440 4269 2599 4326 Pater
2637 4286 2797 4324 unum
2827 4284 3003 4322 sumus
3050 4265 3228 4337 (Joan.
3255 4265 3396 4331 XIV,
3428 4265 3512 4339 6).

206 4351 344 4418 [ilius
371 4350 592 4404 hominis
616 4390 632 4417 ,
664 4359 711 4406 et
748 4349 889 4406 Deus
938 4353 1258 4424 glori/iratus
1301 4366 1375 4412 est
1419 4358 1472 4411 in
1516 4358 1628 4412 illo.
1658 4359 1796 4428 Quid
1899 4363 2121 4432 Quare?
2147 4366 2267 4435 quia
2291 4405 2305 4427 ,
2343 4359 2451 4434 Ego
2479 4378 2543 4417 ex
2593 4360 2696 4416 Deo
2725 4359 2854 4415 exivi
2882 4367 2928 4415 et
2959 4358 3073 4411 veni
3098 4374 3116 4424 ;
3140 4366 3194 4412 et
3218 4400 3233 4426 ,
3265 4357 3375 4430 Ego
3400 4374 3514 4413 sunt

1418 4470 1799 4532 LECTIONES
1838 4476 2265 4535 VARIANTES.

296 4579 341 4643 1)
366 4578 549 4627 Voluit.
572 4578 723 4643 Pater
745 4581 1005 4631 minoravit
1028 4579 1177 4632 Semt.

290 4640 339 4701 '2)
364 4644 543 4691 Autem
566 4640 715 4692 Seml.

268 4704 340 4823 (ὃ)
369 4702 589 4778 Postulet
612 4703 762 4754 Seml.

292 4768 321 4815 4
366 4767 416 4815 Si
439 4772 589 4816 απττι.
616 4765 762 4817 Seml.

292 4764 339 4817 4)
366 4767 416 4815 Si
439 4764 589 4816 mtitt.
616 4765 765 4817 Seml.

288 4829 340 4880 3)
365 4830 505 4879 Nunc
527 4829 677 4879 Semt.

290 4903 343 5017 it

292 5015 665 5081 emissem.

1994 4589 2047 4653 9)
2070 4589 2095 4639 τ
2104 4602 2217 4639 esus
2241 4586 2390 4638 Seml.

2003 4651 2081 4702 1ο)
2117 4649 2417 4702 Gloriiicabit
2442 4650 2567 4701 Jun.

1998 4711 2076 4773 II)
2101 4723 2250 4773 Quem
2274 4713 2395 4764 add.
2422 4711 2571 4764 Seml.

2000 4770 2073 4827 t2)
2099 4770 2399 4827 Glorilicabit
2418 4778 2565 4825 omitt.
2592 4770 2746 4824 Scml.

2000 4836 2077 4890 I3)
2102 4837 2307 4888 Devicta
2331 4842 2475 4887 erant
2495 4836 2659 4890 Paris.

2002 4845 2057 4888 15
2102 4845 2307 4888 Devicta
2331 4845 2475 4887 erant

2002 4845 2078 5013 ιζ)
2104 4900 2167 4973 Et
2189 4898 2492 4975 Sami.

2005 4964 2022 5013 1
2068 4963 2235 5013 Ithit
2255 4962 2359 5013 ain.

2005 4962 2083 5029 ις)
2102 4963 2235 5015 Vidit

1559 5130 2125 5196 COMMENTARIUS.

274 5246 431 5303 CAP.
454 5242 648 5299 XXIII.
666 5242 825 5315 ——(a)
840 5244 1147 5299 Anteautem
1168 5242 1533 5299 solemnitatem
1554 5243 1791 5304 Paschte.

204 5319 331 5375 ηερ
351 5316 513 5372 verba
536 5316 691 5369 Joan.
720 5315 810 5378 13,
841 5317 1166 5385 transposito
1189 5315 1319 5369 citat
1342 5315 1528 5369 ordine
1552 5333 1565 5379 ;
1597 5317 1793 5386 alioqui

202 5407 322 5449 cum
358 5387 578 5457 reliquis
602 5386 890 5450 consentit,
918 5388 1099 5456 legens
1126 5387 1287 5440 etiam
1314 5402 1436 5442 cum
1468 5387 1680 5456 vulgato
1710 5390 1793 5444 in-

203 5470 443 5529 terprete
460 5499 477 5523 ,
508 5458 849 5528 quantumvis
873 5472 1047 5528 gra-ce
1074 5457 1143 5511 sit
1170 5464 1215 5512 ιν
1239 5462 1366 5530 abi-qs
1386 5499 1401 5523 ,
1428 5459 1480 5512 in
1508 5459 1791 5530 semetipso.

201 5532 337 5588 Plut.
366 5531 494 5586 Haec
525 5544 625 5583 vos
646 5570 663 5594 ,
694 5536 741 5585 ιν
756 5534 883 5599 duo
906 5570 921 5595 ,
963 5542 1069 5584 non
1097 5530 1360 5595 reperitur
1378 5530 1427 5584 in
1448 5537 1630 5583 nostro
1649 5541 1796 5585 certe

200 5602 521 5673 exemplari,
540 5599 757 5673 Parisiis
776 5601 940 5673 edito,
964 5616 1054 5654 an.
1076 5601 1239 5673 I5“),
1261 5600 1353 5673 sed
1383 5601 1549 5673 multo
1578 5603 1793 5667 rectius,

201 5684 245 5730 ιν
272 5670 445 5742 auia},
473 5672 524 5728 id
545 5682 648 5732 est.
671 5672 724 5725 in
741 5672 1103 5742 semetipso.ut
1122 5670 1172 5725 iu
1195 5671 1413 5740 Vulgata
1442 5671 1589 5742 (καιν.
1621 5680 1789 5740 Διοιο.,

1970 5250 2125 5308 CAP.
2157 5248 2353 5307 XXIV.
2376 5278 2449 5289 —
2469 5247 2551 5319 (b)
2583 5244 2747 5303 Nobis
2773 5260 2949 5319 omnes
2978 5244 3269 5315 Scriptura:
3292 5254 3343 5300 et
3379 5256 3511 5319 vete-

1900 5339 1980 5377 res
1999 5364 2015 5388 ,
2044 5334 2139 5377 etc.
2174 5322 2375 5377 Alludit
2399 5318 2684 5374 adomnes
2709 5318 3012 5387 Scripturas
3037 5330 3131 5388 eas
3166 5326 3381 5388 veteres
3406 5360 3422 5384 ,
3455 5318 3512 5374 in

1906 5386 2099 5461 quibus
2126 5393 2357 5447 Christus
2390 5391 2484 5445 Dei
2519 5386 2839 5461 appellatur,
2868 5398 3051 5461 utpote
3080 5386 3222 5442 Psal.
3256 5387 3297 5443 ll
3322 5430 3338 5455 ,
3382 5389 3505 5445 lsai.

1954 5464 2062 5529 LV,
2095 5465 2357 5519 Threnor.
2382 5461 2470 5527 IV,
2493 5459 2707 5516 ct'Dan.
2738 5460 2831 5514 IX.
2868 5459 3003 5514 Pius.

1974 5534 2051 5618 (ς)
2086 5535 2151 5588 Et
2179 5550 2319 5618 novit:
2343 5533 2506 5618 [ilium
2537 5532 2636 5618 Dei
2664 5529 3505 5618 prie/iniunguSeripturas‘.ejus-

1901 5600 2044 5662 modi
2108 5605 2227 5660 novi
2274 5600 2606 5660 Testamenti
2665 5600 2836 5657 habes
2886 5602 3036 5654 initio
3090 5600 3504 5670 Evangeliorum

1903 5677 2084 5739 Marci,
2116 5678 2268 5734 Luca:
2296 5692 2353 5730 ac
2372 5676 2527 5731 Joan.
2553 5690 2603 5731 et
2624 5675 2749 5730 alihi
2773 5672 2910 5739 apud
2932 5672 3169 5727 eosdem.
3203 5672 3389 5727 Matth.
3407 5671 3501 5729 IV.

205 5759 255 5815 p.
280 5733 462 5812 177,1.
486 5744 599 5813 11).
620 5742 798 5816 Potuit
822 5733 979 5815 igitur
1006 5733 1367 5816 Tertullianus
1390 5733 1671 5799 lectionem
1700 5733 1794 5799 no;
1896 5752 2015 5803 Act.
2051 5733 2091 5803 Il
2123 5758 2175 5802 et
2202 5746 2290 5811 IX,
2323 5760 2376 5803 et
2403 5747 2573 5816 Epist.
2598 5745 2663 5799 ad
2694 5733 2945 5811 Romam,
2975 5742 3131 5799 Galat
3158 5786 3173 5811 ,
3206 5742 3400 5813 Ephes.
3445 5755 3504 5803 et

203 5814 325 5891 stre!
353 5817 585 5873 similem
618 5814 867 5872 habuisse
893 5829 1003 5886 prae
1029 5814 1198 5891 oculis
1222 5814 1639 5891 etiamgrgcam
1660 5859 1674 5884 ,
1706 5817 1791 5873 cui
1894 5819 2080 5889 Helm;
2103 5819 2332 5891 denique
2360 5829 2412 5876 et
2444 5814 2659 5891 Appeal.
2688 5816 2756 5870 ll.
2782 5816 2916 5871 Plut.

211 5888 428 5961 Vulgata
461 5890 514 5944 in
546 5896 816 5959 posterum
840 5886 1240 5944 accommodata
1270 5886 1445 5945 fuerit.
1479 5887 1612 5942 Eoo.
