2131 3245
354 175 406 204 187

1059 175 1290 205 TERTULLIANI

1950 176 2004 205 188

352 236 393 263 uia
405 234 496 272 (Joau.
509 235 543 268 X.
553 235 599 272 30)
614 243 623 263 :
636 244 708 264 nemo
719 236 754 263 ad
766 235 869 263 Patrem
881 235 962 268 venit,
972 235 1021 263 nisi
1036 243 1080 270 per
1090 243 1148 267 me;
1162 236 1186 266 Α
1201 235 1385 272 ριιπιειιιίςίιῐιιιε
1397 235 1532 271 quomodo
1545 235 1637 264 alium.
1650 234 1784 264 Castorum
1800 245 1810 265 :
1823 235 1863 264 De
1884 244 1939 265 meo
1960 244 2004 264 su-

352 288 399 316 et,
414 282 497 310 Nemo
509 283 545 310 ad
555 292 594 310 me
607 284 673 310 venit
684 305 690 315 ,
708 284 757 311 nisi
766 282 844 310 Pater
853 291 909 310 eum
925 282 1061 310 adduxerit
1076 290 1085 314 ;
1098 287 1125 310 et
1137 302 1145 315 ,

354 328 447 356 Omnia
461 329 522 356 mihi
536 329 617 356 Pater
628 330 735 356 tradidit
747 337 757 361 ;
768 334 795 356 et
808 350 815 361 ,
830 328 903 357 Sicut
925 328 1005 356 Pater
1020 329 1127 362 uiui/itm
1138 349 1146 363 ,

351 374 388 401 ita
398 378 421 401 et
434 373 519 401 Filius
536 383 546 402 .'
559 378 586 402 et
595 396 602 408 ,
619 375 649 402 Si
659 383 698 402 me
715 375 865 410 coguovistis
879 396 885 407 ,
899 380 922 401 ει
942 374 1044 402 Patrem
1055 383 1148 410 cogno-

352 421 422 448 vistis
437 419 526 457 (Joan.
542 420 576 449 Vl
588 441 595 453 ,
608 420 668 456 40).
679 421 832 448 Secundum
847 420 904 448 lucc
916 421 987 448 enim
1001 442 1008 453 ,
1019 420 1147 448 vicarium

353 474 383 494 se
390 467 477 495 Patris
488 467 651 498 ostenderat.
663 475 711 503 per
718 475 796 502 quem
810 467 887 494 Pater
896 472 923 494 et
934 467 1070 494 videretur
1079 467 1104 494 in
1115 466 1149 493 fa-

352 513 418 546 ctis,
435 518 462 541 et
473 514 610 542 audiretur
621 515 647 541 in
660 514 757 543 verbis.
768 519 794 542 et
806 519 1014 549 cognosceretur
1030 515 1054 540 in
1069 514 1145 546 Filio,

352 560 421 588 facta
428 565 456 588 et
467 561 547 588 verba
559 561 644 588 Patris
654 561 858 589 administrante
867 570 873 592 :
886 562 946 596 quia
958 561 1098 589 invisibilis
1107 568 1149 595 pa-

353 611 404 640 ter,
420 608 490 643 quod
502 613 528 635 et
540 608 677 643 Philippus
689 608 818 636 didicerat
831 608 857 635 in
868 608 943 642 lege,
955 613 982 635 et
995 608 1149 635 meminisse

352 653 576 682 debueratzbeum
585 663 657 682 nemo
668 655 758 682 videbit
769 660 792 682 et
803 655 913 682 viuet.Et
925 654 985 683 ideo
994 654 1149 690 suggillatur

353 698 460 727 Patrem
476 700 566 728 videre
580 700 737 728 desiderans
751 701 826 736 quasi
838 700 967 728 visibilem
980 721 986 729 .
1000 705 1026 728 et
1042 700 1150 728 instrui-

353 750 396 773 tur
409 746 540 774 visibilem
556 754 617 774 cum
633 748 659 773 in
674 746 741 774 Filio
755 746 812 774 ﬁeri
825 754 857 774 ex
869 747 1012 774 virtutibus
1022 768 1030 778 ,
1048 754 1098 773 non
1114 754 1149 774 ex

353 799 475 826 personae
482 793 729 826 reprazsentatione.
740 793 869 828 Denique,
877 793 898 821 si
913 793 1017 820 Patrem
1025 792 1148 820 eumdem

353 837 448 865 Filium
460 838 805 874 velletintellligi,dicendo
815 860 822 872 .
836 839 884 872 Qui
898 847 937 865 me
951 839 1027 871 videt,
1044 838 1148 866 Patrem

352 885 418 912 videt
431 893 440 912 :
453 885 588 920 quomodo
602 886 723 921 subjicit,
741 885 799 913 Non
817 886 917 913 creditis
931 886 972 921 (Ι)
985 886 1044 921 quia
1058 894 1103 921 ego
1123 886 1149 912 in

1199 288 1248 308 met
1278 282 1372 318 (Joan.
1395 282 1472 315 XVI.
1496 283 1548 318 4),
1571 283 1655 318 inquit
1678 291 1686 312 :
1712 283 1780 311 sicut
1805 283 1863 319 ipse
1889 284 1924 311 de
1954 284 2004 311 Pa-

1200 329 1249 356 tris
1261 329 1310 365 (a).
1329 330 1365 357 lla
1378 337 1515 357 connexus
1527 330 1612 357 Patris
1625 330 1651 357 in
1669 330 1747 363 Filio,
1764 335 1790 358 et
1803 330 1862 358 Filii
1874 331 1900 358 in
1920 331 2003 358 Para-

1200 376 1280 409 cleto,
1295 381 1350 404 tres
1371 375 1455 404 efﬁcit
1469 376 1647 408 coluercutes.
1662 376 1775 404 alterum
1790 385 1823 405 es
1837 378 1940 411 altero,
1957 378 2002 413 qui

1201 426 1255 450 tres
1281 430 1363 450 unum
1389 424 1453 456 sint,
1482 432 1535 451 non
1560 431 1640 451 unus.
1655 423 1716 457 Quo
1739 424 1819 452 modo
1842 424 1942 452 dictum
1962 428 2004 451 est

1203 468 1291 505 (Joau.
1307 469 1342 502 X,
1359 470 1429 504 50):
1448 469 1505 505 Ego
1527 474 1551 497 et
1571 469 1651 497 Pater
1673 478 1753 497 unum
1766 478 1871 501 sumus;
1888 469 1922 498 ad
1941 471 2005 497 sub-

1200 517 1305 543 stantiae
1331 516 1460 544 unitatem
1475 537 1482 547 .
1506 523 1559 543 non
1584 516 1617 543 ad
1645 516 1750 544 numeri
1779 516 2001 551 singularitatem.

1201 562 1335 590 Percurre
1349 562 1446 595 adhuc,
1473 566 1501 590 et
1526 562 1647 590 invenies
1669 569 1749 597 quem
1773 561 1878 589 Patrem
1902 561 2003 593 credis,

1200 609 1258 636 vice
1272 609 1360 636 Patris
1375 608 1484 636 dictum.
1503 608 1537 636 Et
1551 608 1657 635 Patrem
1678 607 1834 643 agricolam,
1854 607 1945 641 utique
1964 606 2004 642 (8)

1201 655 1227 682 in
1241 658 1311 682 terra
1327 659 1354 682 tu
1370 659 1448 689 putas
1463 653 1558 681 fuisse.
1574 652 1652 681 Hunc
1664 660 1758 680 rursus
1777 653 1804 679 in
1817 652 1894 680 caalis
1906 659 1921 678 a
1934 651 2003 679 Filio

1200 702 1320 738 agnosci.
1343 709 1404 729 cum
1427 701 1489 728 illuc
1503 700 1661 736 respiciens,
1677 698 1824 733 discipulos
1850 706 1914 726 suos
1930 698 2003 726 Patri

1201 748 1281 776 tradit
1301 747 1353 782 (9).
1371 747 1423 775 Sed
1439 752 1465 774 et
1479 746 1501 774 si
1519 747 1545 774 in
1559 746 1610 774 isto
1625 745 1770 780 Evangelia
1787 752 1841 772 non
1862 749 1934 772 esset
1946 744 2004 780 (10)

1200 797 1371 823 revelatum:
1395 793 1463 821 Deus
1503 802 1592 826 meus,
1618 793 1653 819 ad
1688 793 1751 829 quid
1782 800 1823 819 me
1848 792 2006 826 dereliquisti

1201 841 1309 878 (Matth.
1322 839 1430 873 XXVII,
1447 839 1515 874 46)?
1528 844 1565 873 et,
1584 838 1673 873 Pater,
1689 839 1715 866 in
1727 839 1775 870 tuis
1789 838 1907 865 manibus
1921 838 2006 872 depo-

1202 895 1236 915 uo
1250 887 1368 921 spiritum
1383 894 1466 913 meum
1478 894 1487 919 ;
1503 890 1592 912 tamen
1603 890 1663 921 post
1678 884 1903 912 resurrectionem
1914 888 1941 911 et
1955 883 2007 911 de-

354 931 442 965 Patre.
454 937 477 959 et
493 932 569 959 Pater
581 933 607 960 in
621 941 660 960 me
668 933 723 960 est?
736 932 869 960 Debuerat
882 933 952 959 enim
967 932 1148 967 subjuuxisse,
1165 935 1189 965 B
1204 935 1280 961 victae
1293 933 1404 968 gloriam
1430 932 1488 968 (11)
1505 932 1608 964 mortis,
1623 932 1744 965 exposita
1773 930 1936 958 necessitate
1947 929 2005 966 (ii)

351 977 410 1006 Non
426 979 534 1006 creditis
548 978 587 1014 (Β)
600 979 661 1014 quia
674 986 723 1014 ego
737 986 795 1005 sum
821 979 918 1006 Pater?
934 980 985 1005 .-\ut
999 986 1052 1013 quo
1069 986 1151 1014 exag-

352 1024 465 1058 geravit,
485 1024 506 1051 si
527 1032 579 1051 non
596 1024 660 1051 illud
683 1025 861 1052 maniiestavit
881 1025 953 1060 quod
969 1025 1090 1052 voluerat
1110 1026 1153 1052 in-

354 1071 446 1106 telligi.
469 1078 498 1098 se
520 1072 622 1099 scilicet
637 1071 732 1099 Filium
755 1071 832 1099 esse?
846 1071 928 1098 Porro
952 1071 1077 1105 dicendo,
1093 1071 1151 1099 Non

353 1118 463 1146 creditis
478 1117 517 1154 (3)
533 1118 593 1152 quia
608 1126 657 1153 ego
669 1119 693 1145 in
709 1119 797 1152 Patre,
812 1123 839 1145 et
861 1118 941 1145 Pater
962 1118 988 1145 in
1005 1126 1048 1146 me
1064 1127 1071 1146 :
1088 1126 1152 1153 pro-

354 1169 445 1199 pterea
459 1166 546 1200 potius
554 1165 734 1200 exaggeravit,
748 1173 781 1192 ne
795 1165 855 1200 quia
865 1165 979 1197 dixerat,
992 1165 1042 1199 Qui
1060 1174 1100 1192 me
1114 1166 1152 1192 vi-

353 1212 405 1244 det,
427 1216 450 1237 et
474 1210 578 1238 Patrem
600 1212 666 1238 videt
687 1212 736 1247 (4),
753 1211 832 1239 Pater
847 1212 1064 1239 exiSIimaretur:
1081 1212 1153 1247 quod

354 1264 489 1291 nunquam
517 1257 666 1285 existimari
693 1265 724 1285 se
746 1258 841 1290 voluit,
864 1259 908 1292 qui
929 1266 1036 1293 semper
1055 1267 1085 1287 se
1106 1259 1152 1286 Fi-

354 1302 429 1334 lium,
443 1307 471 1330 et
485 1310 499 1329 a
514 1303 591 1330 Patre
606 1303 713 1330 venisse
727 1305 911 1339 proﬁtebatur.
925 1305 1006 1340 Igitur
1019 1309 1047 1332 et
1066 1306 1152 1333 mani-

354 1347 448 1375 festam
463 1348 524 1375 fecit
536 1349 648 1376 duarum
672 1357 846 1385 personarum
870 1351 1086 1385 coniunctionem
1098 1373 1106 1387 ,
1120 1360 1154 1380 ne

354 1393 434 1422 Pater
446 1401 567 1422 seorsum
581 1395 656 1429 quasi
680 1396 791 1423 visibilis
812 1397 837 1423 iu
857 1402 1001 1431 conspectu
1015 1397 1153 1425 desidera-

353 1444 438 1472 retur,
453 1445 480 1467 et
503 1445 530 1467 nt
555 1440 637 1468 Filius
662 1447 870 1476 reprmsentator
895 1442 980 1470 Patris
1001 1443 1152 1470 haberetur.

354 1486 389 1514 Et
402 1486 578 1514 nihilominus
593 1487 644 1514 hoc
657 1495 764 1522 quoque
780 1489 969 1523 interpretatus
979 1493 1030 1521 est,
1045 1497 1156 1524 quomo-

353 1532 389 1560 do
412 1532 491 1560 Pater
512 1537 582 1560 esset
598 1533 623 1560 in
645 1533 712 1560 Filio
728 1554 736 1566 ,
755 1538 782 1561 et
800 1534 882 1561 Filius
903 1535 927 1561 in
946 1535 1041 1562 Patre:
1063 1534 1153 1569 Verba,

355 1578 457 1613 inquit.
473 1587 530 1614 qute
550 1587 595 1613 ego
611 1580 700 1614 loquor
714 1581 798 1612 vobis.
816 1589 866 1607 non
888 1586 947 1608 sunt
969 1590 1044 1615 mea;
1064 1582 1155 1616 utique

1205 980 1298 1008 omnis
1311 979 1482 1011 humilitatis,
1498 986 1558 1005 cum
1573 978 1628 1013 jam
1645 978 1749 1005 Patrem
1766 985 1796 1004 se
1810 981 1901 1011 posset
1914 981 2007 1003 osten-

1204 1026 1268 1054 dere
1279 1030 1332 1053 tam
1348 1025 1419 1053 ﬁdeli
1433 1025 1559 1056 feminae,
1575 1032 1607 1052 ex
1621 1024 1778 1057 dilectione,
1791 1030 1843 1051 non
1859 1031 1892 1051 es
1915 1023 2005 1050 curio-

1204 1072 1295 1105 sitate,
1313 1079 1363 1099 uec
1388 1079 1422 1099 ex
1447 1070 1635 1098 incredulitate
1660 1069 1789 1101 Thomas,
1807 1073 1916 1104 tangere
1944 1076 2006 1096 eum

1204 1124 1336 1153 aggressa:
1363 1127 1371 1145 :
1394 1117 1446 1149 Ne.
1472 1117 1577 1152 inquit,
1595 1115 1686 1148 (Joau.
1703 1114 1770 1148 XX,
1786 1114 1844 1150 17),
1870 1115 2008 1150 contigeris

1204 1172 1254 1195 me,
1269 1163 1382 1189 nondum
1397 1162 1500 1189 asceudi
1512 1162 1546 1188 ad
1563 1161 1666 1188 Patrem
1680 1169 1761 1188 meum
1773 1168 1783 1193 ,'
1795 1160 1860 1188 vade
1871 1166 1955 1188 anteiit
1972 1160 2007 1188 ad

1208 1208 1455 1245 fratresmeos(quin
1467 1212 1495 1234 et
1508 1208 1533 1235 in
1550 1207 1600 1234 hoc
1610 1215 1639 1234 se
1647 1205 1811 1242 Filium(l5)
1824 1206 1959 1238 ostendit;
1977 1206 2009 1233 ﬁ-

1205 1255 1255 1283 lios
1268 1255 1339 1282 enim
1363 1254 1525 1289 appellasset
1546 1254 1617 1285 illos.
1634 1254 1656 1281 si
1671 1253 1751 1281 Pater
1767 1253 1883 1288 fuisset),
1899 1257 1923 1280 et
1939 1253 2008 1279 dices

1205 1302 1263 1329 eis:
1281 1301 1396 1328 Asceudo
1411 1301 1445 1327 ad
1470 1300 1577 1328 Putrem
1601 1308 1684 1327 meum
1710 1304 1733 1326 et
1759 1299 1863 1327 Patrem
1884 1305 2006 1332 uestrum,

1206 1347 1287 1375 Deum
1299 1356 1382 1375 meum
1394 1352 1417 1374 et
1427 1347 1508 1374 Deum
1516 1351 1634 1374 vestrum.
1646 1346 1725 1374 Pater
1737 1345 1770 1372 ad
1784 1346 1889 1373 Patrem
1902 1350 1929 1373 et
1936 1345 2008 1372 Deus

1205 1395 1239 1423 ad
1252 1395 1335 1422 Deum
1348 1403 1355 1426 ;
1371 1402 1404 1422 an
1420 1393 1503 1422 Filius
1516 1393 1549 1420 ad
1565 1394 1681 1424 Patrem.
1693 1396 1721 1420 et
1735 1392 1832 1420 Sermo
1846 1392 1879 1419 ad
1901 1392 2008 1420 Deum?

1205 1440 1264 1476 Ipsa
1278 1448 1385 1476 quoque
1394 1440 1513 1468 clausula
1524 1439 1661 1474 Evangelii
1671 1443 1781 1474 propter
1794 1437 1857 1473 quid
1866 1438 2011 1473 consigmt

1206 1487 1264 1514 hmc
1276 1487 1385 1520 scripta.
1402 1486 1451 1513 nisi
1467 1491 1513 1514 :ut
1533 1485 1651 1517 credatis,
1664 1485 1758 1519 inquit.
1770 1483 1860 1511 Jesum
1875 1482 2006 1511 Christum

1207 1532 1304 1560 Filium
1318 1532 1386 1559 Dei.’
1400 1532 1481 1568 Igitur
1500 1539 1675 1567 quaecumque
1697 1539 1730 1559 es
1752 1530 1794 1559 his
1817 1531 1957 1566 putaveris
1972 1531 2007 1558 ad

1206 1578 1463 1607 demonstrationem
1485 1578 1605 1613 ejusdem
1630 1578 1715 1605 Patris
1739 1584 1766 1605 et
1789 1577 1848 1605 Filii
1876 1577 2009 1612 proﬁcere

355 1625 415 1660 quia
431 1625 527 1652 Patris.
546 1625 625 1652 Pater
648 1632 731 1653 autem
751 1635 855 1654 manens
869 1628 895 1654 in
911 1636 950 1655 me
961 1649 967 1659 ,
985 1629 1046 1663 facit
1067 1637 1153 1664 opera.
1168 1631 1190 1662 ρ
1208 1626 1253 1653 tibi
1270 1632 1358 1661 posse,
1372 1625 1501 1653 adversus
1515 1624 1678 1652 deﬁnitivatn
1692 1623 1829 1659 Evangelii
1842 1623 2005 1651 sententiam

355 1672 409 1700 Per
422 1680 502 1707 opera
517 1680 580 1708 ergo
594 1673 720 1701 virtutum
733 1695 741 1707 ,
759 1680 786 1701 et
800 1674 881 1702 verba
894 1675 1023 1702 doctrina:
1044 1683 1155 1703 manens

355 1718 381 1746 in
396 1718 463 1745 Filio
481 1719 557 1746 Pater
570 1727 618 1754 per
631 1727 662 1748 ea
677 1720 799 1753 videtur,
819 1728 866 1755 per
876 1728 936 1756 quae
952 1726 1050 1754 manet,
1066 1726 1093 1749 et
1108 1729 1156 1756 per

355 1772 416 1792 eutn
432 1765 456 1792 in
471 1772 525 1800 quo
539 1770 629 1794 manet
642 1774 649 1793 :
663 1774 698 1794 ex
715 1766 765 1794 hoc
788 1767 846 1801 ipso
866 1774 1011 1803 apparente
1035 1768 1156 1803 proprie-

356 1815 410 1840 tate
423 1812 561 1846 utriusque
574 1820 707 1847 personae.
720 1813 784 1840 dum
798 1813 863 1841 dicit
878 1823 884 1840 :
902 1813 956 1849 Ego
970 1822 1028 1841 sum
1051 1814 1078 1841 in
1100 1813 1156 1841 Pa-

356 1862 405 1891 tre,
421 1863 443 1884 et
462 1858 539 1885 Pater
553 1859 578 1885 in
590 1867 637 1886 me.
653 1860 741 1894 Atque
758 1859 842 1887 adeo:
856 1860 957 1888 Credite
968 1881 974 1892 ,
1006 1860 1052 1888 ait.
1067 1861 1156 1894 Quid?

357 1904 398 1931 Me
413 1909 513 1938 patrem
526 1906 604 1933 esse?
616 1906 671 1933 Non
685 1912 748 1941 puto
763 1908 892 1942 scriptum
908 1915 985 1939 esse;
1001 1908 1049 1936 sed
1066 1918 1072 1935 :
1089 1909 1156 1942 Quia

357 1957 402 1984 ego
416 1950 441 1977 in
455 1950 543 1983 Patre,
558 1956 581 1978 et
596 1951 674 1978 Pater
693 1953 719 1979 in
737 1961 786 1979 nte.
795 1953 825 1980 Si
838 1954 983 1988 quominus.
1001 1954 1040 1981 vel
1054 1960 1157 1990 propter

357 2005 434 2032 opera
448 1997 551 2024 credite.
566 1998 601 2025 Ea
618 1998 708 2033 utique
719 2006 812 2034 opera.
831 2008 878 2034 per
893 2008 953 2033 quas
966 2000 1046 2028 Pater
1067 2001 1094 2028 in
1109 2000 1155 2028 Fi-

358 2042 406 2075 lio,
418 2051 470 2070 non
485 2043 553 2076 visu,
566 2044 612 2073 sed
627 2052 706 2072 sensu
721 2045 871 2073 videbatur.

651 2090 763 2119 CAPUT
778 2091 862 2119 XXV.

393 2133 458 2163 Post
470 2134 639 2170 Philippum,
659 2141 686 2163 et
700 2141 781 2163 totam
804 2137 979 2165 substantiam
1002 2139 1157 2174 quaestionis

358 2179 434 2207 istius
445 2201 452 2213 ,
468 2188 546 2215 quem
561 2180 600 2217 (5)
616 2182 640 2208 in
663 2182 742 2209 ﬁnem
764 2183 900 2218 Evangelii
925 2190 1098 2219 perseverant
1116 2185 1155 2222 (6)

359 2226 386 2254 in
398 2227 492 2254 eodem
506 2235 605 2262 genere
617 2229 759 2261 sermonis.
774 2237 827 2263 quo
841 2230 921 2257 Pater
931 2235 958 2258 et
974 2231 1055 2259 Filius
1070 2232 1095 2259 in
1109 2240 1157 2260 sua

359 2273 521 2307 proprietate
541 2274 739 2309 distinguuntur
759 2275 812 2311 (7),
829 2276 994 2304 Paraeletum
1016 2286 1123 2314 quoque
1141 2287 1156 2306 a

1207 1674 1309 1701 niteris.
1324 1673 1381 1700 Non
1402 1673 1463 1700 ideo
1477 1673 1548 1700 enim
1564 1673 1663 1707 scripta
1676 1677 1756 1703 sunt.
1772 1675 1801 1698 ut
1822 1670 1930 1699 Patrem
1946 1678 2010 1699 cre-

1206 1718 1253 1747 das
1270 1719 1328 1755 (14)
1341 1718 1432 1747 Jesum
1443 1717 1589 1749 Christum,
1601 1717 1649 1745 sed
1660 1722 1689 1744 ut
1703 1716 1811 1744 Filium.

1489 1773 1604 1802 CAPUT
1626 1773 1722 1801 XXVI.

1243 1820 1357 1855 Propter
1371 1827 1452 1847 unum
1476 1819 1591 1854 Philippi
1614 1826 1778 1851 sermonem,
1805 1822 1832 1846 et
1847 1818 1953 1846 Domini
1967 1826 2011 1847 re-

1207 1867 1379 1901 sponsionem
1387 1866 1420 1893 ad
1427 1874 1500 1900 eum,
1507 1866 1629 1894 videmus
1637 1865 1661 1901 (i
1669 1866 1696 1902 5)
1709 1865 1820 1893 Joannis
1835 1864 2011 1900 Evangelium

1207 1912 1403 1944 decucurrisse.
1418 1920 1453 1940 ne
1466 1916 1505 1939 tot
1518 1911 1660 1939 manifeste
1672 1912 1854 1947 pronuntiata,
1867 1915 1893 1938 et
1906 1916 1969 1938 ante
1986 1915 2014 1939 et

1207 1964 1298 1994 postea
1311 1967 1379 1986 unus
1392 1966 1482 1986 sermo
1505 1959 1642 1986 subvertat
1669 1957 1815 1985 secundum
1842 1958 1932 1985 omnia
1963 1965 2013 1993 po-

1207 2006 1271 2037 tius,
1283 2013 1362 2039 quam
1373 2004 1501 2033 adversus
1516 2005 1620 2037 omnia,
1635 2004 1717 2031 etiam
1731 2004 1860 2031 adversus
1873 2011 1938 2031 suos
1948 2011 2012 2031 sen-

1207 2058 1253 2078 sus
1267 2050 1491 2085 interpretandus.
1504 2050 1637 2078 Caeterum
1653 2055 1681 2079 ut
1704 2050 1756 2078 alia
1779 2051 1923 2086 Evangelia
1951 2058 2006 2078 non

1208 2097 1389 2131 interponam,
1406 2105 1466 2132 qua:
1479 2096 1513 2125 de
1540 2097 1680 2125 nativitate
1709 2096 1848 2124 Dominica
1864 2097 1934 2124 idem
1951 2097 2012 2134 (16)

1208 2144 1619 2180 conﬁrmant,suiﬁciteum(i7)
1630 2146 1674 2179 qui
1689 2145 1762 2172 nasci
1775 2144 1891 2172 habebat
1904 2152 1937 2172 ex
1957 2145 2013 2172 vir-

1207 2191 1279 2226 gine,
1296 2190 1330 2218 ab
1342 2191 1400 2226 ipso
1410 2191 1563 2218 aununtiari
1580 2191 1685 2225 angelo,
1701 2190 1799 2218 Filium
1818 2191 1864 2218 Dei
1877 2190 2009 2218 determi-

1207 2242 1298 2264 natum
1316 2245 1322 2263 :
1339 2236 1452 2271 Spiritus
1469 2236 1517 2263 Dei
1536 2238 1691 2271 superveniet
1704 2237 1731 2264 in
1744 2242 1777 2270 te,
1793 2242 1817 2264 et
1838 2237 1918 2264 virtus
1932 2236 2013 2264 Altis-

1208 2283 1265 2309 εἰηιὶ
1288 2281 1444 2308 obumbrabit
1468 2287 1491 2308 te
1520 2287 1674 2317 :propterea
1698 2282 1766 2317 quod
1790 2287 1909 2309 nascetur
1933 2289 1966 2309 ea:
1987 2286 2012 2309 te

359 2318 438 2346 Patre
454 2326 483 2346 se
495 2320 703 2354 postulaturum,
731 2329 791 2348 cum
807 2323 972 2351 aseendisset
986 2323 1019 2351 ad
1035 2324 1151 2359 Patrem,
1165 2328 1192 2358 D
1205 2333 1331 2359 sanctum,
1345 2328 1474 2355 vocabitur
1484 2327 1566 2355 Filius
1582 2328 1627 2355 Dei
1643 2327 1718 2364 (Luc.
1734 2329 1830 2363 1.3-5).
1840 2328 1939 2357 Volent
1951 2328 2013 2363 qui-

359 2368 388 2392 et
404 2366 545 2393 ntissurum
570 2367 741 2402 repromittit,
756 2373 782 2395 et
807 2369 912 2404 quidem
933 2370 1026 2403 alium,
1042 2372 1088 2399 sed
1100 2372 1155 2408 jam

1208 2375 1269 2403 dem
1294 2379 1322 2402 et
1346 2374 1390 2402 hic
1413 2375 1616 2410 argumentari,
1647 2375 1694 2404 sed
1715 2376 1813 2404 veritas
1844 2375 2014 2411 praevalebit.

981 2437 1168 2468 LECTIONES
1183 2440 1392 2469 VARIANTES.

403 2477 429 2534 ὲ)
441 2477 529 2534 aedis
540 2478 617 2505 Sani.

403 2539 430 2570 3)
439 2539 483 2565 Id.

403 2570 429 2634 tt

404 2633 430 2695 9;
443 2633 749 2695 ξῖςιςξξεξπηιξεξῖεητιεηηι
760 2638 837 2664 sm“-

407 2667 430 2695 7)
443 2667 606 2697 Distitlguitut‘
617 2667 692 2694 Semt.

407 2695 432 2726 8)
446 2695 477 2720 Et
487 2703 562 2726 quem
573 2701 630 2723 Jun.

406 2726 432 2757 9)
443 2726 553 2753 Tradidit
564 2729 638 2756 Serui.

1241 2487 1293 2518 (ιο)
1306 2487 1348 2512 Est
1360 2487 1435 2513 Seml.

1256 2519 1296 2547 H)
1309 2518 1391 2543 Gloria
1405 2519 1479 2543 Scntl.

1258 2550 1297 2575 12)
1309 2550 1487 2575 NeceSsitatem
1501 2550 1577 2575 Semt.

1257 2580 1298 2635 15)
1306 2581 1367 2635 (puia
1378 2585 1403 2605 et
1416 2582 1439 2616 in
1452 2582 1497 2606 hoc
1508 2582 1582 2607 lilium
1592 2581 1668 2608 Sent].

1259 2612 1286 2635 14
1324 2618 1338 2635 n
1349 2616 1432 2635 mserit
1446 2613 1518 2635 Rhein

1259 2612 1298 2638 14)
1312 2612 1338 2635 ln
1349 2612 1432 2638 mserit
1446 2613 1518 2637 Rite".

1260 2643 1298 2669 lii)
1311 2643 1428 2668 Vitlemur
1442 2643 1514 2669 Rhen.

1260 2674 1299 2699 i6)
1312 2674 1395 2699 Fidem
1411 2674 1485 2699 Πήρη.

1259 2705 1297 2739 17)
1311 2706 1379 2730 Enim
1391 2705 1468 2731 Rhea.

1053 2774 1331 2809 COMMENTARIUS.

405 2825 483 2866 CAP:
489 2826 579 2866 XXV.
589 2829 667 2865 —(a)
676 2830 807 2866 Sicutipse
813 2830 844 2858 de
853 2830 949 2858 Patris.
959 2830 1092 2859 Defectiva
1100 2840 1159 2860 ora-

367 2865 415 2893 ιῐο,
423 2863 537 2900 qualiter
548 2865 573 2891 in
586 2863 770 2900 superioribus
780 2875 851 2900 smpc
864 2866 967 2894 locutus
977 2872 1027 2899 cst,
1037 2867 1161 2895 subaudi-

370 2905 413 2928 tur
425 2897 457 2925 de
466 2907 505 2931 eo,
517 2897 629 2935 quodest
640 2900 736 2929 Patris.
750 2903 793 2930 Sic
804 2897 869 2930 inira
880 2911 886 2929 :
899 2901 959 2929 Non
969 2897 1047 2937 scitis,
1064 2905 1160 2939 inquit.

1211 2838 1279 2899 good
1286 2838 1315 2900 [ip
1332 2837 1417 2866 Patris
1427 2838 1476 2866 mei
1488 2846 1527 2866 me
1540 2847 1594 2866 esse
1610 2839 1729 2875 oportet?
1744 2838 1788 2867 ubi
1802 2837 1959 2868 subauditur
1974 2847 2013 2867 re-

1230 2881 1268 2900 ιιι.
1311 2881 1373 2900 "EN.

1230 2881 1268 2900 us.
1286 2881 1373 2901 ιηιεη.
