4262 6490
240 377 345 435 189

1411 374 1613 431 LIBER
1652 372 2015 433 ADVERSUS
2053 373 2404 433 PRAXEAM.

3430 376 3534 435 190

240 490 468 561 Nempe,
501 491 766 562 inquiunt,
792 490 960 548 Filius
989 491 1081 548 Dei
1111 491 1252 547 Deus
1271 499 1371 557 est,
1404 500 1457 547 et
1478 493 1644 547 virtus
1674 490 1838 545 Altis-
1867 490 1922 550 Α
1947 505 2108 560 gnum
2154 493 2449 563 discipulis,
2482 493 2753 565 quomodo
2781 503 2837 552 et
2862 493 2962 550 sibi
2989 492 3307 564 dispositum
3348 492 3477 551 dicit
3501 511 3531 552 a

237 584 363 637 simi
396 583 705 640 Altissimus
730 593 831 639 est.
865 584 977 640 Nec
1022 583 1182 653 pudet
1210 584 1329 639 illos
1364 583 1604 655 injicere,
1652 583 1791 653 quod
1814 626 1829 650 ,

236 676 283 730 si
310 687 477 738 esset,
501 676 757 745 scriptum
795 676 1002 735 fuisset.
1047 677 1220 744 Quem
1260 676 1402 732 enim
1436 677 1737 741 verebatur,
1774 684 1833 731 ut

237 782 346 820 non
382 777 568 836 aperte
596 769 985 839 pronuntiaret,
1019 787 1037 821 ι
1080 769 1222 825 Deus
1260 770 1621 840 superveniet,
1652 777 1705 823 et
1737 769 1831 823 Al-

237 862 479 916 tissimus
532 863 871 919 obumbrabit
899 863 983 919 te?
1044 883 1062 917 ι
1115 863 1307 919 Diccns
1368 874 1545 918 autem
1602 864 1833 935 Spiritus

233 952 358 1021 Dei,
383 957 481 1009 etsi
509 954 741 1025 Spiritus
783 956 862 1028 (1)
905 956 997 1011 Dei
1045 956 1220 1021 Deus,
1253 968 1432 1013 tamen
1480 973 1584 1012 non
1624 957 1833 1012 directo

235 1046 407 1101 Deum
453 1049 758 1113 nominans,
808 1049 1107 1118 portionem
1160 1049 1322 1104 totius
1366 1049 1584 1119 intelligi
1642 1049 1829 1116 voluit,

232 1154 356 1210 qua:
385 1155 600 1195 cessura
651 1151 766 1196 erat
818 1142 869 1196 in
915 1141 1029 1197 Filii
1071 1158 1288 1197 nomen.
1322 1142 1416 1197 Hic
1464 1143 1684 1209 Spiritus
1716 1142 1829 1208 Dei,

232 1235 375 1289 idem
398 1237 503 1290 erit
533 1235 744 1290 Sermo.
776 1233 926 1292 Sicut
973 1236 1113 1291 enim
1144 1235 1351 1291 Joanne
1391 1235 1623 1301 dicente,
1650 1235 1832 1291 Sermo

231 1343 354 1380 caro
378 1330 545 1396 factus
574 1336 667 1391 est,
697 1328 941 1398 spiritum
982 1344 1194 1401 quoque
1221 1329 1565 1398 intelligimus
1595 1329 1647 1384 in
1680 1344 1831 1384 tuen-

230 1422 381 1475 tione
407 1420 720 1484 Sermonis;
752 1422 821 1475 ita
857 1432 913 1477 et
940 1422 1027 1477 hic
1051 1422 1367 1477 Sermonem
1417 1437 1630 1492 quoque
1667 1436 1832 1493 agno-

229 1515 434 1570 scimus
462 1513 514 1567 in
544 1514 762 1568 nomine
788 1515 1027 1584 spiritus.
1072 1514 1201 1569 Nam
1240 1522 1295 1569 et
1323 1515 1544 1585 spiritus
1580 1513 1831 1570 substan—

227 1614 299 1666 tia
327 1621 414 1666 est
438 1612 725 1675 sermonis,
754 1622 812 1667 et
835 1626 1015 1667 sermo
1062 1612 1302 1682 operatio
1339 1611 1580 1681 spiritus,
1621 1620 1675 1665 et
1722 1612 1831 1665 duo

228 1719 394 1758 unum
440 1713 586 1760 sunt.
646 1705 945 1768 Cancrum,
993 1705 1155 1759 alium
1206 1704 1443 1760 Joannes
1495 1703 1831 1773 profitebitur

227 1810 449 1851 carnem
505 1796 702 1851 factum
726 1837 742 1861 ,
782 1797 944 1851 alium
988 1798 1211 1868 angelus
1239 1812 1453 1852 carnem
1498 1797 1753 1861 futurum,
1784 1795 1829 1851 si

226 1906 331 1944 non
354 1900 413 1947 et
440 1891 659 1962 spiritus
698 1905 879 1945 sermo
923 1900 1045 1956 est,
1092 1900 1149 1946 et
1185 1905 1367 1945 sermo
1412 1891 1650 1960 spiritus.
1681 1891 1830 1946 Sicut

1938 583 2126 649 Patre;
2160 584 2363 640 habens
2394 595 2709 656 potestatem
2741 587 2980 658 legiones
3006 588 3313 659 angelorum
3347 600 3533 659 postu-

1937 674 2079 729 lantli
2110 676 2173 729 ad
2218 678 2473 734 auxilium
2507 694 2534 731 a
2568 678 2721 733 Patre
2748 679 2791 733 si
2822 680 3008 745 vellet;
3038 680 3350 735 exclamans
3392 679 3533 751 quod

1937 784 1997 826 se
2030 770 2165 826 Deus
2197 771 2529 841 reliquisset,
2563 772 2615 825 in
2652 772 2825 827 Patris
2870 772 3115 827 manibus
3142 773 3388 842 spiritum
3436 788 3533 843 po-

1938 878 2071 919 nens
2097 880 2110 929 ;
2136 872 2191 918 et
2218 874 2336 934 post
2366 866 2819 921 resurrectionem
2848 868 3121 938 spondens
3151 868 3435 923 missurum
3476 884 3535 924 se

1937 954 2212 1025 discipulis
2258 958 2667 1024 promissionem
2713 958 2918 1023 Patris;
2966 969 3020 1013 et
3062 960 3357 1015 novissime
3385 975 3537 1015 man-

1937 1047 2072 1103 dans
2108 1060 2163 1104 ut
2185 1050 2489 1121 tinguerent
2530 1052 2581 1105 in
2614 1052 2825 1107 Patrem
2873 1062 2925 1108 et
2954 1053 3147 1108 Filium
3191 1064 3245 1108 et
3273 1054 3533 1125 Spiritum

1936 1140 2212 1209 Sanctum,
2245 1161 2348 1199 non
2380 1145 2430 1200 in
2465 1162 2648 1201 unum.
2674 1146 2805 1201 Nam
2837 1163 2936 1203 nec
2964 1149 3151 1214 semel,
3190 1148 3287 1203 sed
3318 1158 3419 1215 ter,
3461 1150 3529 1205 ad

1937 1238 2143 1309 singula
2172 1239 2384 1293 nomina
2414 1240 2464 1294 in
2492 1255 2749 1310 personas
2788 1241 3025 1311 singulas
3047 1240 3354 1312 tinguimur.

2504 1332 2732 1389 CAPUT
2754 1332 2968 1393 XXVII.

1938 1430 1941 1431 '
2010 1420 2076 1475 Et
2100 1421 2224 1489 quid
2254 1436 2354 1493 ego
2384 1423 2435 1477 in
2462 1432 2567 1478 tam
2598 1423 2893 1479 manifestis
2931 1439 3112 1480 moror
3150 1423 3289 1497 (10),
3318 1440 3438 1480 cum
3470 1440 3534 1481 ea

1935 1513 2148 1583 aggredi
2200 1514 2465 1583 debeam,
2515 1515 2585 1571 de
2631 1517 2825 1586 quibus
2880 1515 3161 1571 manifesta
3214 1517 3538 1573 obumbrare

1935 1610 2220 1679 qum-unt?
2248 1609 2493 1679 Undique
2534 1612 2677 1666 enim
2709 1610 2924 1668 obducti
2971 1611 3316 1666 distinctione
3362 1611 3537 1667 Patris

1934 1712 1989 1756 et
2017 1701 2158 1765 Filii,
2190 1718 2348 1772 quam
2383 1714 2635 1758 manente
2664 1703 3045 1774 conjunctione
3088 1702 3445 1774 disponimus,
3477 1712 3537 1758 ut

1934 1795 2063 1849 solis
2080 1804 2131 1849 et
2152 1794 2308 1861 radii,
2337 1804 2391 1851 et
2418 1796 2579 1851 fontis
2601 1805 2652 1850 et
2680 1796 2852 1861 ﬂuvii,
2880 1812 2973 1866 per
2995 1795 3324 1850 individuum
3350 1803 3528 1850 tamen

1935 1904 2212 1942 numerum
2242 1888 2470 1944 duorum
2506 1899 2561 1945 et
2599 1892 2787 1958 trium,
2830 1891 2988 1945 aliter
3024 1906 3143 1946 eam
3182 1891 3248 1944 ad
3275 1906 3423 1945 suam
3455 1891 3535 1950 ni-

224 1998 354 2053 etgo
373 1983 569 2039 Sermo
610 1982 704 2038 Dei
731 1999 837 2038 non
866 1993 950 2040 est
980 1984 1095 2053 ipse
1124 1983 1278 2053 cujus
1305 1992 1408 2049 est,
1436 1984 1504 2037 ita
1534 1998 1633 2038 nec
1655 1983 1827 2050 Spiri-
1857 1989 1908 2052 Β
1938 1980 2224 2037 hilominus
2245 1985 2565 2037 sententiam
2604 1983 2948 2052 interpretari
2980 1993 3267 2047 conantur,
3296 1990 3354 2036 ut
3377 1996 3533 2051 mque

226 2084 341 2138 tus;
376 2084 433 2131 et
461 2076 504 2130 si
551 2077 690 2132 Deus
719 2077 892 2131 dictus
919 2085 1022 2143 est,
1066 2092 1170 2131 non
1211 2086 1386 2132 tamen
1418 2077 1533 2147 ipse
1563 2087 1646 2130 est
1678 2076 1831 2146 cujus

222 2178 304 2223 est
336 2168 533 2224 dictus.
564 2169 714 2224 Nulla
744 2185 828 2225 res
853 2169 1099 2241 alicujus,
1130 2172 1241 2241 ipsa
1261 2180 1338 2226 cst
1363 2169 1514 2238 cujus
1534 2179 1634 2224 est.
1664 2169 1829 2225 Plane

223 2276 345 2316 cum
405 2261 533 2332 quid
576 2278 642 2317 ex
682 2264 798 2331 ipso
824 2273 929 2328 est,
955 2271 1008 2317 et
1036 2263 1117 2317 sic
1165 2262 1282 2333 ejus
1329 2268 1411 2317 est
1437 2262 1562 2317 dum
1595 2278 1663 2317 ex
1714 2262 1830 2330 ipso

224 2354 315 2421 sit,
349 2363 529 2424 potest
560 2354 666 2409 tale
695 2355 821 2425 quid
846 2370 985 2418 esse,
1008 2356 1164 2426 quale
1190 2364 1243 2410 et
1270 2356 1385 2423 ipse
1409 2370 1474 2409 ex
1504 2371 1611 2426 quo
1638 2363 1740 2419 est,
1774 2363 1829 2409 et

223 2446 375 2516 cujus
421 2455 525 2502 est.
576 2445 646 2502 Et
692 2448 809 2502 ideo
846 2448 1067 2518 Spiritus
1113 2448 1207 2503 Dei
1252 2446 1334 2521 (2)
1379 2448 1537 2514 Deus,
1568 2457 1619 2503 et
1648 2464 1826 2502 sermo

226 2538 318 2592 Dei
350 2538 432 2607 (3)
456 2538 633 2603 Deus,
665 2540 785 2607 quia
828 2556 892 2595 ex
926 2540 1068 2608 Deo,
1102 2557 1207 2595 non
1256 2550 1433 2597 tamen
1476 2540 1589 2610 ipse
1628 2556 1693 2596 ex
1719 2556 1826 2611 quo

224 2642 326 2687 εει.
351 2630 505 2699 Quod
535 2632 579 2686 si
612 2633 698 2700 (ι)
728 2633 865 2689 Deus
894 2634 986 2689 Dei
1036 2644 1285 2703 tanquam
1334 2635 1665 2690 substantive
1696 2652 1781 2690 res
1803 2677 1821 2704 ,

223 2738 327 2778 non
360 2725 465 2779 erit
490 2724 605 2796 ipse
637 2724 808 2791 Deus,
851 2727 945 2781 sed
997 2727 1255 2782 hactenus
1298 2728 1471 2796 Deus,
1498 2729 1617 2797 quia
1650 2728 1732 2799 (5)
1755 2744 1823 2785 ex

219 2816 391 2889 ipsius
435 2819 527 2874 Dei
558 2817 875 2885 substantia,
904 2835 1007 2891 qua
1035 2820 1113 2892 (6)
1143 2830 1198 2877 et
1241 2821 1569 2877 substantive
1602 2840 1687 2879 res
1713 2832 1817 2891 est,

216 2917 270 2961 et
296 2918 355 2965 ut
372 2910 551 2979 portio
566 2910 742 2980 aliqua
763 2911 947 2967 totius.
969 2911 1134 2966 Multo
1160 2913 1330 2982 magis
1348 2914 1518 2969 virtus
1534 2915 1812 2983 Altissimi,

1938 2075 1989 2128 in
2020 2089 2119 2128 una
2157 2090 2383 2144 persona
2416 2085 2700 2146 utrumque
2725 2075 3075 2146 distinguant,
3111 2076 3322 2130 Patrem
3353 2086 3404 2129 et
3436 2074 3531 2129 Fi-

1935 2167 2084 2229 lium,
2112 2167 2360 2223 dicentes
2387 2168 2574 2223 Filium
2605 2183 2819 2224 carnem
2853 2183 3007 2235 esse,
3038 2167 3088 2222 id
3118 2177 3201 2223 est
3230 2167 3532 2231 hominem,

1934 2258 1984 2314 id
2011 2271 2090 2314 est
2114 2259 2328 2324 Jesum;
2355 2261 2566 2316 Patrem
2600 2273 2777 2317 autem
2808 2262 3072 2332 Spiritum,
3104 2260 3155 2315 id
3201 2269 3282 2315 est
3329 2260 3493 2316 Deum
3516 2301 3531 2324 ,

1934 2352 1983 2406 id
2016 2362 2100 2407 est
2144 2352 2438 2409 Christum.
2484 2355 2550 2409 Et
2581 2356 2667 2423 qui
2712 2370 2877 2408 unum
2915 2354 3269 2424 eumdemque
3315 2365 3535 2409 conten-

1931 2446 2063 2501 dunt
2089 2446 2297 2501 Patrem
2329 2456 2385 2502 et
2413 2448 2605 2502 Filium
2624 2490 2637 2513 ,
2659 2447 2767 2516 jam
2800 2448 3058 2517 incipiunt
3084 2446 3164 2519 (a)
3203 2446 3441 2503 dividere
3471 2448 3533 2502 il-

1930 2538 2010 2592 los
2040 2539 2214 2608 potius
2242 2554 2399 2610 quam
2429 2556 2615 2594 unare.
2656 2540 2709 2595 Si
2740 2540 2882 2593 enim
2914 2538 3051 2593 alius
3079 2547 3163 2593 est
3189 2536 3366 2601 Jcsus,
3396 2537 3531 2595 alius

1929 2630 2200 2694 Christus;
2225 2632 2359 2686 alius
2380 2632 2481 2686 erit
2503 2631 2689 2695 Filius,
2710 2632 2844 2687 alius
2865 2630 2980 2702 (1-1)
3003 2630 3191 2694 Pater;
3216 2632 3337 2700 quia
3363 2627 3529 2685 Filius

1926 2721 2102 2783 Jesus.
2131 2734 2183 2777 et
2203 2722 2357 2777 Pater
2380 2722 2644 2778 Christus.
2664 2722 2846 2778 Talem
2873 2722 3237 2778 monarchiam
3260 2723 3399 2795 apud
3424 2723 3529 2777 Va.

1924 2815 2184 2870 leutinutn
2230 2815 2456 2872 fortasse
2504 2816 2822 2881 didicerunt,
2851 2817 2986 2871 duos
3038 2815 3231 2881 facere,
3264 2815 3444 2872 Jesum
3475 2826 3530 2873 et

1922 2908 2214 2964 Christum.
2242 2909 2345 2964 Sed
2379 2909 2493 2963 haec
2516 2909 2731 2978 iujectio
2750 2926 2935 2966 eorum
2963 2926 3026 2965 ex
3051 2912 3397 2977 praetractatis
3415 2909 3529 2982 (12)

216 3015 319 3055 non
343 3002 921 3072 eritipseAltissimus,
937 3005 1058 3076 quia
1079 3003 1158 3077 (7)
1173 3020 1271 3061 nec
1290 3006 1620 3062 substantiva
1636 3024 1722 3062 res
1734 3017 1816 3064 est
1914 3000 2024 3071 jam
2066 3013 2242 3055 retusa
2271 3011 2374 3067 est.
2403 3003 2543 3073 quod
2566 3003 2758 3058 Sermo
2777 3003 2889 3065 Dei.
2909 3003 2988 3057 vel
3004 3003 3223 3072 spiritus
3241 3002 3329 3055 Dei
3352 3004 3528 3057 etvir-

212 3093 353 3163 quod
375 3102 462 3147 est
477 3096 718 3165 spiritus,
742 3097 879 3151 sicut
906 3112 1005 3152 nec
1027 3097 1309 3169 sapientia,
1334 3113 1434 3153 nec
1457 3100 1811 3169 providentia:

209 3195 263 3239 et
280 3186 400 3241 haec
415 3187 562 3242 enim
586 3187 897 3243 substantia:
911 3205 1019 3244 non
1038 3201 1180 3255 sunt,
1199 3190 1293 3246 sed
1317 3191 1611 3248 accidentia
1632 3193 1814 3247 unius-

207 3280 475 3351 cujusque
506 3280 838 3339 substantiae.
873 3282 1057 3339 Virtus
1078 3284 1289 3354 spiritui
1315 3285 1539 3350 accidit,
1570 3301 1671 3341 nec
1696 3286 1808 3354 ipsa

1920 3102 2006 3149 tus
2036 3094 2292 3149 Altissimi
2338 3095 2511 3151 dictus
2551 3097 2639 3161 sit,
2671 3112 2828 3167 quem
2880 3096 3089 3151 Patrem
3142 3095 3361 3151 faciunt.
3407 3094 3524 3151 Non

1918 3188 2059 3241 enim
2091 3190 2220 3256 ipsa:
2248 3198 2373 3242 sunt
2429 3189 2581 3258 cujus
2624 3190 2897 3253 dicuntur,
2929 3192 3022 3243 sed
3077 3202 3144 3243 ex
3196 3189 3331 3259 ipso,
3363 3197 3416 3243 et
3445 3189 3523 3259 ip-

1916 3278 2047 3332 sius.
2079 3277 2144 3332 Et
2191 3279 2346 3334 aliter
2390 3290 2566 3334 tamen
2610 3281 2662 3334 in
2720 3282 2821 3335 isto
2873 3280 3106 3349 capitulo
3154 3282 3515 3336 revinceutttr.

206 3372 309 3426 erit
356 3372 604 3442 spiritus.
656 3372 749 3428 His
795 3373 975 3445 itaque
1014 3376 1176 3431 rebus
1222 3376 1596 3449 quodcumque
1643 3389 1803 3443 sum,
1834 3385 1880 3448 ρ
1920 3389 1939 3421 ι
1970 3370 2693 3441 Eccc,inquiunt,abangelo
2720 3371 3065 3441 pratdicatttm
3094 3382 3208 3427 est:
3234 3369 3516 3442 Propteret

204 3462 398 3529 spiritu
427 3461 525 3516 Dei
555 3471 610 3517 et
634 3477 884 3517 sermone
912 3474 967 3519 et
988 3466 1183 3520 virtute
1208 3467 1417 3522 collatis
1444 3469 1497 3523 in
1521 3469 1805 3539 virginem,

203 3553 347 3623 quod
371 3554 522 3609 deea
551 3555 817 3622 nascitur,
846 3555 1014 3613 Filius
1060 3560 1155 3616 Dei
1194 3568 1296 3615 est.
1326 3558 1407 3632 (8)
1443 3561 1555 3617 Hoc
1581 3576 1639 3617 se
1668 3571 1724 3617 et
1753 3564 1806 3617 in

204 3645 321 3699 istis
353 3646 658 3718 Evangeliis
710 3651 827 3723 ipse
874 3659 1105 3709 testatur
1154 3654 1332 3710 statim
1363 3670 1393 3708 a
1448 3670 1651 3726 puero:
1686 3654 1807 3711 Non

1914 3464 2051 3534 quod
2066 3477 2297 3518 nascetur
2312 3463 2577 3527 Sanctum,
2598 3467 2853 3519 vocabitur
2867 3464 3035 3518 Filius
3048 3464 3146 3518 Dei
3163 3482 3181 3530 ;
3197 3479 3320 3519 caro
3336 3465 3514 3534 itaque

1912 3566 2032 3609 nata
2056 3566 2156 3620 est,
2181 3571 2305 3610 caro
2329 3557 2507 3625 utique
2530 3556 2644 3629 (15)
2666 3558 2768 3611 erit
2789 3555 2955 3610 Filius
2975 3556 3087 3610 Dei.
3107 3555 3215 3610 Imo
3230 3555 3297 3611 de
3320 3556 3510 3627 spiritu

1913 3648 2003 3704 Dei
2031 3649 2229 3705 dictum
2247 3660 2346 3705 est.
2366 3651 2523 3707 Certe
2534 3653 2674 3706 enim
2697 3650 2765 3706 de
2778 3650 2975 3722 Spiritu
2992 3650 3189 3708 Sancto
3210 3653 3359 3721 virgo
3379 3666 3508 3706 cou-

201 3740 361 3806 scitis,
419 3741 592 3812 inquit
638 3742 789 3817 (Luc.
843 3746 932 3813 11,
963 3746 1080 3817 49),
1118 3747 1254 3818 quod
1292 3748 1345 3801 in
1377 3744 1552 3802 Patris
1600 3748 1695 3803 mei
1726 3765 1807 3803 me
1907 3745 2068 3814 cepit;
2092 3745 2300 3817 etquod
2332 3745 2602 3814 concepit,
2624 3744 2677 3800 id
2702 3745 2927 3816 peperit;
2950 3744 2999 3799 id
3018 3760 3145 3815 ergo
3171 3744 3317 3800 nasci
3345 3745 3506 3799 habe-

200 3847 307 3887 εδει
334 3835 581 3903 oportet?
608 3834 721 3890 Hoc
766 3846 821 3893 et
861 3837 1088 3895 Satanas
1136 3855 1256 3895 eum
1310 3840 1362 3894 in
1418 3840 1803 3897 teutationibus
1908 3838 3146 3918 bat,quoderatconceptum,etpariendum;id
3163 3838 3500 3909 estspit'itus,

200 3924 380 3979 novit:
414 3925 477 3980 Si
502 3924 670 3981 Filius
695 3926 793 3982 Dei
814 3945 886 3983 es.
922 3930 1031 3984 lloc
1056 3940 1111 3985 et
1136 3930 1329 3986 exinde
1356 3931 1620 3986 daemonia
1664 3948 1797 3987 con-
1904 3931 2054 4000 cujus
2076 3942 2125 3987 et
2148 3934 2422 3989 vocabitur
2446 3950 2637 3989 nomen
2669 3934 3006 4000 Emmanuel,
3038 3933 3179 4004 qttod
3207 3942 3290 3989 est
3336 3934 3502 3989 inter-

198 4016 421 4071 fitentur
454 4033 468 4070 :
506 4016 711 4073 Scimus
733 4020 819 4090 qui
846 4020 938 4085 sis,
966 4018 1134 4076 Filius
1167 4019 1285 4075 Dei.
1339 4021 1549 4077 Patrem
1590 4033 1645 4077 et
1683 4024 1799 4093 ipse
1904 4032 2188 4093 pretatum,
2219 4026 2477 4080 nobiscum
2507 4024 2663 4079 Deus.
2694 4026 2834 4079 Caro
2872 4035 3049 4080 autem
3077 4026 3215 4080 Deus
3241 4040 3345 4078 non
3380 4033 3497 4091 est,

197 4108 408 4164 adorat.
431 4109 705 4168 Christum
735 4128 795 4170 se
835 4113 929 4170 Dei
952 4130 984 4170 a
1016 4114 1176 4170 Petro
1205 4116 1443 4185 agnitum
1476 4131 1582 4171 non
1612 4127 1791 4188 negat.
1901 4125 1959 4170 ut
1978 4116 2044 4171 de
2075 4117 2161 4171 illa
2188 4117 2388 4173 dictum
2418 4117 2507 4184 sit,
2536 4117 2675 4187 quod
2713 4126 2962 4173 nascetur
3000 4125 3258 4181 sanctum,
3282 4116 3499 4170 vocabi-

197 4201 489 4259 Essultans
520 4204 599 4277 (9)
653 4206 706 4261 in
760 4208 950 4278 spiritu
1000 4208 1067 4263 ad
1118 4207 1330 4264 Patrem
1364 4226 1376 4264 :
1406 4206 1684 4278 Conﬁteor,
1716 4212 1796 4266 in-
1901 4218 1985 4263 tur
2018 4210 2135 4280 (Μ)
2168 4209 2335 4265 Filius
2368 4210 2459 4266 Dei
2486 4227 2499 4274 ;
2530 4210 2621 4263 sed
2648 4210 2735 4263 ille
2759 4211 2847 4280 qui
2875 4211 2925 4263 in
2954 4225 3016 4265 ea
3044 4220 3196 4266 natus
3224 4217 3327 4273 est,
3357 4208 3494 4262 Deus

194 4294 343 4364 quid,
378 4295 488 4359 tibi,
524 4295 702 4362 Pater,
733 4299 869 4366 quod
897 4299 1223 4354 absconderis
1263 4300 1373 4354 lure
1407 4317 1438 4354 a
1482 4302 1793 4371 sapientibus
1896 4305 1965 4362 de
1994 4321 2101 4377 quo
2127 4314 2183 4360 et
2210 4306 2440 4375 psalmus
2458 4301 2764 4377 (LXXXVI,
2785 4301 2873 4375 5):
2899 4302 3151 4371 Quoniam
3170 4300 3307 4356 Deus
3342 4301 3492 4353 homo

195 4386 412 4454 (Matth.
446 4386 540 4455 XI,
586 4388 703 4462 25).
732 4389 829 4448 Hic
850 4406 1067 4461 quoque
1105 4391 1316 4448 Patrem
1357 4393 1556 4450 nemini
1605 4404 1789 4450 notum
1896 4408 2047 4453 natus
2074 4399 2221 4452 estin
2249 4398 2360 4457 illa,
2383 4407 2430 4451 et
2451 4397 2721 4465 mdiﬁcavtt
2742 4412 2852 4450 eam
2874 4395 3132 4450 uoluntate
3159 4394 3336 4463 patris.
3359 4392 3491 4459 Quis

192 4481 293 4535 nisi
335 4479 477 4536 Filio
521 4479 774 4538 afﬁrmat.
822 4484 886 4538 Et
941 4485 1116 4540 Patris
1170 4484 1363 4541 Filium
1417 4487 1787 4544 confessurum
1894 4491 2038 4547 Deus
2067 4492 2117 4544 in
2140 4505 2201 4544 ea
2239 4490 2428 4544 natus?
2452 4491 2643 4546 Sermo
2669 4498 2723 4544 et
2751 4489 2990 4559 spiritus,
3019 4487 3107 4559 qui
3133 4502 3252 4541 cum
3278 4499 3487 4541 sermo-

189 4573 554 4640 confessores,
580 4584 634 4629 et
660 4583 973 4646 negaturum
1004 4589 1287 4648 negatores
1327 4593 1454 4635 suos
1492 4579 1631 4650 apud
1682 4580 1786 4635 Pa-
1892 4600 1961 4640 nc
1992 4584 2056 4639 de
2108 4583 2281 4638 Patris
2325 4582 2595 4636 voluntate
2633 4591 2787 4636 natus
2831 4590 2931 4636 est.
2986 4581 3145 4651 Igitur
3189 4579 3378 4634 Sermo
3433 4577 3485 4631 in

189 4674 365 4730 trem;
398 4666 659 4721 inducens
706 4667 1017 4737 parabolam
1076 4670 1191 4733 lilii,
1238 4684 1345 4726 non
1396 4671 1582 4742 patris,
1615 4672 1666 4726 in
1708 4673 1787 4725 vi-
1889 4692 2085 4743 carne,
2124 4677 2248 4731 dum
2297 4687 2350 4730 et
2399 4675 2466 4729 de
2515 4676 2616 4729 hoc
2649 4672 2763 4746 (15)
2818 4674 3185 4745 querendum,
3215 4668 3485 4741 quomodo

189 4772 344 4813 neam
380 4758 529 4813 missi
586 4766 710 4828 post
755 4758 959 4830 aliquot
1006 4775 1212 4829 servos,
1257 4772 1312 4819 et
1363 4762 1526 4819 occisi
1565 4779 1595 4818 a
1626 4764 1823 4836 malist]

1931 4787 2080 4827 ermo
2107 4786 2231 4826 caro
2258 4770 2327 4822 sit
2364 4767 2567 4832 factus;
2614 4776 2861 4822 utrumne
2890 4766 3038 4836 quasi
3077 4763 3484 4835 transfiguratus

187 4849 423 4916 ιίιειίσίει
455 4858 567 4905 θη
595 4850 754 4907 Patre
784 4852 1027 4919 defenSi;
1060 4856 1314 4925 ignorans
1364 4866 1421 4912 et
1470 4856 1585 4927 ipse
1635 4856 1778 4913 diem
1885 4868 1938 4921 in
1968 4881 2150 4931 carne,
2202 4879 2268 4917 an
2316 4860 2531 4917 indutus
2578 4862 2833 4917 carnem?
2866 4859 2978 4915 lino
3025 4858 3265 4915 indutus.
3314 4858 3484 4911 Crete-

188 4949 239 4996 εῐ
271 4940 465 4997 horam
512 4941 753 4998 “llimam
798 4944 899 5002 80“
928 4943 1073 5002 Ρειιΐί
1122 4955 1332 5015 "Nam;
1359 4947 1653 5018 disponens
1696 4964 1780 5004 re;
1887 4974 2030 5025 rum,
2066 4959 2229 5012 Deum
2258 4955 2646 5011 immutabilem
2691 4963 2746 5010 et
2785 4952 3175 5011 informabilem
3205 4949 3353 5009 credi
3382 4965 3481 5006 ne-

1416 5040 1709 5104 LECTION
1714 5048 1797 5108 ES
1832 5049 2140 5109 VARIANT
2149 5048 2248 5105 ES.

266 5153 284 5200 1
338 5149 577 5223 Spiritum
599 5146 756 5200 Fran.

240 5150 314 5397 ἐξ
336 5211 439 5326 221
463 5218 614 5263 anuli.
641 5213 797 5264 Rhea.

262 5339 311 5397 4)
336 5335 388 5387 Si
412 5331 565 5387 antiit.
590 5334 738 5388 Sensi.

1972 5162 2024 5227 9)
2047 5164 2294 5217 Insultans
2319 5168 2486 5217 Venet.

1975 5229 2033 5277 ll)
2080 5228 2304 5279 Morabor
2328 5228 2481 5280 Rhea.

1974 5292 2022 5339 11
2076 5292 2213 5340 Alius
2243 5291 2375 5343 deest
2395 5289 2486 5342 int

1970 5354 2025 5397 12
2073 5357 2356 5397 Retmntatis
2382 5353 2486 5397 Rhet

602 5246 614 5260 .
641 5228 797 5264 unus.
1947 5228 2052 5280 (lli)
2080 5228 2304 5279 Morabor
2328 5228 2481 5280 Rhea.

262 5339 291 5387 4

336 5275 424 5343 {4-
600 5336 629 5343 _
710 5334 722 5343 .
1948 5275 2618 5343 Μιςᾴιῐιίαζᾶὲεᾶὗῖωιειι.

292 5334 311 5468 ζ
336 5335 388 5387 sa
412 5334 565 5387 anili.
590 5334 738 5388 Sensi.
1943 5334 2048 5468 (is)
2073 5334 2525 5405 ἑίέὶῖηᾷοἶιῑιῖρῖὴὶῐεὶῐέ

336 5401 445 5468 Qua
472 5401 576 5468 Ιέζι.
1971 5416 2025 5464 l3
2071 5416 2241 5468 Itaque
2266 5416 2409 5468 Rhen.

260 5401 310 5480 Ξὶ
333 5401 451 5480 9:9:
472 5401 612 5480 £03;
1943 5401 2045 5480 (is)
2071 5401 2409 5480 ιιάάιῑεῑςῆξιίς

260 5462 310 5531 9)
331 5462 631 5531 Quiane."-

1941 5462 2045 5531 (ᾗ)
2069 5462 2570 5530 risissemus.
2596 5476 2747 5531 alien.

256 5524 310 5640 ἐξ
324 5524 683 5640 ἐθίαῗαθπίηηα,
1937 5524 2041 5605 (i3)
2065 5524 2581 5606 assumsisse.

1542 5658 2104 5723 COMMENTARIUS.

244 5745 398 5803 CAP.
419 5745 716 5826 _XXVlI._—_—
735 5747 813 5821 (a)
832 5747 1066 5826 Dividere
1086 5747 1203 5826 illos
1224 5751 1393 5826 potius
1411 5768 1561 5822 quam
1575 5771 1756 5814 unnre.
1864 5776 1992 5814 vero
2020 5770 2126 5815 tres
2150 5760 2274 5815 Mss.
2311 5761 2546 5819 Vaticani
2580 5761 2703 5815 cod.
2730 5760 2907 5826 legant
2934 5759 3104 5822 unire,
3139 5766 3315 5812 tamen
3339 5757 3467 5813 reti-

185 5814 380 5906 lJnare,
418 5821 590 5906 inqpit
628 5814 956 5906 Rhenanus,
988 5814 1480 5906 siAmples'verbumn
1505 5840 1757 5897 usurpat,
1866 5814 2079 5906 nuimus
2112 5814 2275 5888 iniure
2297 5876 2310 5902 ,
2355 5814 2836 5906 adnuissetis;
2858 5832 3025 5904 magis
3056 5814 3271 5902 phrasin
3301 5828 3463 5884 redo-

182 5892 438 5949 undenos
468 5886 705 5948 u'dunare
741 5893 967 5948 dicimus
996 5899 1049 5948 et
1076 5886 1398 5950 coadunare.
1441 5886 1756 5971 Quanquam
1867 5904 1987 5958 lcat.
2023 5886 2158 5959 Pan.
