4262 6490
732 350 826 406 191

2166 365 2634 425 TERTULIJANI

3930 392 4040 449 192

733 482 885 525 cesse
905 475 1008 534 est,
1040 477 1099 524 ιιι
1118 478 1398 529 aeternum.
1428 473 1471 529 T
1475 476 1846 546 ransﬁgnratio
1863 488 2039 534 autem
2074 481 2323 536 interem-
2352 483 2404 542 Λ
2431 484 2667 553 egissent
2698 488 2775 556 (8)
2806 506 2869 543 ex
2903 493 3287 563 translatione;
3329 508 3421 553 aut
3464 500 3542 571 (9)
3575 517 3749 573 neque
3774 508 4036 577 carnalia,

730 561 841 630 ptio
866 569 946 616 est
981 564 1184 632 pristini
1211 564 1312 637 (ο).
1343 566 1515 624 Omne
1538 570 1681 625 enim
1721 571 2097 645 quodcumque
2143 585 2323 631 trans-

725 653 980 723 ﬁguratur
1023 655 1075 708 in
1119 656 1283 722 aliud,
1314 658 1511 716 desiuit
1548 676 1668 717 esse
1693 662 1837 733 quod
1878 663 2071 731 fuerat,
2103 677 2157 721 et
2187 666 2322 721 inci-

722 745 800 817 pit
836 761 955 802 esse
1000 750 1142 818 quod
1193 766 1297 806 non
1341 762 1475 809 erat.
1512 755 1651 810 Deus
1691 768 1866 811 autem
1914 774 2087 830 neque
2128 762 2326 818 desinit

722 853 864 905 esse,
896 856 1071 913 neque
1097 844 1239 899 aliud
1271 856 1449 917 potest
1474 864 1614 905 esse.
1639 850 1826 908 Sermo
1856 863 2032 908 autem
2062 855 2238 921 Deus;
2272 867 2326 913 et

719 944 902 987 sermo
935 934 1139 991 Domini
1180 950 1357 994 manet
1388 941 1439 994 in
1472 957 1665 1004 mvmn.
1696 946 2084 1012 perseverando
2122 950 2326 1004 scilicet

722 1023 775 1079 in
806 1039 899 1080 sua
928 1025 1118 1084 forma.
1162 1030 1333 1099 Quem
1379 1034 1422 1087 si
1481 1050 1584 1090 non
1634 1039 1775 1108 capit
1815 1039 2180 1109 transﬁgurari
2216 1041 2321 1116 (1),

718 1132 1059 1191 consequens
1108 1133 1211 1191 est,
1261 1132 1319 1179 ut
1362 1128 1438 1181 sic
1467 1142 1593 1183 caro
1643 1128 1814 1185 factus
1845 1131 2165 1203 intelligatur
2194 1135 2321 1190 dum

720 1211 776 1265 lit
808 1210 885 1285 (2)
928 1229 980 1268 tn
1009 1228 1190 1282 carne,
1224 1226 1278 1272 et
1318 1219 1709 1288 manifestatur,
1742 1232 1793 1277 et
1838 1224 2065 1291 videtur,
2096 1238 2149 1281 ct
2194 1243 2324 1283 con-

720 1311 979 1361 trectatur
1004 1322 1098 1378 per
1126 1324 1339 1366 carnem
1368 1331 1381 1367 :
1408 1315 1530 1384 quia
1560 1326 1615 1371 et
1643 1326 1833 1371 Caetera
1873 1320 1951 1373 sic
2002 1321 2168 1392 accipi
2205 1323 2322 1378 exi-

718 1406 870 1465 gunt.
915 1397 969 1453 Si
1000 1401 1143 1455 enim
1170 1401 1361 1457 Sermo
1390 1419 1456 1459 ex
1495 1408 1957 1477 transliguratione
1984 1419 2039 1464 et
2081 1412 2323 1469 demuta-

722 1488 865 1544 tione
884 1492 1195 1548 substantiae
1222 1510 1347 1550 caro
1370 1496 1538 1554 factus
1559 1509 1657 1565 est,
1692 1517 1793 1555 una
1827 1503 1935 1572 jam
1964 1505 2065 1559 erit
2095 1504 2175 1578 (ὖ)
2199 1509 2322 1563 θυι)-

719 1582 912 1637 stantia
949 1583 1105 1640 Jesus
1136 1601 1200 1643 ex
1227 1588 1453 1656 duabus,
1487 1608 1552 1646 ex
1582 1607 1746 1649 carne
1774 1607 1830 1650 et
1858 1596 2046 1666 spiritu
2092 1601 2321 1657 mixtura

719 1674 1003 1744 quaedam,
1057 1690 1114 1733 ut
1187 1681 1445 1738 electrum
1500 1701 1567 1740 ex
1644 1702 1777 1741 auro
1832 1699 1886 1744 et
1953 1702 2207 1760 argento;
2267 1703 2323 1749 et

722 1766 908 1838 incipit
964 1787 1061 1827 nec
1112 1788 1301 1829 aurum
1354 1792 1513 1843 esse,
1568 1778 1619 1833 id
1677 1791 1760 1835 est
1814 1782 2071 1852 spiritus,
2140 1802 2321 1856 neque

2430 593 2603 647 neque
2644 582 2927 651 spiritalia,
2970 588 3066 641 sed
3118 590 3293 645 tertia:
3330 592 3561 664 alicujus
3581 596 3787 665 ferulas,
3811 617 3877 655 ex
3909 602 4031 675 (10)

2428 667 2788 728 confusione:
2852 676 2959 732 imo
3030 693 3123 735 aut
3180 697 3361 739 sermo
3413 696 3653 743 mortuus
3703 700 3869 758 esset,
3944 704 4041 751 aut

2428 775 2555 815 caro
2579 776 2787 837 mortua
2827 782 2934 823 non
2962 782 3127 834 esset.
3170 776 3213 828 si
3243 791 3423 831 sermo
3462 793 3754 837 conversus
3799 796 3945 842 esset
3981 788 4038 845 in

2427 867 2683 922 carnem;
2739 868 2833 913 aut
2885 875 3011 918 caro
3072 866 3218 921 enim
3288 869 3607 927 immortalis
3668 874 3877 942 fuisset,
3936 890 4031 937 aut

2426 960 2607 1001 sermo
2654 952 2917 1007 mortalis.
2951 953 3057 1010 Sed
3088 958 3210 1025 quia
3238 960 3552 1018 substantia:
3590 968 3762 1021 amba:
3804 968 3856 1023 in
3889 978 4037 1027 statu

2426 1053 2525 1093 suo
2552 1056 2789 1112 quaeque
2824 1044 3203 1118 tlistincte(ll)
3237 1052 3485 1122 agebant,
3504 1055 3624 1110 ideo
3655 1057 3759 1112 illis
3787 1068 4037 1130 etoperae

2426 1140 2481 1187 et
2528 1134 2702 1189 exitus
2759 1138 2840 1192 sui
2883 1151 3258 1197 occurrerunt.
3308 1145 3462 1201 Disce
3506 1148 3668 1219 igitur
3709 1165 3831 1206 eum
3875 1152 4037 1209 Nico-

2426 1223 2604 1291 dento,
2651 1225 2854 1300 (Joau.,
2900 1229 2987 1298 lll,
3019 1232 3075 1303 6)
3122 1234 3256 1302 Quia
3284 1239 3421 1307 quod
3448 1240 3631 1311 iu(l2)
3655 1259 3809 1299 carne
3846 1256 4023 1300 natum

2425 1328 2529 1383 est,
2571 1336 2692 1375 caro
2729 1332 2833 1388 est;
2877 1327 3090 1390 etquod
3132 1328 3195 1382 de
3234 1332 3420 1400 spiritu
3452 1333 3663 1401 spiritus
3697 1347 3789 1390 est.
3844 1336 4034 1409 Neque

2425 1425 2552 1466 caro
2582 1415 2801 1483 spiritus
2828 1418 2904 1483 lit,
2955 1436 3131 1491 neque
3174 1424 3394 1492 spiritus
3423 1441 3567 1481 caro.
3612 1428 3668 1484 In
3712 1444 3818 1485 uno
3856 1433 4020 1503 plane

2425 1520 2545 1561 eSse
2578 1521 2822 1577 possunt.
2854 1512 2928 1566 Ex
2962 1513 3042 1568 his
3068 1514 3226 1570 .lesus
3251 1520 3515 1587 constitit,
3550 1537 3616 1577 ex
3642 1538 3805 1580 carne
3837 1526 4025 1591 homo,

2425 1612 2493 1653 ex
2548 1600 2736 1668 spiritu
2793 1603 2950 1667 Deus,
3006 1620 3164 1675 quem
3207 1616 3333 1665 tunc
3374 1612 3597 1681 angelus
3643 1630 3708 1668 es
3762 1631 3826 1671 ea
3869 1628 4023 1689 parte

2424 1706 2529 1760 qua
2574 1694 2794 1763 spiritus
2836 1706 2972 1764 erat,
3027 1698 3117 1754 Dei
3161 1700 3353 1757 Filium
3398 1708 3779 1775 pronuntiavit,
3813 1724 4036 1769 servans

2425 1787 2574 1841 carni
2624 1787 2790 1843 ﬁliuttt
2845 1788 3079 1848 hominis
3119 1793 3246 1849 dici.
3297 1796 3388 1852 Sic
3432 1809 3485 1854 et
3535 1804 3823 1870 Apostolus
3866 1806 4034 1861 etiam

720 1871 1033 1931 argentum,
1105 1864 1157 1919 id
1226 1879 1328 1934 est,
1405 1884 1568 1938 caro,
1640 1871 1765 1927 dunt
1843 1876 2070 1931 alterum
2145 1880 2316 1936 altero
2347 1880 2394 1941 B
2428 1878 2521 1933 Dei
2548 1890 2603 1935 et
2622 1881 2896 1937 hominum
2920 1886 3196 1955 appellans
3224 1894 3619 1962 sequestrent(l
3660 1894 4029 1969 Tiitt.,.ll,5),

724 1964 991 2023 mutatur,
1050 1968 1103 2012 et
1159 1962 1371 2015 tertium
1449 1964 1576 2033 quid
1642 1967 1891 2024 efﬁcitur.
1951 1969 2134 2042 Neque
2195 1989 2323 2044 ergo

724 2044 870 2103 Deus
925 2050 1027 2105 erit
1078 2051 1255 2109 Jesus.
1313 2055 1506 2112 Sermo
1576 2060 1718 2113 enim
1784 2060 1942 2118 desiit
2014 2080 2173 2132 esse,
2233 2069 2323 2137 qui

717 2154 847 2195 caro
886 2140 1055 2199 factus
1101 2155 1218 2211 est;
1253 2163 1426 2218 neque
1454 2166 1601 2217 caro,
1650 2152 1700 2205 id
1747 2164 1829 2208 est
1873 2154 2033 2211 homo
2067 2157 2168 2229 (4),
2199 2175 2326 2215 caro

718 2232 860 2287 enim
888 2249 995 2289 non
1028 2239 1238 2309 proprie
1276 2250 1377 2304 est.
1402 2244 1490 2312 qui
1519 2242 1596 2315 (ὅ)
1624 2244 1811 2301 Seruio
1834 2246 1949 2301 fuit.
1983 2248 2055 2303 Ita
2083 2267 2145 2305 ex
2180 2263 2326 2308 utro-

719 2338 824 2394 que
850 2336 1095 2383 neutrum
1147 2339 1261 2395 est;
1318 2334 1457 2388 aliud
1509 2334 1665 2406 longe
1716 2340 1931 2394 tertiuut
1984 2351 2104 2407 est,
2164 2360 2323 2417 quam

719 2427 1026 2489 utrumque.
1060 2422 1165 2477 Sed
1198 2425 1338 2479 enim
1370 2427 1833 2485 invenintusillum
1856 2432 2061 2488 directo
2080 2445 2131 2490 et
2160 2437 2324 2493 Deum

719 2518 775 2564 et
798 2510 1066 2569 hominem
1104 2519 1425 2586 expositum,
1458 2521 1572 2591 ipso
1617 2522 1716 2578 hoc
1745 2525 1952 2594 psalmo
1981 2541 2320 2598 suggerente.

718 2606 958 2676 quoniam
1001 2606 1141 2663 Deus
1185 2614 1333 2665 homo
1384 2624 1532 2667 natus
1577 2626 1651 2670 est
1697 2618 1749 2671 in
1798 2620 1910 2685 illa,
1942 2622 2021 2693 (ﬁ)
2054 2624 2326 2691 mliﬁeavit

720 2713 831 2751 eam
859 2699 1119 2755 voluntate
1153 2702 1358 2771 Putris;
1390 2718 1534 2763 certe
1579 2724 1962 2782 usquequaque
2009 2713 2199 2768 Filiqu
2233 2717 2323 2770 Dei

720 2800 774 2845 et
802 2790 971 2847 lilium
1002 2794 1252 2865 hominis,
1288 2815 1408 2855 cum
1438 2802 1606 2857 Deum
1642 2814 1693 2858 et
1721 2804 1987 2862 hominem
2021 2810 2139 2864 sine
2164 2810 2327 2865 dubio

720 2884 1015 2940 secundum
1044 2898 1323 2961 utrantque
1362 2894 1712 2950 substantiam
1756 2898 1806 2952 in
1849 2912 1942 2952 sua
1999 2902 2327 2970 proprietate

722 2973 1008 3032 distantem
1044 2998 1054 3029 :
1090 2982 1212 3051 quia
1243 2999 1415 3053 neque
1446 2986 1638 3042 Sermo
1668 2989 1809 3043 aliud
1838 3007 1996 3061 quant
2031 2994 2200 3060 Deus,
2236 3012 2327 3049 ne—

724 3083 836 3138 que
857 3084 984 3125 caro
1004 3072 1144 3126 aliud
1166 3090 1324 3144 quain
1350 3077 1529 3133 homo.
1559 3079 1646 3134 Sic
1676 3090 1729 3135 et
1750 3082 2037 3151 Apostolus
2059 3084 2233 3152 (Rom.
2283 3086 2325 3151 Ι,

731 3162 819 3232 57)
847 3161 915 3218 de
938 3176 1164 3236 utraque
1192 3168 1308 3237 ejus
1336 3170 1631 3227 substantia
1665 3172 1821 3229 docet
1852 3192 1863 3227 :
1902 3174 2000 3241 Qui
2034 3181 2200 3248 [actus
2231 3192 2322 3243 est,

2431 1972 2712 2043 Utriusque
2777 1976 3093 2033 substantiae
3154 1983 3510 2038 conﬁrmavit.
3568 1984 3869 2043 Novissime
3944 1991 4040 2062 qui

2428 2062 2623 2118 Filium
2661 2066 2751 2121 liei
2781 2082 2998 2123 carnem
3030 2071 3423 2141 interpretaris,
3455 2076 3653 2132 exhibe
3685 2081 3774 2147 qui
3798 2080 3869 2134 sit
3897 2080 4042 2137 ﬁlius

2432 2154 2685 2209 hominis.
2720 2158 2825 2212 Aut
2856 2162 3095 2230 nunquid
3122 2163 3341 2232 spiritus
3381 2166 3517 2220 erit?
3541 2168 3635 2223 sed
3677 2170 3898 2239 spiritus
3933 2173 4043 2226 Pa-

2432 2258 2566 2301 trem
2592 2250 2762 2317 ipsunt
2789 2252 2866 2304 vis
2896 2250 3114 2318 haberi;
3141 2256 3262 2324 quia
3289 2257 3431 2312 Deus
3476 2261 3720 2327 spiritus,
3752 2264 3903 2333 quasi
3931 2280 4043 2321 non

2429 2352 2482 2395 et
2513 2342 2604 2398 Dei
2636 2345 2854 2414 spiritus
2883 2365 2895 2400 :
2930 2348 3072 2403 sicut
3110 2358 3165 2403 et
3194 2366 3374 2406 sermo
3417 2352 3579 2421 Deus,
3611 2363 3666 2410 et
3706 2355 3799 2412 Dei
3834 2371 4042 2416 sermo.

2990 2439 3220 2496 CAPUT
3261 2440 3501 2497 XXVIII.

2502 2524 2689 2596 Itaque
2715 2525 2987 2584 Cltristunt
3022 2529 3153 2586 facis
3185 2532 3421 2600 Patrem,
3453 2535 3788 2605 stultissime,
3818 2539 3909 2609 qui
3943 2556 4047 2597 nee

2430 2617 2597 2687 ipsam
2626 2620 2731 2674 vim
2762 2621 3015 2691 inspicias
3058 2627 3290 2680 nominis
3332 2626 3511 2694 hujus,
3554 2629 3597 2681 si
3629 2639 3806 2684 tamen
3838 2646 4041 2687 nomen

2430 2722 2508 2764 est
2546 2712 2813 2778 Christus,
2858 2725 2912 2769 et
2970 2731 3074 2769 non
3120 2717 3407 2787 appellatio
3457 2720 3662 2789 potius;
3698 2733 3879 2776 unctus
3919 2724 4046 2795 (l3)

2428 2804 2572 2857 enim
2604 2804 2955 2873 signiﬁcatur.
3015 2807 3211 2863 Unctus
3252 2821 3431 2865 autem
3478 2826 3584 2865 non
3634 2814 3803 2884 magis
3834 2829 4034 2870 nomen

2430 2908 2531 2957 est.
2560 2911 2719 2967 quam
2751 2899 2977 2965 vestitus,
3020 2916 3180 2970 quam
3225 2903 3498 2968 calceatus,
3531 2904 3783 2959 accidens
3828 2906 4041 2961 nomiui

2430 3006 2539 3047 res.
2596 2992 2676 3045 An
2732 3001 2787 3046 tu
2834 2992 2969 3061 (14),
3021 2993 3064 3046 si
3117 3008 3183 3048 ex
3224 2993 3401 3062 aliquo
3453 3005 3771 3065 argumento
3824 2998 4035 3051 vestitus

2434 3099 2646 3158 quoque
2672 3094 2956 3140 vocaretur
3006 3084 3180 3152 Iesus,
3218 3086 3490 3156 quomodo
3516 3087 3750 3144 Christus
3789 3090 3858 3144 ab
3903 3106 4045 3145 unc-

2433 3178 2595 3231 tionis
2636 3187 2995 3240 sacramento.
3027 3196 3179 3249 aeque
3219 3180 3404 3236 Jesum
3434 3181 3625 3235 Filium
3673 3182 3763 3237 Dei
3800 3184 4049 3251 diceres,

726 3256 934 3326 inquit,
980 3276 1044 3312 ex
1100 3263 1289 3317 semine
1342 3262 1521 3319 David.
1583 3265 1678 3322 llic
1739 3270 1843 3323 erit
1914 3269 2074 3325 homo
2144 3282 2199 3327 et
2271 3274 2405 3339 ﬁ-C
2440 3270 2676 3323 vestitum
2725 3284 2853 3323 vero
2901 3270 3111 3324 Patrem
3155 3272 3450 3327 crederes?
3502 3272 3653 3327 Nunc
3690 3273 3757 3328 de
3795 3275 4043 3331 Christo.

732 3345 838 3401 lius
889 3347 1143 3417 hominis,
1189 3356 1278 3423 qui
1330 3354 1582 3412 deﬁnitus
1624 3366 1707 3412 est
1757 3358 1816 3412 Fi
1842 3360 1924 3413 ius
1988 3362 2082 3416 Dei
2137 3377 2332 3419 secun-

728 3438 854 3493 dum
886 3442 1152 3510 spiritum.
1196 3445 1292 3499 llic
1334 3448 1435 3500 erit
1491 3447 1629 3501 Deus
1655 3490 1668 3514 ,
1712 3459 1767 3504 et
1814 3450 2005 3505 Sermo
2039 3452 2131 3507 Dei
2166 3454 2327 3511 ﬁlius.

732 3532 986 3589 Videmus
1027 3536 1293 3607 duplicem
1338 3549 1533 3595 statum
1579 3558 1684 3597 non
1736 3544 2020 3600 confusum
2071 3547 2183 3618 (ὁ),
2233 3550 2328 3605 sed

730 3626 1077 3696 conjunctutn
1102 3630 1152 3684 in
1177 3646 1277 3686 una
1295 3647 1541 3702 persona,
1564 3635 1729 3690 Deum
1753 3646 1803 3690 et
1824 3635 2093 3693 hominem
2117 3638 2324 3694 Jesutn.

732 3716 809 3772 De
852 3719 1069 3774 Christo
1121 3732 1297 3778 autem
1351 3724 1540 3779 diﬁ‘ero
1592 3727 1693 3797 (7).
1746 3727 1816 3781 Et
1867 3728 2001 3781 adeo
2047 3731 2189 3784 salva
2243 3743 2329 3788 est

731 3809 1007 3878 utriusque
1058 3816 1353 3883 proprietas
1396 3818 1729 3883 substantiae,
1775 3829 1835 3873 ut
1882 3831 1936 3875 et
1979 3822 2199 3892 spiritus
2244 3840 2332 3880 res

734 3915 858 3956 suas
887 3907 1059 3974 egerit
1086 3907 1136 3961 in
1171 3908 1285 3974 illo,
1318 3910 1368 3964 id
1400 3920 1483 3965 est
1510 3912 1735 3967 virtutes
1772 3924 1825 3968 et
1871 3930 2032 3984 opera
2074 3928 2128 3972 et
2156 3918 2331 3988 signa,

734 4004 791 4050 et
824 4010 952 4052 caro
992 4001 1266 4067 passiones
1309 4018 1432 4057 suas
1462 4003 1637 4059 functa
1676 4007 1765 4070 sit,
1798 4007 2042 4062 esuriens
2088 4009 2189 4063 sub
2216 4009 2334 4063 dia-

735 4089 883 4157 bolo,
929 4094 1116 4149 sitiens
1158 4096 1259 4151 sub
1296 4098 1639 4166 Samaritide,
1674 4100 1807 4155 flens
1854 4101 2137 4169 Lazarum,
2179 4103 2338 4158 anxia

735 4199 905 4255 usque
934 4187 999 4240 ad
1050 4199 1305 4256 mortem;
1349 4192 1581 4264 denique
1625 4204 1677 4249 et
1724 4206 1929 4250 mortua
1961 4207 2061 4251 est.
2095 4198 2247 4265 Quod
2289 4198 2335 4254 si

737 4281 954 4335 tertium
985 4283 1109 4352 quid
1142 4294 1285 4339 esset
1312 4302 1378 4342 ex
1405 4298 1629 4359 utroque
1655 4289 1935 4345 confusum
1966 4302 2023 4347 ut
2052 4293 2334 4361 electrum,

738 4388 844 4427 non
909 4384 1014 4431 tam
1074 4377 1324 4435 distincta
1381 4382 1705 4438 documenta
1761 4394 2006 4453 paterent
2060 4388 2337 4456 utriusque

738 4464 1072 4525 substantiae.
1114 4469 1219 4527 Sed
1245 4480 1300 4528 et
1325 4474 1545 4544 spiritus
1572 4476 1828 4541 carnalia,
1852 4488 1905 4533 et
1933 4493 2060 4533 caro
2084 4478 2340 4547 spiritalia

2440 3360 2493 3415 Si
2535 3360 2692 3416 Pater
2727 3361 2971 3415 Christus
2998 3371 3101 3425 est,
3144 3362 3300 3418 Pater
3332 3373 3523 3419 unctus
3553 3373 3657 3431 est,
3682 3375 3737 3420 et
3759 3368 3947 3436 utique
3977 3370 4050 3423 ab

2437 3453 2561 3508 alio.
2598 3455 2702 3507 Aut
2726 3454 2769 3507 si
2811 3470 2839 3506 a
2882 3455 3194 3525 semetipso,
3229 3458 3415 3525 proba.
3448 3456 3552 3513 Sed
3585 3472 3692 3513 non
3737 3460 3808 3513 ita
3847 3460 4053 3516 docent

2436 3548 2568 3600 Acta
2599 3546 3066 3614 Apostolorttm,in
3088 3548 3172 3600 illa
3204 3550 3597 3603 exclamatione
3629 3549 3892 3606 Ecclesia:
3920 3554 4046 3623 (15)

2433 3637 2501 3691 ad
2536 3638 2735 3691 Deum:
2780 3636 3127 3691 Conveneruut
3155 3640 3289 3692 enim
3321 3641 3457 3702 (Act.
3498 3640 3588 3708 IV,
3616 3641 3709 3714 27)
3739 3645 3969 3699 universi
3999 3649 4054 3702 in

2435 3731 2534 3784 ista
2558 3730 2760 3784 civitate
2787 3730 3032 3784 adversm
3061 3743 3294 3787 sanctum
3318 3732 3511 3788 Filium
3533 3745 3675 3789 tuum
3697 3734 3880 3791 Jesunt
3899 3741 4050 3811 (16).

2439 3840 2585 3893 quem
2614 3827 2821 3885 tinxisti,
2860 3825 3101 3881 llerodes
3124 3836 3178 3881 et
3205 3828 3405 3883 Pilatus
3432 3846 3556 3885 cum
3594 3829 3948 3900 Nationibus;
3982 3835 4055 3889 ita

2442 3928 2495 3973 et
2538 3916 2729 3972 Filium
2777 3918 2869 3972 Dei
2917 3918 3101 3973 Jesunt
3145 3922 3429 3976 eontestati
3479 3932 3624 3987 sunt,
3666 3933 3722 3978 et
3769 3922 3972 3979 Filium
4024 3940 4055 3979 a

2446 4011 2603 4066 Patre
2648 4019 2885 4065 unctum.
2919 4010 3059 4081 Ergo
3094 4011 3251 4067 Jesus
3277 4013 3393 4083 (17)
3437 4013 3577 4067 idem
3626 4015 3730 4069 erit
3777 4013 4053 4082 Christus,

2446 4104 2534 4173 qui
2574 4119 2603 4157 a
2634 4102 2789 4157 Patre
2822 4113 3011 4158 unctus
3038 4112 3139 4168 est,
3175 4120 3278 4158 non
3310 4105 3488 4169 Pater,
3532 4106 3621 4175 qui
3654 4104 3845 4160 Filium
3879 4108 4052 4163 unxit.

2442 4193 2531 4250 Sic
2551 4203 2606 4249 et
2625 4194 2816 4249 Petrus
2843 4194 2981 4267 (Act.
3022 4194 3089 4259 ll,
3114 4194 3240 4266 56):
3263 4194 3310 4248 F
3312 4196 3581 4249 irutissiute
3596 4198 3763 4266 itaque
3782 4208 4057 4267 cognoscat

2442 4288 2604 4342 omnis
2631 4287 2813 4341 domus
2846 4286 3031 4353 Israel,
3062 4289 3198 4359 quod
3224 4300 3271 4342 et
3302 4288 3578 4342 Dominum
3604 4299 3650 4341 et
3678 4288 3968 4355 Christum,
4002 4291 4055 4343 id

2442 4392 2514 4437 est
2545 4392 2773 4448 unctum,
2818 4381 2995 4451 fecerit
3037 4398 3155 4436 eum
3185 4380 3325 4435 Deus
3368 4382 3502 4435 hunc
3546 4380 3745 4446 Jesum,
3790 4398 3941 4453 quem
3969 4399 4057 4437 eos

2442 4472 2788 4543 cruciﬁxistis.
2816 4472 3053 4529 Joannes
3080 4482 3260 4530 autem
3322 4472 3377 4543 (l
3415 4471 3602 4541 Joau.,
3652 4473 3719 4540 ll,
3750 4473 3846 4547 Ἠ)
3893 4474 4055 4530 etiam

1980 4616 2359 4674 LECTIUNES
2400 4614 2813 4672 VARIANTES.

805 4724 823 4783 (
835 4725 877 4788 l)
903 4724 1200 4788 Conﬁgttrari
1220 4727 1367 4781 Rhea.

805 4787 876 4845 (9.)
902 4788 979 4838 Sit
1002 4787 1155 4840 rma.

806 4850 879 4909 (5)
902 4850 1017 4901 Erat
1042 4852 1187 4903 nhen.

807 4913 878 4978 (ι)
904 4913 1079 4978 Neque
1104 4915 1249 4978 homo
1271 4931 1383 4969 caro
1406 4916 1551 4968 (then.

808 4976 881 5038 (5)
909 4976 1031 5035 Quia
1057 4977 1204 5029 ltheu.

808 5038 882 5095 (6)
906 5038 968 5089 Et
1006 5038 1151 5091 inser.
1181 5040 1326 5093 Itheu.

806 5100 881 5157 (7)
906 5104 1098 5151 DiSSBI’O
1121 5105 1270 5153 Semt.

810 5163 883 5226 (is)
910 5162 1105 5226 Egisset
1126 5166 1275 5217 Seml.

810 5224 863 5287 (9
866 5230 883 5288 )
912 5224 971 5276 Ut
990 5224 1136 5278 Rhea.

2362 4730 2416 4790 D
2511 4729 2611 4916 (10)
2636 4729 2708 4779 Ex
2734 4730 2865 4780 deest
2892 4732 3083 4801 Venet,
3109 4730 3288 4793 From,
3312 4732 3501 4795 Paris,
3526 4733 3629 4800 Rig.

2508 4792 2582 4849 (11
2638 4791 2891 4841 Distinctae
2916 4793 3081 4843 Paris.

2507 4854 2590 4916 (l2
2630 4853 2707 4903 De
2732 4854 2885 4905 latin.

2508 4791 2611 4849 (11)
2638 4791 2891 4841 Distinetze
2916 4792 3081 4843 Paris.

2536 4853 2610 4905 l2)
2630 4853 2707 4903 De
2732 4854 2885 4905 Latin.

2534 4918 2615 4971 13)
2644 4917 2812 4967 Potius
2837 4918 2969 4967 enim
2992 4923 3171 4969 unctus
3193 4918 3345 4971 Rhea.

2539 4978 2615 5031 Nl
2637 4981 2700 5029 At
2723 4986 2776 5029 tu
2802 4978 2948 5029 Rhea.

2542 4920 2592 4969 I5
2644 4918 2812 4967 Potius
2837 4918 2969 4967 enim
2992 4923 3171 4969 unctus
3193 4921 3209 4971 l

2542 4980 2595 5031 14
2637 4981 2700 5029 At
2723 4986 2776 5029 tu
2802 4978 2948 5029 Rheu.

2542 4918 2615 5101 liii
2641 5041 2877 5092 Ecclesiae
2902 5040 3033 5092 deest
3056 5042 3209 5094 Rhea.

2540 5106 2617 5173 lg)
2640 5105 2807 5173 {esum
2831 5103 2965 5173 deest
2988 5103 3133 5173 nheri.

2544 5108 2596 5155 16
2640 5108 2807 5154 Jesum
2831 5108 2965 5155 deest
2988 5108 3061 5153 Itht

2544 5108 2623 5231 17)
2648 5162 2885 5218 Dominus
2907 5164 3061 5217 Seml.

2118 5336 2681 5396 COMMENTARIUS.

826 5471 900 5559 (.a)
931 5470 1342 5559 Transﬁguratio
1371 5486 1538 5559 autem
1561 5478 1878 5559 interemptio
1899 5484 1969 5531 est
1992 5475 2210 5559 pristini.
2237 5475 2334 5559 Fa-

749 5543 820 5599 cit
841 5544 925 5597 hic
947 5544 1093 5598 locus
1116 5543 1215 5629 pro
1237 5543 1808 5629 transsttbstantiatione,
1836 5543 2260 5629 quantcatholici
2285 5549 2336 5601 itt

752 5626 1090 5700 sacramento
1142 5618 1491 5700 Eucha‘tiistise
1536 5632 1810 5687 asserunt,
1856 5618 1920 5674 in
1973 5619 2338 5700 assumptione

751 5687 1256 5774 Vel'tllhlllntll'l‘ila‘llS-
1295 5691 1495 5774 Christi
1541 5702 1774 5761 negant:
1822 5700 2000 5763 utpote
2054 5687 2339 5774 quijttxt'a

752 5757 1053 5841 symbolum
1081 5760 1139 5814 Β.
1173 5764 1474 5845 Athanasii,
1506 5757 1641 5819 unus
1685 5781 1787 5845 non
1827 5757 2337 5845 etinversinnegtlivi-

755 5828 938 5883 uitatis
980 5830 1034 5885 itt
1075 5848 1316 5904 carnem,
1355 5836 1449 5891 sed
1482 5838 1851 5907 assumptione
1886 5833 2233 5890 humanitatis
2278 5836 2332 5889 in

2440 5476 2625 5530 Deum.
2656 5472 2795 5527 Pu.

2514 5545 2593 5619 (1))
2628 5543 2756 5619 Novi
2785 5544 3057 5619 confusum
3086 5587 3101 5610 ,
3147 5546 3236 5601 sed
3264 5545 3591 5619 coniunctum
3634 5547 3688 5619 in
3727 5563 3833 5600 una
3879 5561 4059 5619 perso-

2443 5615 2533 5680 na,
2562 5626 2665 5670 etc.
2718 5615 3045 5685 Conjunctus
3098 5615 3360 5673 nimirunt
3392 5618 3531 5672 Deus
3574 5630 3628 5674 et
3677 5615 4059 5681 ltomo,'salva

2443 5690 2723 5772 utriusqu‘e
2750 5689 3432 5772 substantiarpropri-etate.
3458 5695 3564 5772 θρχὶ
3597 5697 3644 5745 ὰ
3672 5697 4056 5772 «egestates-2.,

2447 5768 2624 5821 οὐσίας.
2658 5758 2789 5825 Quae.
2820 5774 2847 5810 a
2876 5760 3122 5827 symbolo
3155 5760 3212 5814 Il.
3249 5759 3523 5816 Athanasii
3551 5777 3656 5817 non
3685 5761 3825 5817 adeo
3869 5760 4062 5816 viden-

2439 5844 2526 5889 tur
2554 5831 2824 5887 recedere.
2855 5829 2931 5884 [ιε
2955 5830 3047 5884 Pu.
