4262 6490
200 344 286 402 195

1314 341 1524 397 LIBER
1560 339 1924 399 ADVERSUS
1963 341 2320 404 PRAXEAM.

3392 341 3496 400 194

196 460 799 525 mendacemnotatcum,
817 458 903 532 qui
919 456 1366 530 negaueritlesum
1380 474 1485 511 esse
1503 457 1778 511 Christum:
1810 457 1862 518 Λ
1889 457 2145 528 scriptum
2174 470 2275 516 est.
2309 460 2442 515 Nam
2470 468 2525 517 et
2550 457 2857 532 Apostolus,
2890 470 2995 512 non
3023 455 3141 512 sine
3172 470 3336 512 onere
3365 471 3493 527 pro-

195 564 384 618 contra,
408 553 473 609 de
498 552 606 609 Deo
634 563 834 621 nolunt,
858 568 1056 607 omnem
1075 551 1161 622 qui
1190 551 1458 605 crediderit
1477 549 1509 603 .1
1516 566 1656 604 esum
1676 565 1785 604 esse

196 644 456 700 Christum.
509 644 738 713 Pmpter
779 645 922 716 quod
971 654 1028 699 et
1093 643 1340 697 hortatur
1383 652 1441 696 ut
1501 642 1783 697 credamus

192 737 379 793 nomini
408 735 525 790 Filii
557 736 675 805 ejus
712 735 840 791 Jesu
878 734 1102 799 Christi,
1147 744 1206 788 ut
1238 733 1446 790 scilicet
1474 733 1783 787 communio

190 829 252 884 sit
287 828 440 883 nobis
480 844 603 884 cum
634 829 816 893 Patre,
848 838 903 883 et
929 827 1065 882 Filio
1094 826 1212 896 ejus
1252 825 1382 881 Jesu
1426 822 1660 880 Christo.
1693 823 1784 880 Sic

189 931 237 976 et
273 920 468 976 Paulus
514 921 710 991 tibique
751 918 921 974 Deum
970 918 1181 973 Patrem
1228 919 1390 988 ponit,
1423 928 1477 973 et
1507 917 1783 971 Dominum

189 1024 405 1068 nostrum
422 1014 603 1070 Iesum
624 1013 900 1069 Christum.
925 1013 1057 1067 Cum
1081 1011 1147 1066 ad
1174 1011 1444 1066 llouianos
1474 1010 1540 1083 (Ι,
1564 1009 1620 1082 8)
1651 1011 1783 1066 scri-

188 1106 289 1173 bit,
328 1109 522 1178 gratias
571 1108 677 1180 agit
716 1106 823 1160 Deo
871 1122 961 1175 per
1005 1104 1283 1159 Dominum
1327 1116 1558 1158 nostrum
1604 1103 1783 1158 Jesum

188 1199 457 1255 Christum.
487 1199 620 1255 Cum
647 1200 714 1253 ad
742 1198 959 1255 Galatas
992 1197 1061 1270 (ι,
1096 1197 1171 1269 1),
1202 1214 1304 1252 non
1329 1197 1391 1250 ab
1423 1196 1707 1250 hominibus
1731 1212 1785 1251 se

187 1293 465 1362 apostolum
504 1293 732 1362 prwlert,
775 1308 865 1346 nec
904 1308 995 1361 per
1042 1291 1317 1357 hominem,
1363 1291 1454 1345 scd
1484 1307 1573 1360 per
1603 1289 1784 1343 Jesum

186 1382 455 1451 Christum,
508 1396 554 1439 et
604 1383 771 1438 Deum
822 1383 1051 1437 Patrem.
1097 1382 1167 1437 Ει
1213 1382 1380 1437 habes
1430 1392 1537 1437 tota
1580 1382 1782 1436 instru-

190 1487 361 1533 menta
409 1478 489 1550 (l)
530 1478 667 1547 ejus,
704 1492 824 1548 quae
878 1478 929 1530 in
974 1476 1115 1531 hunc
1160 1475 1378 1530 modum
1411 1475 1781 1546 pronuntiant,

186 1582 235 1628 et
261 1572 396 1627 duos
426 1580 752 1642 pr0ponuut,
781 1571 945 1626 Deum
981 1571 1215 1635 Patrem,
1247 1581 1301 1624 et
1329 1570 1615 1624 Dominum
1654 1583 1782 1623 nos.

187 1678 317 1724 trum
347 1667 533 1723 Jesum
560 1668 831 1723 Christum
864 1666 1060 1721 Filium
1093 1665 1289 1733 Patris,
1316 1673 1369 1719 et
1397 1663 1580 1719 Jcsuni
1609 1666 1782 1732 ipsum

187 1775 298 1816 esse
324 1758 624 1825 Christum,
657 1759 708 1812 in
736 1759 906 1813 altero
937 1772 1149 1826 quoque
1188 1756 1406 1811 nomine
1436 1755 1531 1809 Dei
1564 1753 1781 1808 Filium.

1889 551 2139 606 nuntians
2193 551 2463 607 Christum
2530 561 2820 616 mortuum,
2849 548 3063 620 adjecit,
3097 545 3176 620 (7)
3220 547 3497 601 secundum

1890 641 2221 711 Scriptiiras;
2257 655 2316 699 ut
2339 644 2589 700 duritiam
2618 641 3063 715 pronuntiationis
3090 640 3486 709 Scripturaruni

1888 737 2205 792 auctoritate
2236 737 2494 803 molliret,
2526 747 2581 792 et
2604 734 2923 792 scandalum
2952 732 3181 788 auditori
3210 740 3477 786 everteret

1887 827 2200 900 Quanquam
2279 845 2400 885 cum
2481 830 2599 885 dua:
2662 827 2972 884 substantia:
3041 834 3362 881 censeantur
3434 826 3487 880 in

1888 920 2102 977 Christo
2128 923 2277 991 Jesu,
2311 924 2489 979 divina
2534 934 2587 978 et
2628 923 2880 988 humana,
2920 930 3131 975 constet
3180 929 3357 975 autem
3403 920 3503 973 im-

1890 1016 2171 1071 mortalem
2201 1033 2321 1071 esse
2365 1016 2623 1082 divinam,
2653 1016 2793 1069 sicut
2820 1012 3101 1068 mortalem
3135 1011 3212 1083 (8)
3244 1028 3363 1082 qua!
3393 1010 3500 1065 hu-

1891 1124 2045 1164 mana
2090 1112 2178 1176 sit,
2218 1120 2461 1181 apparet,
2505 1119 2766 1181 quatenus
2794 1124 2916 1163 eum
2950 1118 3213 1161 mortuum
3255 1106 3417 1170 dicat,
3452 1106 3501 1159 id

1889 1212 1993 1269 cst,
2035 1220 2137 1274 qua
2171 1220 2390 1259 carnem
2426 1214 2481 1259 et
2522 1203 2792 1257 hominem
2824 1210 2879 1255 et
2911 1200 3076 1254 tilium
3112 1197 3362 1261 hominis,
3391 1214 3495 1254 non

1890 1311 1991 1365 qua
2033 1297 2279 1365 spiritum
2331 1305 2384 1349 ct
2421 1296 2735 1350 Sermonem
2782 1301 2837 1348 et
2888 1292 2977 1347 Dei
3008 1290 3221 1348 Filium.
3272 1289 3506 1346 Dicendo

1890 1388 2141 1457 denique,
2170 1389 2419 1443 Christus
2448 1397 2691 1442 mortuus
2718 1394 2821 1452 est,
2856 1384 2905 1438 id
2932 1394 3014 1440 est
3040 1392 3251 1448 unctus,
3286 1382 3336 1437 id
3362 1382 3505 1453 quod

1892 1490 2107 1534 tinctum
2150 1491 2252 1545 ρει,
2284 1490 2556 1534 mortuum
2585 1477 2835 1542 ostendit,
2874 1475 2922 1529 id
2951 1484 3033 1530 est
3060 1490 3299 1529 carnem.
3342 1473 3504 1549 Ergo,

1893 1573 2089 1643 inquis,
2118 1581 2172 1627 et
2198 1587 2295 1626 nos
2320 1572 2508 1626 cadent
2544 1571 2748 1626 ratione
2777 1569 2987 1623 Patrem
3017 1577 3285 1621 mortuum
3318 1565 3396 1637 (9)
3428 1566 3509 1619 dio

1892 1676 2077 1721 centes
2103 1682 2205 1736 qua
2223 1664 2449 1736 vos(lO)
2483 1664 2696 1729 Filium,
2718 1679 2822 1717 non
2854 1661 3288 1732 hlaspheuiamus
3317 1661 3371 1715 in
3401 1660 3507 1714 Do-

1895 1758 2097 1811 minum
2133 1759 2337 1812 Deum:
2383 1772 2489 1810 non
2530 1756 2673 1809 enim
2714 1770 2777 1809 ex
2805 1754 3006 1816 divina,
3053 1753 3148 1807 sed
3176 1768 3242 1807 ex
3280 1751 3507 1806 humana

185 1851 310 1906 Nam
340 1851 537 1907 exinde
564 1867 629 1906 eo
654 1852 775 1921 jure
802 1866 908 1921 quo
945 1860 1228 1920 utrumque
1273 1863 1467 1903 nomen
1495 1848 1652 1902 unius
1678 1857 1781 1913 est,
1817 1859 1864 1919 Β
1892 1850 2188 1906 substantia
2204 1858 2471 1903 mortuum
2500 1848 2965 1914 dicimus.Atqnin
2986 1844 3101 1917 (ll)
3130 1846 3511 1915 lilaspheinatis

186 1944 234 1999 id
252 1955 334 2000 cst
356 1945 448 2000 Dei
470 1944 594 2000 Filii
649 1942 754 2016 (Ξ),
783 1944 943 1998 etiam
972 1944 1197 1997 alterum
1215 1942 1332 1996 sine
1352 1942 1521 1996 altero
1542 1939 1785 2009 ejusdem

185 2048 281 2092 cst.
325 2037 395 2091 Et
430 2036 544 2092 sive
572 2035 734 2092 Jesus
773 2034 1144 2090 tantummodo
1191 2033 1420 2103 positum
1451 2041 1554 2097 est,
1585 2032 1788 2085 intelli-

186 2131 324 2202 gitur
365 2141 422 2185 et
459 2129 706 2185 Christus
749 2146 763 2187 ;
810 2133 932 2199 quia
971 2127 1128 2183 Jesns
1165 2125 1244 2199 (5)
1293 2136 1486 2181 unctus
1516 2135 1623 2181 est.
1665 2126 1793 2180 Sive

186 2224 525 2279 solummodo
555 2224 797 2279 Christus
824 2223 962 2278 idem
989 2232 1071 2278 est
1098 2221 1276 2288 Jesus,
1311 2220 1389 2293 (ί)
1450 2222 1571 2292 quia
1605 2230 1794 2276 unctus

188 2326 268 2371 est
292 2316 474 2371 Jesus.
508 2316 746 2383 Quorum
792 2316 1069 2370 nominum
1114 2315 1343 2369 alterum
1374 2325 1456 2369 est
1494 2316 1790 2385 proprium,

189 2410 327 2479 quod
371 2410 441 2464 ah
486 2410 680 2480 angelo
730 2410 1037 2479 impositum
1088 2420 1203 2473 est;
1254 2410 1481 2463 alterum
1520 2408 1794 2469 accidens,

190 2500 331 2571 quod
384 2501 455 2555 ab
508 2503 761 2556 unctione
806 2501 1091 2563 convenit;
1137 2499 1263 2553 dum
1319 2509 1497 2553 tamen
1552 2500 1798 2555 Christus

192 2593 358 2649 Filius
411 2594 502 2659 sit,
550 2609 654 2649 non
705 2592 883 2647 Pater.
926 2592 1227 2655 Postremo,
1265 2596 1425 2662 quam
1472 2607 1648 2648 caicus
1692 2602 1795 2659 est,

190 2688 277 2757 qui
306 2701 411 2741 nec
440 2687 491 2740 in
519 2686 717 2741 Christi
756 2688 973 2741 nomine
1004 2686 1254 2756 intelligit
1289 2686 1448 2739 aliinn
1483 2686 1647 2740 Deum
1678 2701 1801 2755 por-

192 2779 359 2845 tendi,
381 2780 427 2834 si
449 2777 667 2835 Christo
689 2793 883 2834 nomen
910 2778 1083 2835 Patris
1146 2776 1225 2851 (5)
1250 2778 1552 2835 adscribat?
1577 2779 1629 2834 Si
1657 2779 1799 2834 enim

190 2868 441 2926 Christus
471 2870 629 2925 Pater
673 2871 811 2925 Deus
848 2880 949 2934 est,
983 2871 1072 2941 qui
1104 2870 1233 2925 dicit
1265 2868 1470 2941 (Joan.,
1515 2870 1634 2935 XX,
1670 2871 1797 2940 l7):

190 2964 430 3018 Ascendo
458 2963 528 3016 ad
551 2963 761 3017 Patrem
792 2980 955 3017 nteant
983 2973 1028 3016 et
1053 2962 1261 3016 Patrem
1288 2973 1528 3027 vestrum,
1561 2974 1607 3015 et
1638 2961 1801 3015 Deum

191 3072 359 3109 meum
390 3065 439 3108 et
468 3054 632 3108 Deum
656 3066 905 3117 vestrum;
934 3056 1115 3124 utique
1137 3056 1299 3107 alium
1322 3054 1535 3109 Patrem
1559 3069 1720 3121 super
1740 3068 1803 3109 se

190 3160 243 3204 et
273 3148 447 3203 Deum
476 3146 729 3201 ostendit.
759 3146 815 3202 Si
839 3148 964 3202 item
994 3146 1153 3202 Pater
1169 3145 1415 3202 Christus
1435 3156 1539 3213 est,
1568 3147 1703 3200 alius
1721 3155 1805 3201 est

1896 1960 2002 1997 non
2035 1953 2237 1997 tantum
2267 1942 2389 2013 quia
2425 1952 2692 1996 mortuum
2725 1940 2902 1995 dicitis
2931 1938 3165 2004 Patrem,
3194 1938 3361 1993 sedet
3386 1939 3510 2008 quia

1896 2035 2233 2089 crucifixum.
2270 2034 2645 2089 Maleilictione
2672 2032 2813 2086 enim
2849 2032 3109 2095 cruciﬁxi,
3140 2047 3260 2101 quae
3287 2047 3355 2085 cx
3390 2033 3509 2101 lege

1898 2125 1951 2181 in
1999 2125 2191 2180 Filium
2233 2128 2487 2195 competit
2530 2123 2688 2197 (quia
2728 2124 2972 2179 Christus
3013 2140 3108 2193 pro
3149 2124 3303 2179 iiohis
3342 2125 3510 2179 male«

1900 2221 2065 2276 dictio
2090 2219 2205 2291 (12)
2228 2221 2395 2275 iactus
2421 2229 2525 2286 est,
2548 2234 2653 2273 non
2678 2216 2883 2289 Pater),
2913 2217 3184 2273 Christum
3216 2220 3266 2271 in
3298 2217 3509 2272 Patrem

1901 2324 2295 2377 convertentes,
2346 2314 2398 2367 in
2458 2313 2670 2368 Patrem
2710 2311 3115 2380 blasphematis.
3178 2309 3285 2366 Nos
3333 2319 3510 2365 autem

1902 2406 2142 2461 dicentes
2163 2406 2432 2461 Christum
2452 2404 2790 2470 cruciﬁxum,
2814 2419 2921 2457 non
2950 2402 3317 2458 maledicimus
3338 2402 3509 2471 illum,

1903 2500 1997 2554 sed
2025 2499 2366 2553 maledictum
2412 2499 2543 2569 legis
2574 2496 2889 2562 referimus;
2930 2497 3053 2566 quia
3095 2511 3196 2551 nec
3224 2496 3513 2566 Apostolus

1906 2591 2009 2647 hoc
2037 2592 2223 2646 dicens
2264 2591 2675 2661 blasphemavit.
2707 2590 2858 2646 Sicut
2895 2599 3095 2656 autent,
3142 2589 3209 2644 de
3236 2604 3343 2659 quo
3383 2584 3510 2660 quid

1906 2686 2051 2755 capit
2077 2685 2205 2749 dici,
2238 2685 2355 2739 sine
2394 2684 2723 2753 blasphemia
2752 2683 2978 2747 dicitur;
3011 2685 3079 2738 ita
3110 2682 3252 2754 quod
3284 2700 3388 2739 non
3416 2701 3510 2739 ea-

1906 2779 2005 2847 pit,
2040 2778 2374 2847 blasphemia
2416 2788 2501 2832 est
2543 2779 2586 2833 si
2632 2777 2858 2832 dicatur.
2890 2776 3032 2846 Ergo
3061 2792 3160 2832 nec
3202 2792 3516 2848 compassus

1907 2880 1989 2924 cst
2018 2870 2174 2924 Pater
2203 2869 2371 2934 Filio;
2404 2870 2482 2924 sic
2504 2869 2648 2924 enim
2680 2867 2796 2940 (1⁸5)
2829 2867 3086 2923 directam
3124 2869 3512 2939 blasphemiam

1908 2960 1961 3014 in
2011 2960 2224 3015 Patrem
2276 2962 2452 3024 veriti,
2485 2960 2709 3014 diminui
2754 2976 2872 3014 eam
2916 2960 3015 3015 hoc
3060 2960 3221 3016 modo
3269 2975 3512 3031 sperant,

1906 3052 2394 3120 concedentesjam
2422 3052 2629 3107 Patrem
2656 3063 2709 3107 et
2736 3052 2927 3106 Filium
2947 3053 3082 3109 duos
3105 3068 3246 3118 esse;
3271 3055 3316 3108 si
3344 3054 3516 3109 Filius

1907 3144 2121 3215 quidem
2153 3144 2274 3215 (14)
2307 3146 2524 3214 patitur,
2567 3145 2726 3200 Pater
2747 3160 2874 3200 vero
2899 3145 3237 3215 compalitur.
3277 3146 3431 3203 Stulti
3464 3155 3519 3202 et

190 3242 279 3312 qui
324 3240 524 3296 solidat
553 3241 854 3304 tonitruum,
886 3250 933 3294 et
981 3239 1150 3293 condit
1194 3240 1450 3309 spiritum,
1500 3250 1547 3293 et
1598 3256 1800 3293 annim-
1831 3255 1876 3318 ρ
1910 3237 1963 3291 in
1992 3236 2113 3292 hoc.
2144 3237 2279 3303 Quid
2309 3245 2394 3291 est
2419 3238 2559 3291 enim
2591 3239 2847 3308 compati,
2881 3253 3038 3308 quam
3070 3253 3193 3293 cum
3225 3239 3331 3295 alio
3374 3242 3518 3309 pati?

192 3336 285 3389 tiat
315 3340 373 3388 in
416 3335 647 3388 homines
684 3334 941 3386 Christum
979 3350 1126 3386 suum
1161 3333 1359 3403 (Amos,
1401 3331 1488 3397 lV,
1523 3331 1646 3401 15);
1678 3343 1732 3387 et
1761 3334 1805 3387 si

192 3429 512 3482 adstiterant
540 3442 677 3497 reges
708 3436 875 3491 terras,
918 3436 964 3479 et
1000 3424 1267 3477 archontes
1290 3424 1582 3495 congregati
1610 3436 1728 3477 sunt
1755 3425 1809 3477 iii

190 3538 355 3575 unum
387 3521 635 3575 adversus
663 3518 920 3575 Christum
946 3520 1107 3589 ipsius
1142 3517 1258 3587 (Ps.
1290 3515 1353 3581 ΙΙ,
1382 3517 1474 3588 2);
1523 3518 1659 3572 alius
1706 3518 1812 3572 erit

192 3612 487 3677 Dominus,
508 3621 697 3667 contra
718 3614 873 3681 cujus
895 3611 1165 3666 Christum
1190 3612 1496 3682 congregati
1515 3621 1637 3665 sunt
1659 3626 1811 3682 reges

191 3716 247 3761 et
273 3705 595 3761 archontcs.
630 3704 697 3759 Et
725 3705 806 3759 si:
846 3702 969 3759 (lare
1006 3704 1126 3757 dicit
1164 3701 1417 3757 Dominus
1459 3703 1678 3758 Domino
1704 3721 1813 3759 meo

196 3799 411 3854 Christo
441 3796 568 3870 (ls.,
592 3796 755 3863 XLV,
782 3794 869 3868 1);
895 3797 1028 3849 alius
1053 3796 1156 3850 erit
1182 3796 1439 3849 Dominus
1462 3797 1548 3864 qui
1578 3795 1815 3865 loquitur

195 3891 265 3945 ad
296 3891 520 3946 Patrem
562 3888 781 3943 Christi.
825 3886 1043 3942 Etcum
1084 3887 1370 3956 Apostolus
1396 3887 1581 3942 scribit
1624 3886 1811 3959 (Eph,

195 3981 241 4049 1,
272 3981 368 4053 17)
394 4000 408 4035 :
446 3978 539 4035 Uti
577 3978 720 4034 Deus
754 3977 959 4033 Domini
1004 3981 1163 4032 nostri
1190 3978 1317 4032 Jesu
1349 3976 1534 4032 Christi
1566 3978 1647 4033 det
1678 3978 1814 4031 vobis

198 4078 449 4147 spiritum
468 4074 734 4144 sapientia:
754 4082 801 4128 et
834 4073 1134 4145 agnitionis;
1161 4072 1294 4127 alius
1323 4072 1425 4127 erit
1450 4072 1591 4127 Deus
1618 4072 1815 4126 Christi

200 4168 337 4225 Jesu
366 4169 756 4224 charismatum
797 4167 1152 4239 Spiritualiuin
1186 4167 1403 4237 largitor
1435 4166 1632 4239 (Itoni.,
1670 4167 1813 4235 Vlll,

202 4258 325 4327 11).
376 4261 561 4320 Certe,
594 4276 660 4314 ne
705 4275 796 4325 per
840 4260 1016 4313 omnia
1063 4275 1384 4329 evagemur;
1434 4261 1520 4329 qui
1562 4260 1819 4314 suscitavit

205 4350 496 4415 Christum,
533 4350 868 4404 suscitaturus
897 4359 968 4404 est
1009 4360 1056 4404 et
1086 4352 1323 4405 mortalia
1359 4367 1577 4421 corpora
1607 4362 1815 4419 nostra;

204 4441 432 4513 jamque
447 4440 586 4496 alius
613 4438 692 4512 (6)
739 4442 842 4495 crit
880 4442 1165 4497 suscitator
1186 4458 1343 4511 quam
1370 4441 1528 4497 Pater
1550 4455 1817 4511 mortuus,

208 4547 267 4591 et
321 4536 484 4592 Pater
530 4535 841 4604 suscitatus,
891 4535 936 4589 si
986 4534 1235 4590 Christus
1282 4535 1373 4606 qui
1420 4544 1504 4591 est
1552 4548 1816 4601 mortuus,

206 4629 376 4687 Pater
416 4638 524 4685 est.

792 4719 1021 4777 CAPUT
1069 4720 1266 4779 XXIX.

283 4815 664 4881 Obmutescat,
700 4815 1034 4872 obmutescat
1079 4817 1178 4872 ista
1210 4818 1562 4891 blasphemia,
1600 4822 1828 4879 sufﬁciat

203 4908 493 4968 Christum
535 4906 735 4965 Filium
770 4908 862 4964 Dei
889 4918 1160 4966 mortuum
1187 4911 1332 4980 dici;
1381 4922 1435 4969 et
1473 4913 1579 4971 hoc
1606 4916 1729 4987 quia
1755 4916 1826 4971 ita

1914 3328 2103 3393 Porro,
2124 3331 2168 3383 si
2199 3329 2544 3397 inipassibilis
2565 3330 2744 3399 Pater,
2765 3332 2948 3401 utique
2974 3340 3026 3385 et
3051 3331 3515 3402 incompassibilis.

1912 3421 2021 3474 Aut
2058 3421 2103 3474 si
2139 3423 2553 3491 conipassibilis,
2605 3423 2787 3493 utique
2824 3425 3107 3493 passibilis.
3153 3424 3303 3480 Nihil
3343 3428 3390 3483 ei
3433 3430 3519 3484 vel

1916 3513 2018 3568 hoc
2045 3514 2235 3569 timore
2259 3525 2349 3569 tuo
2371 3514 2489 3585 (15)
2511 3525 2752 3585 praestas.
2772 3515 2953 3571 Times
2980 3516 3161 3573 dicere
3189 3518 3516 3588 passibilem,

1916 3621 2074 3676 quem
2108 3606 2242 3662 dicis
2282 3608 2735 3676 compassihilem.
2782 3607 2913 3662 Tam
2944 3618 3121 3663 autem
3165 3610 3517 3682 ineompassi-

1917 3699 2037 3754 bilis
2071 3697 2185 3772 (l6)
2216 3701 2369 3754 Pater
2415 3712 2515 3767 est,
2564 3716 2721 3770 quam
2761 3700 3111 3770 impassihilis
3137 3702 3301 3757 etiam
3357 3703 3523 3759 Filius

1918 3812 1983 3850 ex
2029 3812 2090 3851 ea
2132 3796 2442 3850 conditione
2484 3812 2584 3865 qua
2632 3795 2771 3850 Deus
2802 3806 2904 3851 est.
2952 3796 3055 3851 Sed
3102 3798 3373 3867 quomodo
3402 3799 3520 3871 (l7)

1921 3890 2087 3945 l-‘ilius
2116 3905 2301 3959 passus
2328 3900 2428 3949 c5i,
2455 3889 2497 3942 si
2532 3904 2636 3942 non
2669 3902 2983 3958 compassus
3012 3900 3093 3945 est
3123 3900 3176 3945 et
3203 3892 3393 3947 Pater?
3420 3894 3524 3948 Se-

1921 3982 2208 4053 parabatur
2237 3982 2355 4051 (18)
2383 3997 2411 4035 a
2443 3980 2598 4049 Filio,
2632 3996 2736 4035 non
2775 3998 2803 4035 a
2837 3981 2967 4037 Deo.
3001 3990 3135 4037 Nam
3168 3992 3223 4039 et
3262 3983 3454 4041 ﬂuvius
3478 3986 3523 4040 si

1921 4074 2093 4144 aliqua
2127 4073 2450 4131 turbulentia
2478 4076 2897 4143 contaminatur,
2926 4089 3229 4146 quanquam
3270 4092 3373 4132 una
3401 4078 3527 4134 sub-

1922 4169 2115 4224 Stantia
2168 4168 2234 4223 de
2272 4168 2417 4222 fonte
2460 4168 2734 4234 decurrat,
2781 4184 2877 4223 nec
2929 4180 3244 4225 secernatur
3285 4186 3313 4225 a
3357 4171 3523 4239 fonte,

1925 4272 2099 4317 tamen
2126 4262 2273 4316 ﬂuvii
2299 4263 2491 4333 injuria
2516 4280 2621 4317 non
2651 4262 2938 4331 pertinebit
2958 4262 3025 4317 ad
3054 4263 3277 4319 fontem.
3310 4264 3376 4320 Et
3402 4267 3528 4322 licet

1924 4370 2057 4425 aqua
2093 4354 2252 4410 fontis
2294 4357 2363 4411 sit
2391 4373 2510 4427 quae
2539 4356 2656 4426 (l9)
2687 4356 2920 4427 patiatur
2959 4357 3010 4412 in
3040 4356 3231 4425 ﬂuvio;
3262 4360 3388 4415 dum
3420 4378 3527 4418 non

1927 4447 1979 4499 in
2017 4444 2163 4499 fonte
2202 4448 2418 4516 patitur,
2463 4448 2553 4502 sed
2584 4449 2636 4501 in
2668 4446 2853 4515 ﬂuvio,
2886 4464 2990 4505 non
3029 4451 3147 4507 fons
3173 4456 3389 4521 patitur,
3433 4453 3527 4509 sed

1926 4537 2121 4594 ﬂuvius
2151 4540 2240 4609 qui
2283 4556 2345 4594 ex
2378 4537 2526 4593 fonte
2569 4549 2670 4594 est.
2703 4539 2795 4605 Ita,
2831 4551 2884 4596 et
2932 4544 2975 4596 si
3016 4542 3129 4611 (ΞΟ)
3162 4544 3383 4613 spiritus
3433 4545 3523 4600 Dei

1846 4652 1902 4713 D
1928 4630 2051 4702 quid
2078 4632 2184 4701 pati
2211 4642 2389 4701 posset
2415 4630 2529 4701 (9.1)
2555 4632 2607 4685 in
2632 4631 2791 4699 Filio,
2814 4635 2937 4706 quia
2958 4646 3133 4691 tamen
3158 4652 3265 4691 non
3292 4639 3341 4692 in
3370 4640 3529 4695 Patre

1932 4734 2221 4794 pateretur,
2264 4723 2359 4778 sed
2392 4724 2444 4778 in
2489 4723 2647 4792 Filio,
2679 4726 2836 4782 Pater
2877 4741 3065 4797 passus
3096 4743 3201 4784 non
3235 4731 3527 4790 videretur.

1929 4819 2034 4875 Sed
2063 4817 2259 4872 suilicit
2304 4816 2438 4872 nihil
2477 4819 2724 4889 spiritum
2754 4819 2847 4875 Dei
2894 4835 3109 4889 passum
3158 4837 3254 4877 suo
3284 4826 3527 4892 nomine;

1931 4911 2053 4982 quia
2103 4910 2145 4965 si
2189 4908 2314 4979 quid
2349 4925 2540 4981 passus
2568 4922 2669 4977 cst,
2701 4912 2751 4966 in
2782 4911 2918 4968 Filio
2943 4914 3161 4985 quidem
3206 4930 3393 4986 passus
3423 4927 3531 4986 est,

1455 5068 1840 5127 LECTIONES
1878 5061 2295 5125 VARIANTES.

380 5182 564 5233 Totum
588 5181 969 5232 instrumentum
993 5179 1142 5233 Rhea.

384 5245 545 5295 Filius
561 5241 707 5293 Rhcn.

305 5304 358 5357 5)
379 5308 608 5357 Christus
629 5306 747 5355 add.
775 5304 928 5356 Rhea.

307 5367 356 5419 41
386 5368 704 5418 Solunimodo
726 5368 871 5417 deest
894 5372 947 5417 et
967 5367 993 5416 J
1001 5380 1117 5418 esus
1140 5368 1286 5419 Ithen.

306 5431 351 5482 5'
385 5431 570 5481 Christi
592 5442 771 5478 nomen
797 5432 919 5491 patri
947 5431 1094 5480 Seml.

306 5493 336 5542 ϐ
386 5494 643 5555 Tanquam
667 5489 792 5541 alius
815 5490 965 5542 Rhea.
994 5492 1094 5554 L'tiq

306 5436 357 5621 7)
381 5555 565 5621 éilj'icil.
585 5552 698 5621 atii._
844 5617 865 5621 Α
982 5616 1009 5621 _

308 5184 324 5233 1

305 5247 334 5294 2

334 5181 358 5434 ξ

302 5489 357 5565 ρ)
386 5489 965 5565 ’ρ’ςρρίιμμεηλριίυέιίιιεη.
994 5492 1171 5555 L'tique
1194 5492 1318 5542 alius
1338 5491 1447 5543 cod.
1483 5502 1520 5541 tt
1540 5505 1661 5544 ouw.

300 5552 357 5621 7)
381 5552 565 5617 Adjicit
585 5552 689 5602 alii.
1091 5552 1105 5555 '

300 5619 355 5682 8)
382 5616 508 5682 liam
528 5614 785 5666 mortalem
828 5617 950 5667 Jun.
966 5616 1092 5682 Cum
1117 5618 1369 5682 mortalem
1396 5617 1547 5668 nheri.

330 5678 354 5743 9
381 5680 599 5743 Pati-eui
612 5685 857 5729 mortuum
878 5678 1027 5732 0min.
1054 5680 1205 5730 Seml.

305 5738 387 5791 1'0)
414 5741 520 5791 Nos
544 5738 688 5788 Rhen.

277 5743 365 5801 (ιο
414 5743 520 5791 Nos
544 5743 688 5788 Rhen.

277 5743 388 5871 (11)
413 5804 484 5856 At
506 5815 622 5853 cum
646 5798 800 5854 Sensi.

2029 5239 2101 5290 [5)
2128 5240 2264 5289 Sicut
2284 5239 2428 5289 R/tCtt.

2029 5298 2101 5364 14)
2127 5300 2379 5364 Siqttidciii
2407 5298 2549 5351 Elicit.

2029 5364 2105 5414 15)
2132 5364 2294 5412 Veluti
2320 5371 2511 5412 mortuo
2536 5364 2688 5414 St‘ml.

2034 5428 2090 5477 l6
2135 5425 2494 5488 Compassihilis
2519 5427 2665 5476 Sciiit.

2037 5491 2085 5539 t7
2138 5488 2339 5546 Quando
2362 5490 2469 5537 cod.
2507 5492 2665 5540 Wouit

2032 5551 2109 5616 18)
2135 5550 2399 5611 Separatnr
2420 5551 2564 5601 li/tt’tt.

2033 5614 2087 5661 l9
2134 5613 2311 5672 l'tique
2339 5612 2412 5661 cc!
2434 5626 2577 5678 teque
2606 5615 2665 5662 La

2026 5618 2108 5737 20;
2130 5675 2205 5735 lit,
2232 5672 2381 5723 Seml.

2026 5738 2107 5801 2|)
2132 5738 2291 5788 Possit
2314 5735 2457 5787 sentt.
2486 5736 2561 5787 Ita
2582 5742 2636 5789 et

2027 5175 2102 5304 12)
2130 5174 2471 5225 Maledictionc
2499 5178 2675 5241 Fran.,
2701 5178 2891 5242 Paris,
2910 5177 3019 5247 Rig.

2029 5241 2082 5290 [5
2128 5240 2264 5289 Sicut
2284 5239 2428 5289 RItCtt.

2029 5304 2105 5424 ll)
2127 5300 2379 5364 Siqttidciii
2407 5298 2549 5351 Elicit.

2029 5367 2084 5413 15
2132 5364 2294 5412 Veluti
2320 5371 2511 5412 mortuo
2536 5364 2688 5414 St‘ml.

2037 5487 2110 5549 l7)
2138 5487 2339 5546 Quando
2362 5490 2469 5537 cod.
2507 5492 2717 5549 Wouw.,
2743 5487 2825 5540 lib.
2855 5492 3016 5543 Ursin.

2032 5550 2109 5616 18)
2135 5550 2564 5616 _S_e_paratiir_l.'licn.

2132 5613 2311 5678 [tique
2339 5612 2412 5678 11c!
2434 5626 2577 5678 teque
2606 5614 2761 5664 Latin.

2026 5672 2102 5735 20)
2130 5675 2205 5735 lit,
2232 5672 2381 5723 Seml.

2026 5735 2107 5801 2|)
2132 5738 2291 5788 Possit
2314 5735 2457 5787 sentt.
2486 5736 2561 5787 Ita
2582 5742 2636 5789 et
2677 5739 2763 5802 qui
2790 5740 2969 5802 patitur
2992 5742 3161 5794 Paris.
