4262 6490
718 396 824 453 195

2140 377 2601 437 ΤΕΙΠΊΠᾹᾸΑΝΙ

3914 370 4020 426 196

718 510 772 565 in
802 522 908 579 quo
969 516 1084 563 erat
1110 513 1165 560 et
1193 501 1272 577 (I)
1302 501 1481 565 Pater,
1510 513 1632 556 cum
1676 496 1843 553 Filius
1903 494 1985 568 (Ξ)
2044 502 2313 564 pateretur
2340 500 2392 556 Α
2418 489 2611 546 exinde
2636 503 2939 555 sessurum,
2969 487 3128 542 donec
3160 486 3279 557 (Ps.
3306 484 3438 554 CIX,
3468 485 3527 557 2)
3570 493 3721 555 ponat
3746 483 3824 539 illi
3860 482 4017 537 Pater

718 603 775 659 in
801 617 993 664 carne;
1024 600 1147 671 quia
1175 598 1278 652 hoc
1326 602 1671 652 retractatum
1720 592 1820 663 (3).
1868 589 1977 646 Nec
2034 589 2315 658 quisquam

723 694 959 765 negabit,
992 690 1204 763 quando
1234 699 1289 745 et
1331 704 1428 743 nos
1459 688 1568 756 pati
1608 700 1704 756 pro
1735 684 1844 738 Deo
1904 698 2009 736 non
2056 678 2134 752 (4)
2195 695 2318 751 pos-

718 802 924 853 sumus,
960 787 1057 841 nisi
1111 782 1194 857 (5)
1243 784 1463 854 spiritus
1489 780 1581 835 Dei
1623 781 1691 835 sit
1742 778 1793 832 in
1834 775 1990 832 nobis
2013 775 2104 845 qui
2141 783 2197 828 et
2236 774 2317 827 Io-

719 882 898 952 quitur
938 880 1005 935 de
1048 879 1205 933 nobis
1266 891 1385 946 qua:
1425 882 1552 928 sunt
1600 868 1990 933 confessionis;
2054 882 2158 922 non
2205 866 2318 937 ipse

718 986 895 1030 tamen
928 973 1161 1045 patiens,
1190 970 1284 1025 sed
1319 968 1425 1040 pati
1453 981 1610 1037 posse
1639 973 1920 1035 praestans.

1281 1060 1509 1119 CAPUT
1538 1058 1708 1115 XXX.

791 1164 1040 1234 Alioquin
1086 1162 1129 1218 si
1182 1160 1317 1215 ultra
1373 1173 1565 1229 pergas
1608 1154 1710 1227 (G),
1777 1163 1964 1224 potero
2008 1150 2096 1205 tibi
2134 1148 2319 1204 durius

718 1257 1070 1329 respondere,
1110 1264 1379 1309 ettecum
1410 1253 1577 1323 ipsius
1629 1248 1838 1304 Domini
1885 1242 2320 1315 pronuntiatione

715 1352 1076 1415 committere,
1095 1346 1169 1402 uti
1188 1346 1361 1400 dicant
1385 1342 1554 1410 :Quid
1576 1340 1645 1396 de
1667 1341 1769 1394 isto
1784 1338 2005 1409 quieris?
2041 1334 2213 1390 Habes
2241 1333 2319 1403 (7)

715 1446 892 1518 ipsum
940 1442 1330 1499 exclamantem
1374 1438 1428 1493 in
1463 1436 1751 1505 passione:
1796 1431 1933 1487 Deus
1975 1447 2135 1493 meus,
2182 1426 2321 1482 Deus

715 1553 879 1601 meus,
908 1544 963 1590 ut
1002 1534 1124 1603 quid
1155 1548 1235 1586 me
1264 1527 1615 1599 dereliquisti?
1644 1526 1786 1597 Ergo
1826 1534 1917 1579 aut
1955 1523 2124 1579 Filius
2156 1521 2323 1591 patie-

716 1630 876 1684 batur
903 1642 933 1681 a
961 1626 1121 1681 Patre
1144 1624 1455 1687 derelictus,
1486 1630 1541 1675 et
1568 1620 1726 1674 Pater
1754 1632 1943 1689 passus
1973 1633 2077 1671 non
2105 1624 2207 1675 est.
2230 1612 2323 1683 qui

721 1721 919 1777 Filium
953 1716 1273 1787 dereliquit;
1314 1724 1407 1770 aut
1447 1713 1494 1768 si
1534 1714 1694 1768 Pater
1720 1721 1838 1766 erat
1881 1710 1969 1779 qui
2000 1710 2319 1779 patiebatur,

717 1815 783 1868 ad
818 1829 976 1886 quem
1011 1816 1177 1868 Deum
1219 1807 1589 1865 exclau‘iahat?
1631 1805 1734 1862 Sed
1768 1805 1879 1859 hinc
1910 1821 2007 1858 vox
2053 1802 2231 1858 carnis
2269 1810 2325 1855 et

2421 600 2593 638 omnes
2631 582 2866 637 inimicos
2904 579 2996 635 sub
3024 580 3235 651 pedibus
3264 581 3391 634 suis.
3425 578 3521 635 Hic
3564 588 3619 635 et
3648 590 3907 633 venturus
3935 586 4022 633 est

2422 693 2611 733 rursus
2635 694 2788 747 super
2815 676 2970 731 nubes
3000 674 3063 748 (1
3113 674 3256 742 Cor.,
3302 673 3439 744 XV)
3470 673 3604 739 ca'li,
3631 672 3750 727 talis
3770 672 3942 742 qualis
3968 680 4023 726 et

2419 770 2679 829 ascendit.
2706 770 2801 826 Hic
2834 769 3047 825 interim
3064 780 3343 839 acceptum
3368 782 3399 822 a
3421 767 3581 823 Patre
3602 782 3794 821 munus
3811 764 4018 829 effudit,

2420 864 2674 935 Spiritum
2709 862 2984 927 Sanctum,
3012 862 3226 916 tertium
3259 873 3453 915 nomen
3484 858 3600 930 (I2)
3627 857 3939 923 divinitatis,
3969 868 4022 912 ct

2423 957 2638 1011 tertium
2670 956 2891 1027 gradum
2925 953 3223 1025 majestatis
3253 952 3392 1023 (15),
3425 954 3583 1006 unius
3612 950 4020 1021 pradieatorem

2422 1050 2769 1116 monarchiie,
2816 1049 2911 1105 sed
2968 1057 3024 1104 et
3074 1047 3389 1103 oeconomia:
3437 1047 3923 1123 interpretatorem,
3975 1042 4021 1097 si

2422 1146 2540 1214 quis
2574 1143 2652 1216 (η)
2682 1143 2963 1199 sermones
2990 1156 3141 1195 nova:
3168 1138 3463 1211 prapltetiie
3491 1138 3610 1207 ejus
3638 1136 3937 1201 admiserit,
3967 1144 4023 1190 et

2423 1236 2769 1292 deductorem
2804 1233 2918 1307 (14)
2954 1233 3129 1288 omnis
3161 1232 3418 1297 veritatis,
3450 1246 3569 1301 quae
3599 1238 3685 1285 est
3712 1229 3761 1283 itt
3786 1230 3942 1284 Patre
3967 1238 4023 1284 et

2426 1327 2563 1383 Filio
2586 1338 2639 1383 et
2664 1328 2865 1400 Spiritu
2896 1326 3115 1390 Sancto,
3146 1324 3438 1381 secundum
3461 1322 3810 1379 christianum
3841 1336 4024 1376 sacra-

2426 1430 2687 1477 mentum.

2988 1509 3214 1567 CAPUT
3252 1508 3448 1566 XXXI.

2498 1624 2765 1681 Cteterum
2820 1624 3045 1695 judaicze
3097 1623 3220 1679 ﬁdei
3270 1624 3368 1679 ista
3419 1637 3506 1678 res
3549 1620 3688 1694 (I5),
3736 1622 3815 1677 sic
3858 1638 4025 1678 unum

2430 1718 2597 1772 Deum
2628 1718 2869 1780 credere,
2897 1727 2953 1772 ut
2973 1717 3163 1772 Filium
3186 1716 3543 1773 adnumerare
3572 1718 3621 1772 ei
3653 1716 3811 1783 nolis,
3832 1726 3885 1771 et
3908 1724 4032 1785 post

2431 1810 2646 1875 Filium,
2696 1810 2977 1881 Spiritum.
3006 1810 3145 1878 Quid
3186 1810 3330 1864 enim
3373 1810 3477 1865 erit
3506 1811 3647 1865 inter
3675 1824 3775 1863 nos
3805 1818 3858 1864 et
3886 1809 4031 1874 illos,

716 1910 929 1972 animm,
963 1906 1015 1961 id
1056 1913 1140 1959 est
1170 1903 1425 1967 hominis,
1468 1918 1573 1956 non
1617 1899 1918 1964 Sermonis,
1952 1912 2051 1951 nec
2076 1895 2319 1964 Spiritus,
2351 1895 2400 1956 B
2428 1904 2531 1958 nisi
2560 1903 2863 1958 diﬂ‘crentia
2896 1904 3030 1958 ista?
3080 1902 3233 1971 Quod
3265 1917 3399 1973 opus
3452 1901 3744 1973 Evangelii,
3782 1917 3902 1972 qua:
3948 1908 4035 1956 est

717 1998 769 2054 id
802 2010 885 2054 est
912 2014 1014 2054 non
1046 1998 1469 2067 Dei,propterea
1497 1994 1691 2049 emissa
1720 2001 1822 2054 ist,
1856 1996 1912 2045 ut
1939 1988 2323 2060 impossibiletn

727 2096 895 2150 Deum
924 2092 1256 2155 ostenderet,
1288 2090 1377 2159 qui
1414 2090 1489 2144 sic
1514 2088 1705 2142 Filium
1735 2085 2041 2155 dereliquit,
2074 2084 2198 2137 dum
2232 2083 2327 2135 ho-

721 2187 921 2243 minem
972 2186 1091 2256 ejus
1138 2184 1356 2240 tradidit
1398 2182 1452 2237 in
1494 2192 1746 2236 mortem.
1794 2180 1906 2235 IIoc
1954 2189 2007 2232 et
2035 2177 2327 2249 Apostolus

720 2280 911 2343 sensit,
944 2278 1185 2333 scribens
1218 2276 1420 2348 (Ilom.,
1452 2271 1584 2340 VIII,
1613 2270 1705 2342 32)
1733 2288 1747 2325 ε
1782 2272 1845 2325 Si
1877 2268 2196 2324 Pater-Filio
2226 2284 2328 2322 non

725 2372 965 2444 pepercit.
1016 2371 1126 2425 Iloc
1156 2380 1210 2425 et
1236 2369 1420 2423 Esaias
1459 2363 1582 2439 (ls.,
1615 2363 1747 2429 LIII,
1782 2363 1836 2435 6)
1901 2363 2047 2432 prior
2091 2377 2328 2431 pronun-

724 2465 906 2518 tiavit:
955 2462 1019 2518 Et
1048 2462 1303 2518 Dominus
1346 2476 1463 2514 eum
1505 2458 1717 2511 tradidit
1762 2471 1854 2527 pro
1894 2454 2089 2508 delictis
2117 2452 2324 2507 nostris.

727 2558 815 2612 Sic
847 2556 1085 2627 reliquit,
1113 2554 1240 2609 dum
1287 2567 1391 2607 non
1422 2552 1623 2621 parcit;
1654 2551 1731 2603 sic
1762 2548 1996 2614 reliquit,
2040 2546 2167 2600 dum
2218 2556 2325 2599 tra-

729 2647 807 2701 dit
832 2646 931 2716 (8).
962 2646 1254 2708 Cmtertttn,
1301 2658 1407 2696 non
1436 2641 1647 2710 reliquit
1677 2640 1832 2694 Pater
1854 2637 2072 2702 Filium,
2096 2637 2149 2691 in
2179 2636 2330 2706 cujus

725 2740 977 2794 manibus
999 2737 1167 2792 Filius
1185 2736 1430 2805 spiritum
1459 2748 1612 2786 suum
1646 2731 1839 2801 posuit.
1867 2729 2105 2799 Denique
2132 2729 2330 2797 posuit,

730 2840 785 2885 et
816 2830 994 2884 statim
1022 2830 1191 2883 obiit:
1221 2828 1421 2897 Spirittt
1445 2827 1589 2880 enim
1622 2834 1870 2879 manente
1896 2823 1949 2878 itt
1981 2838 2141 2877 carne
2163 2862 2176 2887 ,
2204 2838 2333 2877 caro

727 2926 949 2976 omnino
979 2921 1112 2974 tnori
1145 2935 1248 2974 non
1289 2928 1487 2989 potest.
1516 2918 1615 2981 Ita,
1650 2916 1878 2987 relinqui
1918 2931 1946 2968 a
1975 2915 2152 2977 Patre,
2198 2914 2335 2969 mori

725 3013 831 3069 fuit
859 3013 1015 3068 Filio.
1046 3012 1212 3068 Filius
1244 3013 1401 3083 igitur
1427 3019 1482 3065 et
1522 3010 1732 3063 moritur
1762 3007 1817 3079 (ι
1858 3008 2000 3072 Cor.,
2057 3006 2176 3074 XV,
2207 3008 2240 3062 5
2278 3016 2327 3060 et

726 3109 858 3181 seq.)
916 3118 963 3163 et
1004 3108 1329 3162 resuscitatur
1370 3122 1399 3158 a
1446 3105 1625 3168 Patre,
1690 3103 1968 3158 secundum
2013 3101 2335 3171 Scripturas.

728 3202 899 3258 Filius
929 3202 1151 3255 ascendit
1176 3200 1229 3254 in
1257 3198 1540 3268 superiora
1571 3196 1857 3263 caelorum,
1885 3196 1975 3267 qui
2003 3205 2057 3251 et
2082 3194 2338 3248 descendit

2428 1998 2723 2053 substantia
2754 1997 2887 2053 Novi
2919 1998 3274 2064 Testamcnti,
3306 2008 3548 2055 statuens
3578 1997 3775 2067 Legem
3810 2004 3864 2051 el
3895 1997 4035 2051 Pro-

2431 2093 2622 2160 phetas
2653 2109 2819 2163 usque
2867 2093 2933 2147 ad
2982 2091 3265 2151 Joannem.
3309 2092 3356 2146 si
3403 2108 3509 2146 non
3552 2092 3746 2147 exinde
3778 2090 3939 2145 Pater
3979 2101 4039 2145 et

2430 2183 2599 2240 Filius
2629 2194 2682 2239 et
2708 2184 2963 2253 Spiritus,
2999 2195 3106 2238 tres
3134 2184 3344 2250 crediti,
3391 2198 3557 2241 unum
3588 2184 3755 2238 Deum
3798 2182 4038 2237 sistunt?

2432 2275 2522 2333 Sic
2553 2278 2693 2333 Dens
2722 2277 2891 2331 voluit
2938 2292 3138 2333 novare
3182 2288 3602 2343 sacramentum,
3633 2286 3691 2330 ut
3732 2290 3869 2331 nove
3898 2291 4043 2332 unus

2432 2369 2742 2425 crederetur
2764 2384 2859 2439 per
2876 2368 3070 2424 Filium
3100 2378 3155 2423 et
3176 2367 3460 2439 Spiritum,
3487 2380 3543 2423 ut
3563 2382 3743 2422 coram
3762 2366 3872 2437 jam
3898 2366 4043 2421 Deus

2434 2463 2486 2517 in
2520 2462 2632 2517 suis
2665 2462 2896 2533 propriis
2920 2461 3227 2517 nominibus
3254 2470 3309 2516 et
3337 2462 3579 2538 personis
3596 2470 4042 2531 cognosceretur,

2435 2555 2522 2626 qui
2554 2564 2606 2609 et
2646 2563 2793 2609 retro
2837 2569 2932 2624 per
2975 2553 3167 2609 Filium
3200 2564 3251 2609 et
3280 2553 3537 2626 Spiritum
3570 2553 3889 2623 praedicatus
3932 2567 4047 2607 non

2436 2646 2851 2715 intelligebatur.
2884 2645 3128 2700 Viderint
3157 2645 3317 2715 igitur
3358 2645 3682 2711 antichristi,
3714 2647 3803 2716 qui
3844 2656 4049 2714 negant

2438 2738 2649 2794 Patrem
2668 2748 2723 2793 et
2749 2738 2964 2791 Filium.
2985 2737 3195 2808 Negant
3215 2737 3357 2792 enim
3379 2738 3613 2804 Patrem,
3638 2736 3764 2791 dum
3790 2736 4047 2793 eumdem

2439 2828 2629 2884 Filium
2654 2828 2858 2893 dicunt;
2882 2840 2935 2882 et
2956 2838 3149 2899 negant
3169 2827 3385 2894 Filium,
3402 2828 3530 2883 dum
3553 2829 3801 2884 eumdem
3828 2827 4049 2882 Patrem

2438 2923 2681 2987 credunt,
2734 2920 2911 2977 dando
2954 2919 3062 2976 illis
3090 2937 3211 2991 quin
3243 2938 3350 2976 non
3405 2930 3551 2981 sunt.
3584 2919 3879 2977 auferendo
3922 2934 4050 2990 qua:

2439 3021 2582 3071 sunt.
2614 3017 2716 3085 Qui
2751 3031 2879 3071 vero
2907 3015 3190 3071 confessus
3222 3015 3385 3071 fuerit
3410 3014 3682 3071 Christum
3716 3014 3909 3069 Filium
3945 3014 4046 3071 Dei

2444 3126 2549 3165 non
2583 3111 2816 3172 Patrem,
2849 3110 2991 3165 Deus
3023 3112 3074 3163 in
3106 3111 3195 3165 illo
3224 3119 3423 3173 manet,
3454 3118 3509 3165 et
3537 3110 3653 3180 ipse
3682 3111 3735 3163 in
3768 3109 3898 3165 Deo.
3932 3108 4050 3165 Nos

2443 3201 2713 3255 credimus
2735 3202 3043 3256 testimonio
3062 3200 3177 3272 (16)
3205 3201 3319 3266 Dei,
3344 3216 3453 3271 quo
3473 3210 3698 3256 testatus
3718 3210 3801 3255 est
3820 3200 3887 3257 de
3909 3200 4053 3257 Filio

726 3296 782 3350 in
810 3294 1056 3349 interiora
1105 3290 1186 3363 (9)
1242 3302 1421 3345 terrae:
1467 3290 1553 3345 hic
1593 3290 1730 3345 sedet
1757 3289 1826 3343 ad
1850 3289 2109 3343 dexteram
2140 3288 2335 3355 Patris,
2366 3289 2410 3352 C
2445 3308 2579 3347 suo:
2618 3294 2717 3361 Qui
2748 3294 2910 3361 ﬁlium
2941 3311 3041 3348 non
3070 3295 3239 3361 habet,
3273 3312 3361 3348 nec
3387 3296 3541 3348 vitam
3568 3295 3715 3349 habet
3745 3292 3807 3362 (l
3860 3294 4045 3362 Joan.,

736 3402 841 3443 non
874 3386 1033 3441 Pater
1074 3383 1141 3439 ad
1172 3400 1346 3439 suam.
1381 3382 1535 3439 Hunc
1562 3381 1704 3438 videt
1734 3381 1851 3453 (10)
1880 3380 2186 3451 Stephanus
2212 3396 2333 3437 cum

734 3480 1001 3554 lapidatur
1031 3479 1171 3552 (11),
1202 3478 1377 3536 adhuc
1420 3488 1654 3535 stantem
1695 3477 1763 3535 ad
1811 3476 2089 3535 dexteram
2133 3478 2248 3543 Dei,
2279 3489 2337 3534 ut

2450 3385 2655 3457 V,12).
2714 3386 2829 3441 Non
2880 3386 3042 3442 habet
3089 3397 3267 3444 autem
3313 3386 3532 3456 Filium,
3572 3386 3665 3459 qui
3707 3401 3833 3443 eum
3880 3387 4051 3444 alium

2441 3497 2599 3552 quam
2632 3482 2824 3537 Filium
2865 3481 3061 3539 credit.

1935 3596 2320 3654 LECTIONES
2355 3596 2774 3654 VARIA‘NTES.

825 3710 874 3791 1
898 3711 1110 3791 Quiritem
1135 3717 1244 3764 erat
1264 3720 1320 3763 ut
1340 3711 1495 3764 Pater
1519 3710 1718 3764 seinter.

821 3773 874 3888 2‘;
896 3774 1020 3826 Filio
1043 3773 1117 3825 Id.

824 3842 852 3888 ὅ
896 3837 1209 3888 Retmctatus
1232 3835 1317 3888 Id.

826 3898 877 3951 1)
897 3901 1003 3951 Non
1024 3903 1157 3950 deest
1176 3898 1321 3951 serat.

826 3960 877 4014 5i
900 3964 949 4012 St
972 3960 1115 4014 sentt.

2505 3710 2575 3775 (9)
2598 3712 2834 3763 Inferiora
2853 3710 2960 3762 alii.

2536 3776 2610 3825 10)
2634 3776 2765 3825 Vidit
2786 3776 2939 3824 Fran.

2534 3837 2610 3902 11)
2634 3837 2961 3902 Lapidaretur
2976 3838 3123 3891 Rhea.

2485 3914 2489 3918 '
2506 3900 2548 3953 (1
2560 3900 2609 3953 2i
2631 3900 2823 3950 Numen
2850 3900 3005 3953 Paris.

2536 3964 2612 4029 15)
2635 3964 2697 4029 Iit
2717 3966 2914 4029 tertium
2936 3964 3139 4029 gradum
3158 3964 3426 4029 majestatis
3442 3964 3597 4019 σηπία.
3616 3964 3758 4018 seml.

824 4022 875 4099 9)
889 4026 1126 4099 ﬁrmes,
1144 4022 1287 4099 εςηιι-
2509 4022 2612 4099 (1.1)
2640 4022 3101 4099 Ριιαυοιοτίέιξιιεη-

848 4029 854 4069 i
901 4029 1126 4089 Pergetts
1144 4029 1287 4074 Serui.

848 4029 875 4216 ξ
889 4085 1242 4202 etiam

2536 4029 2592 4074 Ii
2641 4029 2933 4075 Deductnris
2956 4029 3101 4076 lmen.

2503 4029 2612 4215 ἕιῦξ
2633 4087 2857 4164 'Instares
2879 4086 3054 4160 couit'c.
3081 4089 3225 4140 seml.

2530 4151 2586 4201 I6
2641 4150 2986 4201 l‘estrmontum
3008 4152 3150 4204 seml.

819 4129 872 4204 si
890 4129 1242 4202 τιτιῖὲᾱὲῐὲἕὶιὶὶ.
2358 4129 2412 4189 Ι)
2503 4129 2609 4204 liéi
2633 4129 3150 4204 ’ῖὲῖιῶιιῖιὶὶὶίὲὲιῐῦξ

2082 4254 2641 4314 COMMENTARIUS.

808 4369 966 4445 CAP.
998 4369 1247 4445 XXX-1
1276 4368 1655 4445 (a)ASermones
1704 4384 1846 4426 novre
1874 4368 2169 4441 praplietiie.
2215 4369 2445 4426 Montani
2489 4371 2761 4439 vaticinia,
2783 4371 2979 4445 quibus
2999 4383 3297 4431 occrecatns
3323 4373 3703 4445 Tertullianus,
3742 4372 3831 4431 hic
3849 4374 3921 4431 ab
3960 4390 4055 4432 eo-

737 4442 861 4502 dem
888 4442 1196 4499 innuuntur.
1226 4442 1303 4498 La
1334 4442 1445 4498 Ριι.

797 4618 4017 4659 mm

1192 4771 1580 4859 QUINTI
1628 4770 2128 4845 SEPTIMII
2189 4772 2805 4849 FLOBENTIS
2858 4774 3608 4850 TERTULLIANI

743 4985 1343 5133 LIBER
1422 4980 2474 5135 ADVERSUS
2535 4986 3690 5139 HERMOGEN
3708 4991 4043 5139 ΕΜ.

2345 5236 2794 5281 .—

2092 5396 2727 5501 argumentum.

833 5616 1197 5683 Ilermogenes
1246 5609 1348 5664 iste
1402 5606 1618 5663 natione
1676 5604 1777 5660 fuit
1825 5601 1959 5664 aler.
2018 5601 2355 5672 professione
2460 5606 2659 5662 tianum
2696 5623 2755 5665 se
2795 5611 3024 5680 primum
3054 5614 3351 5686 professus,
3381 5620 3645 5680 vafritiem
3670 5633 3727 5681 et
3770 5626 4057 5686 subdolum

762 5710 952 5779 pictor,
983 5705 1121 5759 alius
1149 5702 1367 5757 omnino
1396 5702 1464 5755 ab
1488 5714 1554 5755 eo
1579 5698 1646 5753 de
1669 5710 1951 5791 quo,ictun
1981 5694 2237 5791 Phygello
2261 5709 2355 5749 seu
2463 5701 2693 5756 nationis
2719 5703 2953 5759 animum
2987 5715 3211 5764 testatus
3249 5719 3351 5777 est,
3382 5726 3501 5768 cum
3535 5718 3585 5770 in
3622 5718 3906 5788 gentilium
3938 5722 4056 5791 phi~

760 5802 1000 5869 Phileto,
1033 5799 1266 5873 loquitur
1291 5795 1599 5869 Apostolus,
1642 5792 1687 5849 ll
1707 5793 1772 5850 ad
1797 5790 2035 5850 Timoth.
2080 5793 2133 5848 1.
2168 5788 2357 5848 Chris-

2464 5793 2764 5867 losophiatn
2794 5798 3029 5870 degener
3068 5802 3311 5869 incurrit,
3344 5813 3400 5861 et
3421 5804 3725 5866 Stoicorum
3751 5811 3943 5869 deliri:
3973 5829 4059 5873 se-
