4262 6490
210 375 308 431 QUI

1313 373 1511 430 LIBER
1555 370 1919 430 ADVERSUS
1959 369 2457 434 IIERMOGENEM.

3400 377 3507 442 202

209 511 345 557 rem,
388 494 530 564 quod
570 501 706 558 erat,
748 491 948 548 nemini
977 491 1219 548 serviens
1241 491 1340 563 (I).
1396 493 1577 564 Itaque
1606 507 1669 546 ex
1700 505 1807 562 quo
1835 494 1884 552 Α
1919 490 2078 546 ambo
2104 492 2220 548 siue
2253 493 2356 548 fine
2377 536 2392 560 ,
2439 493 2597 550 ambo
2625 495 2788 550 etiam
2822 503 3070 552 auctores
3102 497 3465 560 universitatis

210 588 354 642 Deus
386 595 701 656 potestatem
746 601 898 638 suain
927 583 1166 640 exercuit
1213 585 1264 638 in
1296 599 1436 651 eam,
1465 580 1709 638 faciendo
1738 597 1805 638 ex

209 681 455 745 materia,
478 697 542 734 cx
572 681 661 734 illo
692 680 965 734 materiam
1000 680 1279 734 Dominum
1315 679 1478 734 Deum
1503 692 1677 749 passa,
1709 678 1805 732 de-

210 784 475 828 monstrat
531 773 632 828 hoc
685 773 833 828 illum
906 771 1107 826 tamdiu
1159 787 1264 827 non
1319 771 1502 833 fuisse,
1555 768 1806 840 quamdiu

209 866 311 920 fuit
339 865 445 938 (2).
477 865 613 920 Ilinc
641 865 872 936 denique
905 865 1152 933 incipiam
1195 863 1262 918 de
1302 863 1524 919 materia
1552 871 1809 917 retracta-

210 976 289 1026 re,
312 959 455 1029 quod
477 975 594 1014 eam
624 960 762 1014 Deus
785 959 884 1014 sibi
914 967 1187 1027 comparet
1210 956 1433 1027 proinde
1453 973 1558 1012 non
1589 964 1768 1011 natam
1789 993 1805 1021 ,

208 1052 437 1122 proinde
486 1069 591 1106 non
639 1051 852 1119 factam,
883 1051 1104 1121 proinde
1143 1060 1398 1107 :eternam
1425 1093 1439 1115 ,
1486 1051 1603 1106 sine
1633 1049 1807 1116 initio,

207 1147 326 1201 sine
353 1145 459 1201 fine
491 1147 815 1215 propositam
851 1145 952 1215 (5).
980 1145 1110 1213 Quis
1139 1145 1282 1200 enim
1311 1145 1446 1199 alius
1474 1143 1566 1200 Dei
1593 1157 1808 1207 census,

206 1255 370 1309 quam
401 1239 853 1310 :cternitas?quis
881 1240 1020 1294 alius
1059 1239 1375 1294 aeternitatis
1414 1246 1605 1303 status,
1652 1253 1809 1308 quam

207 1348 424 1403 semper
452 1330 618 1386 fuisse
666 1343 719 1386 et
756 1331 990 1386 futurum
1020 1345 1162 1397 esse,
1193 1346 1258 1386 ex
1306 1331 1653 1400 praerogativa
1697 1329 1806 1384 nul-

211 1428 313 1482 lius
364 1425 500 1481 initii
555 1436 609 1481 et
651 1426 849 1480 nullius
878 1425 1034 1481 fmis?
1063 1425 1174 1480 lloe
1200 1426 1242 1479 si
1272 1424 1362 1479 Dei
1391 1433 1474 1479 est
1516 1424 1811 1494 proprium,

207 1521 330 1588 quia
347 1521 448 1574 etsi
463 1520 548 1573 alii
567 1518 646 1590 (I)
670 1519 1020 1583 adscribatur,
1041 1517 1150 1588 jam
1167 1532 1271 1572 non
1290 1517 1394 1573 erit
1410 1516 1502 1571 Dei
1521 1517 1812 1587 proprium,

209 1615 303 1666 sed
335 1627 622 1666 commune
652 1625 774 1665 cum
815 1625 880 1664 eo
925 1611 1008 1664 cui
1050 1619 1106 1663 et
1133 1607 1471 1663 adscribitur.
1505 1606 1672 1673 Natu,
1714 1607 1813 1662 etsi

206 1717 331 1762 sunt
357 1707 451 1778 qui
492 1707 742 1760 dicuntur
767 1705 849 1760 dei
881 1706 994 1760 sive
1025 1705 1078 1760 in
1113 1706 1273 1770 caelo,
1302 1703 1415 1758 sive
1444 1704 1495 1758 in
1525 1713 1686 1766 terra,
1715 1717 1815 1758 no-

205 1800 388 1865 mine;
433 1808 718 1861 eatterum,
761 1813 897 1853 unus
939 1798 1079 1853 Deus
1120 1808 1303 1866 pater,
1359 1812 1422 1851 es
1478 1810 1584 1864 quo
1639 1794 1816 1848 omnia

1915 593 2022 640 tam
2053 585 2143 655 qui
2177 586 2322 650 fecit,
2357 587 2608 658 quamde
2639 605 2743 658 qua
2772 589 2916 645 fecit.
2948 590 3132 662 Neque
3163 594 3304 648 enim
3334 608 3512 666 pou-st

1913 693 2021 732 non
2061 687 2117 734 et
2159 680 2382 734 materia
2425 685 2632 736 auctrix
2680 685 2918 738 oumimu
2967 684 3244 756 deputari,
3300 690 3366 744 de
3403 707 3506 761 qua

1913 770 2235 826 universitas
2252 773 2516 827 Consistit.
2544 774 2823 842 Quomodo
2843 778 3186 847 respondebit
3214 779 3327 851 (l0)
3352 782 3372 835 ἲ
3393 783 3504 838 Non

1911 863 2090 918 statim
2126 868 2404 920 materiam
2436 869 2736 938 comparari
2771 868 2898 933 Deo,
2932 871 2976 924 si
3010 870 3135 940 quid
3167 873 3260 928 Dei
3292 875 3507 943 haheat,

1913 956 2037 1026 quia
2070 973 2174 1012 non
2211 967 2379 1012 totmn
2422 960 2670 1014 habendo
2711 975 2814 1014 non
2861 974 3148 1017 concurrat
3187 965 3240 1019 in
3283 967 3512 1036 plenitu-

1914 1051 2095 1105 dinetn
2128 1055 2586 1122 comparatiOnis?
2617 1055 2752 1122 Quid
2789 1057 2895 1112 Deo
2926 1058 3142 1129 reliquit
3167 1062 3417 1130 amplius,
3453 1074 3510 1118 ut

1915 1162 2021 1200 non
2055 1155 2221 1201 totmn
2257 1147 2382 1213 Dei,
2415 1150 2654 1204 materiis:
2681 1149 2897 1207 dedisse
2928 1152 3210 1209 videatur?
3242 1154 3333 1212 Vel
3365 1174 3465 1227 qua
3489 1200 3506 1226 ,

1916 1238 2110 1308 inquit,
2143 1247 2197 1293 et
2218 1240 2296 1293 sic
2323 1239 2553 1297 habente
2579 1242 2828 1308 materia,
2849 1246 3003 1300 salva
3030 1245 3100 1300 sit
3119 1247 3228 1302 Deo
3250 1257 3303 1304 et
3330 1258 3504 1305 aucto-

1916 1331 2049 1384 ritas
2078 1328 2193 1400 (Η)
2236 1341 2288 1385 et
2315 1331 2609 1386 substantia
2630 1373 2646 1398 ,
2688 1349 2790 1404 qua
2830 1334 2977 1390 solus
3007 1346 3060 1391 et
3091 1337 3297 1407 primus
3327 1351 3504 1395 auctor

1916 1431 2035 1486 est,
2074 1431 2129 1477 et
2163 1422 2420 1478 Dominus
2457 1425 2695 1479 omnium
2733 1436 3038 1482 censeatur.
3082 1427 3292 1485 Veritas
3332 1441 3512 1488 autem

1918 1514 1996 1570 sic
2025 1529 2188 1569 unum
2216 1515 2383 1570 Demu
2409 1515 2960 1588 exigitdelendendo,
2992 1528 3048 1574 ut
3071 1521 3235 1576 solius
3259 1523 3327 1577 sit
3351 1526 3508 1594 quid-

1920 1608 2046 1678 quid
2080 1608 2248 1676 ipsins
2277 1618 2378 1663 est.
2419 1608 2492 1664 Ita
2519 1612 2660 1664 enim
2692 1611 2856 1682 ipsius
2886 1613 3009 1678 erit,
3045 1615 3087 1669 si
3118 1613 3277 1670 fuerit
3305 1617 3470 1673 solius
3499 1637 3511 1673 :

1927 1711 1982 1756 et
2007 1717 2072 1756 ex
2104 1701 2207 1756 hoc
2233 1703 2370 1756 alius
2409 1702 2543 1758 deus
2569 1719 2675 1758 non
2708 1707 2877 1775 possit
2899 1707 3132 1774 admitti,
3163 1709 3287 1763 dum
3319 1712 3517 1766 nemini

1924 1793 2048 1848 licet
2093 1794 2288 1849 habere
2323 1794 2391 1852 de
2424 1796 2533 1851 Deo
2570 1797 2790 1867 aliquid.
2825 1798 2998 1870 Ergo,
3045 1802 3250 1872 inquis,
3292 1819 3390 1858 nec
3421 1821 3518 1859 nos

205 1893 248 1961 (Ι
274 1891 401 1948 Cor.
438 1891 572 1957 VIII,
601 1889 654 1959 ὕ)
691 1906 702 1943 :
737 1906 842 1961 quo
873 1893 1039 1960 magis
1065 1889 1203 1959 apud
1243 1904 1342 1944 nos
1375 1887 1540 1944 solius
1581 1887 1673 1943 Dei
1701 1901 1819 1941 esse
1851 1895 1896 1954 Β
1928 1888 2188 1944 habemus
2221 1889 2310 1944 Dei
2352 1890 2572 1962 aliquid.
2619 1890 2733 1944 Iino
2760 1891 3049 1961 habemus,
3085 1905 3137 1950 et
3166 1896 3514 1963 habebimus,

207 1988 440 2053 debeat,
475 1985 616 2057 quod
646 1987 734 2041 llei
768 1986 1037 2055 proprium
1063 1993 1147 2040 est
1172 2002 1185 2038 :
1215 1991 1290 2049 et,
1319 1992 1378 2036 ut
1399 1981 1528 2046 dixi,
1555 1980 1666 2050 jam
1715 1995 1820 2034 non

215 2081 502 2150 prOprinm
526 2091 687 2143 esset,
711 2079 830 2146 quia
861 2077 1082 2132 alterius
1102 2085 1265 2131 esset.
1294 2072 1444 2143 Quod
1468 2074 1511 2127 si
1532 2072 1671 2127 Deus
1708 2079 1818 2134 est,

211 2172 429 2225 unicum
484 2171 553 2224 sit
601 2184 819 2223 necesse
869 2179 991 2234 est,
1046 2177 1104 2221 ut
1177 2167 1334 2221 unius
1397 2166 1466 2219 sit
1522 2163 1600 2236 (5)
1660 2179 1676 2218 :
1730 2171 1822 2216 aut

209 2265 336 2335 quid
388 2264 491 2318 erit
566 2261 778 2316 unicum
852 2268 907 2316 et
982 2259 1292 2330 singulare,
1350 2256 1454 2313 nisi
1529 2255 1616 2310 cui
1689 2252 1821 2308 nihil

211 2354 628 2426 aquuubitur?
685 2353 809 2424 quid
865 2352 1202 2424 principale,
1267 2351 1368 2406 nisi
1447 2348 1589 2420 quod
1662 2362 1824 2418 super

212 2451 417 2514 omnia,
437 2449 538 2502 nisi
569 2447 706 2517 quod
725 2455 846 2501 ante
870 2447 1071 2509 omnia,
1093 2455 1145 2499 et
1159 2460 1228 2500 ex
1246 2459 1351 2513 quo
1371 2441 1588 2496 omnia?
1607 2441 1682 2511 (a)
1700 2439 1826 2495 Haec

213 2543 358 2598 Deus
419 2543 565 2594 solus
612 2539 856 2598 habendo
901 2547 1016 2604 est,
1075 2548 1129 2591 et
1175 2536 1325 2592 solus
1361 2533 1636 2597 habendo,
1686 2547 1825 2586 unus

211 2644 297 2689 est
329 2632 436 2704 ((5).
481 2632 537 2687 Si
577 2631 715 2686 alius
769 2630 1041 2693 habuerit,
1098 2635 1176 2682 tot
1220 2627 1330 2695 jam
1361 2634 1517 2680 erunt
1543 2624 1665 2691 dei,
1696 2632 1827 2693 quot

221 2726 517 2781 habuerint
554 2741 674 2795 quae
698 2724 784 2779 dei
816 2731 959 2778 sunt.
1007 2723 1079 2777 lta
1123 2721 1485 2790 Hermogenes
1513 2718 1650 2774 duos
1690 2716 1823 2772 deos

219 2822 418 2877 infert.
457 2820 731 2875 Materiam
761 2835 940 2886 parem
968 2818 1077 2873 Deo
1117 2814 1277 2871 iul'ert
1303 2812 1407 2886 (Ἰ).
1445 2813 1608 2868 Deum
1646 2820 1824 2866 autem

229 2931 399 2968 unum
442 2929 567 2968 esse
606 2921 839 2982 Oportet,
890 2911 1012 2981 quia
1052 2908 1192 2979 quod
1233 2922 1499 2960 summum
1539 2906 1642 2969 sit,
1688 2903 1829 2958 Deus

219 3019 304 3062 est
331 3026 345 3061 :
380 3014 848 3060 summumautem
877 3020 982 3057 non
1012 3003 1134 3065 erit,
1165 2999 1266 3053 nisi
1294 2991 1436 3066 quod
1463 2997 1674 3050 unicuut
1705 2993 1824 3049 fue-

223 3103 294 3155 rit
321 3117 332 3150 :
371 3098 589 3150 unicum
620 3106 797 3150 autem
825 3108 1074 3148 essenon
1109 3089 1326 3161 poterit,
1360 3088 1443 3143 cui
1468 3085 1664 3157 aliquid
1687 3085 1830 3139 adae-

219 3189 517 3257 quabitnr;
577 3186 944 3255 adaequabitur
1000 3193 1178 3238 autem
1235 3181 1345 3238 Deo
1395 3179 1656 3246 materia,
1705 3191 1827 3233 cum

221 3294 431 3338 acterna
462 3287 712 3335 censetur
738 3276 840 3349 (8).

850 3410 1078 3468 CAPUT
1127 3409 1196 3466 γ.

296 3561 410 3617 Sed
440 3560 580 3616 Deus
601 3600 614 3624 ,
647 3558 789 3613 Deus
813 3566 897 3612 est
927 3572 942 3621 ;
978 3554 1197 3612 materia
1217 3595 1232 3620 ,
1268 3551 1490 3609 materia
1516 3559 1602 3608 est
1629 3571 1642 3609 :
1676 3551 1828 3623 quasi

223 3653 521 3710 diversitas
553 3651 831 3706 nominum
878 3645 1264 3719 comparationi
1295 3645 1507 3701 resistat
1527 3687 1542 3709 ,
1583 3643 1628 3698 si
1659 3653 1830 3699 status

228 3749 377 3802 idem
408 3744 736 3801 vindicetur.
777 3742 856 3798 Sit
883 3751 938 3797 ct
966 3751 1151 3795 natura
1190 3739 1439 3804 diversa,
1469 3739 1540 3792 sit
1565 3747 1620 3793 et
1659 3736 1828 3792 forma

231 3856 344 3895 non
371 3839 586 3903 eadem,
618 3834 911 3892 dummodo
957 3833 1033 3905 (9)
1062 3835 1224 3904 ipsius
1264 3841 1431 3887 status
1459 3847 1563 3886 una
1583 3834 1653 3885 sit
1676 3831 1829 3886 ratio.

234 3931 463 3987 Innatus
500 3932 642 3986 Deus
666 3969 682 3996 ,
727 3945 793 3985 an
824 3945 928 3983 non
968 3937 1023 3982 et
1062 3928 1240 3981 innata
1293 3925 1570 3981 materia?
1621 3938 1835 3993 semper

231 4027 400 4093 Deus,
437 4041 618 4081 annon
671 4039 886 4095 semper
914 4031 968 4080 et
997 4020 1258 4078 materia?
1289 4021 1466 4078 Ambo
1496 4020 1613 4074 sine
1644 4016 1833 4083 initio,

1924 1980 2018 2035 sed
2047 1980 2115 2034 ab
2143 1981 2279 2050 ipso,
2319 1997 2425 2036 non
2449 1999 2477 2037 a
2511 1983 2684 2038 nobis.
2719 1983 2851 2039 Nam
2884 1996 2934 2039 et
2957 1985 3040 2040 dei
3086 1986 3200 2059 (19.)
3226 1989 3445 2051 erimus,
3469 1993 3514 2045 si

1932 2071 2227 2126 meruimus
2258 2073 2332 2127 illi
2363 2087 2484 2128 esse
2513 2074 2579 2129 de
2607 2075 2799 2145 quibus
2831 2076 3139 2146 pta-dicavit
3172 2099 3183 2133 :
3223 2080 3330 2150 Ego
3368 2082 3515 2136 dixi:

1935 2162 2037 2218 Vos
2066 2163 2163 2219 Dei
2198 2166 2351 2230 estis;
2381 2177 2435 2222 et
2455 2210 2467 2231 ,
2500 2169 2632 2223 stetit
2667 2169 2802 2224 Dens
2836 2172 2888 2225 in
2927 2173 3136 2227 ecclesia
3164 2176 3371 2229 deorum
3403 2175 3521 2248 (Ps.

1929 2254 2186 2324 LXXXI,
2220 2256 2287 2328 I)
2334 2277 2347 2313 :
2385 2259 2476 2314 sed
2518 2276 2584 2315 ex
2641 2263 2806 2332 gratia
2837 2262 3039 2333 ipsius,
3097 2282 3198 2320 non
3240 2283 3304 2322 ex
3340 2278 3519 2322 nostra

1938 2354 2267 2420 prOprietate
2288 2393 2304 2418 ,
2335 2355 2456 2420 quia
2485 2353 2598 2422 ipse
2625 2364 2705 2408 est
2740 2354 2884 2409 solus
2914 2356 3004 2425 qui
3037 2355 3166 2412 deos
3194 2357 3371 2413 faciat.
3402 2359 3514 2413 Ma-

1930 2442 2078 2495 teria:
2120 2441 2233 2512 (13)
2274 2453 2450 2498 autem
2480 2445 2755 2514 proin-ium
2785 2445 2910 2500 facit
2938 2447 3079 2518 quod
3109 2463 3228 2504 cum
3271 2450 3379 2505 Deo
3419 2451 3517 2504 ha-

1930 2533 2021 2588 bet
2045 2551 2058 2586 :
2087 2543 2179 2587 aut
2205 2534 2250 2587 si
2273 2550 2300 2588 a
2332 2534 2439 2590 Deo
2463 2536 2687 2606 accepit,
2714 2540 2856 2607 quod
2879 2549 2962 2592 est
2987 2539 3102 2606 Dei,
3133 2540 3377 2596 ordinem
3400 2541 3521 2597 dico

1929 2628 2272 2693 aeternitatis,
2307 2637 2484 2698 potest
2503 2629 2648 2684 credi
2678 2640 2729 2684 et
2755 2630 2953 2687 habere
2980 2633 3120 2686 illaut
3150 2649 3270 2687 cum
3295 2634 3406 2690 Deo
3427 2636 3525 2689 ah-

1932 2719 2082 2790 quid,
2115 2728 2170 2774 ct
2207 2719 2367 2775 deum
2396 2721 2538 2775 illam
2561 2736 2665 2775 non
2693 2735 2832 2778 esse.
2861 2724 3030 2792 Quale
3061 2736 3142 2781 est
3169 2736 3366 2791 autem,
3398 2743 3518 2783 cum

1930 2811 2218 2865 confitetur
2247 2811 2335 2865 ille
2372 2811 2572 2881 aliquid
2613 2829 2737 2867 eum
2774 2813 2883 2870 Deo
2924 2814 3156 2884 habere,
3205 2829 3260 2873 et
3289 2818 3398 2873 vult
3437 2834 3525 2874 so-

1932 2901 2036 2958 lius
2067 2902 2158 2957 Dci
2190 2917 2311 2958 esse
2339 2903 2480 2974 quod
2513 2906 2793 2960 materiam
2828 2921 2931 2962 non
2961 2918 3120 2979 negat
3151 2909 3390 2966 habere?

2553 2997 2784 3055 CAPUT
2827 2999 2914 3054 VI.

2007 3092 2146 3148 Dicit
2171 3092 2374 3148 salvum
2405 3092 2514 3150 Deo
2542 3109 2663 3151 esse
2692 3093 2788 3167 (ὁ),
2808 3105 2866 3151 ιιι
2889 3098 3202 3167 etsolussit,
3221 3110 3273 3156 et
3302 3101 3529 3171 primus,

1933 3193 1988 3241 et
2014 3186 2254 3240 omnium
2303 3195 2492 3242 auctor
2519 3227 2535 3249 .
2579 3198 2632 3243 et
2661 3189 2900 3244 omnium
2932 3189 3210 3256 dominus.
3253 3202 3307 3249 et
3337 3197 3538 3251 nemini

1859 3290 1904 3354 (ζ
1939 3277 2372 3348 comparandus;
2423 3295 2543 3349 qua:
2595 3296 2718 3334 mox
2775 3281 3010 3337 materiae
3062 3299 3275 3355 quoque
3325 3286 3533 3343 adscri~

1940 3371 2015 3426 bit
2041 3369 2180 3443 (II).
2212 3371 2326 3441 Ego
2356 3371 2571 3442 quidem
2606 3372 2749 3428 Deus
2781 3372 2922 3445 (l5),
2949 3377 3337 3433 contestabitur
3367 3380 3530 3447 Deus,

1937 3471 1993 3517 et
2017 3463 2212 3532 juravit
2247 3479 2647 3534 nonnumquam
2686 3479 2784 3535 per
2811 3468 3194 3537 semetipsum,
3223 3472 3361 3542 quod
3399 3473 3535 3529 alios

1938 3571 2043 3611 non
2059 3556 2126 3611 sit
2141 3556 2314 3626 qualis
2329 3557 2440 3626 ipse
2457 3556 2631 3628 (Deut.
2652 3557 2868 3623 XXXII,
2882 3559 3068 3637 59,40)
3088 3579 3099 3614 :
3117 3563 3208 3617 sed
3226 3565 3536 3621 mendacem

1935 3665 2059 3705 cum
2101 3649 2259 3705 faciet
2298 3649 2683 3721 Hermogenes.
2715 3651 2826 3705 Erit
2850 3653 2993 3708 enim
3023 3663 3077 3710 et
3100 3658 3321 3712 materia
3362 3661 3537 3730 qualis

1942 3744 2101 3807 Deus,
2124 3743 2556 3811 iufecla,iunata,
2593 3745 2799 3800 initiqu
2833 3762 2936 3800 non
2971 3747 3194 3816 habens,
3227 3768 3324 3806 nec
3352 3752 3535 3809 finem.

1942 3833 2014 3906 (c)
2043 3835 2191 3890 Dicet
2218 3835 2356 3891 Deus
2375 3855 2386 3890 :
2406 3836 2520 3906 Ego
2554 3836 2758 3906 primus
2789 3835 2885 3909 (Is.
2910 3837 3047 3906 XLI,
3074 3840 3256 3910 XLIV,
3279 3843 3539 3917 XLVIII)?

1939 3936 1995 3982 et
2027 3925 2297 3997 quomodo
2325 3927 2530 3998 primus
2549 3968 2564 3992 ,
2588 3928 2671 3982 cui
2699 3931 2920 3986 materia
2948 3941 3218 3990 coaetanea
3240 3937 3362 3992 est?
3396 3941 3536 3995 Inter

1942 4027 2247 4074 coaetaueos
2277 4027 2455 4074 autem
2482 4027 2538 4075 et
2559 4023 2987 4093 contemporales
3018 4025 3152 4082 ordo
3174 4043 3282 4084 non
3313 4041 3418 4097 est,
3442 4041 3534 4086 aut

1455 4157 1838 4216 LECTIONES
1875 4155 2289 4214 VARIANTES.

296 4283 370 4346 (I)
398 4281 508 4332 Non
533 4280 701 4346 habuit
724 4280 982 4346 re_m_qu_od
1009 4283 1129 4333 erat,
1156 4275 1336 4326 nemini
1360 4274 1592 4346 serviens
1625 4269 1834 4346 alienior.

231 4335 390 4397 Frini.
431 4342 598 4396 Paris.
642 4356 735 4391 non
779 4335 948 4391 hahitit
994 4349 1260 4398 auctorem,
1303 4336 1434 4400 quod
1492 4343 1601 4400 erat
1651 4335 1836 4400 Wpuw.

237 4419 354 4459 I'en.
379 4421 476 4457 non
501 4407 671 4455 habuit
694 4419 798 4454 rem
824 4406 954 4467 quod
976 4414 1098 4467 erat,
1121 4398 1333 4467 ideoque
1370 4398 1554 4448 nemini
1593 4399 1839 4467 serviens.

229 4471 340 4522 εστι.
373 4474 487 4520 Vat.
515 4484 607 4520 non
635 4459 885 4516 auctorem
931 4465 1059 4529 quod
1091 4459 1206 4514 erat
1244 4459 1478 4524 ideoque,
1511 4459 1694 4509 nemini
1730 4471 1838 4508 Ser-

229 4536 376 4584 vii-ns
397 4541 510 4579 .Inn.

298 4600 373 4658 (2)
403 4595 652 4645 Ilsecht.
681 4587 835 4642 Latin.
861 4589 968 4658 fuit.
992 4588 1161 4655 Itigalt.
1192 4590 1312 4639 Ven.
1344 4585 1537 4636 rectius.

408 4658 657 4720 I’t‘tqiosita
680 4663 793 4720 .ltm.
820 4667 872 4720 c._
890 4651 980 4720 rei.

303 4683 376 4720 ψ)
408 4683 421 4706 .
449 4683 657 4718 “quis...
680 4683 793 4705 .m...
820 4683 862 4703 υ.
891 4683 980 4702 ιι..

298 4721 372 4783 (ι)
398 4719 636 4788 Sedquia
661 4719 700 4767 si
726 4725 778 4766 et
799 4716 876 4764 alii
905 4714 1049 4766 lt/ten.
1070 4713 1214 4765 Scmt.
1239 4708 1433 4763 obertlt.
1456 4709 1571 4773 quia
1621 4708 1660 4758 si
1685 4716 1737 4758 et
1759 4705 1839 4756 alii
1863 4683 1919 4746 Ῑ)

242 4787 436 4832 Il'oaue.
463 4787 564 4832 Ilia.

407 4796 436 4828 νο
484 4793 496 4806 ι
553 4817 564 4828 ο

301 4793 616 4910 ἓῗῖἰιὲἶῇιη,
641 4849 697 4910 _ut
723 4840 857 4910 dixi,
872 4840 972 4904 jam
996 4852 1092 4888 non
1115 4838 1363 4910 propriqu
1395 4843 1547 4908 esset,
1579 4835 1690 4895 quia
1714 4831 1839 4910 alte-

235 4900 340 4961 riu‘s
358 4900 504 4959 esset
526 4900 674 4969 quOd,
695 4905 736 4954 si
761 4900 901 4969 Deus
923 4917 1049 4969 unus
1072 4900 1170 4969 est,
1193 4900 1400 4969 nnicum_
1416 4900 1710 4969 sitnecesse
1733 4903 1837 4956 est,

237 4959 294 5024 ut
317 4973 467 5020 unius
489 4959 558 5018 sit'
571 4959 684 5017 Jun.
709 4965 839 5030 quod
862 4966 1069 5030 sideus,
1093 4965 1285 5012 unicum
1308 4959 1418 5030 cod.
1453 4961 1692 5030 Wouwer.

303 5031 377 5097 (6)
403 5031 522 5082 Haec
542 5038 673 5081 Deus
694 5020 829 5079 solus
846 5020 1072 5078 habendo
1094 5037 1221 5077 unus
1245 5032 1338 5075 est.
1363 5023 1514 5076 Semt.
1539 5020 1730 5073 oberth.

2003 4268 2080 4392 (7)
2107 4266 2259 4333 Infert
2281 4265 2394 4316 dum
2413 4270 2664 4317 materiam
2689 4276 2804 4320 Jun.

2028 4335 2077 4391 8)
2106 4331 2257 4388 Quam
2283 4337 2470 4378 acterna
2494 4331 2780 4380 censebitur
2802 4370 2804 4375 .

2106 4331 2257 4404 Quam
2283 4337 2471 4401 aeterna
2494 4331 2780 4404 censebitur
2802 4340 2914 4382 Jmt.
2936 4333 3062 4399 coni.
3088 4336 3212 4401 forte
3236 4352 3327 4404 pro
3345 4355 3474 4395 cum.

2028 4394 2079 4452 tl)
2109 4393 2233 4440 Dum
2257 4393 2432 4439 nomini
2463 4393 2614 4453 ipsius
2636 4395 2776 4442 sentt.

2037 4456 2090 4504 l0
2131 4455 2331 4519 Signum
2357 4453 2588 4519 interrog.
2615 4457 2745 4506 abest
2769 4472 2776 4506 l

2007 4395 2048 4582 Il
2068 4455 2108 4579 II
2133 4516 2275 4582 alien.
2290 4513 2576 4582 conficiebat
2601 4518 2731 4566 salva
2755 4532 2776 4568 s

2037 4455 2108 4579 l0)
2131 4455 2331 4519 Signum
2357 4453 2588 4524 interrog.
2615 4457 2745 4506 abest
2769 4457 2816 4506 in
2839 4456 2918 4506 ed.
2937 4457 3081 4510 Itlicn.
3108 4463 3249 4513 seml.
3277 4473 3321 4515 et
3341 4469 3533 4519 rectius.

2037 4520 2080 4566 ll
2133 4516 2576 4579 lilIeIt.t'OII]ICIt’bal
2601 4518 2731 4566 salva
2755 4521 2812 4569 sit
2842 4523 2976 4579 ratio;
2996 4521 3082 4573 alii
3101 4525 3236 4579 (teste
3252 4537 3296 4578 ct
3316 4542 3532 4579 conmm-

2036 4516 2108 4579 ll)
2133 4516 2275 4592 alien:
2290 4516 2731 4592 coniicietiatfalva
2755 4521 2812 4569 sit
2842 4523 2976 4592 ratio;
2996 4521 3082 4573 alii
3101 4525 3236 4592 (teste
3252 4537 3296 4578 ct
3316 4516 3532 4592 conith

1944 4578 2106 4655 batore
2136 4578 2272 4655 ἒιωι.)
2299 4578 2429 4655 salva
2468 4582 2530 4655 sit
2561 4582 2658 4655 deo
2679 4591 2729 4630 et
2753 4578 3027 4655 auctoritas
3053 4578 3538 4655 et‘suhstantiafqua

1946 4642 2373 4765 )L‘:).!II‘IIIIEIIS
2396 4650 2563 4691 auctor
2588 4651 2680 4704 cst,
2718 4652 2766 4694 ct
2803 4645 3025 4696 dominus
3051 4653 3264 4700 omnium
3287 4642 3521 4707 censetur

2175 4719 2205 4753 ιι
2223 4719 2252 4753 a
2273 4718 2328 4753 ti.

2136 4712 2205 4753 Ι)ἰί
2223 4712 2328 4753 am.

2008 4703 2109 4892 ζει)
2136 4705 2205 4753 Dii
2223 4703 2328 4753 alii.

2038 4768 2110 4828 l5)
2137 4768 2340 4817 Materia
2361 4767 2503 4816 Semf.

2038 4829 2111 4889 Η)
2135 4829 2498 4892 Comparandus

2021 4829 2111 4906 (is)
2135 4829 2747 4906 ρρφρεειξῃφξυδξιρρςιᾳυω
2770 4843 2865 4880 nec
2884 4840 2978 4884 est.
2999 4833 3217 4888 Materiae
3236 4853 3436 4906 quoque
3457 4845 3514 4894 ad

1939 4889 2108 4943 scribit
2132 4889 2280 4942 Rhesi.
2303 4889 2452 4941 Scml.
2478 4889 2670 4941 Obertlt'.

2013 4955 2113 5020 (I5)
2134 4953 2223 5006 Ille
2244 4955 2443 5017 quidem
2471 4952 2606 5005 Deus
2627 4955 2759 5019 apud
2782 4956 2915 5008 eosd.

1602 5145 2158 5206 COMMENTARIUS.

317 5309 394 5378 (a)
430 5304 559 5361 Haec
593 5304 729 5358 Dens
754 5304 891 5378 solus
933 5299 1281 5378 aaoeudonest.
1310 5291 1513 5349 Horum
1541 5290 1681 5346 Deus
1708 5287 1853 5344 solus

243 5369 472 5448 compos
501 5386 608 5444 est,
643 5375 925 5448 hacesolus
947 5372 1126 5448 habet.
1158 5369 1275 5448 R_t_c.
1499 5445 1507 5448 _
1563 5445 1572 5448 _
1660 5433 1671 5448 '
1766 5431 1797 5448 7.

317 5433 474 5508 CAP.
493 5433 678 5502 \‘I.'—
701 5446 776 5515 (b)
802 5443 936 5498 Dicit
957 5443 1152 5515 salvum
1179 5440 1282 5492 Deo
1309 5453 1434 5501 esse,
1454 5445 1508 5515 ut
1528 5445 1573 5489 et
1595 5433 1732 5515 solus
1755 5433 1837 5511 sit,

245 5536 354 5580 etc.
384 5513 730 5577 Contrarium
753 5532 851 5571 suo
875 5514 1110 5585 dogmati
1133 5525 1348 5585 sensum
1368 5518 1420 5563 et
1447 5513 1763 5585 εναητιοςνανξς
1793 5517 1845 5554 ιη

248 5596 591 5663 Ilermogene
619 5588 873 5653 ostendit,
899 5581 986 5657 qui
1012 5587 1174 5663 Deum
1203 5583 1374 5663 solum
1398 5592 1449 5634 et
1481 5581 1705 5663 primum
1729 5587 1848 5626 esse

248 5654 522 5725 aflirme't;
557 5676 679 5716 cum
719 5670 895 5713 tamen
920 5654 1203 5714 materiam
1245 5654 1321 5725 illi
1349 5665 1592 5725 comam
1625 5658 1677 5702 et
1705 5661 1847 5725 cme-

251 5718 464 5793 Icrnam
495 5718 677 5788 dicere
717 5745 819 5783 non
850 5740 1112 5785 vereatur.
1154 5724 1304 5792 Quod
1346 5723 1564 5798 impium
1597 5728 1648 5773 et
1671 5736 1700 5772 e
1731 5718 1848 5798 phi-

251 5792 537 5878 IOsophize
570 5803 811 5878 ethnicze
845 5816 987 5871 penu
1033 5800 1436 5878 depromptum;
1481 5792 1608 5878 Duo
1657 5792 1854 5878 quippe

252 5860 436 5941 rei-uin
465 5875 746 5948 principia,
785 5860 949 5928 Deum
982 5882 1034 5928 et
1063 5860 1362 5933 materiam,
1385 5864 1658 5920 Platonem
1681 5860 1854 5916 admi-

545 5970 987 6031 Tsnrurtum
1057 5967 1138 6027 lI.

1957 5288 2113 5362 sisse,
2144 5300 2229 5362 me
2250 5283 2429 5362 docuit
2454 5283 2720 5362 Laertius.
2751 5283 2808 5340 Id
2835 5293 3013 5362 autem
3039 5288 3089 5344 in
3114 5304 3181 5362 eo
3206 5292 3392 5362 miror,
3420 5296 3546 5359 licet

1959 5361 2010 5415 in
2038 5358 2246 5413 cmteris
2273 5357 2507 5412 insolens
2536 5357 2665 5411 mihi
2696 5373 2799 5413 non
2827 5358 3089 5414 videatur.
3125 5361 3203 5416 Ls
3227 5363 3318 5418 Pn.

2026 5429 2098 5501 (e)
2161 5427 2308 5502 Dicet
2356 5428 3120 5502 Deus_§_Ego__printitsLTer
3179 5435 3314 5490 istud
3378 5438 3546 5502 Italic-

1951 5498 2186 5568 tur'a'pud
2212 5499 2421 5563 Isaiam,
2438 5515 2486 5554 c.
2505 5498 2640 5563 XLI,
2658 5499 2821 5554 XLIV
2843 5511 2896 5554 et
2920 5500 3149 5568 XLVIII,
3170 5505 3221 5558 in
3239 5505 3351 5563 hzrc
3366 5498 3521 5569 verb}.

1951 5590 2042 5643 ego
2081 5560 2271 5642 primus
2310 5579 2356 5643 et
2396 5560 2865 5643 novissimuslllud
2899 5582 3104 5643 (autem.
3138 5560 3348 5632 extendi
3367 5560 3550 5641 @5133}

1953 5641 2109 5703 solus,
2129 5641 2598 5704 secundumLXX,
2617 5642 3044 5710 reperiturlsaia:
3077 5644 3260 5712 XLIV,
3288 5651 3557 5713 nhieditiu

1955 5731 2018 5768 ex
2037 5715 2247 5788 hehrato
2263 5713 2421 5788 habet
2435 5713 2812 5788 eatendensmui
2829 5715 3285 5788 pr_:emitti:ur,cgo
3304 5720 3558 5783 Dominus

1957 5787 2208 5854 complens
2248 5795 2332 5837 aut
2366 5785 2555 5850 faciens
2585 5786 2775 5838 omnia.
2819 5785 2897 5838 Ad
2930 5787 3071 5853 quod
3101 5785 3260 5842 etiam
3304 5793 3387 5849 hic
3417 5800 3559 5853 allu-

1960 5859 2037 5915 dit
2062 5858 2294 5922 Auctor,
2327 5871 2446 5912 cum
2478 5854 2644 5911 Deum
2671 5860 2898 5910 omnium
2929 5869 3184 5936 mactarent
3212 5860 3355 5920 facit.
3381 5867 3516 5927 Pu.

2792 5951 3018 6035 (διψία)
