4262 6490
729 363 835 421 205

2134 357 2595 417 TEIlTULLIAM

3922 355 4028 416 204.

731 496 786 539 et
809 483 1025 541 materia
1052 480 1218 553 prima
1243 490 1343 537 est.
1370 479 1447 552 (η)
1481 478 1720 544 Extendi,
1754 478 1944 550 inquit,
1974 478 2153 535 uelum
2183 478 2321 533 solus
2350 480 2396 539 Α
2427 478 2628 537 blimia.
2672 492 2739 533 ex
2778 472 2892 548 pari
2933 473 3117 536 solidae
3157 488 3207 535 et
3252 478 3503 549 perlecta:
3550 478 3851 545 felicitatis,
3903 495 4026 550 qua:

736 575 839 647 (Is.
894 574 1091 646 XLIV)
1158 592 1168 627 ε
1218 575 1403 643 atquin
1470 588 1573 626 nou
1630 572 1813 635 solus,
1882 587 2001 625 eum
2062 588 2123 625 ea
2184 570 2326 624 enim

732 666 973 724 extendit
1017 668 1084 720 de
1144 680 1244 736 qua
1290 674 1344 719 et
1379 664 1636 718 extendit.
1682 664 1813 716 Cum
1872 663 2120 731 proponit
2181 663 2329 715 salvo

735 760 827 814 Dei
850 768 988 813 statu
1018 757 1183 812 fuisse
1207 754 1612 827 materiam(l);
1646 755 1768 810 vide
1801 769 1866 809 ne
1898 755 1943 808 ei
1973 754 2226 808 reddatur
2248 752 2325 824 (2)

735 867 763 905 a
809 852 983 912 uobis,
1029 849 1250 919 proinde
1288 849 1440 903 salvo
1480 858 1620 901 statu
1653 845 1894 901 materiae
1936 846 2097 899 fuisse
2140 846 2329 912 Dettm,

744 942 1018 997 communi
1053 952 1227 996 tamen
1258 952 1397 995 statu
1428 939 1727 993 amborum.
1755 940 1972 993 Salvum
2006 955 2131 1008 ergo
2158 938 2334 993 eritet

738 1036 1009 1100 mater-im,
1052 1045 1107 1091 ut
1148 1044 1201 1089 et
1245 1034 1358 1105 ipsa
1403 1033 1597 1097 fuerit,
1638 1033 1732 1088 sed
1771 1049 1891 1086 cum
1934 1034 2058 1093 beo,
2119 1037 2241 1104 quia
2281 1044 2335 1088 et

735 1130 877 1184 Deus
909 1129 1077 1194 solus,
1140 1126 1234 1182 sed
1278 1143 1400 1182 eum
1435 1126 1546 1181 illa.
1583 1127 1647 1181 Et
1681 1128 1793 1197 ipsa
1836 1128 2005 1196 prima
2039 1142 2157 1181 cum
2190 1128 2332 1195 Deo,

741 1222 863 1291 qttia
894 1232 948 1276 et
978 1221 1117 1275 Deus
1162 1221 1363 1291 primus
1408 1233 1529 1275 cum
1589 1220 1675 1273 illa
1710 1218 1840 1275 :scd
1886 1230 1940 1274 et
1992 1220 2081 1272 illa
2134 1220 2337 1275 incom-

738 1313 990 1383 parabilis
1044 1327 1164 1365 cum
1232 1312 1535 1380 Deo,quia
1588 1321 1641 1364 et
1700 1310 1841 1364 Deus
1908 1310 2337 1380 incomparabilis

738 1421 861 1463 cum
918 1406 1047 1466 illa,
1104 1414 1159 1460 et
1226 1405 1429 1458 auctrix
1470 1420 1591 1459 cum
1648 1404 1776 1469 Deo,
1822 1414 1872 1459 et
1934 1404 2150 1459 domina
2213 1420 2335 1460 cum

745 1500 874 1555 Deo.
907 1499 997 1553 Sic
1048 1496 1247 1566 aliquid
1301 1507 1355 1551 et
1408 1512 1511 1551 non
1578 1506 1742 1551 totum
1819 1500 2056 1552 materiae
2113 1498 2333 1563 habere,

741 1594 811 1646 ita
842 1592 915 1647 illi
949 1591 1080 1645 nihil
1107 1590 1327 1659 reliquit
1358 1590 1750 1661 Hermogenes,
1776 1590 1919 1659 quod
1948 1608 2051 1644 non
2083 1600 2136 1645 et
2164 1603 2334 1645 mate-

737 1686 833 1738 rite
855 1684 1171 1738 contulisset
1207 1700 1219 1736 :
1256 1692 1313 1737 ut
1345 1699 1449 1736 non
1494 1683 1716 1736 materia
1760 1682 1868 1736 Deo
1890 1723 1904 1743 .
1936 1683 2031 1737 sed
2063 1683 2202 1737 Deus
2236 1700 2334 1753 po-

741 1780 844 1832 tius
902 1777 1139 1833 materiae
1196 1784 1558 1846 comparetur.
1629 1779 1803 1845 Atque
1860 1776 2034 1841 adeo,
2096 1793 2219 1830 cum
2271 1792 2332 1831 ea

2432 582 2682 625 censetur
2709 572 3004 625 allPl'ttilztS.
3034 570 3216 640 Neque
3246 573 3388 625 enim
3420 573 3646 640 proximi
3681 574 3883 626 erimus
3910 573 4026 642 opi-

2437 665 2684 718 nionibus
2724 664 3030 727 nationum,
3073 680 3190 733 quae
3221 665 3511 735 siquando
3550 676 3817 735 Coguntur
3859 666 4028 720 Deum

2436 756 2679 811 contiteri
2704 796 2719 821 ,
2756 766 2934 811 tamen
2958 766 3011 811 et
3036 756 3171 811 alios
3198 758 3335 811 infra
3363 758 3509 810 illum
3538 760 3741 811 volunt.
3776 758 4035 812 Divinitas

2436 860 2617 902 autem
2650 848 2875 918 gradum
2909 865 3015 903 non
3042 848 3219 914 habet,
3256 859 3438 917 utpote
3468 851 3620 903 uoica
3648 868 3661 913 ;
3689 867 3809 920 qua:
3832 851 3876 904 si
3900 861 3954 904 et
3982 852 4036 903 in

2440 940 2660 992 materia
2694 939 2816 1003 erit,
2849 948 2907 993 ut
2938 939 3160 1008 proinde
3212 941 3391 993 innata
3421 950 3475 995 et
3504 940 3695 996 infecta
3727 950 3779 995 et
3807 952 4034 1006 aeterna,

2439 1031 2609 1085 aderit
2661 1032 2969 1101 utrobique,
3032 1036 3153 1101 quia
3205 1034 3382 1087 minor
3429 1048 3489 1087 se
3535 1050 3793 1101 nusquam
3841 1034 4041 1102 porerit

2440 1139 2581 1177 esse.
2608 1122 2891 1190 Quomodo
2914 1138 3043 1193 ergo
3070 1124 3377 1180 discernere
3396 1124 3613 1179 audebit
3638 1126 4001 1195 Hermogenes
4021 1168 4036 1191 ,

2441 1224 2602 1285 atque
2635 1216 2705 1268 ita
2738 1215 3007 1283 subjicere
3040 1216 3149 1271 Deo
3181 1218 3480 1283 materiam,
3514 1228 3768 1272 aJteruam
3810 1228 4037 1283 aeterm»,

2442 1305 2681 1361 innatam
2729 1308 2937 1373 innato,
2981 1309 3274 1362 auctricem
3315 1309 3560 1362 auctori?
3618 1308 3799 1363 dicere
3834 1308 4041 1362 auden-

2443 1407 2573 1463 tem,
2594 1399 2795 1469 et,Ego
2824 1403 3016 1469 prima,
3039 1408 3113 1467 et,
3131 1399 3244 1467 Ego
3270 1410 3394 1454 ante
3420 1401 3620 1463 oumia,
3639 1410 3713 1465 et,
3732 1400 3841 1470 Ego
3870 1416 3900 1456 a
3929 1415 4039 1469 quo

2442 1496 2619 1545 omnia
2655 1511 2667 1544 :
2705 1506 2863 1561 pares
2896 1491 3114 1556 fuimus,
3147 1494 3305 1547 simul
3339 1491 3560 1558 fuimus,
3594 1493 3753 1546 ambo
3785 1493 3901 1547 sine
3934 1494 4041 1546 ini-

2444 1585 2538 1643 tio.
2564 1583 2681 1637 sine
2711 1584 2817 1638 ﬁne
2842 1601 2854 1638 :
2884 1583 3043 1637 ambo
3071 1586 3187 1638 sine
3213 1595 3454 1649 auctore,
3485 1587 3602 1639 sne
3628 1584 3769 1638 Deo?
3797 1588 3926 1647 Quis
3954 1600 4043 1639 me

2444 1678 2584 1733 Deus
2625 1677 2704 1749 (6)
2750 1677 2967 1747 subjicit
3019 1679 3447 1748 coutemporali,
3488 1678 3803 1734 etaetaueo?
3830 1678 3886 1734 Si
3918 1679 4045 1747 quia

2447 1769 2587 1825 Deus
2626 1770 2855 1835 dicitur,
2900 1771 3071 1825 habeo
3096 1783 3149 1824 et
3188 1788 3290 1841 ego
3332 1788 3506 1826 metuu
3541 1787 3757 1826 nomen.
3798 1773 3904 1824 Ant
3940 1785 4043 1840 ego

738 1886 855 1939 quae
893 1866 971 1940 (5)
1024 1868 1235 1937 propria
1266 1867 1355 1921 Dei
1387 1866 1740 1931 vindicamus,
1768 1883 1982 1937 semper
2008 1866 2193 1934 fuisse,
2218 1871 2332 1924 sine

2449 1876 2556 1915 sum
2583 1863 2757 1927 Deus,
2802 1872 2896 1916 aut
2934 1863 3021 1917 ille
3079 1865 3299 1917 materia
3330 1862 3409 1934 (7)
3444 1883 3456 1917 :
3487 1865 3608 1931 quia
3652 1863 3809 1916 ambo
3852 1877 4042 1917 sumus

739 1962 912 2026 initio,
942 1962 1059 2015 sine
1091 1961 1216 2026 line,
1246 1969 1299 2014 et
1328 1961 1557 2030 primum
1591 1960 1756 2014 fuisse
1784 2001 1797 2024 ,
1830 1969 1885 2015 et
1910 1960 2104 2024 solum,
2138 1972 2193 2016 et
2220 1978 2333 2015 om-

738 2058 884 2109 nium
914 2062 1217 2117 auctorem,
1264 2052 1503 2107 materia:
1532 2068 1745 2122 quoque
1773 2062 2117 2122 competant;
2149 2068 2333 2123 quer

740 2145 867 2216 quid
912 2144 1181 2199 diversum
1214 2155 1269 2199 et
1298 2144 1534 2198 alienum
1568 2160 1596 2197 a
1631 2145 1739 2198 Deo
1764 2188 1777 2209 ,
1814 2160 1876 2199 ac
1907 2162 2001 2213 per
2030 2146 2130 2199 hoc
2161 2146 2334 2215 priva-

744 2248 855 2293 tum
899 2238 1119 2292 materia
1174 2235 1491 2307 possederit,
1542 2251 1636 2305 per
1684 2236 1824 2305 quod
1886 2237 1995 2292 Deo
2050 2253 2153 2292 non
2191 2253 2337 2293 eom-

752 2331 1007 2401 paretur?
1035 2331 1089 2384 lu
1122 2344 1222 2399 qua
1243 2330 1419 2383 omnia
1452 2329 1543 2383 Dei
1569 2329 1783 2398 propria
1804 2341 2174 2397 recensentur,
2205 2331 2337 2386 satis

740 2422 1087 2494 pra-judicent
1113 2422 1180 2477 de
1210 2421 1414 2492 reliqua
1444 2423 1871 2491 comparatione.

1307 2514 1534 2570 CAPUT
1578 2513 1685 2569 VII.

812 2609 867 2663 Si
892 2607 1156 2663 minorem
1179 2618 1233 2661 et
1258 2605 1569 2661 inferiorem
1596 2607 1874 2660 materiam
1909 2607 2039 2673 Deo,
2063 2617 2118 2661 et
2140 2608 2338 2663 idcirco

742 2701 1219 2772 incomparabilem
1254 2700 1349 2767 illi,
1392 2701 1690 2763 contendit,
1726 2708 1782 2753 ut
1812 2700 2035 2770 majori,
2088 2712 2143 2756 ut
2184 2718 2340 2771 supe-

747 2794 899 2855 riori.
957 2793 1246 2862 praescribo
1273 2808 1379 2845 non
1411 2806 1605 2858 capere
1637 2792 1795 2847 ullam
1840 2792 2255 2850 diminutionem
2286 2804 2339 2849 et

741 2885 1194 2948 bumiliatiouem,
1244 2883 1390 2954 quod
1431 2885 1780 2938 sitzrtcruum
1814 2893 1867 2938 et
1901 2884 2140 2939 innatum
2172 2904 2185 2939 :
2218 2887 2340 2956 quia

742 2980 844 3034 hoc
867 2988 922 3035 et
949 2979 1115 3034 Deum
1146 2978 1305 3033 faciat
1344 2989 1573 3045 tantmu,
1602 2990 1831 3048 quantus
1858 2989 1959 3042 est,
1992 2979 2139 3032 nullo
2164 2982 2338 3035 mino-

743 3086 889 3135 rem,
923 3085 1098 3141 neque
1132 3070 1544 3139 subjectiorem,
1577 3068 1683 3121 into
1705 3069 1955 3123 OtttttIIIIIS
1991 3071 2248 3139 majorem
2288 3081 2343 3125 et

743 3161 1140 3217 sublimiorem.
1173 3160 1323 3216 Sicut
1350 3161 1493 3216 enim
1527 3171 1719 3215 caetera
1748 3178 1865 3230 qua:
1894 3175 2207 3231 nascuntur,
2249 3174 2341 3218 aut

2439 1956 2581 2026 quod
2619 1957 2755 2011 alter
2783 1966 2866 2011 est
2901 1967 3168 2014 nostrum.
3199 1958 3362 2012 Putas
3394 1959 3571 2027 itaque
3609 1956 3888 2012 materiam
3932 1958 4043 2012 Deo

2441 2064 2545 2103 non
2574 2063 2938 2119 comparasse,
2966 2066 3123 2120 quam
3150 2050 3354 2105 scilicet
3381 2051 3629 2119 subjiciat
3655 2050 3729 2104 illi
3758 2054 3781 2104 Υ

3037 2162 3263 2219 CAPUT
3305 2163 3441 2219 VIII.

2523 2258 2717 2327 Atquin
2746 2258 2905 2312 etiam
2941 2258 3201 2326 praponit
3236 2257 3379 2310 illam
3412 2256 3543 2323 Deo,
3577 2266 3635 2311 et
3666 2258 3829 2316 Deum
3866 2258 4049 2329 potius

2443 2350 2655 2416 subjicrt
2679 2351 2939 2416 materia),
2968 2366 3091 2405 cum
3119 2349 3227 2403 vult
3258 2365 3381 2405 eum
3404 2350 3471 2404 de
3501 2351 3719 2405 materia
3742 2359 3931 2407 cuncta
3959 2350 4046 2404 fe-

2442 2442 2602 2498 cisse.
2646 2444 2699 2497 Si
2729 2443 2871 2497 eoim
2901 2458 2967 2497 ex
3000 2444 3085 2496 illa
3117 2458 3245 2496 usus
3271 2452 3353 2496 est
3380 2442 3446 2495 ad
3478 2457 3641 2511 Opera
3668 2442 3888 2508 mundi,
3933 2444 4049 2509 jam

2443 2547 2498 2591 et
2527 2538 2749 2591 materia
2793 2538 3039 2606 superior
3071 2538 3373 2595 invenitur.
3419 2552 3536 2605 (pne
3565 2536 3638 2588 illi
3668 2538 3879 2604 cupiam
3908 2550 4043 2605 ope-
4110 2536 4121 2544 “

2444 2629 2596 2683 randi
2619 2630 3066 2693 subministravit,
3092 2637 3146 2682 et
3187 2628 3328 2683 Deus
3350 2628 3621 2697 subjectus
3646 2629 3882 2683 materia:
3905 2628 4058 2682 ride-

2447 2730 2567 2785 tur,
2613 2722 2766 2791 cujus
2806 2722 3119 2775 substantia:
3164 2724 3329 2791 eguit.
3384 2720 3553 2775 Nemo
3596 2722 3737 2775 enim
3784 2738 3889 2776 non
3930 2729 4058 2791 eget

2447 2828 2513 2867 eo
2548 2812 2622 2885 (b)
2655 2812 2722 2868 de
2750 2813 2903 2883 cujus
2934 2815 3099 2868 utitur
3133 2831 3145 2867 :
3178 2828 3338 2868 nemo
3368 2828 3475 2867 non
3508 2814 3791 2881 subjicitur
3818 2813 3866 2867 ei
3897 2813 4055 2882 cujus

2447 2918 2587 2976 eget,
2616 2918 2671 2959 ut
2701 2908 2868 2975 possit
2900 2908 2970 2960 uti
3004 2925 3015 2959 :
3045 2906 3121 2960 sic
3148 2915 3207 2961 et
3237 2921 3397 2960 nemo
3418 2907 3485 2960 de
3512 2906 3688 2961 alieno
3720 2905 3919 2960 utendo
3944 2923 4052 2961 non

2447 3002 2624 3055 minor
2653 3010 2736 3055 est
2761 3016 2827 3054 eo
2858 3000 2924 3055 de
2942 3000 3093 3070 cujus
3120 3000 3304 3054 utitur.
3339 3000 3404 3054 Et
3432 3014 3589 3053 nemo
3616 3000 3707 3069 qui
3743 3008 3960 3069 przestat
3981 2998 4055 3055 de

2448 3109 2548 3147 suo
2577 3093 2692 3160 uti,
2737 3109 2841 3147 non
2876 3094 2926 3146 in
2959 3093 3061 3147 boe
3100 3093 3346 3162 superior
3371 3101 3457 3147 est
3486 3108 3551 3146 eo
3576 3093 3662 3146 cui
3701 3102 3918 3162 praistat
3954 3091 4055 3145 uti.

2449 3186 2636 3256 Itaque
2687 3187 2906 3240 materia
2958 3187 3072 3255 ipsa
3130 3187 3343 3254 quidem
3395 3188 3503 3241 Deo
3552 3203 3659 3241 non
3710 3187 3893 3253 eguit,
3953 3186 4055 3242 sed

748 3258 937 3312 liuiunt
962 3297 974 3320 ,
1013 3264 1066 3311 et
1094 3255 1293 3310 idcirco
1319 3266 1517 3309 mterua
1545 3272 1651 3309 non
1681 3266 1839 3321 sunt,
1870 3258 2038 3311 semel
2094 3258 2339 3326 opposita
2370 3274 2414 3335 ρ
2448 3255 2625 3346 egemi
2657 3292 2716 3331 se
2770 3277 2881 3331 Deo
2939 3278 3187 3345 ντωειίιη
3230 3275 3341 3348 (8).
3376 3277 3595 3331 divum,
3630 3286 3684 3331 ει
3721 3277 4046 3346 ιοευνιριειη

750 3350 875 3414 lini,
933 3365 1051 3420 qua:
1101 3358 1155 3404 et
1212 3349 1361 3402 initio
1425 3348 1713 3401 admittunt
1769 3363 1829 3401 ea
1886 3364 2004 3417 quae
2060 3348 2201 3403 Deus
2234 3367 2339 3405 non

753 3444 927 3513 capit,
976 3442 1384 3496 diminutionem
1427 3441 1550 3496 dico
1595 3440 1811 3495 interim
1844 3451 1897 3496 et
1926 3442 2339 3513 stthjcctionem,

747 3538 868 3608 quia
904 3547 1022 3590 nata
1057 3546 1108 3589 et
1138 3534 1275 3590 facta
1308 3546 1433 3590 sunt
1464 3554 1476 3589 :
1513 3537 1581 3589 ita
1612 3547 1669 3590 et
1701 3536 1839 3591 Deus
1870 3535 1991 3592 ideo
2021 3553 2083 3593 ea
2116 3554 2220 3592 non
2252 3554 2344 3594 ca-

746 3630 857 3700 pit,
892 3630 1012 3697 quia
1041 3642 1139 3681 nec
1185 3638 1342 3682 natus
1364 3628 1617 3692 omnino,
1652 3643 1751 3682 nec
1779 3626 1951 3683 factus
1975 3638 2077 3683 est.
2112 3630 2345 3684 Materia:

748 3730 926 3774 autem
955 3717 1034 3792 (Α)
1071 3728 1240 3773 status
1284 3720 1404 3773 talis
1434 3729 1534 3773 est.
1586 3719 1749 3789 Igitur
1773 3730 1827 3774 et
1855 3720 2065 3777 duobus
2094 3724 2311 3777 :etcrnis
2332 3765 2345 3788 ,

752 3822 811 3868 ut
834 3813 1123 3878 innatis,ut
1146 3812 1377 3878 infectis,
1412 3812 1521 3867 Deo
1547 3822 1706 3883 atque
1735 3814 1951 3869 materia
1974 3813 2075 3887 (ὃ).
2104 3816 2174 3871 ob
2202 3832 2346 3871 eam-

752 3908 873 3962 dem
904 3907 1164 3960 rationem
1196 3906 1498 3960 communis
1525 3915 1715 3970 status,
1748 3922 1811 3961 ex
1843 3922 1999 3977 mquo
2025 3909 2347 3966 habentibus

755 3997 806 4053 id
848 3996 987 4068 quod
1036 4012 1207 4068 neque
1236 3996 1483 4061 diminui,
1515 4013 1611 4052 nec
1641 3997 1831 4065 subjici
1862 3998 2115 4067 admittit,
2161 4003 2212 4056 id
2268 4013 2351 4058 est

752 4088 1108 4143 aeternitatem
1142 4106 1152 4141 :
1181 4098 1427 4142 neutrum
1456 4088 1682 4142 dicimus
1709 4090 1879 4143 altero
1907 4105 2027 4146 esse
2057 4093 2346 4164 minorem,

752 4181 863 4235 sive
886 4179 1167 4250 majorem,
1214 4188 1461 4235 neutrum
1485 4180 1650 4235 altero
1672 4180 2032 4251 humiliorem,
2059 4186 2171 4241 sive
2191 4203 2350 4259 supe-

754 4274 951 4329 riorem
972 4315 987 4341 ,
1020 4273 1113 4329 sed
1146 4283 1291 4328 stare
1319 4272 1480 4329 ambo
1505 4290 1570 4330 ex
1599 4274 1713 4346 pari
1744 4290 1930 4346 magna
1954 4318 1968 4344 ,
2018 4293 2081 4333 ex
2116 4281 2227 4350 pari
2253 4297 2342 4337 su-

2447 3381 2499 3423 et
2528 3369 2803 3423 liberalem
2835 3369 3051 3435 minori,
3081 3371 3297 3439 opinor,
3323 3379 3377 3424 et
3403 3370 3701 3425 iuvalidoet
3728 3376 3905 3424 minus
3935 3370 4057 3425 ido-

2450 3476 2553 3515 nco
2581 3462 2648 3515 de
2679 3460 2849 3515 nihilo
2881 3461 3059 3516 facere
3086 3478 3204 3533 qua:
3246 3463 3393 3517 velit.
3426 3462 3639 3518 Grande
3670 3478 3856 3517 revera
3887 3463 4058 3517 bene-

2454 3555 2631 3609 licium
2664 3554 2773 3608 Deo
2800 3556 3048 3619 contulit,
3076 3565 3134 3609 ut
3162 3555 3383 3610 haberet
3412 3556 3571 3611 hodie
3600 3573 3693 3626 per
3717 3573 3876 3627 quem
3910 3557 4056 3612 Deus

2451 3657 2871 3715 cognosceretur
2893 3688 2907 3711 ,
2942 3658 2997 3702 et
3027 3648 3375 3717 omnipotens
3409 3662 3696 3704 vocaretur
3725 3668 3736 3701 :
3774 3652 3875 3705 nisi
3908 3650 4058 3719 quod

2449 3738 2561 3807 jam
2596 3753 2703 3792 non
2734 3739 3097 3808 omnipotens,
3124 3740 3168 3793 si
3196 3756 3299 3795 non
3330 3752 3378 3795 et
3414 3740 3517 3795 hoc
3547 3751 3758 3813 potens,
3789 3757 3855 3797 ex
3888 3741 4060 3799 nihilo

2452 3830 2629 3884 omnia
2674 3828 2933 3899 proferre.
2974 3830 3119 3887 Sane
3149 3842 3203 3886 et
3233 3832 3333 3887 sibi
3369 3834 3619 3903 praestitit
3648 3834 3847 3905 aliquid
3880 3844 4060 3891 mate-

2456 3923 2554 3987 ria,
2589 3932 2645 3977 ut
2667 3934 2720 3977 et
2748 3924 2857 3992 ipsa
2891 3940 3011 3978 cum
3041 3925 3150 3980 Deo
3176 3926 3349 3994 possit
3376 3927 3592 3996 agnosci
3614 3927 3902 3997 comqualis
3925 3928 4059 3994 Deo,

2455 4015 2563 4069 imo
2610 4025 2663 4069 et
2699 4014 2930 4084 adjutrix
2969 4035 2980 4070 :
3014 4017 3118 4071 nisi
3166 4018 3309 4085 quod
3348 4018 3497 4071 solus
3538 4034 3655 4072 eam
3691 4020 4062 4089 Ilermogenes

2456 4108 2740 4177 cognovit,
2770 4119 2824 4163 et
2856 4106 2928 4179 (ι’)
2973 4109 3354 4163 haereticorum
3382 4111 3697 4180 patriarcha:
3728 4111 4059 4181 philosophi.

2463 4199 2751 4270 Prophetis
2778 4202 2922 4255 enim
2948 4211 3003 4257 et
3030 4203 3291 4273 apostolis
3317 4220 3485 4275 usque
3510 4205 3686 4261 adhuc
3714 4206 3901 4273 latuit,
3929 4218 4062 4278 puto

2448 4300 2503 4346 et
2530 4292 2745 4347 Christo

1961 4390 2346 4457 LECTIONES
2384 4401 2798 4461 VARIANTES.

814 4502 886 4563 (l)
908 4500 1051 4550 Salvo
1067 4508 1195 4572 statu
1220 4504 1439 4572 materiae
1462 4502 1615 4572 fuisse
1636 4504 1951 4572 Deus_RIteu.
1990 4510 2183 4572 Seml.;
2216 4516 2350 4568 salvo

752 4572 881 4639 scitu
916 4566 1135 4614 materiae
1174 4564 1324 4614 fuisse
1348 4566 1509 4615 Deum
1535 4567 1673 4617 liabet
1698 4568 1807 4618 cod.
1847 4572 2030 4621 Wouw.
2057 4564 2352 4639 approbante

751 4637 872 4736 mne.
918 4688 1043 4738 Vide
1062 4702 1123 4737 ne
1153 4689 1411 4739 irrideatur
1434 4703 1461 4738 a
1485 4692 1625 4740 nobis
1650 4690 1799 4742 Itlten.
1822 4692 1975 4745 Seml.
2002 4697 2195 4751 obert/t.

821 4685 895 4875 ἓό)
916 4751 1030 4824 C‘um
1053 4766 1111 4799 ea
1138 4756 1327 4824 propria
1348 4752 1438 4802 Dei
1464 4756 1593 4814 apud
1614 4754 1743 4805 cosd.

848 4814 894 4875 4)
922 4813 981 4862 Lt
1006 4822 1223 4863 materia:
1246 4822 1411 4864 autem
1433 4813 1583 4865 thcu.
1613 4826 1709 4867 etc.

842 4751 893 4814 5)
916 4751 1030 4814 Cum
1053 4766 1111 4799 ea
1138 4756 1327 4814 propria
1348 4752 1438 4802 Dei
1464 4756 1593 4814 apud
1614 4754 1743 4805 cosd.

848 4813 881 4859 4⁷
922 4813 981 4862 Et
1006 4813 1411 4864 materiteautem
1433 4813 1583 4865 thcu.
1613 4826 1709 4867 etc.

848 4819 894 4939 5)
919 4876 1029 4926 Deo
1063 4885 1212 4939 atque
1250 4879 1467 4926 materne
1507 4876 1653 4929 Itium.
1680 4892 1707 4931 ε

821 4876 1029 4940 (5)1)eo
1063 4885 1212 4939 atque
1250 4879 1467 4926 materiae
1507 4876 1653 4929 li/wtt.
1680 4888 1724 4931 et
1748 4878 1897 4933 iidem
1919 4882 2008 4943 αι..
2034 4891 2085 4937 ut
2104 4886 2236 4938 solet.

2519 4521 2589 4584 (6)
2614 4523 2760 4573 Forte
2784 4522 2891 4574 Deo
2912 4525 3031 4574 Jun.

2545 4585 2589 4633 7‘
2623 4585 2675 4633 Ει
2706 4586 2787 4635 ille
2814 4592 3016 4636 materia
3041 4595 3153 4637 Jun.

2524 4589 2596 4709 (ὅ)
2624 4650 2721 4697 Sed
2755 4652 2951 4709 eguisse
2984 4666 3039 4698 se
3064 4653 3153 4700 deo

2546 4646 2596 4711 ὅ)
2620 4650 2721 4719 Sed
2755 4652 2951 4719 eguisse
2984 4653 3160 4719 sedeo
3184 4666 3257 4719 pr.
3293 4653 3403 4719 Δ[ιαι.
3429 4651 3528 4719 sed
3556 4654 3721 4719 egenti
3761 4666 3817 4704 se
3849 4654 3948 4705 deo
3984 4669 4058 4719 pr.

2459 4716 2569 4779 Jun.
2600 4713 2695 4779 Sed
2724 4714 2893 4779 egenti
2920 4726 2976 4760 se
3010 4717 3106 4779 deo
3131 4713 3407 4779 p.'di\'itcm
3435 4724 3487 4764 et
3517 4713 3811 4779 locupletem
3847 4726 3899 4767 et
3934 4713 4061 4769 libe-

2459 4772 2760 4843 I’QII't'IIDCOd.
2797 4776 2978 4843 Wguttj.
3004 4772 3237 4843 fortesed
3264 4792 3426 4843 egeno
3438 4778 3553 4843 sed.
3571 4772 3788 4839 [utibile
3807 4779 3934 4843 (scil.
3961 4779 4058 4843 se).

2526 4834 2597 4897 (9)
2628 4837 2825 4907 Ifutonet
2851 4834 3058 4907 Christo.
3083 4839 3233 4890 Frrm.
3254 4834 3419 4892 Puris.
3442 4840 3540 4905 liig.
3556 4834 3617 4890 At
3636 4850 3750 4891 Jwt.
3772 4834 4062 4907 prophetas,

2466 4897 2733 4960 apostolos,
2754 4899 3016 4949 Christum.

2124 4994 2686 5062 COMMENTARIUS.

832 5096 908 5222 Ka)
943 5096 1383 5173 Extendijnquit,
1424 5102 1603 5153 caelum
1636 5100 1793 5155 solus.
1828 5102 1919 5158 Sic
1954 5106 2093 5173 apud
2121 5106 2309 5163 Isaiam
2332 5153 2347 5176 ,

840 5168 994 5222 :le
1022 5177 1283 5222 ζῐσῖεἱτεινα,
1310 5180 1387 5222 τὸν
1414 5174 1605 5222 conando
1637 5177 1788 5222 μόνοι.
1811 5174 1875 5222 ΕΙ
1896 5176 2033 5222 PsnL
2057 5177 2168 5222 (ΙΙΥ
2193 5196 2205 5222 2
2234 5182 2253 5222 ἓ
2279 5190 2347 5222 2...

758 5187 809 5225 ε.
840 5168 994 5223 XLIV
1022 5168 1283 5234 εῐλῖεἱτεινα,
1310 5180 1387 5224 τὸν
1414 5174 1605 5239 ιῦρανόν
1633 5177 1788 5239 μόνος.
1811 5174 1875 5228 ΕΙ
1896 5168 2034 5230 Psal.
2057 5177 2168 5231 CIV
2192 5196 2205 5231 ζ
2234 5182 2253 5229 ε
2278 5168 2355 5236 lx;

754 5253 913 5297 τείνων
933 5250 1011 5297 τὸν
1034 5245 1221 5309 οὖρανόν
1247 5248 1354 5294 ὡσεί
1390 5245 1559 5310 δέρξιν.
1589 5246 1715 5309 Qllu'
1748 5256 1870 5300 SIIIII
1895 5247 2056 5301 etiam
2084 5251 2150 5303 (II)
2177 5265 2353 5307 exter-

758 5316 1066 5393 nis_citata._
1091 5312 1184 5393 Sit:
1208 5314 1350 5365 enim
1382 5312 1449 5365 ad
1486 5316 1991 5393 (‘thtta‘nt:I'riephou
2024 5338 2036 5373 :
2072 5326 2130 5373 Εἰ
2165 5327 2354 5393 ιῦρανόν

756 5390 815 5444 ὡς
854 5386 1003 5453 δὲῥριν
1046 5384 1283 5448 (Eridane
1307 5424 1319 5446 ,
1367 5394 1456 5453 γὶν
1497 5388 1545 5438 δὲ
1583 5386 1649 5453 ἆρ’
1686 5384 1862 5451 {taetrae
1902 5399 2104 5456 ἔπηξιν,
2152 5384 2353 5465 92:};ng

758 5458 1019 5524 ἰμὸρφωσιν

826 5522 979 5597 CAP.
1025 5523 1156 5579 VIII.
1187 5554 1258 5565 —-
1290 5522 1369 5596 (b)
1407 5523 1481 5579 De
1509 5528 1653 5597 cujus
1691 5530 1867 5583 utitur.
1906 5531 2171 5587 Deiot-lira
2204 5537 2348 5590 Iocu-

754 5596 827 5675 tio
857 5614 870 5647 :
904 5596 1224 5675 subauditur
1259 5602 1426 5675 rebus,
1456 5596 2005 5675 ,ειιιιζιιὴιινὶἀηείιιιίιυ.
2036 5604 2344 5675 IIojusmodi

752 5670 977 5721 fornmla
997 5668 1257 5719 sermonis
1278 5670 1505 5722 etiamin
1530 5672 1894 5737 superioribus
1919 5675 2065 5727 libris
2089 5668 2215 5731 uisus
2242 5692 2341 5734 est.

753 5739 1008 5819 Adversus
1042 5736 1369 5819 Ilurciouem
1419 5739 1507 5819 lib.
1540 5740 1576 5793 V
1601 5736 1617 5792 γε
1655 5743 1714 5793 Si
1744 5744 1793 5795 iu
1827 5750 2065 5799 creatoris
2088 5790 2099 5807 ,
2142 5750 2345 5819 inquit,

754 5809 1238 5889 arcipitur.Epdem
1271 5810 1429 5865 libru'
1459 5810 1519 5865 Et
1542 5829 1571 5863 α
1598 5823 1801 5889 nostrw,
1834 5817 2021 5884 inquit,
2048 5809 2348 5889 partis-pos;

749 5892 810 5935 sit
835 5882 1041 5953 opponi.
1076 5882 1304 5937 Ilttrsum
1335 5896 1455 5937 mox
1486 5886 1747 5953 sequitur,
1779 5904 1879 5941 non
1911 5882 2075 5943 iuiuor
2102 5902 2173 5947 est
2203 5882 2259 5947 eo
2288 5895 2351 5948 de

2457 5122 2603 5188 cujus
2634 5121 2807 5173 utitur.
2843 5122 3149 5177 Grarcorum
3174 5133 3254 5178 est
3283 5125 3526 5179 imitatio.
3562 5125 3731 5181 Itum.

2464 5260 2473 5268 .
2644 5190 3013 5247 llau'eticoruut
3042 5197 3345 5263 patriarcha:
3365 5199 3678 5269 philosophi.
3710 5199 3787 5251 lix
3816 5198 4060 5266 professo

2465 5268 2605 5337 Istud
2654 5275 2933 5337 tractatum
2987 5268 3243 5333 habetur,
3289 5285 3445 5337 supra
3492 5271 3561 5323 ab
3603 5279 3823 5325 auctore
3868 5272 3960 5324 lib.
4001 5272 4062 5324 de

2458 5329 2773 5411 Pra'script._
2794 5340 2909 5388 adv.
2932 5338 3053 5391 liter.
3087 5355 3204 5408 eap.
3300 5329 3433 5394 ΡᾹΜ.
3462 5370 3533 5379 --
3568 5339 3937 5393 llu'relicorum
3965 5360 4060 5411 pa-

2460 5405 2716 5482 triarchaa
2760 5408 2814 5460 III
2850 5412 3073 5482 epistola
3111 5405 3617 5482 {It-INClt‘Slpituttitttlt
3661 5413 3799 5465 hunc
3840 5405 4059 5466 Tertul-

2456 5472 2582 5527 liani
2614 5477 2787 5532 locum
2825 5472 2954 5533 citat
2988 5481 3143 5535 dirus
3177 5472 3555 5553 Hieronymus.
3587 5483 3729 5537 Idem
3765 5486 3814 5536 iu
3843 5482 4057 5537 Nahqu

2454 5555 2768 5620 prophetam
2814 5566 3090 5620 exponens
3137 5553 3301 5613 illud.
3356 5556 3545 5607 exilivit
3582 5558 3727 5620 quasi
3769 5558 4058 5620 uttelobus,

2459 5616 2677 5695 «omnia
2702 5616 3075 5695 enim,_inquit,
3101 5624 3349 5693 dogmata
3378 5643 3562 5678 eortuu
3586 5616 3845 5695 (loquitur
3865 5629 3933 5679 de
3964 5616 4064 5679 bte-

2457 5690 2636 5765 relicis
2666 5690 2682 5760 )
2716 5709 2837 5746 cum
2867 5692 3093 5761 ftigcaut
3120 5735 3132 5756 .
3166 5690 3216 5748 et
3250 5697 3431 5750 volare
3462 5714 3564 5751 non
3595 5690 3835 5765 possint,
3873 5700 4057 5751 sedi-ut

2452 5759 2552 5812 sibi
2584 5770 2638 5840 et
2667 5780 2903 5840 requiem
2928 5759 3073 5822 inter
3102 5767 3414 5823 Aristotelis
3445 5780 3497 5823 et
3528 5759 4060 5840 Chrysippi-spineta

2457 5832 2749 5903 reperiunt.
2781 5854 2798 5890 ι
2834 5836 3011 5895 linea.
