  <div class='ocr_page' id='page_1' title='image "/cluster/home/n/w/nwhite01/storage/ocr_20150623/2/hvd.32044015466741/120.png"; bbox 0 0 4262 6490; ppageno 0'>
   <div class='ocr_carea' id='block_1_1' title="bbox 178 394 285 455">
    <p class='ocr_par' dir='ltr' id='par_1_1' title="bbox 178 394 285 455">
     <span class='ocr_line' id='line_1_1' title="bbox 178 394 285 455; baseline 0.056 -5"><span class='ocrx_word' id='word_1_1' title='bbox 178 394 285 455; x_wconf 67' lang='lat'><strong>90.3</strong></span> 
     </span>
    </p>
   </div>
   <div class='ocr_carea' id='block_1_2' title="bbox 818 518 1174 577">
    <p class='ocr_par' dir='ltr' id='par_1_2' title="bbox 818 518 1174 577">
     <span class='ocr_line' id='line_1_2' title="bbox 818 518 1174 577; baseline -0.006 0"><span class='ocrx_word' id='word_1_2' title='bbox 818 518 1045 577; x_wconf 73' lang='lat' dir='ltr'><strong>CAPUT</strong></span> <span class='ocrx_word' id='word_1_3' title='bbox 1084 518 1174 577; x_wconf 82' lang='lat' dir='ltr'><strong>IX.</strong></span> 
     </span>
    </p>
   </div>
   <div class='ocr_carea' id='block_1_3' title="bbox 256 612 1788 682">
    <p class='ocr_par' dir='ltr' id='par_1_3' title="bbox 256 612 1788 682">
     <span class='ocr_line' id='line_1_3' title="bbox 256 612 1788 682; baseline 0.001 -17"><span class='ocrx_word' id='word_1_4' title='bbox 256 612 375 665; x_wconf 77' lang='lat' dir='ltr'><strong>Non</strong></span> <span class='ocrx_word' id='word_1_5' title='bbox 436 622 615 682; x_wconf 89' lang='lat' dir='ltr'><strong>potest</strong></span> <span class='ocrx_word' id='word_1_6' title='bbox 661 614 841 671; x_wconf 85' lang='lat' dir='ltr'><strong>dicere</strong></span> <span class='ocrx_word' id='word_1_7' title='bbox 895 616 1059 670; x_wconf 81' lang='lat' dir='ltr'><strong>Deum</strong></span> <span class='ocrx_word' id='word_1_8' title='bbox 1118 625 1173 670; x_wconf 89' lang='lat' dir='ltr'><strong>ut</strong></span> <span class='ocrx_word' id='word_1_9' title='bbox 1225 615 1509 669; x_wconf 83' lang='lat' dir='ltr'><strong>Dominum</strong></span> <span class='ocrx_word' id='word_1_10' title='bbox 1567 613 1788 669; x_wconf 97' lang='lat' dir='ltr'><strong>materia</strong></span> 
     </span>
    </p>
   </div>
   <div class='ocr_carea' id='block_1_4' title="bbox 190 705 1786 779">
    <p class='ocr_par' dir='ltr' id='par_1_4' title="bbox 190 705 1786 779">
     <span class='ocr_line' id='line_1_4' title="bbox 190 705 1786 779; baseline 0.001 -22"><span class='ocrx_word' id='word_1_11' title='bbox 190 718 346 758; x_wconf 87' lang='lat' dir='ltr'><strong>usum</strong></span> <span class='ocrx_word' id='word_1_12' title='bbox 380 705 445 762; x_wconf 83' lang='lat' dir='ltr'><strong>ad</strong></span> <span class='ocrx_word' id='word_1_13' title='bbox 478 723 639 776; x_wconf 71' lang='lat' dir='ltr'><strong>opera</strong></span> <span class='ocrx_word' id='word_1_14' title='bbox 680 707 861 767; x_wconf 81' lang='lat' dir='ltr'><strong>mundi</strong></span> <span class='ocrx_word' id='word_1_15' title='bbox 892 726 904 761; x_wconf 89' lang='lat'><strong>:</strong></span> <span class='ocrx_word' id='word_1_16' title='bbox 935 709 1193 763; x_wconf 88' lang='lat' dir='ltr'><strong>Dominus</strong></span> <span class='ocrx_word' id='word_1_17' title='bbox 1248 706 1326 779; x_wconf 90' lang='lat' dir='ltr'>(I)</span> <span class='ocrx_word' id='word_1_18' title='bbox 1367 707 1509 762; x_wconf 86' lang='lat' dir='ltr'><strong>enim</strong></span> <span class='ocrx_word' id='word_1_19' title='bbox 1553 723 1657 763; x_wconf 92' lang='lat' dir='ltr'><strong>non</strong></span> <span class='ocrx_word' id='word_1_20' title='bbox 1688 722 1786 775; x_wconf 88' lang='lat' dir='ltr'><strong>p0-</strong></span> 
     </span>
    </p>
   </div>
   <div class='ocr_carea' id='block_1_5' title="bbox 192 798 1787 871">
    <p class='ocr_par' dir='ltr' id='par_1_5' title="bbox 192 798 1787 871">
     <span class='ocr_line' id='line_1_5' title="bbox 192 798 1787 871; baseline 0.002 -22"><span class='ocrx_word' id='word_1_21' title='bbox 192 798 293 849; x_wconf 91' lang='lat' dir='ltr'><strong>tuit</strong></span> <span class='ocrx_word' id='word_1_22' title='bbox 319 813 444 854; x_wconf 84' lang='lat' dir='ltr'><strong>esse</strong></span> <span class='ocrx_word' id='word_1_23' title='bbox 472 800 787 853; x_wconf 71' lang='lat' dir='ltr'><strong>substantia:</strong></span> <span class='ocrx_word' id='word_1_24' title='bbox 812 801 1124 870; x_wconf 72' lang='lat' dir='ltr'><strong>comqualis.</strong></span> <span class='ocrx_word' id='word_1_25' title='bbox 1158 800 1263 855; x_wconf 85' lang='lat' dir='ltr'><strong>Sed</strong></span> <span class='ocrx_word' id='word_1_26' title='bbox 1294 800 1535 871; x_wconf 85' lang='lat' dir='ltr'><strong>precario</strong></span> <span class='ocrx_word' id='word_1_27' title='bbox 1564 798 1787 854; x_wconf 90' lang='lat' dir='ltr'><strong>forsitan</strong></span> 
     </span>
    </p>
   </div>
   <div class='ocr_carea' id='block_1_6' title="bbox 191 889 1787 962">
    <p class='ocr_par' dir='ltr' id='par_1_6' title="bbox 191 889 1787 962">
     <span class='ocr_line' id='line_1_6' title="bbox 191 889 1787 962; baseline 0.004 -23"><span class='ocrx_word' id='word_1_28' title='bbox 191 903 319 943; x_wconf 76' lang='lat' dir='ltr'><strong>usus</strong></span> <span class='ocrx_word' id='word_1_29' title='bbox 350 900 454 943; x_wconf 90' lang='lat' dir='ltr'><strong>est.</strong></span> <span class='ocrx_word' id='word_1_30' title='bbox 489 889 565 962; x_wconf 79' lang='grc' dir='ltr'><strong>(α)</strong></span> <span class='ocrx_word' id='word_1_31' title='bbox 603 891 667 946; x_wconf 83' lang='grc' dir='ltr'>Ει</span> <span class='ocrx_word' id='word_1_32' title='bbox 699 893 818 945; x_wconf 86' lang='lat' dir='ltr'><strong>ideo</strong></span> <span class='ocrx_word' id='word_1_33' title='bbox 850 895 1111 961; x_wconf 82' lang='lat' dir='ltr'><strong>precatio.</strong></span> <span class='ocrx_word' id='word_1_34' title='bbox 1147 911 1251 948; x_wconf 91' lang='lat' dir='ltr'><strong>non</strong></span> <span class='ocrx_word' id='word_1_35' title='bbox 1281 895 1542 959; x_wconf 78' lang='lat' dir='ltr'><strong>dominio,</strong></span> <span class='ocrx_word' id='word_1_36' title='bbox 1586 904 1639 947; x_wconf 89' lang='grc' dir='ltr'><strong>ιιι</strong></span> <span class='ocrx_word' id='word_1_37' title='bbox 1667 909 1787 947; x_wconf 87' lang='lat' dir='ltr'><strong>cum</strong></span> 
     </span>
    </p>
   </div>
   <div class='ocr_carea' id='block_1_7' title="bbox 193 983 1786 1056">
    <p class='ocr_par' dir='ltr' id='par_1_7' title="bbox 193 983 1786 1056">
     <span class='ocr_line' id='line_1_7' title="bbox 193 983 1786 1056; baseline 0.002 -22"><span class='ocrx_word' id='word_1_38' title='bbox 193 998 254 1034; x_wconf 89' lang='lat' dir='ltr'><strong>ea</strong></span> <span class='ocrx_word' id='word_1_39' title='bbox 290 983 428 1035; x_wconf 85' lang='lat' dir='ltr'><strong>mala</strong></span> <span class='ocrx_word' id='word_1_40' title='bbox 480 993 622 1037; x_wconf 82' lang='lat' dir='ltr'><strong>esset</strong></span> <span class='ocrx_word' id='word_1_41' title='bbox 681 983 792 1056; x_wconf 78' lang='lat'>(‘2),</span> <span class='ocrx_word' id='word_1_42' title='bbox 841 985 908 1038; x_wconf 91' lang='lat' dir='ltr'><strong>de</strong></span> <span class='ocrx_word' id='word_1_43' title='bbox 936 986 1071 1039; x_wconf 89' lang='lat' dir='ltr'><strong>tnala</strong></span> <span class='ocrx_word' id='word_1_44' title='bbox 1105 996 1281 1040; x_wconf 88' lang='lat' dir='ltr'><strong>tamen</strong></span> <span class='ocrx_word' id='word_1_45' title='bbox 1319 985 1632 1041; x_wconf 86' lang='lat' dir='ltr'><strong>sustinuerit</strong></span> <span class='ocrx_word' id='word_1_46' title='bbox 1676 985 1786 1050; x_wconf 92' lang='lat' dir='ltr'><strong>uti,</strong></span> 
     </span>
    </p>
   </div>
   <div class='ocr_carea' id='block_1_8' title="bbox 189 1076 1792 1147">
    <p class='ocr_par' dir='ltr' id='par_1_8' title="bbox 189 1076 1792 1147">
     <span class='ocr_line' id='line_1_8' title="bbox 189 1076 1792 1147; baseline 0.001 -18"><span class='ocrx_word' id='word_1_47' title='bbox 189 1076 394 1131; x_wconf 79' lang='lat' dir='ltr'><strong>scilicet</strong></span> <span class='ocrx_word' id='word_1_48' title='bbox 422 1093 484 1131; x_wconf 77' lang='lat' dir='ltr'><strong>cx</strong></span> <span class='ocrx_word' id='word_1_49' title='bbox 513 1080 835 1135; x_wconf 74' lang='lat' dir='ltr'><strong>neceSsitate</strong></span> <span class='ocrx_word' id='word_1_50' title='bbox 858 1080 1249 1134; x_wconf 83' lang='lat' dir='ltr'><strong>mediocritatis</strong></span> <span class='ocrx_word' id='word_1_51' title='bbox 1274 1095 1408 1145; x_wconf 60' lang='lat' dir='ltr'><strong>suae,</strong></span> <span class='ocrx_word' id='word_1_52' title='bbox 1432 1093 1535 1147; x_wconf 87' lang='lat' dir='ltr'><strong>qua</strong></span> <span class='ocrx_word' id='word_1_53' title='bbox 1571 1095 1675 1132; x_wconf 89' lang='lat' dir='ltr'><strong>tton</strong></span> <span class='ocrx_word' id='word_1_54' title='bbox 1699 1093 1792 1131; x_wconf 82' lang='lat' dir='ltr'><strong>va-</strong></span> 
     </span>
    </p>
   </div>
   <div class='ocr_carea' id='block_1_9' title="bbox 193 1168 1791 1241">
    <p class='ocr_par' dir='ltr' id='par_1_9' title="bbox 193 1168 1791 1241">
     <span class='ocr_line' id='line_1_9' title="bbox 193 1168 1791 1241; baseline 0.002 -21"><span class='ocrx_word' id='word_1_55' title='bbox 193 1168 337 1223; x_wconf 82' lang='lat' dir='ltr'><strong>leltat</strong></span> <span class='ocrx_word' id='word_1_56' title='bbox 366 1184 429 1221; x_wconf 80' lang='lat' dir='ltr'><strong>ex</strong></span> <span class='ocrx_word' id='word_1_57' title='bbox 459 1169 628 1223; x_wconf 85' lang='lat' dir='ltr'><strong>nihilo</strong></span> <span class='ocrx_word' id='word_1_58' title='bbox 654 1172 727 1225; x_wconf 91' lang='lat' dir='ltr'><strong>ttti</strong></span> <span class='ocrx_word' id='word_1_59' title='bbox 755 1188 768 1234; x_wconf 90' lang='lat'><strong>;</strong></span> <span class='ocrx_word' id='word_1_60' title='bbox 794 1186 899 1226; x_wconf 84' lang='lat' dir='ltr'><strong>non</strong></span> <span class='ocrx_word' id='word_1_61' title='bbox 927 1188 992 1226; x_wconf 81' lang='lat' dir='ltr'><strong>ex</strong></span> <span class='ocrx_word' id='word_1_62' title='bbox 1025 1180 1306 1241; x_wconf 87' lang='lat' dir='ltr'><strong>potestate,</strong></span> <span class='ocrx_word' id='word_1_63' title='bbox 1333 1186 1492 1241; x_wconf 81' lang='lat' dir='ltr'><strong>quam</strong></span> <span class='ocrx_word' id='word_1_64' title='bbox 1511 1170 1554 1225; x_wconf 90' lang='lat' dir='ltr'><strong>si</strong></span> <span class='ocrx_word' id='word_1_65' title='bbox 1576 1170 1791 1225; x_wconf 86' lang='lat' dir='ltr'><strong>habuis-</strong></span> 
     </span>
    </p>
   </div>
   <div class='ocr_carea' id='block_1_10' title="bbox 193 1262 1789 1334">
    <p class='ocr_par' dir='ltr' id='par_1_10' title="bbox 193 1262 1789 1334">
     <span class='ocr_line' id='line_1_10' title="bbox 193 1262 1789 1334; baseline 0.003 -22"><span class='ocrx_word' id='word_1_66' title='bbox 193 1269 272 1313; x_wconf 74' lang='lat' dir='ltr'><strong>sct</strong></span> <span class='ocrx_word' id='word_1_67' title='bbox 301 1262 527 1314; x_wconf 88' lang='lat' dir='ltr'><strong>omnino</strong></span> <span class='ocrx_word' id='word_1_68' title='bbox 555 1271 609 1315; x_wconf 89' lang='grc' dir='ltr'><strong>ιιι</strong></span> <span class='ocrx_word' id='word_1_69' title='bbox 641 1263 781 1317; x_wconf 89' lang='lat' dir='ltr'><strong>Deus</strong></span> <span class='ocrx_word' id='word_1_70' title='bbox 809 1265 857 1317; x_wconf 88' lang='lat' dir='ltr'><strong>itt</strong></span> <span class='ocrx_word' id='word_1_71' title='bbox 890 1265 1190 1330; x_wconf 78' lang='lat' dir='ltr'><strong>materiam,</strong></span> <span class='ocrx_word' id='word_1_72' title='bbox 1211 1278 1368 1334; x_wconf 88' lang='lat' dir='ltr'><strong>quam</strong></span> <span class='ocrx_word' id='word_1_73' title='bbox 1391 1264 1585 1318; x_wconf 86' lang='lat' dir='ltr'><strong>malam</strong></span> <span class='ocrx_word' id='word_1_74' title='bbox 1616 1272 1789 1330; x_wconf 88' lang='lat' dir='ltr'><strong>norat,</strong></span> 
     </span>
    </p>
   </div>
   <div class='ocr_carea' id='block_1_11' title="bbox 193 1355 1787 1428">
    <p class='ocr_par' dir='ltr' id='par_1_11' title="bbox 193 1355 1787 1428">
     <span class='ocr_line' id='line_1_11' title="bbox 193 1355 1787 1428; baseline 0.005 -25"><span class='ocrx_word' id='word_1_75' title='bbox 193 1362 315 1405; x_wconf 88' lang='lat' dir='ltr'><strong>attte</strong></span> <span class='ocrx_word' id='word_1_76' title='bbox 348 1368 470 1406; x_wconf 87' lang='lat' dir='ltr'><strong>eam</strong></span> <span class='ocrx_word' id='word_1_77' title='bbox 510 1355 562 1407; x_wconf 91' lang='lat' dir='ltr'><strong>in</strong></span> <span class='ocrx_word' id='word_1_78' title='bbox 595 1356 790 1410; x_wconf 88' lang='lat' dir='ltr'><strong>bonum</strong></span> <span class='ocrx_word' id='word_1_79' title='bbox 832 1356 911 1428; x_wconf 80' lang='lat'>(5)</span> <span class='ocrx_word' id='word_1_80' title='bbox 945 1358 1301 1412; x_wconf 84' lang='lat' dir='ltr'><strong>convertisset</strong></span> <span class='ocrx_word' id='word_1_81' title='bbox 1340 1367 1393 1411; x_wconf 89' lang='grc' dir='ltr'><strong>ιιι</strong></span> <span class='ocrx_word' id='word_1_82' title='bbox 1425 1355 1678 1411; x_wconf 89' lang='lat' dir='ltr'><strong>dominus</strong></span> <span class='ocrx_word' id='word_1_83' title='bbox 1735 1366 1787 1411; x_wconf 87' lang='lat' dir='ltr'><strong>et</strong></span> 
     </span>
    </p>
   </div>
   <div class='ocr_carea' id='block_1_12' title="bbox 196 1444 1791 1511">
    <p class='ocr_par' dir='ltr' id='par_1_12' title="bbox 196 1444 1791 1511">
     <span class='ocr_line' id='line_1_12' title="bbox 196 1444 1791 1511; baseline 0.004 -14"><span class='ocrx_word' id='word_1_84' title='bbox 196 1444 389 1509; x_wconf 77' lang='lat' dir='ltr'><strong>bonus,</strong></span> <span class='ocrx_word' id='word_1_85' title='bbox 422 1456 479 1500; x_wconf 89' lang='lat' dir='ltr'><strong>ttt</strong></span> <span class='ocrx_word' id='word_1_86' title='bbox 536 1448 603 1500; x_wconf 88' lang='lat' dir='ltr'><strong>ita</strong></span> <span class='ocrx_word' id='word_1_87' title='bbox 632 1448 697 1501; x_wconf 88' lang='lat' dir='ltr'><strong>de</strong></span> <span class='ocrx_word' id='word_1_88' title='bbox 739 1448 911 1511; x_wconf 88' lang='lat' dir='ltr'><strong>bono,</strong></span> <span class='ocrx_word' id='word_1_89' title='bbox 958 1466 1062 1503; x_wconf 90' lang='lat' dir='ltr'><strong>non</strong></span> <span class='ocrx_word' id='word_1_90' title='bbox 1103 1449 1169 1504; x_wconf 91' lang='lat' dir='ltr'><strong>de</strong></span> <span class='ocrx_word' id='word_1_91' title='bbox 1206 1449 1349 1503; x_wconf 90' lang='lat' dir='ltr'><strong>malo</strong></span> <span class='ocrx_word' id='word_1_92' title='bbox 1382 1458 1638 1503; x_wconf 83' lang='lat' dir='ltr'><strong>uteretur.</strong></span> <span class='ocrx_word' id='word_1_93' title='bbox 1684 1448 1791 1504; x_wconf 92' lang='lat' dir='ltr'><strong>Sed</strong></span> 
     </span>
    </p>
   </div>
   <div class='ocr_carea' id='block_1_13' title="bbox 198 1539 1797 1610">
    <p class='ocr_par' dir='ltr' id='par_1_13' title="bbox 198 1539 1797 1610">
     <span class='ocr_line' id='line_1_13' title="bbox 198 1539 1797 1610; baseline 0.004 -24"><span class='ocrx_word' id='word_1_94' title='bbox 198 1539 316 1605; x_wconf 83' lang='lat' dir='ltr'><strong>quia</strong></span> <span class='ocrx_word' id='word_1_95' title='bbox 353 1541 529 1592; x_wconf 78' lang='lat' dir='ltr'><strong>Itonus</strong></span> <span class='ocrx_word' id='word_1_96' title='bbox 557 1540 807 1609; x_wconf 91' lang='lat' dir='ltr'><strong>quidem,</strong></span> <span class='ocrx_word' id='word_1_97' title='bbox 842 1542 1096 1595; x_wconf 81' lang='lat' dir='ltr'><strong>Dominus</strong></span> <span class='ocrx_word' id='word_1_98' title='bbox 1123 1551 1302 1595; x_wconf 88' lang='lat' dir='ltr'><strong>autem</strong></span> <span class='ocrx_word' id='word_1_99' title='bbox 1334 1556 1461 1605; x_wconf 92' lang='lat' dir='ltr'><strong>non,</strong></span> <span class='ocrx_word' id='word_1_100' title='bbox 1497 1540 1636 1607; x_wconf 91' lang='lat' dir='ltr'><strong>ideo,</strong></span> <span class='ocrx_word' id='word_1_101' title='bbox 1667 1556 1797 1610; x_wconf 84' lang='lat' dir='ltr'><strong>qua-</strong></span> 
     </span>
    </p>
   </div>
   <div class='ocr_carea' id='block_1_14' title="bbox 206 1629 1795 1699">
    <p class='ocr_par' dir='ltr' id='par_1_14' title="bbox 206 1629 1795 1699">
     <span class='ocr_line' id='line_1_14' title="bbox 206 1629 1795 1699; baseline 0.003 -16"><span class='ocrx_word' id='word_1_102' title='bbox 206 1629 308 1683; x_wconf 77' lang='lat' dir='ltr'><strong>Ictu</strong></span> <span class='ocrx_word' id='word_1_103' title='bbox 361 1631 582 1696; x_wconf 84' lang='lat' dir='ltr'><strong>ltabuit,</strong></span> <span class='ocrx_word' id='word_1_104' title='bbox 627 1636 713 1688; x_wconf 89' lang='lat' dir='ltr'><strong>tali</strong></span> <span class='ocrx_word' id='word_1_105' title='bbox 756 1650 918 1699; x_wconf 87' lang='lat' dir='ltr'><strong>usus,</strong></span> <span class='ocrx_word' id='word_1_106' title='bbox 971 1636 1343 1690; x_wconf 81' lang='lat' dir='ltr'><strong>necessitatem</strong></span> <span class='ocrx_word' id='word_1_107' title='bbox 1401 1650 1550 1689; x_wconf 86' lang='lat' dir='ltr'><strong>suam</strong></span> <span class='ocrx_word' id='word_1_108' title='bbox 1608 1645 1795 1688; x_wconf 81' lang='lat' dir='ltr'><strong>osten-</strong></span> 
     </span>
    </p>
   </div>
   <div class='ocr_carea' id='block_1_15' title="bbox 200 1724 1800 1796">
    <p class='ocr_par' dir='ltr' id='par_1_15' title="bbox 200 1724 1800 1796">
     <span class='ocr_line' id='line_1_15' title="bbox 200 1724 1800 1796; baseline 0.003 -19"><span class='ocrx_word' id='word_1_109' title='bbox 200 1724 278 1777; x_wconf 77' lang='lat' dir='ltr'><strong>dit</strong></span> <span class='ocrx_word' id='word_1_110' title='bbox 305 1728 592 1780; x_wconf 79' lang='lat' dir='ltr'><strong>cedentem</strong></span> <span class='ocrx_word' id='word_1_111' title='bbox 625 1727 920 1780; x_wconf 83' lang='lat' dir='ltr'><strong>cnnditioni</strong></span> <span class='ocrx_word' id='word_1_112' title='bbox 951 1729 1188 1782; x_wconf 76' lang='lat' dir='ltr'><strong>materia:</strong></span> <span class='ocrx_word' id='word_1_113' title='bbox 1224 1748 1235 1781; x_wconf 88' lang='lat'>:</span> <span class='ocrx_word' id='word_1_114' title='bbox 1266 1743 1426 1796; x_wconf 86' lang='lat' dir='ltr'><strong>quam</strong></span> <span class='ocrx_word' id='word_1_115' title='bbox 1460 1729 1501 1780; x_wconf 85' lang='lat' dir='ltr'><strong>si</strong></span> <span class='ocrx_word' id='word_1_116' title='bbox 1545 1727 1800 1781; x_wconf 83' lang='lat' dir='ltr'><strong>IIuIttiuuS</strong></span> 
     </span>
    </p>
   </div>
   <div class='ocr_carea' id='block_1_16' title="bbox 194 1817 1801 1889">
    <p class='ocr_par' dir='ltr' id='par_1_16' title="bbox 194 1817 1801 1889">
     <span class='ocr_line' id='line_1_16' title="bbox 194 1817 1801 1889; baseline 0.002 -21"><span class='ocrx_word' id='word_1_117' title='bbox 194 1817 414 1882; x_wconf 68' lang='lat' dir='ltr'><strong>luisset,</strong></span> <span class='ocrx_word' id='word_1_118' title='bbox 444 1817 811 1873; x_wconf 78' lang='lat' dir='ltr'><strong>emendasset.</strong></span> <span class='ocrx_word' id='word_1_119' title='bbox 843 1818 933 1874; x_wconf 88' lang='lat' dir='ltr'><strong>Sic</strong></span> <span class='ocrx_word' id='word_1_120' title='bbox 954 1821 1093 1873; x_wconf 82' lang='lat' dir='ltr'><strong>enini</strong></span> <span class='ocrx_word' id='word_1_121' title='bbox 1120 1819 1444 1889; x_wconf 88' lang='lat' dir='ltr'><strong>llermogeni</strong></span> <span class='ocrx_word' id='word_1_122' title='bbox 1468 1817 1801 1889; x_wconf 85' lang='lat' dir='ltr'><strong>responden-</strong></span> 
     </span>
    </p>
   </div>
   <div class='ocr_carea' id='block_1_17' title="bbox 1283 395 2432 460">
    <p class='ocr_par' dir='ltr' id='par_1_17' title="bbox 1283 395 2432 460">
     <span class='ocr_line' id='line_1_17' title="bbox 1283 395 2432 460; baseline 0 -1"><span class='ocrx_word' id='word_1_123' title='bbox 1283 400 1488 459; x_wconf 82' lang='lat' dir='ltr'><strong>LIBER</strong></span> <span class='ocrx_word' id='word_1_124' title='bbox 1527 395 1897 460; x_wconf 70' lang='lat' dir='ltr'><strong>ADVERSUS</strong></span> <span class='ocrx_word' id='word_1_125' title='bbox 1938 397 2432 460; x_wconf 79' lang='lat' dir='ltr'><strong>IIERMOGENEM.</strong></span> 
     </span>
    </p>
   </div>
   <div class='ocr_carea' id='block_1_18' title="bbox 1820 515 3489 590">
    <p class='ocr_par' dir='ltr' id='par_1_18' title="bbox 1820 515 3489 590">
     <span class='ocr_line' id='line_1_18' title="bbox 1820 515 3489 590; baseline -0.001 -19"><span class='ocrx_word' id='word_1_126' title='bbox 1820 517 1869 577; x_wconf 86' lang='lat' dir='ltr'><strong>A</strong></span> <span class='ocrx_word' id='word_1_127' title='bbox 1900 515 2034 571; x_wconf 91' lang='lat' dir='ltr'><strong>bona</strong></span> <span class='ocrx_word' id='word_1_128' title='bbox 2059 516 2162 572; x_wconf 90' lang='lat' dir='ltr'><strong>lide</strong></span> <span class='ocrx_word' id='word_1_129' title='bbox 2186 516 2509 590; x_wconf 72' lang='lat' dir='ltr'><strong>(c).ctecitas</strong></span> <span class='ocrx_word' id='word_1_130' title='bbox 2536 518 2907 575; x_wconf 76' lang='lat' dir='ltr'><strong>lttereticorum</strong></span> <span class='ocrx_word' id='word_1_131' title='bbox 2941 533 3037 589; x_wconf 88' lang='lat' dir='ltr'><strong>pro</strong></span> <span class='ocrx_word' id='word_1_132' title='bbox 3070 515 3372 589; x_wconf 89' lang='lat' dir='ltr'><strong>ltujusntodi</strong></span> <span class='ocrx_word' id='word_1_133' title='bbox 3403 534 3489 570; x_wconf 79' lang='lat' dir='ltr'><strong>ar-</strong></span> 
     </span>
    </p>
   </div>
   <div class='ocr_carea' id='block_1_19' title="bbox 3385 399 3491 459">
    <p class='ocr_par' dir='ltr' id='par_1_19' title="bbox 3385 399 3491 459">
     <span class='ocr_line' id='line_1_19' title="bbox 3385 399 3491 459; baseline 0.009 -1"><span class='ocrx_word' id='word_1_134' title='bbox 3385 399 3491 459; x_wconf 72' lang='lat'><strong>206</strong></span> 
     </span>
    </p>
   </div>
   <div class='ocr_carea' id='block_1_20' title="bbox 1892 611 3488 679">
    <p class='ocr_par' dir='ltr' id='par_1_20' title="bbox 1892 611 3488 679">
     <span class='ocr_line' id='line_1_20' title="bbox 1892 611 3488 679; baseline 0.001 -18"><span class='ocrx_word' id='word_1_135' title='bbox 1892 612 2297 679; x_wconf 88' lang='lat' dir='ltr'><strong>gumentatione</strong></span> <span class='ocrx_word' id='word_1_136' title='bbox 2318 653 2333 677; x_wconf 92' lang='lat'><strong>,</strong></span> <span class='ocrx_word' id='word_1_137' title='bbox 2358 627 2480 667; x_wconf 90' lang='lat' dir='ltr'><strong>cum</strong></span> <span class='ocrx_word' id='word_1_138' title='bbox 2524 613 2644 668; x_wconf 91' lang='lat' dir='ltr'><strong>ideo</strong></span> <span class='ocrx_word' id='word_1_139' title='bbox 2673 622 2764 667; x_wconf 91' lang='lat' dir='ltr'><strong>aut</strong></span> <span class='ocrx_word' id='word_1_140' title='bbox 2793 612 2956 667; x_wconf 89' lang='lat' dir='ltr'><strong>alium</strong></span> <span class='ocrx_word' id='word_1_141' title='bbox 2993 612 3157 666; x_wconf 85' lang='lat' dir='ltr'><strong>Deum</strong></span> <span class='ocrx_word' id='word_1_142' title='bbox 3196 611 3392 664; x_wconf 84' lang='lat' dir='ltr'><strong>bonum</strong></span> <span class='ocrx_word' id='word_1_143' title='bbox 3434 622 3488 665; x_wconf 93' lang='lat' dir='ltr'><strong>ct</strong></span> 
     </span>
    </p>
   </div>
   <div class='ocr_carea' id='block_1_21' title="bbox 1894 701 3493 775">
    <p class='ocr_par' dir='ltr' id='par_1_21' title="bbox 1894 701 3493 775">
     <span class='ocr_line' id='line_1_21' title="bbox 1894 701 3493 775; baseline 0.002 -21"><span class='ocrx_word' id='word_1_144' title='bbox 1894 701 2154 768; x_wconf 84' lang='lat' dir='ltr'><strong>Optimum</strong></span> <span class='ocrx_word' id='word_1_145' title='bbox 2178 702 2365 761; x_wconf 86' lang='lat' dir='ltr'><strong>volunt</strong></span> <span class='ocrx_word' id='word_1_146' title='bbox 2385 704 2552 769; x_wconf 85' lang='lat' dir='ltr'><strong>credi,</strong></span> <span class='ocrx_word' id='word_1_147' title='bbox 2584 705 2707 775; x_wconf 84' lang='lat' dir='ltr'><strong>quia</strong></span> <span class='ocrx_word' id='word_1_148' title='bbox 2736 705 2858 759; x_wconf 90' lang='lat' dir='ltr'><strong>ntali</strong></span> <span class='ocrx_word' id='word_1_149' title='bbox 2886 714 3161 760; x_wconf 83' lang='lat' dir='ltr'><strong>auctorem</strong></span> <span class='ocrx_word' id='word_1_150' title='bbox 3180 704 3493 759; x_wconf 77' lang='lat' dir='ltr'><strong>existiment</strong></span> 
     </span>
    </p>
   </div>
   <div class='ocr_carea' id='block_1_22' title="bbox 1894 793 3490 871">
    <p class='ocr_par' dir='ltr' id='par_1_22' title="bbox 1894 793 3490 871">
     <span class='ocr_line' id='line_1_22' title="bbox 1894 793 3490 871; baseline 0.003 -22"><span class='ocrx_word' id='word_1_151' title='bbox 1894 793 2206 854; x_wconf 83' lang='lat' dir='ltr'><strong>Creatorem</strong></span> <span class='ocrx_word' id='word_1_152' title='bbox 2236 815 2251 864; x_wconf 91' lang='lat'><strong>;</strong></span> <span class='ocrx_word' id='word_1_153' title='bbox 2283 812 2375 853; x_wconf 89' lang='lat' dir='ltr'><strong>aut</strong></span> <span class='ocrx_word' id='word_1_154' title='bbox 2401 801 2679 855; x_wconf 89' lang='lat' dir='ltr'><strong>materiam</strong></span> <span class='ocrx_word' id='word_1_155' title='bbox 2711 815 2832 855; x_wconf 94' lang='lat' dir='ltr'><strong>cum</strong></span> <span class='ocrx_word' id='word_1_156' title='bbox 2863 800 3122 857; x_wconf 88' lang='lat' dir='ltr'><strong>Creatore</strong></span> <span class='ocrx_word' id='word_1_157' title='bbox 3151 810 3455 871; x_wconf 81' lang='lat' dir='ltr'><strong>proponunt</strong></span> <span class='ocrx_word' id='word_1_158' title='bbox 3476 842 3490 862; x_wconf 88' lang='lat'><strong>,</strong></span> 
     </span>
    </p>
   </div>
   <div class='ocr_carea' id='block_1_23' title="bbox 1895 891 3489 959">
    <p class='ocr_par' dir='ltr' id='par_1_23' title="bbox 1895 891 3489 959">
     <span class='ocr_line' id='line_1_23' title="bbox 1895 891 3489 959; baseline 0.001 -16"><span class='ocrx_word' id='word_1_159' title='bbox 1895 900 1954 944; x_wconf 88' lang='grc' dir='ltr'><strong>ιιι</strong></span> <span class='ocrx_word' id='word_1_160' title='bbox 2003 891 2202 945; x_wconf 91' lang='lat' dir='ltr'><strong>malum</strong></span> <span class='ocrx_word' id='word_1_161' title='bbox 2250 908 2280 947; x_wconf 90' lang='lat' dir='ltr'><strong>a</strong></span> <span class='ocrx_word' id='word_1_162' title='bbox 2330 893 2589 959; x_wconf 84' lang='lat' dir='ltr'><strong>materia,</strong></span> <span class='ocrx_word' id='word_1_163' title='bbox 2638 909 2742 947; x_wconf 93' lang='lat' dir='ltr'><strong>non</strong></span> <span class='ocrx_word' id='word_1_164' title='bbox 2792 908 2822 947; x_wconf 90' lang='lat' dir='ltr'><strong>a</strong></span> <span class='ocrx_word' id='word_1_165' title='bbox 2874 895 3131 949; x_wconf 85' lang='lat' dir='ltr'><strong>Creatore</strong></span> <span class='ocrx_word' id='word_1_166' title='bbox 3181 893 3489 947; x_wconf 79' lang='lat' dir='ltr'><strong>deducant:</strong></span> 
     </span>
    </p>
   </div>
   <div class='ocr_carea' id='block_1_24' title="bbox 1895 984 3489 1054">
    <p class='ocr_par' dir='ltr' id='par_1_24' title="bbox 1895 984 3489 1054">
     <span class='ocr_line' id='line_1_24' title="bbox 1895 984 3489 1054; baseline -0.001 -17"><span class='ocrx_word' id='word_1_167' title='bbox 1895 984 2113 1054; x_wconf 89' lang='lat' dir='ltr'><strong>quando</strong></span> <span class='ocrx_word' id='word_1_168' title='bbox 2140 984 2319 1039; x_wconf 90' lang='lat' dir='ltr'><strong>nullus</strong></span> <span class='ocrx_word' id='word_1_169' title='bbox 2342 984 2566 1039; x_wconf 84' lang='lat' dir='ltr'><strong>omnino</strong></span> <span class='ocrx_word' id='word_1_170' title='bbox 2588 984 2722 1039; x_wconf 89' lang='lat' dir='ltr'><strong>deus</strong></span> <span class='ocrx_word' id='word_1_171' title='bbox 2754 984 3008 1039; x_wconf 83' lang='lat' dir='ltr'><strong>liberetur</strong></span> <span class='ocrx_word' id='word_1_172' title='bbox 3042 986 3141 1038; x_wconf 90' lang='lat' dir='ltr'><strong>ista</strong></span> <span class='ocrx_word' id='word_1_173' title='bbox 3173 984 3489 1054; x_wconf 79' lang='lat' dir='ltr'><strong>qmestione,</strong></span> 
     </span>
    </p>
   </div>
   <div class='ocr_carea' id='block_1_25' title="bbox 1897 1076 3496 1149">
    <p class='ocr_par' dir='ltr' id='par_1_25' title="bbox 1897 1076 3496 1149">
     <span class='ocr_line' id='line_1_25' title="bbox 1897 1076 3496 1149; baseline -0.001 -18"><span class='ocrx_word' id='word_1_174' title='bbox 1897 1086 1955 1132; x_wconf 87' lang='lat' dir='ltr'><strong>ut</strong></span> <span class='ocrx_word' id='word_1_175' title='bbox 1983 1092 2087 1132; x_wconf 90' lang='lat' dir='ltr'><strong>non</strong></span> <span class='ocrx_word' id='word_1_176' title='bbox 2113 1088 2301 1132; x_wconf 81' lang='lat' dir='ltr'><strong>auctor</strong></span> <span class='ocrx_word' id='word_1_177' title='bbox 2322 1079 2443 1133; x_wconf 81' lang='lat' dir='ltr'><strong>ntali</strong></span> <span class='ocrx_word' id='word_1_178' title='bbox 2470 1078 2638 1133; x_wconf 90' lang='lat' dir='ltr'><strong>videri</strong></span> <span class='ocrx_word' id='word_1_179' title='bbox 2665 1078 2891 1149; x_wconf 87' lang='lat' dir='ltr'><strong>proinde</strong></span> <span class='ocrx_word' id='word_1_180' title='bbox 2920 1077 3108 1147; x_wconf 73' lang='lat' dir='ltr'><strong>possit,</strong></span> <span class='ocrx_word' id='word_1_181' title='bbox 3132 1078 3376 1147; x_wconf 83' lang='lat' dir='ltr'><strong>quisquis</strong></span> <span class='ocrx_word' id='word_1_182' title='bbox 3406 1076 3496 1131; x_wconf 89' lang='lat' dir='ltr'><strong>ille</strong></span> 
     </span>
    </p>
   </div>
   <div class='ocr_carea' id='block_1_26' title="bbox 1898 1170 3493 1243">
    <p class='ocr_par' dir='ltr' id='par_1_26' title="bbox 1898 1170 3493 1243">
     <span class='ocr_line' id='line_1_26' title="bbox 1898 1170 3493 1243; baseline -0.002 -16"><span class='ocrx_word' id='word_1_183' title='bbox 1898 1183 1981 1227; x_wconf 87' lang='lat' dir='ltr'><strong>est</strong></span> <span class='ocrx_word' id='word_1_184' title='bbox 2010 1173 2098 1243; x_wconf 90' lang='lat' dir='ltr'><strong>qui</strong></span> <span class='ocrx_word' id='word_1_185' title='bbox 2133 1173 2332 1227; x_wconf 89' lang='lat' dir='ltr'><strong>malum</strong></span> <span class='ocrx_word' id='word_1_186' title='bbox 2385 1172 2485 1226; x_wconf 88' lang='lat' dir='ltr'><strong>etsi</strong></span> <span class='ocrx_word' id='word_1_187' title='bbox 2519 1187 2625 1225; x_wconf 94' lang='lat' dir='ltr'><strong>non</strong></span> <span class='ocrx_word' id='word_1_188' title='bbox 2655 1172 2769 1240; x_wconf 85' lang='lat' dir='ltr'><strong>ipse</strong></span> <span class='ocrx_word' id='word_1_189' title='bbox 2801 1170 2947 1233; x_wconf 83' lang='lat' dir='ltr'><strong>fecit.</strong></span> <span class='ocrx_word' id='word_1_190' title='bbox 2981 1180 3157 1224; x_wconf 87' lang='lat' dir='ltr'><strong>tamen</strong></span> <span class='ocrx_word' id='word_1_191' title='bbox 3180 1185 3209 1224; x_wconf 91' lang='lat' dir='ltr'><strong>a</strong></span> <span class='ocrx_word' id='word_1_192' title='bbox 3232 1186 3493 1239; x_wconf 84' lang='lat' dir='ltr'><strong>quocum-</strong></span> 
     </span>
    </p>
   </div>
   <div class='ocr_carea' id='block_1_27' title="bbox 1898 1262 3500 1333">
    <p class='ocr_par' dir='ltr' id='par_1_27' title="bbox 1898 1262 3500 1333">
     <span class='ocr_line' id='line_1_27' title="bbox 1898 1262 3500 1333; baseline 0.001 -17"><span class='ocrx_word' id='word_1_193' title='bbox 1898 1280 2002 1333; x_wconf 89' lang='lat' dir='ltr'><strong>que</strong></span> <span class='ocrx_word' id='word_1_194' title='bbox 2028 1274 2083 1320; x_wconf 90' lang='lat' dir='ltr'><strong>et</strong></span> <span class='ocrx_word' id='word_1_195' title='bbox 2118 1264 2260 1319; x_wconf 90' lang='lat' dir='ltr'><strong>unde</strong></span> <span class='ocrx_word' id='word_1_196' title='bbox 2316 1264 2456 1319; x_wconf 89' lang='lat' dir='ltr'><strong>unde</strong></span> <span class='ocrx_word' id='word_1_197' title='bbox 2518 1279 2709 1333; x_wconf 83' lang='lat' dir='ltr'><strong>passus</strong></span> <span class='ocrx_word' id='word_1_198' title='bbox 2746 1273 2831 1317; x_wconf 90' lang='lat' dir='ltr'><strong>est</strong></span> <span class='ocrx_word' id='word_1_199' title='bbox 2859 1263 2996 1317; x_wconf 88' lang='lat' dir='ltr'><strong>fieri.</strong></span> <span class='ocrx_word' id='word_1_200' title='bbox 3033 1262 3227 1317; x_wconf 79' lang='lat' dir='ltr'><strong>Audiat</strong></span> <span class='ocrx_word' id='word_1_201' title='bbox 3254 1264 3411 1332; x_wconf 83' lang='lat' dir='ltr'><strong>igitur</strong></span> <span class='ocrx_word' id='word_1_202' title='bbox 3446 1273 3500 1317; x_wconf 78' lang='lat' dir='ltr'><strong>ct</strong></span> 
     </span>
    </p>
   </div>
   <div class='ocr_carea' id='block_1_28' title="bbox 1902 1355 3494 1428">
    <p class='ocr_par' dir='ltr' id='par_1_28' title="bbox 1902 1355 3494 1428">
     <span class='ocr_line' id='line_1_28' title="bbox 1902 1355 3494 1428; baseline -0.002 -17"><span class='ocrx_word' id='word_1_203' title='bbox 1902 1357 2290 1428; x_wconf 85' lang='lat' dir='ltr'><strong>Hermogenes,</strong></span> <span class='ocrx_word' id='word_1_204' title='bbox 2316 1357 2444 1411; x_wconf 90' lang='lat' dir='ltr'><strong>dum</strong></span> <span class='ocrx_word' id='word_1_205' title='bbox 2472 1356 2599 1410; x_wconf 86' lang='lat' dir='ltr'><strong>alibi</strong></span> <span class='ocrx_word' id='word_1_206' title='bbox 2626 1355 2695 1410; x_wconf 89' lang='lat' dir='ltr'><strong>de</strong></span> <span class='ocrx_word' id='word_1_207' title='bbox 2718 1356 2843 1409; x_wconf 91' lang='lat' dir='ltr'><strong>mali</strong></span> <span class='ocrx_word' id='word_1_208' title='bbox 2868 1356 3075 1409; x_wconf 87' lang='lat' dir='ltr'><strong>ratione</strong></span> <span class='ocrx_word' id='word_1_209' title='bbox 3096 1355 3494 1425; x_wconf 80' lang='lat' dir='ltr'><strong>distinguimus,</strong></span> 
     </span>
    </p>
   </div>
   <div class='ocr_carea' id='block_1_29' title="bbox 1902 1445 3495 1519">
    <p class='ocr_par' dir='ltr' id='par_1_29' title="bbox 1902 1445 3495 1519">
     <span class='ocr_line' id='line_1_29' title="bbox 1902 1445 3495 1519; baseline -0.001 -18"><span class='ocrx_word' id='word_1_210' title='bbox 1902 1452 2113 1503; x_wconf 86' lang='lat' dir='ltr'><strong>interim</strong></span> <span class='ocrx_word' id='word_1_211' title='bbox 2150 1462 2439 1519; x_wconf 87' lang='lat' dir='ltr'><strong>sequoque</strong></span> <span class='ocrx_word' id='word_1_212' title='bbox 2468 1448 2597 1502; x_wconf 82' lang='lat' dir='ltr'><strong>nihil</strong></span> <span class='ocrx_word' id='word_1_213' title='bbox 2626 1447 2801 1519; x_wconf 81' lang='lat' dir='ltr'><strong>egisse</strong></span> <span class='ocrx_word' id='word_1_214' title='bbox 2829 1447 2928 1501; x_wconf 87' lang='lat' dir='ltr'><strong>hac</strong></span> <span class='ocrx_word' id='word_1_215' title='bbox 2960 1445 3040 1518; x_wconf 79' lang='grc' dir='ltr'><strong>(ά)</strong></span> <span class='ocrx_word' id='word_1_216' title='bbox 3070 1461 3163 1500; x_wconf 88' lang='lat' dir='ltr'><strong>sua</strong></span> <span class='ocrx_word' id='word_1_217' title='bbox 3191 1448 3495 1516; x_wconf 82' lang='lat' dir='ltr'><strong>injeettotte.</strong></span> 
     </span>
    </p>
   </div>
   <div class='ocr_carea' id='block_1_30' title="bbox 1907 1536 3501 1612">
    <p class='ocr_par' dir='ltr' id='par_1_30' title="bbox 1907 1536 3501 1612">
     <span class='ocr_line' id='line_1_30' title="bbox 1907 1536 3501 1612; baseline -0.001 -17"><span class='ocrx_word' id='word_1_218' title='bbox 1907 1541 2045 1597; x_wconf 87' lang='lat' dir='ltr'><strong>Ecce</strong></span> <span class='ocrx_word' id='word_1_219' title='bbox 2083 1543 2226 1596; x_wconf 90' lang='lat' dir='ltr'><strong>enim</strong></span> <span class='ocrx_word' id='word_1_220' title='bbox 2249 1582 2263 1606; x_wconf 91' lang='lat'><strong>,</strong></span> <span class='ocrx_word' id='word_1_221' title='bbox 2317 1542 2417 1596; x_wconf 89' lang='lat' dir='ltr'><strong>etsi</strong></span> <span class='ocrx_word' id='word_1_222' title='bbox 2444 1555 2550 1595; x_wconf 92' lang='lat' dir='ltr'><strong>non</strong></span> <span class='ocrx_word' id='word_1_223' title='bbox 2587 1549 2773 1595; x_wconf 89' lang='lat' dir='ltr'><strong>auctor</strong></span> <span class='ocrx_word' id='word_1_224' title='bbox 2808 1536 2881 1612; x_wconf 75' lang='lat' dir='ltr'>(c)</span> <span class='ocrx_word' id='word_1_225' title='bbox 2924 1539 3019 1593; x_wconf 81' lang='lat' dir='ltr'><strong>sed</strong></span> <span class='ocrx_word' id='word_1_226' title='bbox 3080 1549 3384 1593; x_wconf 75' lang='lat' dir='ltr'><strong>assentator</strong></span> <span class='ocrx_word' id='word_1_227' title='bbox 3423 1539 3501 1609; x_wconf 79' lang='lat'>(8)</span> 
     </span>
    </p>
   </div>
   <div class='ocr_carea' id='block_1_31' title="bbox 1905 1633 3503 1705">
    <p class='ocr_par' dir='ltr' id='par_1_31' title="bbox 1905 1633 3503 1705">
     <span class='ocr_line' id='line_1_31' title="bbox 1905 1633 3503 1705; baseline -0.001 -17"><span class='ocrx_word' id='word_1_228' title='bbox 1905 1635 2031 1689; x_wconf 86' lang='lat' dir='ltr'><strong>mali</strong></span> <span class='ocrx_word' id='word_1_229' title='bbox 2059 1634 2330 1689; x_wconf 74' lang='lat' dir='ltr'><strong>invenitur</strong></span> <span class='ocrx_word' id='word_1_230' title='bbox 2374 1634 2513 1689; x_wconf 87' lang='lat' dir='ltr'><strong>Deus</strong></span> <span class='ocrx_word' id='word_1_231' title='bbox 2533 1676 2548 1699; x_wconf 88' lang='lat'><strong>,</strong></span> <span class='ocrx_word' id='word_1_232' title='bbox 2580 1635 2669 1705; x_wconf 85' lang='lat' dir='ltr'><strong>qui</strong></span> <span class='ocrx_word' id='word_1_233' title='bbox 2700 1633 2897 1688; x_wconf 82' lang='lat' dir='ltr'><strong>malum</strong></span> <span class='ocrx_word' id='word_1_234' title='bbox 2928 1636 3165 1687; x_wconf 69' lang='lat' dir='ltr'><strong>materiae</strong></span> <span class='ocrx_word' id='word_1_235' title='bbox 3206 1643 3353 1687; x_wconf 79' lang='lat' dir='ltr'><strong>tanto</strong></span> <span class='ocrx_word' id='word_1_236' title='bbox 3379 1646 3503 1686; x_wconf 78' lang='lat' dir='ltr'><strong>sus-</strong></span> 
     </span>
    </p>
   </div>
   <div class='ocr_carea' id='block_1_32' title="bbox 1904 1727 3503 1799">
    <p class='ocr_par' dir='ltr' id='par_1_32' title="bbox 1904 1727 3503 1799">
     <span class='ocr_line' id='line_1_32' title="bbox 1904 1727 3503 1799; baseline -0.002 -17"><span class='ocrx_word' id='word_1_237' title='bbox 1904 1730 2063 1783; x_wconf 90' lang='lat' dir='ltr'><strong>tinuit</strong></span> <span class='ocrx_word' id='word_1_238' title='bbox 2088 1730 2155 1782; x_wconf 88' lang='lat' dir='ltr'><strong>de</strong></span> <span class='ocrx_word' id='word_1_239' title='bbox 2196 1729 2337 1783; x_wconf 93' lang='lat' dir='ltr'><strong>bono</strong></span> <span class='ocrx_word' id='word_1_240' title='bbox 2366 1738 2492 1783; x_wconf 83' lang='lat' dir='ltr'><strong>ante</strong></span> <span class='ocrx_word' id='word_1_241' title='bbox 2525 1727 2707 1782; x_wconf 90' lang='lat' dir='ltr'><strong>mundi</strong></span> <span class='ocrx_word' id='word_1_242' title='bbox 2740 1729 3176 1782; x_wconf 81' lang='lat' dir='ltr'><strong>constitutionem</strong></span> <span class='ocrx_word' id='word_1_243' title='bbox 3199 1771 3213 1791; x_wconf 88' lang='lat'><strong>,</strong></span> <span class='ocrx_word' id='word_1_244' title='bbox 3254 1744 3412 1799; x_wconf 90' lang='lat' dir='ltr'><strong>quant</strong></span> <span class='ocrx_word' id='word_1_245' title='bbox 3447 1738 3503 1780; x_wconf 93' lang='lat' dir='ltr'><strong>ttt</strong></span> 
     </span>
    </p>
   </div>
   <div class='ocr_carea' id='block_1_33' title="bbox 1907 1821 3501 1877">
    <p class='ocr_par' dir='ltr' id='par_1_33' title="bbox 1907 1821 3501 1877">
     <span class='ocr_line' id='line_1_33' title="bbox 1907 1821 3501 1877; baseline -0.001 -1"><span class='ocrx_word' id='word_1_246' title='bbox 1907 1821 2081 1876; x_wconf 88' lang='lat' dir='ltr'><strong>bonus</strong></span> <span class='ocrx_word' id='word_1_247' title='bbox 2107 1832 2162 1876; x_wconf 88' lang='lat' dir='ltr'><strong>et</strong></span> <span class='ocrx_word' id='word_1_248' title='bbox 2189 1822 2312 1877; x_wconf 83' lang='lat' dir='ltr'><strong>mali</strong></span> <span class='ocrx_word' id='word_1_249' title='bbox 2332 1821 2560 1876; x_wconf 79' lang='lat' dir='ltr'><strong>trntulus</strong></span> <span class='ocrx_word' id='word_1_250' title='bbox 2585 1823 2910 1877; x_wconf 82' lang='lat' dir='ltr'><strong>emendasse</strong></span> <span class='ocrx_word' id='word_1_251' title='bbox 2928 1822 3203 1877; x_wconf 88' lang='lat' dir='ltr'><strong>debuerat.</strong></span> <span class='ocrx_word' id='word_1_252' title='bbox 3234 1826 3339 1877; x_wconf 80' lang='lat' dir='ltr'><strong>Aut</strong></span> <span class='ocrx_word' id='word_1_253' title='bbox 3360 1822 3501 1876; x_wconf 89' lang='lat' dir='ltr'><strong>enim</strong></span> 
     </span>
    </p>
   </div>
   <div class='ocr_carea' id='block_1_34' title="bbox 196 1909 3500 1984">
    <p class='ocr_par' dir='ltr' id='par_1_34' title="bbox 196 1909 3500 1984">
     <span class='ocr_line' id='line_1_34' title="bbox 196 1909 3500 1984; baseline 0.002 -24"><span class='ocrx_word' id='word_1_254' title='bbox 196 1909 326 1962; x_wconf 88' lang='lat' dir='ltr'><strong>dttttt</strong></span> <span class='ocrx_word' id='word_1_255' title='bbox 375 1920 483 1973; x_wconf 71' lang='lat' dir='ltr'><strong>est,</strong></span> <span class='ocrx_word' id='word_1_256' title='bbox 533 1928 653 1964; x_wconf 88' lang='lat' dir='ltr'><strong>euut</strong></span> <span class='ocrx_word' id='word_1_257' title='bbox 698 1926 761 1966; x_wconf 78' lang='lat' dir='ltr'><strong>ex</strong></span> <span class='ocrx_word' id='word_1_258' title='bbox 807 1912 1047 1965; x_wconf 84' lang='lat' dir='ltr'><strong>dominio</strong></span> <span class='ocrx_word' id='word_1_259' title='bbox 1087 1910 1326 1965; x_wconf 74' lang='lat' dir='ltr'><strong>defendit</strong></span> <span class='ocrx_word' id='word_1_260' title='bbox 1367 1911 1532 1966; x_wconf 84' lang='lat' dir='ltr'><strong>Deum</strong></span> <span class='ocrx_word' id='word_1_261' title='bbox 1580 1914 1799 1964; x_wconf 83' lang='lat' dir='ltr'><strong>materia</strong></span> <span class='ocrx_word' id='word_1_262' title='bbox 1833 1918 1880 1978; x_wconf 82' lang='grc' dir='ltr'><strong>Β</strong></span> <span class='ocrx_word' id='word_1_263' title='bbox 1912 1914 2079 1984; x_wconf 87' lang='lat' dir='ltr'><strong>putuit</strong></span> <span class='ocrx_word' id='word_1_264' title='bbox 2130 1913 2460 1979; x_wconf 87' lang='lat' dir='ltr'><strong>emendare,</strong></span> <span class='ocrx_word' id='word_1_265' title='bbox 2502 1914 2596 1968; x_wconf 89' lang='lat' dir='ltr'><strong>sed</strong></span> <span class='ocrx_word' id='word_1_266' title='bbox 2644 1914 2812 1968; x_wconf 88' lang='lat' dir='ltr'><strong>noluit</strong></span> <span class='ocrx_word' id='word_1_267' title='bbox 2848 1932 2859 1966; x_wconf 93' lang='lat'>:</span> <span class='ocrx_word' id='word_1_268' title='bbox 2896 1922 2987 1967; x_wconf 91' lang='lat' dir='ltr'><strong>aut</strong></span> <span class='ocrx_word' id='word_1_269' title='bbox 3037 1916 3203 1968; x_wconf 90' lang='lat' dir='ltr'><strong>voluit</strong></span> <span class='ocrx_word' id='word_1_270' title='bbox 3255 1915 3500 1984; x_wconf 83' lang='lat' dir='ltr'><strong>quidem,</strong></span> 
     </span>
    </p>
   </div>
   <div class='ocr_carea' id='block_1_35' title="bbox 199 2004 1796 2072">
    <p class='ocr_par' dir='ltr' id='par_1_35' title="bbox 199 2004 1796 2072">
     <span class='ocr_line' id='line_1_35' title="bbox 199 2004 1796 2072; baseline 0.003 -20"><span class='ocrx_word' id='word_1_271' title='bbox 199 2019 375 2068; x_wconf 80' lang='lat' dir='ltr'><strong>lt~tlltt,</strong></span> <span class='ocrx_word' id='word_1_272' title='bbox 422 2014 477 2058; x_wconf 91' lang='lat' dir='ltr'><strong>et</strong></span> <span class='ocrx_word' id='word_1_273' title='bbox 507 2004 573 2059; x_wconf 89' lang='lat' dir='ltr'><strong>de</strong></span> <span class='ocrx_word' id='word_1_274' title='bbox 610 2021 669 2059; x_wconf 89' lang='lat' dir='ltr'><strong>re</strong></span> <span class='ocrx_word' id='word_1_275' title='bbox 706 2022 810 2059; x_wconf 81' lang='lat' dir='ltr'><strong>non</strong></span> <span class='ocrx_word' id='word_1_276' title='bbox 842 2020 935 2059; x_wconf 91' lang='lat' dir='ltr'><strong>sua</strong></span> <span class='ocrx_word' id='word_1_277' title='bbox 958 2048 971 2071; x_wconf 92' lang='lat'><strong>,</strong></span> <span class='ocrx_word' id='word_1_278' title='bbox 1002 2006 1209 2059; x_wconf 86' lang='lat' dir='ltr'><strong>scilicet</strong></span> <span class='ocrx_word' id='word_1_279' title='bbox 1249 2020 1354 2059; x_wconf 91' lang='lat' dir='ltr'><strong>non</strong></span> <span class='ocrx_word' id='word_1_280' title='bbox 1391 2006 1528 2058; x_wconf 78' lang='lat' dir='ltr'><strong>I&#39;acla</strong></span> <span class='ocrx_word' id='word_1_281' title='bbox 1559 2006 1625 2058; x_wconf 84' lang='lat' dir='ltr'><strong>alt</strong></span> <span class='ocrx_word' id='word_1_282' title='bbox 1658 2005 1796 2072; x_wconf 91' lang='lat' dir='ltr'><strong>ipso.</strong></span> 
     </span>
    </p>
   </div>
   <div class='ocr_carea' id='block_1_36' title="bbox 199 2096 1797 2170">
    <p class='ocr_par' dir='ltr' id='par_1_36' title="bbox 199 2096 1797 2170">
     <span class='ocr_line' id='line_1_36' title="bbox 199 2096 1797 2170; baseline 0.001 -19"><span class='ocrx_word' id='word_1_283' title='bbox 199 2096 317 2151; x_wconf 69' lang='lat' dir='ltr'><strong>.Iatu</strong></span> <span class='ocrx_word' id='word_1_284' title='bbox 344 2114 478 2165; x_wconf 77' lang='lat' dir='ltr'><strong>ergo</strong></span> <span class='ocrx_word' id='word_1_285' title='bbox 510 2100 705 2152; x_wconf 85' lang='lat' dir='ltr'><strong>malum</strong></span> <span class='ocrx_word' id='word_1_286' title='bbox 732 2100 797 2153; x_wconf 82' lang='lat' dir='ltr'><strong>ab</strong></span> <span class='ocrx_word' id='word_1_287' title='bbox 828 2101 959 2169; x_wconf 91' lang='lat' dir='ltr'><strong>ipso,</strong></span> <span class='ocrx_word' id='word_1_288' title='bbox 992 2101 1079 2170; x_wconf 89' lang='lat' dir='ltr'><strong>qui</strong></span> <span class='ocrx_word' id='word_1_289' title='bbox 1110 2111 1193 2154; x_wconf 91' lang='lat' dir='ltr'><strong>est</strong></span> <span class='ocrx_word' id='word_1_290' title='bbox 1214 2101 1359 2165; x_wconf 89' lang='lat' dir='ltr'><strong>ntali,</strong></span> <span class='ocrx_word' id='word_1_291' title='bbox 1383 2101 1429 2154; x_wconf 89' lang='lat' dir='ltr'><strong>si</strong></span> <span class='ocrx_word' id='word_1_292' title='bbox 1458 2116 1564 2154; x_wconf 91' lang='lat' dir='ltr'><strong>non</strong></span> <span class='ocrx_word' id='word_1_293' title='bbox 1591 2109 1797 2165; x_wconf 89' lang='lat' dir='ltr'><strong>auctor,</strong></span> 
     </span>
    </p>
   </div>
   <div class='ocr_carea' id='block_1_37' title="bbox 200 2192 1797 2263">
    <p class='ocr_par' dir='ltr' id='par_1_37' title="bbox 200 2192 1797 2263">
     <span class='ocr_line' id='line_1_37' title="bbox 200 2192 1797 2263; baseline 0.001 -19"><span class='ocrx_word' id='word_1_294' title='bbox 200 2194 321 2261; x_wconf 80' lang='lat' dir='ltr'><strong>quia</strong></span> <span class='ocrx_word' id='word_1_295' title='bbox 352 2208 461 2246; x_wconf 86' lang='lat' dir='ltr'><strong>non</strong></span> <span class='ocrx_word' id='word_1_296' title='bbox 496 2192 718 2247; x_wconf 74' lang='lat' dir='ltr'><strong>effector</strong></span> <span class='ocrx_word' id='word_1_297' title='bbox 741 2234 754 2256; x_wconf 93' lang='lat'><strong>,</strong></span> <span class='ocrx_word' id='word_1_298' title='bbox 786 2204 933 2248; x_wconf 85' lang='lat' dir='ltr'><strong>certe</strong></span> <span class='ocrx_word' id='word_1_299' title='bbox 964 2194 1289 2263; x_wconf 89' lang='lat' dir='ltr'><strong>permissor,</strong></span> <span class='ocrx_word' id='word_1_300' title='bbox 1321 2193 1441 2262; x_wconf 90' lang='lat' dir='ltr'><strong>quia</strong></span> <span class='ocrx_word' id='word_1_301' title='bbox 1471 2193 1797 2246; x_wconf 84' lang='lat' dir='ltr'><strong>dominator.</strong></span> 
     </span>
    </p>
   </div>
   <div class='ocr_carea' id='block_1_38' title="bbox 200 2285 1799 2355">
    <p class='ocr_par' dir='ltr' id='par_1_38' title="bbox 200 2285 1799 2355">
     <span class='ocr_line' id='line_1_38' title="bbox 200 2285 1799 2355; baseline 0 -16"><span class='ocrx_word' id='word_1_302' title='bbox 200 2289 255 2339; x_wconf 79' lang='lat' dir='ltr'><strong>Si</strong></span> <span class='ocrx_word' id='word_1_303' title='bbox 290 2303 424 2341; x_wconf 89' lang='lat' dir='ltr'><strong>vero</strong></span> <span class='ocrx_word' id='word_1_304' title='bbox 451 2290 673 2342; x_wconf 70' lang='lat' dir='ltr'><strong>materia</strong></span> <span class='ocrx_word' id='word_1_305' title='bbox 712 2303 815 2341; x_wconf 93' lang='lat' dir='ltr'><strong>non</strong></span> <span class='ocrx_word' id='word_1_306' title='bbox 848 2297 901 2342; x_wconf 91' lang='lat' dir='ltr'><strong>et</strong></span> <span class='ocrx_word' id='word_1_307' title='bbox 938 2288 1137 2355; x_wconf 79' lang='lat' dir='ltr'><strong>ipsius,</strong></span> <span class='ocrx_word' id='word_1_308' title='bbox 1180 2302 1281 2355; x_wconf 89' lang='lat' dir='ltr'><strong>qtta</strong></span> <span class='ocrx_word' id='word_1_309' title='bbox 1320 2285 1515 2339; x_wconf 84' lang='lat' dir='ltr'><strong>malum</strong></span> <span class='ocrx_word' id='word_1_310' title='bbox 1564 2287 1654 2340; x_wconf 74' lang='lat' dir='ltr'><strong>ltei</strong></span> <span class='ocrx_word' id='word_1_311' title='bbox 1694 2297 1799 2339; x_wconf 86' lang='lat' dir='ltr'><strong>non</strong></span> 
     </span>
    </p>
   </div>
   <div class='ocr_carea' id='block_1_39' title="bbox 200 2377 1801 2451">
    <p class='ocr_par' dir='ltr' id='par_1_39' title="bbox 200 2377 1801 2451">
     <span class='ocr_line' id='line_1_39' title="bbox 200 2377 1801 2451; baseline -0.002 -17"><span class='ocrx_word' id='word_1_312' title='bbox 200 2391 280 2435; x_wconf 86' lang='lat' dir='ltr'><strong>est</strong></span> <span class='ocrx_word' id='word_1_313' title='bbox 326 2379 407 2451; x_wconf 71' lang='grc'><strong>(4)</strong></span> <span class='ocrx_word' id='word_1_314' title='bbox 439 2398 450 2434; x_wconf 90' lang='grc'>;</span> <span class='ocrx_word' id='word_1_315' title='bbox 486 2381 552 2434; x_wconf 77' lang='lat' dir='ltr'><strong>de</strong></span> <span class='ocrx_word' id='word_1_316' title='bbox 596 2381 774 2434; x_wconf 78' lang='lat' dir='ltr'><strong>alieno</strong></span> <span class='ocrx_word' id='word_1_317' title='bbox 803 2396 932 2449; x_wconf 82' lang='lat' dir='ltr'><strong>ergo</strong></span> <span class='ocrx_word' id='word_1_318' title='bbox 957 2394 1116 2441; x_wconf 82' lang='lat' dir='ltr'><strong>usus,</strong></span> <span class='ocrx_word' id='word_1_319' title='bbox 1148 2389 1238 2432; x_wconf 88' lang='lat' dir='ltr'><strong>aut</strong></span> <span class='ocrx_word' id='word_1_320' title='bbox 1262 2377 1503 2447; x_wconf 84' lang='lat' dir='ltr'><strong>precario</strong></span> <span class='ocrx_word' id='word_1_321' title='bbox 1534 2392 1662 2431; x_wconf 92' lang='lat' dir='ltr'><strong>usus</strong></span> <span class='ocrx_word' id='word_1_322' title='bbox 1688 2386 1801 2442; x_wconf 91' lang='lat' dir='ltr'><strong>est,</strong></span> 
     </span>
    </p>
   </div>
   <div class='ocr_carea' id='block_1_40' title="bbox 201 2469 1802 2542">
    <p class='ocr_par' dir='ltr' id='par_1_40' title="bbox 201 2469 1802 2542">
     <span class='ocr_line' id='line_1_40' title="bbox 201 2469 1802 2542; baseline -0.001 -18"><span class='ocrx_word' id='word_1_323' title='bbox 201 2490 304 2542; x_wconf 87' lang='lat' dir='ltr'><strong>qua</strong></span> <span class='ocrx_word' id='word_1_324' title='bbox 336 2489 504 2542; x_wconf 69' lang='lat' dir='ltr'><strong>egi-ns</strong></span> <span class='ocrx_word' id='word_1_325' title='bbox 526 2472 676 2541; x_wconf 90' lang='lat' dir='ltr'><strong>ejus;</strong></span> <span class='ocrx_word' id='word_1_326' title='bbox 709 2483 799 2526; x_wconf 86' lang='lat' dir='ltr'><strong>aut</strong></span> <span class='ocrx_word' id='word_1_327' title='bbox 850 2482 903 2526; x_wconf 89' lang='lat' dir='ltr'><strong>ct</strong></span> <span class='ocrx_word' id='word_1_328' title='bbox 932 2472 1122 2537; x_wconf 77' lang='lat' dir='ltr'><strong>injuria</strong></span> <span class='ocrx_word' id='word_1_329' title='bbox 1147 2512 1162 2535; x_wconf 94' lang='lat'><strong>,</strong></span> <span class='ocrx_word' id='word_1_330' title='bbox 1193 2485 1296 2539; x_wconf 82' lang='lat' dir='ltr'><strong>qua</strong></span> <span class='ocrx_word' id='word_1_331' title='bbox 1330 2469 1635 2538; x_wconf 61' lang='lat' dir='ltr'><strong>pravalctts</strong></span> <span class='ocrx_word' id='word_1_332' title='bbox 1664 2469 1802 2539; x_wconf 88' lang='lat' dir='ltr'><strong>ejus.</strong></span> 
     </span>
    </p>
   </div>
   <div class='ocr_carea' id='block_1_41' title="bbox 205 2561 1805 2631">
    <p class='ocr_par' dir='ltr' id='par_1_41' title="bbox 205 2561 1805 2631">
     <span class='ocr_line' id='line_1_41' title="bbox 205 2561 1805 2631; baseline -0.001 -13"><span class='ocrx_word' id='word_1_333' title='bbox 205 2565 300 2619; x_wconf 88' lang='lat' dir='ltr'><strong>llis</strong></span> <span class='ocrx_word' id='word_1_334' title='bbox 331 2565 480 2617; x_wconf 83' lang='lat' dir='ltr'><strong>enim</strong></span> <span class='ocrx_word' id='word_1_335' title='bbox 508 2565 677 2617; x_wconf 88' lang='lat' dir='ltr'><strong>tribus</strong></span> <span class='ocrx_word' id='word_1_336' title='bbox 706 2564 879 2618; x_wconf 90' lang='lat' dir='ltr'><strong>modis</strong></span> <span class='ocrx_word' id='word_1_337' title='bbox 904 2564 1079 2617; x_wconf 90' lang='lat' dir='ltr'><strong>aliena</strong></span> <span class='ocrx_word' id='word_1_338' title='bbox 1108 2572 1427 2627; x_wconf 88' lang='lat' dir='ltr'><strong>sumuntur,</strong></span> <span class='ocrx_word' id='word_1_339' title='bbox 1455 2561 1609 2631; x_wconf 85' lang='lat' dir='ltr'><strong>jure,</strong></span> <span class='ocrx_word' id='word_1_340' title='bbox 1639 2561 1805 2616; x_wconf 86' lang='lat' dir='ltr'><strong>benc-</strong></span> 
     </span>
    </p>
   </div>
   <div class='ocr_carea' id='block_1_42' title="bbox 206 2653 1807 2726">
    <p class='ocr_par' dir='ltr' id='par_1_42' title="bbox 206 2653 1807 2726">
     <span class='ocr_line' id='line_1_42' title="bbox 206 2653 1807 2726; baseline -0.003 -15"><span class='ocrx_word' id='word_1_341' title='bbox 206 2661 351 2723; x_wconf 88' lang='lat' dir='ltr'><strong>licio,</strong></span> <span class='ocrx_word' id='word_1_342' title='bbox 381 2658 623 2726; x_wconf 86' lang='lat' dir='ltr'><strong>impetu;</strong></span> <span class='ocrx_word' id='word_1_343' title='bbox 659 2656 709 2710; x_wconf 90' lang='lat' dir='ltr'><strong>id</strong></span> <span class='ocrx_word' id='word_1_344' title='bbox 738 2666 840 2721; x_wconf 89' lang='lat' dir='ltr'><strong>est,</strong></span> <span class='ocrx_word' id='word_1_345' title='bbox 869 2655 1129 2720; x_wconf 91' lang='lat' dir='ltr'><strong>dominio,</strong></span> <span class='ocrx_word' id='word_1_346' title='bbox 1165 2655 1428 2723; x_wconf 89' lang='lat' dir='ltr'><strong>precario,</strong></span> <span class='ocrx_word' id='word_1_347' title='bbox 1463 2654 1533 2707; x_wconf 87' lang='lat' dir='ltr'><strong>vi.</strong></span> <span class='ocrx_word' id='word_1_348' title='bbox 1560 2653 1807 2707; x_wconf 85' lang='lat' dir='ltr'><strong>Dontinio</strong></span> 
     </span>
    </p>
   </div>
   <div class='ocr_carea' id='block_1_43' title="bbox 205 2747 1809 2823">
    <p class='ocr_par' dir='ltr' id='par_1_43' title="bbox 205 2747 1809 2823">
     <span class='ocr_line' id='line_1_43' title="bbox 205 2747 1809 2823; baseline -0.004 -18"><span class='ocrx_word' id='word_1_349' title='bbox 205 2769 309 2806; x_wconf 87' lang='lat' dir='ltr'><strong>non</strong></span> <span class='ocrx_word' id='word_1_350' title='bbox 350 2761 674 2821; x_wconf 85' lang='lat' dir='ltr'><strong>suppetente</strong></span> <span class='ocrx_word' id='word_1_351' title='bbox 746 2749 825 2823; x_wconf 78' lang='grc' dir='ltr'><strong>(ὅ)</strong></span> <span class='ocrx_word' id='word_1_352' title='bbox 885 2751 1046 2819; x_wconf 78' lang='lat' dir='ltr'><strong>eligat</strong></span> <span class='ocrx_word' id='word_1_353' title='bbox 1083 2749 1483 2819; x_wconf 83' lang='lat' dir='ltr'><strong>Hermogenes,</strong></span> <span class='ocrx_word' id='word_1_354' title='bbox 1530 2747 1653 2817; x_wconf 92' lang='lat' dir='ltr'><strong>quid</strong></span> <span class='ocrx_word' id='word_1_355' title='bbox 1700 2747 1809 2801; x_wconf 91' lang='lat' dir='ltr'><strong>Deo</strong></span> 
     </span>
    </p>
   </div>
   <div class='ocr_carea' id='block_1_44' title="bbox 205 2839 1811 2916">
    <p class='ocr_par' dir='ltr' id='par_1_44' title="bbox 205 2839 1811 2916">
     <span class='ocr_line' id='line_1_44' title="bbox 205 2839 1811 2916; baseline -0.004 -17"><span class='ocrx_word' id='word_1_356' title='bbox 205 2857 492 2915; x_wconf 82' lang='lat' dir='ltr'><strong>congruat,</strong></span> <span class='ocrx_word' id='word_1_357' title='bbox 535 2842 608 2916; x_wconf 90' lang='lat' dir='ltr'>(b)</span> <span class='ocrx_word' id='word_1_358' title='bbox 651 2844 893 2913; x_wconf 85' lang='lat' dir='ltr'><strong>precario</strong></span> <span class='ocrx_word' id='word_1_359' title='bbox 932 2859 998 2897; x_wconf 87' lang='lat' dir='ltr'><strong>an</strong></span> <span class='ocrx_word' id='word_1_360' title='bbox 1037 2843 1084 2895; x_wconf 92' lang='lat' dir='ltr'><strong>vi</strong></span> <span class='ocrx_word' id='word_1_361' title='bbox 1126 2842 1191 2896; x_wconf 86' lang='lat' dir='ltr'><strong>dc</strong></span> <span class='ocrx_word' id='word_1_362' title='bbox 1235 2842 1454 2895; x_wconf 82' lang='lat' dir='ltr'><strong>materia</strong></span> <span class='ocrx_word' id='word_1_363' title='bbox 1484 2848 1677 2895; x_wconf 89' lang='lat' dir='ltr'><strong>cuneta</strong></span> <span class='ocrx_word' id='word_1_364' title='bbox 1727 2839 1811 2893; x_wconf 86' lang='lat' dir='ltr'><strong>fe-</strong></span> 
     </span>
    </p>
   </div>
   <div class='ocr_carea' id='block_1_45' title="bbox 205 2932 1811 3009">
    <p class='ocr_par' dir='ltr' id='par_1_45' title="bbox 205 2932 1811 3009">
     <span class='ocr_line' id='line_1_45' title="bbox 205 2932 1811 3009; baseline -0.004 -16"><span class='ocrx_word' id='word_1_365' title='bbox 205 2940 344 2993; x_wconf 67' lang='lat' dir='ltr'><strong>CI&gt;SC</strong></span> <span class='ocrx_word' id='word_1_366' title='bbox 393 2938 497 3009; x_wconf 80' lang='lat'>(6).</span> <span class='ocrx_word' id='word_1_367' title='bbox 546 2939 659 2990; x_wconf 69' lang='lat' dir='ltr'><strong>Non</strong></span> <span class='ocrx_word' id='word_1_368' title='bbox 722 2952 851 3007; x_wconf 85' lang='lat' dir='ltr'><strong>ergo</strong></span> <span class='ocrx_word' id='word_1_369' title='bbox 898 2936 1092 2991; x_wconf 90' lang='lat' dir='ltr'><strong>melius</strong></span> <span class='ocrx_word' id='word_1_370' title='bbox 1128 2936 1430 2990; x_wconf 84' lang='lat' dir='ltr'><strong>censuisset</strong></span> <span class='ocrx_word' id='word_1_371' title='bbox 1467 2934 1608 2989; x_wconf 88' lang='lat' dir='ltr'><strong>Deus</strong></span> <span class='ocrx_word' id='word_1_372' title='bbox 1677 2932 1811 2987; x_wconf 88' lang='lat' dir='ltr'><strong>nihil</strong></span> 
     </span>
    </p>
   </div>
   <div class='ocr_carea' id='block_1_46' title="bbox 204 3026 1811 3100">
    <p class='ocr_par' dir='ltr' id='par_1_46' title="bbox 204 3026 1811 3100">
     <span class='ocr_line' id='line_1_46' title="bbox 204 3026 1811 3100; baseline -0.001 -17"><span class='ocrx_word' id='word_1_373' title='bbox 204 3034 430 3084; x_wconf 90' lang='lat' dir='ltr'><strong>omnino</strong></span> <span class='ocrx_word' id='word_1_374' title='bbox 476 3030 818 3094; x_wconf 87' lang='lat' dir='ltr'><strong>faciendum,</strong></span> <span class='ocrx_word' id='word_1_375' title='bbox 865 3046 1023 3099; x_wconf 87' lang='lat' dir='ltr'><strong>quam</strong></span> <span class='ocrx_word' id='word_1_376' title='bbox 1055 3029 1303 3100; x_wconf 68' lang='lat' dir='ltr'><strong>precnrio</strong></span> <span class='ocrx_word' id='word_1_377' title='bbox 1354 3036 1446 3082; x_wconf 89' lang='lat' dir='ltr'><strong>aut</strong></span> <span class='ocrx_word' id='word_1_378' title='bbox 1491 3027 1543 3081; x_wconf 88' lang='lat' dir='ltr'><strong>vi</strong></span> <span class='ocrx_word' id='word_1_379' title='bbox 1606 3026 1811 3081; x_wconf 84' lang='lat' dir='ltr'><strong>facien-</strong></span> 
     </span>
    </p>
   </div>
   <div class='ocr_carea' id='block_1_47' title="bbox 206 3120 987 3192">
    <p class='ocr_par' dir='ltr' id='par_1_47' title="bbox 206 3120 987 3192">
     <span class='ocr_line' id='line_1_47' title="bbox 206 3120 987 3192; baseline -0.008 -15"><span class='ocrx_word' id='word_1_380' title='bbox 206 3124 358 3186; x_wconf 85' lang='lat' dir='ltr'><strong>dum,</strong></span> <span class='ocrx_word' id='word_1_381' title='bbox 392 3130 448 3176; x_wconf 93' lang='lat' dir='ltr'><strong>ct</strong></span> <span class='ocrx_word' id='word_1_382' title='bbox 478 3122 690 3192; x_wconf 85' lang='lat' dir='ltr'><strong>quidem</strong></span> <span class='ocrx_word' id='word_1_383' title='bbox 718 3120 786 3175; x_wconf 89' lang='lat' dir='ltr'><strong>de</strong></span> <span class='ocrx_word' id='word_1_384' title='bbox 808 3120 987 3173; x_wconf 86' lang='lat' dir='ltr'><strong>malo?</strong></span> 
     </span>
    </p>
   </div>
   <div class='ocr_carea' id='block_1_48' title="bbox 835 3214 1183 3271">
    <p class='ocr_par' dir='ltr' id='par_1_48' title="bbox 835 3214 1183 3271">
     <span class='ocr_line' id='line_1_48' title="bbox 835 3214 1183 3271; baseline -0.009 -1"><span class='ocrx_word' id='word_1_385' title='bbox 835 3214 1061 3271; x_wconf 79' lang='lat' dir='ltr'><strong>CAPUT</strong></span> <span class='ocrx_word' id='word_1_386' title='bbox 1116 3214 1183 3269; x_wconf 80' lang='grc' dir='ltr'><strong>Χ.</strong></span> 
     </span>
    </p>
   </div>
   <div class='ocr_carea' id='block_1_49' title="bbox 1907 2005 3503 2077">
    <p class='ocr_par' dir='ltr' id='par_1_49' title="bbox 1907 2005 3503 2077">
     <span class='ocr_line' id='line_1_49' title="bbox 1907 2005 3503 2077; baseline -0.003 -16"><span class='ocrx_word' id='word_1_387' title='bbox 1907 2022 2091 2061; x_wconf 88' lang='lat' dir='ltr'><strong>verum</strong></span> <span class='ocrx_word' id='word_1_388' title='bbox 2133 2022 2239 2061; x_wconf 90' lang='lat' dir='ltr'><strong>non</strong></span> <span class='ocrx_word' id='word_1_389' title='bbox 2283 2007 2455 2077; x_wconf 89' lang='lat' dir='ltr'><strong>potttit</strong></span> <span class='ocrx_word' id='word_1_390' title='bbox 2497 2006 2743 2060; x_wconf 91' lang='lat' dir='ltr'><strong>innrmus</strong></span> <span class='ocrx_word' id='word_1_391' title='bbox 2785 2005 2947 2060; x_wconf 83' lang='lat' dir='ltr'><strong>Deus.</strong></span> <span class='ocrx_word' id='word_1_392' title='bbox 2993 2006 3048 2061; x_wconf 87' lang='lat' dir='ltr'><strong>Si</strong></span> <span class='ocrx_word' id='word_1_393' title='bbox 3089 2006 3260 2075; x_wconf 84' lang='lat' dir='ltr'><strong>potuit</strong></span> <span class='ocrx_word' id='word_1_394' title='bbox 3304 2018 3357 2061; x_wconf 92' lang='lat' dir='ltr'><strong>et</strong></span> <span class='ocrx_word' id='word_1_395' title='bbox 3403 2024 3503 2059; x_wconf 91' lang='lat' dir='ltr'><strong>tto-</strong></span> 
     </span>
    </p>
   </div>
   <div class='ocr_carea' id='block_1_50' title="bbox 1908 2098 3504 2170">
    <p class='ocr_par' dir='ltr' id='par_1_50' title="bbox 1908 2098 3504 2170">
     <span class='ocr_line' id='line_1_50' title="bbox 1908 2098 3504 2170; baseline -0.001 -16"><span class='ocrx_word' id='word_1_396' title='bbox 1908 2100 2039 2166; x_wconf 91' lang='lat' dir='ltr'><strong>Iuit,</strong></span> <span class='ocrx_word' id='word_1_397' title='bbox 2074 2099 2246 2154; x_wconf 88' lang='lat' dir='ltr'><strong>malus</strong></span> <span class='ocrx_word' id='word_1_398' title='bbox 2293 2116 2347 2153; x_wconf 86' lang='lat' dir='ltr'><strong>et.</strong></span> <span class='ocrx_word' id='word_1_399' title='bbox 2394 2100 2544 2170; x_wconf 82' lang='lat' dir='ltr'><strong>ipse,</strong></span> <span class='ocrx_word' id='word_1_400' title='bbox 2596 2100 2719 2170; x_wconf 83' lang='lat' dir='ltr'><strong>quia</strong></span> <span class='ocrx_word' id='word_1_401' title='bbox 2772 2099 2913 2153; x_wconf 88' lang='lat' dir='ltr'><strong>malo</strong></span> <span class='ocrx_word' id='word_1_402' title='bbox 2959 2098 3124 2163; x_wconf 84' lang='lat' dir='ltr'><strong>favit;</strong></span> <span class='ocrx_word' id='word_1_403' title='bbox 3182 2110 3235 2154; x_wconf 91' lang='lat' dir='ltr'><strong>ct</strong></span> <span class='ocrx_word' id='word_1_404' title='bbox 3275 2100 3352 2153; x_wconf 85' lang='lat' dir='ltr'><strong>sic</strong></span> <span class='ocrx_word' id='word_1_405' title='bbox 3393 2098 3504 2165; x_wconf 89' lang='lat' dir='ltr'><strong>jattt</strong></span> 
     </span>
    </p>
   </div>
   <div class='ocr_carea' id='block_1_51' title="bbox 1910 2193 3508 2267">
    <p class='ocr_par' dir='ltr' id='par_1_51' title="bbox 1910 2193 3508 2267">
     <span class='ocr_line' id='line_1_51' title="bbox 1910 2193 3508 2267; baseline -0.001 -18"><span class='ocrx_word' id='word_1_406' title='bbox 1910 2196 2137 2250; x_wconf 81' lang='lat' dir='ltr'><strong>habetur</strong></span> <span class='ocrx_word' id='word_1_407' title='bbox 2204 2193 2283 2267; x_wconf 91' lang='lat'><strong>(9)</strong></span> <span class='ocrx_word' id='word_1_408' title='bbox 2332 2203 2520 2249; x_wconf 86' lang='lat' dir='ltr'><strong>auctor</strong></span> <span class='ocrx_word' id='word_1_409' title='bbox 2559 2194 2715 2263; x_wconf 84' lang='lat' dir='ltr'><strong>ejus,</strong></span> <span class='ocrx_word' id='word_1_410' title='bbox 2764 2194 2903 2264; x_wconf 87' lang='lat' dir='ltr'><strong>qttod</strong></span> <span class='ocrx_word' id='word_1_411' title='bbox 2946 2193 3069 2248; x_wconf 85' lang='lat' dir='ltr'><strong>licet</strong></span> <span class='ocrx_word' id='word_1_412' title='bbox 3116 2209 3218 2247; x_wconf 93' lang='lat' dir='ltr'><strong>non</strong></span> <span class='ocrx_word' id='word_1_413' title='bbox 3264 2194 3508 2247; x_wconf 73' lang='lat' dir='ltr'><strong>institue-</strong></span> 
     </span>
    </p>
   </div>
   <div class='ocr_carea' id='block_1_52' title="bbox 1910 2285 3505 2359">
    <p class='ocr_par' dir='ltr' id='par_1_52' title="bbox 1910 2285 3505 2359">
     <span class='ocr_line' id='line_1_52' title="bbox 1910 2285 3505 2359; baseline -0.002 -17"><span class='ocrx_word' id='word_1_414' title='bbox 1910 2288 2018 2351; x_wconf 88' lang='lat' dir='ltr'><strong>rit,</strong></span> <span class='ocrx_word' id='word_1_415' title='bbox 2068 2288 2190 2359; x_wconf 92' lang='lat' dir='ltr'><strong>quia</strong></span> <span class='ocrx_word' id='word_1_416' title='bbox 2241 2285 2357 2359; x_wconf 85' lang='grc' dir='ltr'><strong>(ιο)</strong></span> <span class='ocrx_word' id='word_1_417' title='bbox 2410 2296 2585 2341; x_wconf 88' lang='lat' dir='ltr'><strong>tamen</strong></span> <span class='ocrx_word' id='word_1_418' title='bbox 2628 2286 2671 2340; x_wconf 87' lang='lat' dir='ltr'><strong>si</strong></span> <span class='ocrx_word' id='word_1_419' title='bbox 2713 2286 2969 2341; x_wconf 84' lang='lat' dir='ltr'><strong>noluisset</strong></span> <span class='ocrx_word' id='word_1_420' title='bbox 3023 2286 3147 2339; x_wconf 90' lang='lat' dir='ltr'><strong>illttd</strong></span> <span class='ocrx_word' id='word_1_421' title='bbox 3209 2301 3359 2352; x_wconf 88' lang='lat' dir='ltr'><strong>esse,</strong></span> <span class='ocrx_word' id='word_1_422' title='bbox 3401 2302 3505 2339; x_wconf 87' lang='lat' dir='ltr'><strong>non</strong></span> 
     </span>
    </p>
   </div>
   <div class='ocr_carea' id='block_1_53' title="bbox 1911 2378 3503 2451">
    <p class='ocr_par' dir='ltr' id='par_1_53' title="bbox 1911 2378 3503 2451">
     <span class='ocr_line' id='line_1_53' title="bbox 1911 2378 3503 2451; baseline -0.003 -14"><span class='ocrx_word' id='word_1_423' title='bbox 1911 2391 2081 2441; x_wconf 85' lang='lat' dir='ltr'><strong>esset.</strong></span> <span class='ocrx_word' id='word_1_424' title='bbox 2132 2381 2245 2451; x_wconf 91' lang='lat' dir='ltr'><strong>ipse</strong></span> <span class='ocrx_word' id='word_1_425' title='bbox 2288 2382 2398 2449; x_wconf 88' lang='lat' dir='ltr'><strong>jatn</strong></span> <span class='ocrx_word' id='word_1_426' title='bbox 2446 2379 2571 2434; x_wconf 83' lang='lat' dir='ltr'><strong>fecit</strong></span> <span class='ocrx_word' id='word_1_427' title='bbox 2610 2394 2765 2443; x_wconf 84' lang='lat' dir='ltr'><strong>esse,</strong></span> <span class='ocrx_word' id='word_1_428' title='bbox 2812 2379 2953 2448; x_wconf 91' lang='lat' dir='ltr'><strong>quod</strong></span> <span class='ocrx_word' id='word_1_429' title='bbox 3002 2378 3175 2433; x_wconf 88' lang='lat' dir='ltr'><strong>ttolttit</strong></span> <span class='ocrx_word' id='word_1_430' title='bbox 3215 2394 3319 2432; x_wconf 91' lang='lat' dir='ltr'><strong>non</strong></span> <span class='ocrx_word' id='word_1_431' title='bbox 3349 2394 3503 2434; x_wconf 86' lang='lat' dir='ltr'><strong>esse:</strong></span> 
     </span>
    </p>
   </div>
   <div class='ocr_carea' id='block_1_54' title="bbox 1911 2470 3509 2544">
    <p class='ocr_par' dir='ltr' id='par_1_54' title="bbox 1911 2470 3509 2544">
     <span class='ocr_line' id='line_1_54' title="bbox 1911 2470 3509 2544; baseline 0 -20"><span class='ocrx_word' id='word_1_432' title='bbox 1911 2489 2019 2544; x_wconf 91' lang='lat' dir='ltr'><strong>quo</strong></span> <span class='ocrx_word' id='word_1_433' title='bbox 2049 2473 2176 2543; x_wconf 91' lang='lat' dir='ltr'><strong>quid</strong></span> <span class='ocrx_word' id='word_1_434' title='bbox 2221 2480 2305 2526; x_wconf 89' lang='lat' dir='ltr'><strong>est</strong></span> <span class='ocrx_word' id='word_1_435' title='bbox 2336 2470 2579 2538; x_wconf 79' lang='lat' dir='ltr'><strong>turpius?</strong></span> <span class='ocrx_word' id='word_1_436' title='bbox 2613 2470 2668 2525; x_wconf 91' lang='lat' dir='ltr'><strong>Si</strong></span> <span class='ocrx_word' id='word_1_437' title='bbox 2697 2470 2747 2524; x_wconf 93' lang='lat' dir='ltr'><strong>id</strong></span> <span class='ocrx_word' id='word_1_438' title='bbox 2779 2470 3010 2525; x_wconf 85' lang='lat' dir='ltr'><strong>voluerit</strong></span> <span class='ocrx_word' id='word_1_439' title='bbox 3037 2486 3187 2534; x_wconf 90' lang='lat' dir='ltr'><strong>esse,</strong></span> <span class='ocrx_word' id='word_1_440' title='bbox 3220 2471 3362 2540; x_wconf 87' lang='lat' dir='ltr'><strong>quod</strong></span> <span class='ocrx_word' id='word_1_441' title='bbox 3395 2471 3509 2539; x_wconf 76' lang='lat' dir='ltr'><strong>ipse</strong></span> 
     </span>
    </p>
   </div>
   <div class='ocr_carea' id='block_1_55' title="bbox 1914 2563 3512 2634">
    <p class='ocr_par' dir='ltr' id='par_1_55' title="bbox 1914 2563 3512 2634">
     <span class='ocr_line' id='line_1_55' title="bbox 1914 2563 3512 2634; baseline -0.001 -15"><span class='ocrx_word' id='word_1_442' title='bbox 1914 2565 2086 2620; x_wconf 92' lang='lat' dir='ltr'><strong>noluit</strong></span> <span class='ocrx_word' id='word_1_443' title='bbox 2120 2564 2349 2629; x_wconf 81' lang='lat' dir='ltr'><strong>fecisse,</strong></span> <span class='ocrx_word' id='word_1_444' title='bbox 2387 2563 2671 2623; x_wconf 86' lang='lat' dir='ltr'><strong>adversum</strong></span> <span class='ocrx_word' id='word_1_445' title='bbox 2717 2564 3066 2632; x_wconf 88' lang='lat' dir='ltr'><strong>semetipsum</strong></span> <span class='ocrx_word' id='word_1_446' title='bbox 3108 2565 3249 2634; x_wconf 89' lang='lat' dir='ltr'><strong>egit,</strong></span> <span class='ocrx_word' id='word_1_447' title='bbox 3293 2580 3414 2619; x_wconf 91' lang='lat' dir='ltr'><strong>eum</strong></span> <span class='ocrx_word' id='word_1_448' title='bbox 3455 2572 3512 2618; x_wconf 91' lang='lat' dir='ltr'><strong>et</strong></span> 
     </span>
    </p>
   </div>
   <div class='ocr_carea' id='block_1_56' title="bbox 1916 2656 3502 2729">
    <p class='ocr_par' dir='ltr' id='par_1_56' title="bbox 1916 2656 3502 2729">
     <span class='ocr_line' id='line_1_56' title="bbox 1916 2656 3502 2729; baseline -0.001 -17"><span class='ocrx_word' id='word_1_449' title='bbox 1916 2659 2086 2713; x_wconf 90' lang='lat' dir='ltr'><strong>voluit</strong></span> <span class='ocrx_word' id='word_1_450' title='bbox 2113 2672 2233 2714; x_wconf 90' lang='lat' dir='ltr'><strong>esse</strong></span> <span class='ocrx_word' id='word_1_451' title='bbox 2257 2656 2400 2729; x_wconf 92' lang='lat' dir='ltr'><strong>quod</strong></span> <span class='ocrx_word' id='word_1_452' title='bbox 2428 2657 2598 2712; x_wconf 90' lang='lat' dir='ltr'><strong>noluit</strong></span> <span class='ocrx_word' id='word_1_453' title='bbox 2626 2656 2844 2719; x_wconf 86' lang='lat' dir='ltr'><strong>fecisse,</strong></span> <span class='ocrx_word' id='word_1_454' title='bbox 2868 2667 2924 2711; x_wconf 91' lang='lat' dir='ltr'><strong>et</strong></span> <span class='ocrx_word' id='word_1_455' title='bbox 2949 2658 3119 2711; x_wconf 89' lang='lat' dir='ltr'><strong>ttoluit</strong></span> <span class='ocrx_word' id='word_1_456' title='bbox 3148 2658 3339 2712; x_wconf 83' lang='lat' dir='ltr'><strong>fecisse</strong></span> <span class='ocrx_word' id='word_1_457' title='bbox 3362 2658 3502 2727; x_wconf 83' lang='lat' dir='ltr'><strong>quod</strong></span> 
     </span>
    </p>
   </div>
   <div class='ocr_carea' id='block_1_57' title="bbox 1915 2748 3507 2821">
    <p class='ocr_par' dir='ltr' id='par_1_57' title="bbox 1915 2748 3507 2821">
     <span class='ocr_line' id='line_1_57' title="bbox 1915 2748 3507 2821; baseline 0.001 -18"><span class='ocrx_word' id='word_1_458' title='bbox 1915 2751 2079 2804; x_wconf 77' lang='grc' dir='ltr'><strong>νυΙιιίι</strong></span> <span class='ocrx_word' id='word_1_459' title='bbox 2105 2766 2246 2806; x_wconf 85' lang='lat' dir='ltr'><strong>esse.</strong></span> <span class='ocrx_word' id='word_1_460' title='bbox 2276 2750 2437 2818; x_wconf 87' lang='lat' dir='ltr'><strong>Quasi</strong></span> <span class='ocrx_word' id='word_1_461' title='bbox 2463 2750 2661 2804; x_wconf 88' lang='lat' dir='ltr'><strong>bonum</strong></span> <span class='ocrx_word' id='word_1_462' title='bbox 2687 2748 2850 2803; x_wconf 91' lang='lat' dir='ltr'><strong>voluit</strong></span> <span class='ocrx_word' id='word_1_463' title='bbox 2878 2765 3017 2813; x_wconf 86' lang='lat' dir='ltr'><strong>esse,</strong></span> <span class='ocrx_word' id='word_1_464' title='bbox 3046 2761 3099 2803; x_wconf 90' lang='lat' dir='ltr'><strong>et</strong></span> <span class='ocrx_word' id='word_1_465' title='bbox 3127 2751 3276 2821; x_wconf 85' lang='lat' dir='ltr'><strong>quasi</strong></span> <span class='ocrx_word' id='word_1_466' title='bbox 3309 2751 3507 2804; x_wconf 79' lang='lat' dir='ltr'><strong>malum</strong></span> 
     </span>
    </p>
   </div>
   <div class='ocr_carea' id='block_1_58' title="bbox 1917 2840 3510 2911">
    <p class='ocr_par' dir='ltr' id='par_1_58' title="bbox 1917 2840 3510 2911">
     <span class='ocr_line' id='line_1_58' title="bbox 1917 2840 3510 2911; baseline -0.001 -13"><span class='ocrx_word' id='word_1_467' title='bbox 1917 2844 2087 2899; x_wconf 88' lang='lat' dir='ltr'><strong>noluit</strong></span> <span class='ocrx_word' id='word_1_468' title='bbox 2119 2842 2332 2899; x_wconf 88' lang='lat' dir='ltr'><strong>fecisse.</strong></span> <span class='ocrx_word' id='word_1_469' title='bbox 2366 2841 2520 2911; x_wconf 85' lang='lat' dir='ltr'><strong>Quod</strong></span> <span class='ocrx_word' id='word_1_470' title='bbox 2548 2856 2654 2896; x_wconf 93' lang='lat' dir='ltr'><strong>non</strong></span> <span class='ocrx_word' id='word_1_471' title='bbox 2682 2840 2927 2896; x_wconf 78' lang='lat' dir='ltr'><strong>faciendo</strong></span> <span class='ocrx_word' id='word_1_472' title='bbox 2949 2883 2962 2903; x_wconf 92' lang='lat'><strong>,</strong></span> <span class='ocrx_word' id='word_1_473' title='bbox 2996 2843 3188 2895; x_wconf 79' lang='lat' dir='ltr'><strong>malum</strong></span> <span class='ocrx_word' id='word_1_474' title='bbox 3217 2843 3510 2911; x_wconf 85' lang='lat' dir='ltr'><strong>judicavit,</strong></span> 
     </span>
    </p>
   </div>
   <div class='ocr_carea' id='block_1_59' title="bbox 1918 2932 3508 3005">
    <p class='ocr_par' dir='ltr' id='par_1_59' title="bbox 1918 2932 3508 3005">
     <span class='ocr_line' id='line_1_59' title="bbox 1918 2932 3508 3005; baseline -0.001 -16"><span class='ocrx_word' id='word_1_475' title='bbox 1918 2935 1969 2989; x_wconf 90' lang='lat' dir='ltr'><strong>id</strong></span> <span class='ocrx_word' id='word_1_476' title='bbox 2000 2935 2339 3001; x_wconf 91' lang='lat' dir='ltr'><strong>sustinendo,</strong></span> <span class='ocrx_word' id='word_1_477' title='bbox 2375 2936 2573 2989; x_wconf 91' lang='lat' dir='ltr'><strong>bonum</strong></span> <span class='ocrx_word' id='word_1_478' title='bbox 2605 2932 2969 3003; x_wconf 85' lang='lat' dir='ltr'><strong>pronuntiavit</strong></span> <span class='ocrx_word' id='word_1_479' title='bbox 2994 2934 3108 3005; x_wconf 83' lang='lat' dir='ltr'>(1t)</span> <span class='ocrx_word' id='word_1_480' title='bbox 3130 2976 3146 2999; x_wconf 87' lang='lat'><strong>,</strong></span> <span class='ocrx_word' id='word_1_481' title='bbox 3181 2935 3378 2992; x_wconf 70' lang='lat' dir='ltr'><strong>malum</strong></span> <span class='ocrx_word' id='word_1_482' title='bbox 3412 2952 3508 3005; x_wconf 86' lang='lat' dir='ltr'><strong>pro</strong></span> 
     </span>
    </p>
   </div>
   <div class='ocr_carea' id='block_1_60' title="bbox 1918 3026 3513 3096">
    <p class='ocr_par' dir='ltr' id='par_1_60' title="bbox 1918 3026 3513 3096">
     <span class='ocr_line' id='line_1_60' title="bbox 1918 3026 3513 3096; baseline 0.001 -14"><span class='ocrx_word' id='word_1_483' title='bbox 1918 3028 2060 3083; x_wconf 85' lang='lat' dir='ltr'><strong>bono</strong></span> <span class='ocrx_word' id='word_1_484' title='bbox 2085 3027 2402 3082; x_wconf 89' lang='lat' dir='ltr'><strong>sustinendo</strong></span> <span class='ocrx_word' id='word_1_485' title='bbox 2449 3036 2501 3082; x_wconf 91' lang='lat' dir='ltr'><strong>et</strong></span> <span class='ocrx_word' id='word_1_486' title='bbox 2531 3042 2635 3081; x_wconf 93' lang='lat' dir='ltr'><strong>non</strong></span> <span class='ocrx_word' id='word_1_487' title='bbox 2672 3026 2847 3096; x_wconf 91' lang='lat' dir='ltr'><strong>potius</strong></span> <span class='ocrx_word' id='word_1_488' title='bbox 2896 3028 3240 3091; x_wconf 76' lang='lat' dir='ltr'><strong>eradicando,</strong></span> <span class='ocrx_word' id='word_1_489' title='bbox 3275 3043 3513 3084; x_wconf 83' lang='lat' dir='ltr'><strong>assertor</strong></span> 
     </span>
    </p>
   </div>
   <div class='ocr_carea' id='block_1_61' title="bbox 1918 3120 3505 3192">
    <p class='ocr_par' dir='ltr' id='par_1_61' title="bbox 1918 3120 3505 3192">
     <span class='ocr_line' id='line_1_61' title="bbox 1918 3120 3505 3192; baseline -0.001 -16"><span class='ocrx_word' id='word_1_490' title='bbox 1918 3122 2035 3192; x_wconf 85' lang='lat' dir='ltr'><strong>ejus</strong></span> <span class='ocrx_word' id='word_1_491' title='bbox 2083 3122 2329 3176; x_wconf 88' lang='lat' dir='ltr'><strong>inventus</strong></span> <span class='ocrx_word' id='word_1_492' title='bbox 2380 3130 2465 3175; x_wconf 84' lang='lat' dir='ltr'><strong>est</strong></span> <span class='ocrx_word' id='word_1_493' title='bbox 2505 3120 2622 3192; x_wconf 72' lang='lat' dir='ltr'>(I2)</span> <span class='ocrx_word' id='word_1_494' title='bbox 2654 3138 2665 3172; x_wconf 92' lang='lat'>:</span> <span class='ocrx_word' id='word_1_495' title='bbox 2700 3120 2873 3183; x_wconf 87' lang='lat' dir='ltr'><strong>male,</strong></span> <span class='ocrx_word' id='word_1_496' title='bbox 2911 3120 2959 3175; x_wconf 89' lang='lat' dir='ltr'><strong>si</strong></span> <span class='ocrx_word' id='word_1_497' title='bbox 3004 3135 3097 3190; x_wconf 87' lang='lat' dir='ltr'><strong>per</strong></span> <span class='ocrx_word' id='word_1_498' title='bbox 3133 3121 3505 3187; x_wconf 75' lang='lat' dir='ltr'><strong>voluntatem,</strong></span> 
     </span>
    </p>
   </div>
   <div class='ocr_carea' id='block_1_62' title="bbox 1920 3213 3515 3286">
    <p class='ocr_par' dir='ltr' id='par_1_62' title="bbox 1920 3213 3515 3286">
     <span class='ocr_line' id='line_1_62' title="bbox 1920 3213 3515 3286; baseline 0 -17"><span class='ocrx_word' id='word_1_499' title='bbox 1920 3215 2182 3286; x_wconf 88' lang='lat' dir='ltr'><strong>turpiter,</strong></span> <span class='ocrx_word' id='word_1_500' title='bbox 2214 3214 2261 3270; x_wconf 87' lang='lat' dir='ltr'><strong>si</strong></span> <span class='ocrx_word' id='word_1_501' title='bbox 2291 3228 2387 3284; x_wconf 89' lang='lat' dir='ltr'><strong>per</strong></span> <span class='ocrx_word' id='word_1_502' title='bbox 2416 3213 2814 3268; x_wconf 90' lang='lat' dir='ltr'><strong>necessitatem.</strong></span> <span class='ocrx_word' id='word_1_503' title='bbox 2854 3213 2960 3267; x_wconf 84' lang='grc' dir='ltr'>Αιιι</span> <span class='ocrx_word' id='word_1_504' title='bbox 2993 3213 3222 3267; x_wconf 88' lang='lat' dir='ltr'><strong>famulus</strong></span> <span class='ocrx_word' id='word_1_505' title='bbox 3257 3216 3360 3269; x_wconf 90' lang='lat' dir='ltr'><strong>erit</strong></span> <span class='ocrx_word' id='word_1_506' title='bbox 3390 3216 3515 3269; x_wconf 89' lang='lat' dir='ltr'><strong>ntali</strong></span> 
     </span>
    </p>
   </div>
   <div class='ocr_carea' id='block_1_63' title="bbox 278 3305 3512 3379">
    <p class='ocr_par' dir='ltr' id='par_1_63' title="bbox 278 3305 3512 3379">
     <span class='ocr_line' id='line_1_63' title="bbox 278 3305 3512 3379; baseline -0.001 -14"><span class='ocrx_word' id='word_1_507' title='bbox 278 3311 495 3376; x_wconf 74' lang='lat' dir='ltr'><strong>Nonne,</strong></span> <span class='ocrx_word' id='word_1_508' title='bbox 526 3310 735 3366; x_wconf 88' lang='lat' dir='ltr'><strong>etiamsi</strong></span> <span class='ocrx_word' id='word_1_509' title='bbox 764 3308 991 3365; x_wconf 87' lang='lat' dir='ltr'><strong>materia</strong></span> <span class='ocrx_word' id='word_1_510' title='bbox 1018 3309 1220 3377; x_wconf 84' lang='lat' dir='ltr'><strong>optima</strong></span> <span class='ocrx_word' id='word_1_511' title='bbox 1249 3307 1457 3374; x_wconf 88' lang='lat' dir='ltr'><strong>fuisset,</strong></span> <span class='ocrx_word' id='word_1_512' title='bbox 1475 3323 1629 3378; x_wconf 73' lang='lat' dir='ltr'><strong>reque</strong></span> <span class='ocrx_word' id='word_1_513' title='bbox 1655 3305 1805 3362; x_wconf 87' lang='lat' dir='ltr'><strong>inde-</strong></span> <span class='ocrx_word' id='word_1_514' title='bbox 1836 3307 1881 3372; x_wconf 91' lang='lat' dir='ltr'><strong>C</strong></span> <span class='ocrx_word' id='word_1_515' title='bbox 1918 3308 2411 3374; x_wconf 85' lang='lat' dir='ltr'><strong>Deus,antamicus</strong></span> <span class='ocrx_word' id='word_1_516' title='bbox 2431 3305 2839 3373; x_wconf 76' lang='lat' dir='ltr'><strong>;cummatcri:e</strong></span> <span class='ocrx_word' id='word_1_517' title='bbox 2854 3305 2995 3361; x_wconf 89' lang='lat' dir='ltr'><strong>malo</strong></span> <span class='ocrx_word' id='word_1_518' title='bbox 3012 3310 3512 3379; x_wconf 67' lang='lat' dir='ltr'><strong>convcrsaturﬂli),</strong></span> 
     </span>
    </p>
   </div>
   <div class='ocr_carea' id='block_1_64' title="bbox 206 3401 1808 3467">
    <p class='ocr_par' dir='ltr' id='par_1_64' title="bbox 206 3401 1808 3467">
     <span class='ocr_line' id='line_1_64' title="bbox 206 3401 1808 3467; baseline -0.002 -7"><span class='ocrx_word' id='word_1_519' title='bbox 206 3422 394 3460; x_wconf 89' lang='lat' dir='ltr'><strong>curunt</strong></span> <span class='ocrx_word' id='word_1_520' title='bbox 420 3406 522 3459; x_wconf 83' lang='lat' dir='ltr'><strong>sibi</strong></span> <span class='ocrx_word' id='word_1_521' title='bbox 550 3406 929 3467; x_wconf 79' lang='lat' dir='ltr'><strong>cxistiutasscl,</strong></span> <span class='ocrx_word' id='word_1_522' title='bbox 964 3403 1033 3456; x_wconf 89' lang='lat' dir='ltr'><strong>de</strong></span> <span class='ocrx_word' id='word_1_523' title='bbox 1053 3402 1254 3463; x_wconf 89' lang='lat' dir='ltr'><strong>alieno.</strong></span> <span class='ocrx_word' id='word_1_524' title='bbox 1284 3403 1409 3458; x_wconf 86' lang='lat' dir='ltr'><strong>licet</strong></span> <span class='ocrx_word' id='word_1_525' title='bbox 1431 3402 1613 3457; x_wconf 84' lang='lat' dir='ltr'><strong>bono?</strong></span> <span class='ocrx_word' id='word_1_526' title='bbox 1640 3401 1808 3457; x_wconf 84' lang='lat' dir='ltr'><strong>Fatue</strong></span> 
     </span>
    </p>
   </div>
   <div class='ocr_carea' id='block_1_65' title="bbox 208 3496 1807 3567">
    <p class='ocr_par' dir='ltr' id='par_1_65' title="bbox 208 3496 1807 3567">
     <span class='ocr_line' id='line_1_65' title="bbox 208 3496 1807 3567; baseline -0.001 -16"><span class='ocrx_word' id='word_1_527' title='bbox 208 3501 361 3562; x_wconf 75' lang='lat' dir='ltr'><strong>satis,</strong></span> <span class='ocrx_word' id='word_1_528' title='bbox 396 3500 441 3551; x_wconf 89' lang='lat' dir='ltr'><strong>si</strong></span> <span class='ocrx_word' id='word_1_529' title='bbox 474 3500 544 3550; x_wconf 88' lang='lat' dir='ltr'><strong>ita</strong></span> <span class='ocrx_word' id='word_1_530' title='bbox 603 3497 681 3567; x_wconf 75' lang='grc' dir='ltr'><strong>(ἶ)</strong></span> <span class='ocrx_word' id='word_1_531' title='bbox 714 3496 899 3565; x_wconf 71' lang='lat' dir='ltr'><strong>gloria:</strong></span> <span class='ocrx_word' id='word_1_532' title='bbox 938 3510 1049 3548; x_wconf 66' lang='lat' dir='ltr'><strong>suae</strong></span> <span class='ocrx_word' id='word_1_533' title='bbox 1071 3510 1259 3549; x_wconf 77' lang='lat' dir='ltr'><strong>caussa</strong></span> <span class='ocrx_word' id='word_1_534' title='bbox 1284 3496 1500 3549; x_wconf 90' lang='lat' dir='ltr'><strong>molitus</strong></span> <span class='ocrx_word' id='word_1_535' title='bbox 1529 3505 1612 3549; x_wconf 82' lang='lat' dir='ltr'><strong>est</strong></span> <span class='ocrx_word' id='word_1_536' title='bbox 1641 3511 1807 3550; x_wconf 82' lang='lat' dir='ltr'><strong>mun-</strong></span> 
     </span>
    </p>
   </div>
   <div class='ocr_carea' id='block_1_66' title="bbox 206 3587 1806 3656">
    <p class='ocr_par' dir='ltr' id='par_1_66' title="bbox 206 3587 1806 3656">
     <span class='ocr_line' id='line_1_66' title="bbox 206 3587 1806 3656; baseline -0.002 -11"><span class='ocrx_word' id='word_1_537' title='bbox 206 3593 329 3645; x_wconf 89' lang='lat' dir='ltr'><strong>dum</strong></span> <span class='ocrx_word' id='word_1_538' title='bbox 356 3633 372 3656; x_wconf 92' lang='lat'><strong>,</strong></span> <span class='ocrx_word' id='word_1_539' title='bbox 408 3601 468 3645; x_wconf 92' lang='lat' dir='ltr'><strong>ut</strong></span> <span class='ocrx_word' id='word_1_540' title='bbox 497 3591 795 3645; x_wconf 89' lang='lat' dir='ltr'><strong>debitorem</strong></span> <span class='ocrx_word' id='word_1_541' title='bbox 829 3604 888 3643; x_wconf 91' lang='lat' dir='ltr'><strong>se</strong></span> <span class='ocrx_word' id='word_1_542' title='bbox 919 3588 1109 3643; x_wconf 68' lang='lat' dir='ltr'><strong>alienat</strong></span> <span class='ocrx_word' id='word_1_543' title='bbox 1136 3588 1448 3642; x_wconf 71' lang='lat' dir='ltr'><strong>substantia:</strong></span> <span class='ocrx_word' id='word_1_544' title='bbox 1474 3587 1806 3654; x_wconf 89' lang='lat' dir='ltr'><strong>ostenderet,</strong></span> 
     </span>
    </p>
   </div>
   <div class='ocr_carea' id='block_1_67' title="bbox 208 3678 1809 3754">
    <p class='ocr_par' dir='ltr' id='par_1_67' title="bbox 208 3678 1809 3754">
     <span class='ocr_line' id='line_1_67' title="bbox 208 3678 1809 3754; baseline -0.001 -15"><span class='ocrx_word' id='word_1_545' title='bbox 208 3694 261 3739; x_wconf 91' lang='lat' dir='ltr'><strong>et</strong></span> <span class='ocrx_word' id='word_1_546' title='bbox 290 3684 513 3754; x_wconf 85' lang='lat' dir='ltr'><strong>quidem</strong></span> <span class='ocrx_word' id='word_1_547' title='bbox 536 3700 641 3737; x_wconf 91' lang='lat' dir='ltr'><strong>nott</strong></span> <span class='ocrx_word' id='word_1_548' title='bbox 672 3682 845 3737; x_wconf 68' lang='lat' dir='ltr'><strong>boum.</strong></span> <span class='ocrx_word' id='word_1_549' title='bbox 867 3678 1032 3753; x_wconf 85' lang='lat' dir='ltr'><strong>Ergo,</strong></span> <span class='ocrx_word' id='word_1_550' title='bbox 1068 3679 1261 3751; x_wconf 86' lang='lat' dir='ltr'><strong>inquit,</strong></span> <span class='ocrx_word' id='word_1_551' title='bbox 1290 3696 1357 3736; x_wconf 77' lang='lat' dir='ltr'><strong>ex</strong></span> <span class='ocrx_word' id='word_1_552' title='bbox 1390 3680 1559 3737; x_wconf 87' lang='lat' dir='ltr'><strong>nihilo</strong></span> <span class='ocrx_word' id='word_1_553' title='bbox 1587 3682 1809 3748; x_wconf 89' lang='lat' dir='ltr'><strong>faceret,</strong></span> 
     </span>
    </p>
   </div>
   <div class='ocr_carea' id='block_1_68' title="bbox 204 3775 1811 3848">
    <p class='ocr_par' dir='ltr' id='par_1_68' title="bbox 204 3775 1811 3848">
     <span class='ocr_line' id='line_1_68' title="bbox 204 3775 1811 3848; baseline -0.001 -15"><span class='ocrx_word' id='word_1_554' title='bbox 204 3789 262 3833; x_wconf 90' lang='lat' dir='ltr'><strong>ut</strong></span> <span class='ocrx_word' id='word_1_555' title='bbox 289 3779 432 3833; x_wconf 88' lang='lat' dir='ltr'><strong>tnala</strong></span> <span class='ocrx_word' id='word_1_556' title='bbox 457 3792 668 3847; x_wconf 88' lang='lat' dir='ltr'><strong>quoque</strong></span> <span class='ocrx_word' id='word_1_557' title='bbox 694 3777 915 3831; x_wconf 86' lang='lat' dir='ltr'><strong>arbitrio</strong></span> <span class='ocrx_word' id='word_1_558' title='bbox 958 3777 1074 3847; x_wconf 89' lang='lat' dir='ltr'><strong>ejus</strong></span> <span class='ocrx_word' id='word_1_559' title='bbox 1115 3775 1543 3845; x_wconf 84' lang='lat' dir='ltr'><strong>intputarentur?</strong></span> <span class='ocrx_word' id='word_1_560' title='bbox 1585 3775 1768 3848; x_wconf 82' lang='lat' dir='ltr'><strong>Magna</strong></span> <span class='ocrx_word' id='word_1_561' title='bbox 1795 3818 1811 3844; x_wconf 96' lang='lat'><strong>,</strong></span> 
     </span>
    </p>
   </div>
   <div class='ocr_carea' id='block_1_69' title="bbox 1913 3399 2994 3471">
    <p class='ocr_par' dir='ltr' id='par_1_69' title="bbox 1913 3399 2994 3471">
     <span class='ocr_line' id='line_1_69' title="bbox 1913 3399 2994 3471; baseline -0.006 -12"><span class='ocrx_word' id='word_1_562' title='bbox 1913 3404 2108 3459; x_wconf 81' lang='lat' dir='ltr'><strong>nedum</strong></span> <span class='ocrx_word' id='word_1_563' title='bbox 2134 3402 2300 3458; x_wconf 89' lang='lat' dir='ltr'><strong>etiam</strong></span> <span class='ocrx_word' id='word_1_564' title='bbox 2327 3401 2395 3457; x_wconf 86' lang='lat' dir='ltr'><strong>de</strong></span> <span class='ocrx_word' id='word_1_565' title='bbox 2419 3400 2559 3455; x_wconf 88' lang='lat' dir='ltr'><strong>malo</strong></span> <span class='ocrx_word' id='word_1_566' title='bbox 2580 3399 2698 3471; x_wconf 86' lang='lat' dir='ltr'><strong>ejus</strong></span> <span class='ocrx_word' id='word_1_567' title='bbox 2719 3410 2994 3470; x_wconf 83' lang='lat' dir='ltr'><strong>Operatus.</strong></span> 
     </span>
    </p>
   </div>
   <div class='ocr_carea' id='block_1_70' title="bbox 2539 3532 2904 3590">
    <p class='ocr_par' dir='ltr' id='par_1_70' title="bbox 2539 3532 2904 3590">
     <span class='ocr_line' id='line_1_70' title="bbox 2539 3532 2904 3590; baseline -0.003 -1"><span class='ocrx_word' id='word_1_568' title='bbox 2539 3532 2769 3590; x_wconf 75' lang='lat' dir='ltr'><strong>CAPUT</strong></span> <span class='ocrx_word' id='word_1_569' title='bbox 2814 3532 2904 3588; x_wconf 80' lang='lat' dir='ltr'><strong>XI.</strong></span> 
     </span>
    </p>
   </div>
   <div class='ocr_carea' id='block_1_71' title="bbox 1991 3668 3515 3746">
    <p class='ocr_par' dir='ltr' id='par_1_71' title="bbox 1991 3668 3515 3746">
     <span class='ocr_line' id='line_1_71' title="bbox 1991 3668 3515 3746; baseline -0.001 -15"><span class='ocrx_word' id='word_1_570' title='bbox 1991 3675 2059 3731; x_wconf 83' lang='lat' dir='ltr'><strong>Et</strong></span> <span class='ocrx_word' id='word_1_571' title='bbox 2107 3683 2286 3730; x_wconf 89' lang='lat' dir='ltr'><strong>tamen</strong></span> <span class='ocrx_word' id='word_1_572' title='bbox 2331 3671 2471 3727; x_wconf 87' lang='lat' dir='ltr'><strong>unde</strong></span> <span class='ocrx_word' id='word_1_573' title='bbox 2519 3669 2674 3725; x_wconf 90' lang='lat' dir='ltr'><strong>nobis</strong></span> <span class='ocrx_word' id='word_1_574' title='bbox 2724 3668 2838 3741; x_wconf 75' lang='lat' dir='ltr'><strong>(li)</strong></span> <span class='ocrx_word' id='word_1_575' title='bbox 2883 3669 3174 3740; x_wconf 86' lang='lat' dir='ltr'><strong>persuadet</strong></span> <span class='ocrx_word' id='word_1_576' title='bbox 3223 3670 3515 3746; x_wconf 85' lang='lat' dir='ltr'><strong>Hermoge-</strong></span> 
     </span>
    </p>
   </div>
   <div class='ocr_carea' id='block_1_72' title="bbox 1920 3764 3510 3844">
    <p class='ocr_par' dir='ltr' id='par_1_72' title="bbox 1920 3764 3510 3844">
     <span class='ocr_line' id='line_1_72' title="bbox 1920 3764 3510 3844; baseline 0 -17"><span class='ocrx_word' id='word_1_577' title='bbox 1920 3788 2017 3829; x_wconf 87' lang='lat' dir='ltr'><strong>nes</strong></span> <span class='ocrx_word' id='word_1_578' title='bbox 2041 3769 2110 3844; x_wconf 78' lang='grc' dir='ltr'><strong>(Ῑ)</strong></span> <span class='ocrx_word' id='word_1_579' title='bbox 2136 3769 2329 3825; x_wconf 88' lang='lat' dir='ltr'><strong>malam</strong></span> <span class='ocrx_word' id='word_1_580' title='bbox 2356 3779 2479 3823; x_wconf 86' lang='lat' dir='ltr'><strong>esse</strong></span> <span class='ocrx_word' id='word_1_581' title='bbox 2500 3766 2827 3823; x_wconf 87' lang='lat' dir='ltr'><strong>materiam?</strong></span> <span class='ocrx_word' id='word_1_582' title='bbox 2855 3764 2972 3821; x_wconf 84' lang='lat' dir='ltr'><strong>Non</strong></span> <span class='ocrx_word' id='word_1_583' title='bbox 3002 3767 3147 3822; x_wconf 92' lang='lat' dir='ltr'><strong>enim</strong></span> <span class='ocrx_word' id='word_1_584' title='bbox 3177 3770 3376 3838; x_wconf 90' lang='lat' dir='ltr'><strong>poterit</strong></span> <span class='ocrx_word' id='word_1_585' title='bbox 3404 3788 3510 3828; x_wconf 90' lang='lat' dir='ltr'><strong>non</strong></span> 
     </span>
    </p>
   </div>
   <div class='ocr_carea' id='block_1_73' title="bbox 1425 3954 2269 4016">
    <p class='ocr_par' dir='ltr' id='par_1_73' title="bbox 1425 3954 2269 4016">
     <span class='ocr_line' id='line_1_73' title="bbox 1425 3954 2269 4016; baseline -0.002 -4"><span class='ocrx_word' id='word_1_586' title='bbox 1425 3956 1811 4015; x_wconf 81' lang='lat' dir='ltr'><strong>LECTIONES</strong></span> <span class='ocrx_word' id='word_1_587' title='bbox 1848 3954 2269 4016; x_wconf 79' lang='lat' dir='ltr'><strong>VARIANTES.</strong></span> 
     </span>
    </p>
   </div>
   <div class='ocr_carea' id='block_1_74' title="bbox 267 4123 877 4189">
    <p class='ocr_par' dir='ltr' id='par_1_74' title="bbox 267 4123 877 4189">
     <span class='ocr_line' id='line_1_74' title="bbox 267 4123 877 4189; baseline 0.002 -16"><span class='ocrx_word' id='word_1_588' title='bbox 267 4124 339 4189; x_wconf 85' lang='lat' dir='ltr'>(l)</span> <span class='ocrx_word' id='word_1_589' title='bbox 357 4123 497 4189; x_wconf 75' lang='lat' dir='ltr'><strong>Dens</strong></span> <span class='ocrx_word' id='word_1_590' title='bbox 520 4125 660 4175; x_wconf 78' lang='lat' dir='ltr'><strong>sentt.</strong></span> <span class='ocrx_word' id='word_1_591' title='bbox 684 4125 877 4189; x_wconf 67' lang='lat' dir='ltr'><strong>abet-(It.</strong></span> 
     </span>
    </p>
   </div>
   <div class='ocr_carea' id='block_1_75' title="bbox 266 4182 1807 4257">
    <p class='ocr_par' dir='ltr' id='par_1_75' title="bbox 266 4182 1807 4257">
     <span class='ocr_line' id='line_1_75' title="bbox 266 4182 1807 4257; baseline 0.001 -22"><span class='ocrx_word' id='word_1_592' title='bbox 266 4182 339 4257; x_wconf 72' lang='grc' dir='ltr'><strong>(ξ)</strong></span> <span class='ocrx_word' id='word_1_593' title='bbox 367 4187 476 4237; x_wconf 72' lang='lat' dir='ltr'><strong>Non</strong></span> <span class='ocrx_word' id='word_1_594' title='bbox 502 4186 793 4239; x_wconf 83' lang='lat' dir='ltr'><strong>essetsemt.</strong></span> <span class='ocrx_word' id='word_1_595' title='bbox 816 4186 1007 4240; x_wconf 67' lang='lat' dir='ltr'><strong>oberth.</strong></span> <span class='ocrx_word' id='word_1_596' title='bbox 1034 4186 1142 4239; x_wconf 83' lang='lat' dir='ltr'><strong>Non</strong></span> <span class='ocrx_word' id='word_1_597' title='bbox 1179 4183 1309 4239; x_wconf 83' lang='lat' dir='ltr'><strong>abest</strong></span> <span class='ocrx_word' id='word_1_598' title='bbox 1331 4185 1483 4237; x_wconf 80' lang='lat' dir='ltr'><strong>Fran.</strong></span> <span class='ocrx_word' id='word_1_599' title='bbox 1509 4182 1673 4237; x_wconf 77' lang='lat' dir='ltr'><strong>Paris.</strong></span> <span class='ocrx_word' id='word_1_600' title='bbox 1703 4183 1807 4252; x_wconf 79' lang='lat' dir='ltr'><strong>Rig.</strong></span> 
     </span>
    </p>
   </div>
   <div class='ocr_carea' id='block_1_76' title="bbox 200 4258 400 4301">
    <p class='ocr_par' dir='ltr' id='par_1_76' title="bbox 200 4258 400 4301">
     <span class='ocr_line' id='line_1_76' title="bbox 200 4258 400 4301; baseline -0.015 -1"><span class='ocrx_word' id='word_1_601' title='bbox 200 4258 400 4301; x_wconf 69' lang='grc' dir='ltr'><strong>τετιηιδ.</strong></span> 
     </span>
    </p>
   </div>
   <div class='ocr_carea' id='block_1_77' title="bbox 272 4312 970 4377">
    <p class='ocr_par' dir='ltr' id='par_1_77' title="bbox 272 4312 970 4377">
     <span class='ocr_line' id='line_1_77' title="bbox 272 4312 970 4377; baseline 0.001 -17"><span class='ocrx_word' id='word_1_602' title='bbox 272 4314 340 4377; x_wconf 79' lang='lat'>(5)</span> <span class='ocrx_word' id='word_1_603' title='bbox 372 4313 425 4361; x_wconf 90' lang='lat' dir='ltr'><strong>ltt</strong></span> <span class='ocrx_word' id='word_1_604' title='bbox 447 4314 587 4377; x_wconf 14' lang='lat' dir='ltr'><strong>bono,</strong></span> <span class='ocrx_word' id='word_1_605' title='bbox 602 4312 749 4377; x_wconf 52' lang='lat' dir='ltr'><strong>sentt:</strong></span> <span class='ocrx_word' id='word_1_606' title='bbox 778 4313 970 4365; x_wconf 85' lang='lat' dir='ltr'><strong>Obertlt.</strong></span> 
     </span>
    </p>
   </div>
   <div class='ocr_carea' id='block_1_78' title="bbox 268 4368 1431 4439">
    <p class='ocr_par' dir='ltr' id='par_1_78' title="bbox 268 4368 1431 4439">
     <span class='ocr_line' id='line_1_78' title="bbox 268 4368 1431 4439; baseline -0.002 -16"><span class='ocrx_word' id='word_1_607' title='bbox 268 4368 343 4439; x_wconf 69' lang='lat'>(4)</span> <span class='ocrx_word' id='word_1_608' title='bbox 371 4380 477 4439; x_wconf 80' lang='lat' dir='ltr'><strong>Qua</strong></span> <span class='ocrx_word' id='word_1_609' title='bbox 501 4376 695 4439; x_wconf 79' lang='lat' dir='ltr'><strong>malum,</strong></span> <span class='ocrx_word' id='word_1_610' title='bbox 723 4376 815 4426; x_wconf 89' lang='lat' dir='ltr'><strong>Dei</strong></span> <span class='ocrx_word' id='word_1_611' title='bbox 841 4391 937 4425; x_wconf 90' lang='lat' dir='ltr'><strong>non</strong></span> <span class='ocrx_word' id='word_1_612' title='bbox 961 4382 1038 4424; x_wconf 80' lang='lat' dir='ltr'><strong>est</strong></span> <span class='ocrx_word' id='word_1_613' title='bbox 1063 4368 1212 4439; x_wconf 85' lang='lat' dir='ltr'><strong>Seml.</strong></span> <span class='ocrx_word' id='word_1_614' title='bbox 1239 4372 1431 4439; x_wconf 79' lang='lat' dir='ltr'><strong>chrth.</strong></span> 
     </span>
    </p>
   </div>
   <div class='ocr_carea' id='block_1_79' title="bbox 264 4432 1283 4503">
    <p class='ocr_par' dir='ltr' id='par_1_79' title="bbox 264 4432 1283 4503">
     <span class='ocr_line' id='line_1_79' title="bbox 264 4432 1283 4503; baseline -0.013 -6"><span class='ocrx_word' id='word_1_615' title='bbox 264 4432 339 4503; x_wconf 71' lang='grc' dir='ltr'><strong>(ὅ)</strong></span> <span class='ocrx_word' id='word_1_616' title='bbox 365 4432 613 4503; x_wconf 61' lang='lat' dir='ltr'><strong>Qisjwtgit</strong></span> <span class='ocrx_word' id='word_1_617' title='bbox 638 4432 782 4503; x_wconf 59' lang='lat' dir='ltr'><strong>(then.</strong></span> <span class='ocrx_word' id='word_1_618' title='bbox 801 4451 888 4489; x_wconf 83' lang='lat' dir='ltr'><strong>nec</strong></span> <span class='ocrx_word' id='word_1_619' title='bbox 911 4441 1109 4503; x_wconf 82' lang='lat' dir='ltr'><strong>approb.</strong></span> <span class='ocrx_word' id='word_1_620' title='bbox 1133 4432 1283 4487; x_wconf 79' lang='lat' dir='ltr'><strong>Seml.</strong></span> 
     </span>
    </p>
   </div>
   <div class='ocr_carea' id='block_1_80' title="bbox 268 4499 773 4564">
    <p class='ocr_par' dir='ltr' id='par_1_80' title="bbox 268 4499 773 4564">
     <span class='ocr_line' id='line_1_80' title="bbox 268 4499 773 4564; baseline 0.006 -16"><span class='ocrx_word' id='word_1_621' title='bbox 268 4502 340 4564; x_wconf 84' lang='lat'>(6)</span> <span class='ocrx_word' id='word_1_622' title='bbox 371 4499 598 4564; x_wconf 37' lang='lat' dir='ltr'><strong>I&#39;ieizisset</strong></span> <span class='ocrx_word' id='word_1_623' title='bbox 622 4502 773 4551; x_wconf 80' lang='lat' dir='ltr'><strong>Frau.</strong></span> 
     </span>
    </p>
   </div>
   <div class='ocr_carea' id='block_1_81' title="bbox 268 4557 1890 4652">
    <p class='ocr_par' dir='ltr' id='par_1_81' title="bbox 268 4557 1890 4652">
     <span class='ocr_line' id='line_1_81' title="bbox 268 4557 1890 4652; baseline -0.001 -40"><span class='ocrx_word' id='word_1_624' title='bbox 268 4557 528 4652; x_wconf 33' lang='lat' dir='ltr'><strong>(ﬂia-tite</strong></span> <span class='ocrx_word' id='word_1_625' title='bbox 552 4566 688 4613; x_wconf 76' lang='lat' dir='ltr'><strong>satis.</strong></span> <span class='ocrx_word' id='word_1_626' title='bbox 717 4564 889 4629; x_wconf 83' lang='lat' dir='ltr'><strong>Itaque</strong></span> <span class='ocrx_word' id='word_1_627' title='bbox 927 4562 1073 4620; x_wconf 73' lang='lat' dir='ltr'><strong>Rhea.</strong></span> <span class='ocrx_word' id='word_1_628' title='bbox 1106 4571 1246 4615; x_wconf 68' lang='lat' dir='ltr'><strong>sem.</strong></span> <span class='ocrx_word' id='word_1_629' title='bbox 1281 4557 1498 4622; x_wconf 79' lang='lat' dir='ltr'><strong>obertlt.;</strong></span> <span class='ocrx_word' id='word_1_630' title='bbox 1524 4558 1659 4611; x_wconf 87' lang='lat' dir='ltr'><strong>fatue</strong></span> <span class='ocrx_word' id='word_1_631' title='bbox 1693 4560 1812 4610; x_wconf 83' lang='lat' dir='ltr'><strong>satis</strong></span> <span class='ocrx_word' id='word_1_632' title='bbox 1835 4588 1890 4652; x_wconf 70' lang='grc' dir='ltr'><strong>Β</strong></span> 
     </span>
    </p>
   </div>
   <div class='ocr_carea' id='block_1_82' title="bbox 198 4626 515 4687">
    <p class='ocr_par' dir='ltr' id='par_1_82' title="bbox 198 4626 515 4687">
     <span class='ocr_line' id='line_1_82' title="bbox 198 4626 515 4687; baseline -0.003 -13"><span class='ocrx_word' id='word_1_633' title='bbox 198 4626 374 4687; x_wconf 85' lang='lat' dir='ltr'><strong>itaque</strong></span> <span class='ocrx_word' id='word_1_634' title='bbox 397 4632 515 4674; x_wconf 82' lang='lat' dir='ltr'><strong>Jun.</strong></span> 
     </span>
    </p>
   </div>
   <div class='ocr_carea' id='block_1_83' title="bbox 268 4686 1009 4753">
    <p class='ocr_par' dir='ltr' id='par_1_83' title="bbox 268 4686 1009 4753">
     <span class='ocr_line' id='line_1_83' title="bbox 268 4686 1009 4753; baseline 0.001 -17"><span class='ocrx_word' id='word_1_635' title='bbox 268 4686 320 4749; x_wconf 84' lang='lat'>(8</span> <span class='ocrx_word' id='word_1_636' title='bbox 325 4694 345 4751; x_wconf 81' lang='grc'><strong><em>&gt;</em></strong></span> <span class='ocrx_word' id='word_1_637' title='bbox 368 4690 657 4739; x_wconf 80' lang='lat' dir='ltr'><strong>Assectator</strong></span> <span class='ocrx_word' id='word_1_638' title='bbox 677 4686 872 4753; x_wconf 78' lang='lat' dir='ltr'><strong>coniicit</strong></span> <span class='ocrx_word' id='word_1_639' title='bbox 895 4696 1009 4739; x_wconf 85' lang='lat' dir='ltr'><strong>Jun.</strong></span> 
     </span>
    </p>
   </div>
   <div class='ocr_carea' id='block_1_84' title="bbox 1982 4112 3514 4185">
    <p class='ocr_par' dir='ltr' id='par_1_84' title="bbox 1982 4112 3514 4185">
     <span class='ocr_line' id='line_1_84' title="bbox 1982 4112 3514 4185; baseline 0 -14"><span class='ocrx_word' id='word_1_640' title='bbox 1982 4121 2052 4185; x_wconf 83' lang='lat'>(9)</span> <span class='ocrx_word' id='word_1_641' title='bbox 2079 4121 2259 4170; x_wconf 80' lang='lat' dir='ltr'><strong>Auctor</strong></span> <span class='ocrx_word' id='word_1_642' title='bbox 2284 4129 2392 4185; x_wconf 68' lang='lat' dir='ltr'><strong>ejus</strong></span> <span class='ocrx_word' id='word_1_643' title='bbox 2414 4129 2427 4165; x_wconf 89' lang='lat'><strong>:</strong></span> <span class='ocrx_word' id='word_1_644' title='bbox 2451 4113 2558 4168; x_wconf 68' lang='lat' dir='ltr'><strong>hac</strong></span> <span class='ocrx_word' id='word_1_645' title='bbox 2580 4128 2654 4167; x_wconf 81' lang='lat' dir='ltr'><strong>vv.</strong></span> <span class='ocrx_word' id='word_1_646' title='bbox 2678 4112 2739 4166; x_wconf 83' lang='lat' dir='ltr'><strong>ab</strong></span> <span class='ocrx_word' id='word_1_647' title='bbox 2763 4112 2874 4167; x_wconf 84' lang='lat' dir='ltr'><strong>aliis</strong></span> <span class='ocrx_word' id='word_1_648' title='bbox 2899 4114 3102 4180; x_wconf 84' lang='lat' dir='ltr'><strong>omissa,</strong></span> <span class='ocrx_word' id='word_1_649' title='bbox 3127 4114 3302 4169; x_wconf 82' lang='lat' dir='ltr'><strong>addita</strong></span> <span class='ocrx_word' id='word_1_650' title='bbox 3331 4126 3440 4171; x_wconf 82' lang='lat' dir='ltr'><strong>sunt</strong></span> <span class='ocrx_word' id='word_1_651' title='bbox 3464 4136 3514 4171; x_wconf 88' lang='lat' dir='ltr'><strong>m</strong></span> 
     </span>
    </p>
   </div>
   <div class='ocr_carea' id='block_1_85' title="bbox 1921 4182 2492 4236">
    <p class='ocr_par' dir='ltr' id='par_1_85' title="bbox 1921 4182 2492 4236">
     <span class='ocr_line' id='line_1_85' title="bbox 1921 4182 2492 4236; baseline -0.011 -2"><span class='ocrx_word' id='word_1_652' title='bbox 1921 4182 2062 4236; x_wconf 69' lang='lat' dir='ltr'><strong>me:</strong></span> <span class='ocrx_word' id='word_1_653' title='bbox 2087 4193 2131 4234; x_wconf 87' lang='lat' dir='ltr'><strong>et</strong></span> <span class='ocrx_word' id='word_1_654' title='bbox 2156 4196 2270 4232; x_wconf 88' lang='lat' dir='ltr'><strong>mss.</strong></span> <span class='ocrx_word' id='word_1_655' title='bbox 2306 4182 2492 4230; x_wconf 81' lang='lat' dir='ltr'><strong>Wouw.</strong></span> 
     </span>
    </p>
   </div>
   <div class='ocr_carea' id='block_1_86' title="bbox 1984 4240 3368 4311">
    <p class='ocr_par' dir='ltr' id='par_1_86' title="bbox 1984 4240 3368 4311">
     <span class='ocr_line' id='line_1_86' title="bbox 1984 4240 3368 4311; baseline -0.002 -15"><span class='ocrx_word' id='word_1_656' title='bbox 1984 4248 2086 4311; x_wconf 87' lang='lat' dir='ltr'>(l0)</span> <span class='ocrx_word' id='word_1_657' title='bbox 2100 4246 2205 4311; x_wconf 91' lang='lat' dir='ltr'><strong>_Qui</strong></span> <span class='ocrx_word' id='word_1_658' title='bbox 2222 4240 2351 4311; x_wconf 82' lang='lat' dir='ltr'><strong>solus</strong></span> <span class='ocrx_word' id='word_1_659' title='bbox 2370 4241 2483 4311; x_wconf 72' lang='lat' dir='ltr'><strong>hab.</strong></span> <span class='ocrx_word' id='word_1_660' title='bbox 2510 4241 2653 4291; x_wconf 71' lang='lat' dir='ltr'><strong>alien.</strong></span> <span class='ocrx_word' id='word_1_661' title='bbox 2679 4246 2724 4290; x_wconf 83' lang='lat' dir='ltr'><strong>et</strong></span> <span class='ocrx_word' id='word_1_662' title='bbox 2747 4246 2849 4311; x_wconf 80' lang='lat' dir='ltr'><strong>post</strong></span> <span class='ocrx_word' id='word_1_663' title='bbox 2867 4254 2977 4311; x_wconf 79' lang='lat' dir='ltr'><strong>eum</strong></span> <span class='ocrx_word' id='word_1_664' title='bbox 2999 4240 3149 4311; x_wconf 66' lang='lat' dir='ltr'><strong>Serui.</strong></span> <span class='ocrx_word' id='word_1_665' title='bbox 3173 4241 3368 4293; x_wconf 84' lang='lat' dir='ltr'><strong>obertlt.</strong></span> 
     </span>
    </p>
   </div>
   <div class='ocr_carea' id='block_1_87' title="bbox 1983 4302 3502 4373">
    <p class='ocr_par' dir='ltr' id='par_1_87' title="bbox 1983 4302 3502 4373">
     <span class='ocr_line' id='line_1_87' title="bbox 1983 4302 3502 4373; baseline 0 -14"><span class='ocrx_word' id='word_1_666' title='bbox 1983 4302 2436 4373; x_wconf 67' lang='lat' dir='ltr'><strong>(llei-onutttiavit</strong></span> <span class='ocrx_word' id='word_1_667' title='bbox 2469 4315 2647 4354; x_wconf 81' lang='lat' dir='ltr'><strong>onmes.</strong></span> <span class='ocrx_word' id='word_1_668' title='bbox 2690 4302 2864 4353; x_wconf 77' lang='lat' dir='ltr'><strong>Junius</strong></span> <span class='ocrx_word' id='word_1_669' title='bbox 2902 4302 3167 4355; x_wconf 78' lang='lat' dir='ltr'><strong>evidentius</strong></span> <span class='ocrx_word' id='word_1_670' title='bbox 3204 4318 3307 4358; x_wconf 80' lang='lat' dir='ltr'><strong>esse</strong></span> <span class='ocrx_word' id='word_1_671' title='bbox 3351 4305 3502 4360; x_wconf 82' lang='lat' dir='ltr'><strong>dicit:</strong></span> 
     </span>
    </p>
   </div>
   <div class='ocr_carea' id='block_1_88' title="bbox 1921 4370 2577 4437">
    <p class='ocr_par' dir='ltr' id='par_1_88' title="bbox 1921 4370 2577 4437">
     <span class='ocr_line' id='line_1_88' title="bbox 1921 4370 2577 4437; baseline -0.012 -15"><span class='ocrx_word' id='word_1_672' title='bbox 1921 4370 2285 4437; x_wconf 56' lang='lat' dir='ltr'><strong>pratuuntiavit.</strong></span> <span class='ocrx_word' id='word_1_673' title='bbox 2363 4428 2372 4437; x_wconf 40' lang='lat'>&#39;</span> <span class='ocrx_word' id='word_1_674' title='bbox 2447 4426 2475 4437; x_wconf 28' lang='grc' dir='ltr'><strong>,Δ</strong></span> <span class='ocrx_word' id='word_1_675' title='bbox 2565 4424 2577 4435; x_wconf 49' lang='grc'><em>,</em></span> 
     </span>
    </p>
   </div>
   <div class='ocr_carea' id='block_1_89' title="bbox 1980 4424 2781 4497">
    <p class='ocr_par' dir='ltr' id='par_1_89' title="bbox 1980 4424 2781 4497">
     <span class='ocr_line' id='line_1_89' title="bbox 1980 4424 2781 4497; baseline -0.009 -14"><span class='ocrx_word' id='word_1_676' title='bbox 1980 4434 2078 4497; x_wconf 75' lang='lat' dir='ltr'>(t2)</span> <span class='ocrx_word' id='word_1_677' title='bbox 2112 4434 2305 4497; x_wconf 73' lang='lat' dir='ltr'><strong>gamma</strong></span> <span class='ocrx_word' id='word_1_678' title='bbox 2322 4426 2535 4493; x_wconf 78' lang='lat' dir='ltr'><strong>pingitur</strong></span> <span class='ocrx_word' id='word_1_679' title='bbox 2560 4424 2611 4497; x_wconf 74' lang='lat' dir='ltr'><strong>in</strong></span> <span class='ocrx_word' id='word_1_680' title='bbox 2628 4424 2781 4477; x_wconf 83' lang='lat' dir='ltr'><strong>Seml.</strong></span> 
     </span>
    </p>
   </div>
   <div class='ocr_carea' id='block_1_90' title="bbox 1984 4489 2793 4561">
    <p class='ocr_par' dir='ltr' id='par_1_90' title="bbox 1984 4489 2793 4561">
     <span class='ocr_line' id='line_1_90' title="bbox 1984 4489 2793 4561; baseline -0.007 0"><span class='ocrx_word' id='word_1_681' title='bbox 1984 4489 2592 4561; x_wconf 58' lang='lat' dir='ltr'><strong>itﬁlﬁonvmetuéseml-</strong></span> <span class='ocrx_word' id='word_1_682' title='bbox 2764 4551 2793 4561; x_wconf 27' lang='grc' dir='ltr'><strong>λ,</strong></span> 
     </span>
    </p>
   </div>
   <div class='ocr_carea' id='block_1_91' title="bbox 1978 4553 3509 4670">
    <p class='ocr_par' dir='ltr' id='par_1_91' title="bbox 1978 4553 3509 4670">
     <span class='ocr_line' id='line_1_91' title="bbox 1978 4553 3509 4670; baseline -0.007 -60"><span class='ocrx_word' id='word_1_683' title='bbox 1978 4553 2077 4670; x_wconf 47' lang='lat'>(14‘)</span> <span class='ocrx_word' id='word_1_684' title='bbox 2104 4555 2438 4670; x_wconf 42' lang='lat' dir='ltr'><strong>gﬂesnobis?</strong></span> <span class='ocrx_word' id='word_1_685' title='bbox 2472 4564 2634 4606; x_wconf 79' lang='lat' dir='ltr'><strong>anates</strong></span> <span class='ocrx_word' id='word_1_686' title='bbox 2672 4553 2849 4605; x_wconf 82' lang='lat' dir='ltr'><strong>rectius</strong></span> <span class='ocrx_word' id='word_1_687' title='bbox 2891 4566 3037 4618; x_wconf 86' lang='lat' dir='ltr'><strong>quam</strong></span> <span class='ocrx_word' id='word_1_688' title='bbox 3058 4553 3200 4607; x_wconf 84' lang='lat' dir='ltr'><strong>sentt.</strong></span> <span class='ocrx_word' id='word_1_689' title='bbox 3222 4555 3305 4619; x_wconf 83' lang='lat' dir='ltr'><strong>qui</strong></span> <span class='ocrx_word' id='word_1_690' title='bbox 3328 4553 3509 4610; x_wconf 71' lang='lat' dir='ltr'><strong>habet;</strong></span> 
     </span>
     <span class='ocr_line' id='line_1_92' title="bbox 1978 4635 2283 4670; baseline -0.007 0"><span class='ocrx_word' id='word_1_691' title='bbox 1978 4635 2015 4670; x_wconf 79' lang='grc' dir='ltr'><strong>ιιι</strong></span> <span class='ocrx_word' id='word_1_692' title='bbox 2037 4637 2051 4670; x_wconf 94' lang='grc'><strong>(</strong></span> <span class='ocrx_word' id='word_1_693' title='bbox 2072 4636 2100 4670; x_wconf 78' lang='lat'>8</span> <span class='ocrx_word' id='word_1_694' title='bbox 2270 4654 2283 4668; x_wconf 85' lang='lat'><strong>.</strong></span> 
     </span>
    </p>
   </div>
   <div class='ocr_carea' id='block_1_92' title="bbox 1918 4632 2283 4673">
    <p class='ocr_par' dir='ltr' id='par_1_92' title="bbox 1918 4632 2283 4673">
     <span class='ocr_line' id='line_1_93' title="bbox 1918 4632 2283 4673; baseline -0.014 0"><span class='ocrx_word' id='word_1_695' title='bbox 1918 4634 2015 4673; x_wconf 88' lang='lat' dir='ltr'><strong>non</strong></span> <span class='ocrx_word' id='word_1_696' title='bbox 2037 4632 2100 4672; x_wconf 86' lang='lat' dir='ltr'><strong>de</strong></span> <span class='ocrx_word' id='word_1_697' title='bbox 2124 4632 2283 4671; x_wconf 75' lang='lat' dir='ltr'><strong>DODIS.</strong></span> 
     </span>
    </p>
   </div>
   <div class='ocr_carea' id='block_1_93' title="bbox 1570 4788 2131 4849">
    <p class='ocr_par' dir='ltr' id='par_1_93' title="bbox 1570 4788 2131 4849">
     <span class='ocr_line' id='line_1_94' title="bbox 1570 4788 2131 4849; baseline -0.009 -1"><span class='ocrx_word' id='word_1_698' title='bbox 1570 4788 2131 4849; x_wconf 77' lang='lat' dir='ltr'><strong>COMMENTARIUS.</strong></span> 
     </span>
    </p>
   </div>
   <div class='ocr_carea' id='block_1_94' title="bbox 275 4924 1813 5008">
    <p class='ocr_par' dir='ltr' id='par_1_94' title="bbox 275 4924 1813 5008">
     <span class='ocr_line' id='line_1_95' title="bbox 275 4924 1813 5008; baseline -0.013 -14"><span class='ocrx_word' id='word_1_699' title='bbox 275 4939 363 4995; x_wconf 77' lang='lat' dir='ltr'><strong>CA</strong></span> <span class='ocrx_word' id='word_1_700' title='bbox 376 4937 432 4991; x_wconf 84' lang='lat' dir='ltr'><strong>P.</strong></span> <span class='ocrx_word' id='word_1_701' title='bbox 476 4934 656 4991; x_wconf 80' lang='grc' dir='ltr'><strong>1Χ.-</strong></span> <span class='ocrx_word' id='word_1_702' title='bbox 673 4934 749 5008; x_wconf 69' lang='lat' dir='ltr'><strong>(tt)</strong></span> <span class='ocrx_word' id='word_1_703' title='bbox 774 4931 842 4988; x_wconf 85' lang='lat' dir='ltr'><strong>Et</strong></span> <span class='ocrx_word' id='word_1_704' title='bbox 864 4934 976 4989; x_wconf 81' lang='lat' dir='ltr'><strong>ideo</strong></span> <span class='ocrx_word' id='word_1_705' title='bbox 1006 4932 1254 5008; x_wconf 72' lang='lat' dir='ltr'><strong>precario,</strong></span> <span class='ocrx_word' id='word_1_706' title='bbox 1279 4946 1382 4985; x_wconf 83' lang='lat' dir='ltr'><strong>non</strong></span> <span class='ocrx_word' id='word_1_707' title='bbox 1400 4926 1661 5008; x_wconf 44' lang='lat' dir='ltr'><strong>dominia.</strong></span> <span class='ocrx_word' id='word_1_708' title='bbox 1682 4924 1813 5006; x_wconf 73' lang='lat' dir='ltr'><strong>Pre.</strong></span> 
     </span>
    </p>
   </div>
   <div class='ocr_carea' id='block_1_95' title="bbox 201 5002 1809 5073">
    <p class='ocr_par' dir='ltr' id='par_1_95' title="bbox 201 5002 1809 5073">
     <span class='ocr_line' id='line_1_96' title="bbox 201 5002 1809 5073; baseline -0.011 -7"><span class='ocrx_word' id='word_1_709' title='bbox 201 5013 355 5066; x_wconf 85' lang='lat' dir='ltr'><strong>cario</strong></span> <span class='ocrx_word' id='word_1_710' title='bbox 377 5049 392 5073; x_wconf 90' lang='lat'><strong>,</strong></span> <span class='ocrx_word' id='word_1_711' title='bbox 430 5002 693 5067; x_wconf 60' lang='lat' dir='ltr'><strong>(Iuntiniu,</strong></span> <span class='ocrx_word' id='word_1_712' title='bbox 720 5002 800 5071; x_wconf 81' lang='lat' dir='ltr'><strong>vi,</strong></span> <span class='ocrx_word' id='word_1_713' title='bbox 830 5002 1041 5060; x_wconf 76' lang='lat' dir='ltr'><strong>sumere</strong></span> <span class='ocrx_word' id='word_1_714' title='bbox 1066 5005 1274 5069; x_wconf 90' lang='lat' dir='ltr'><strong>aliena,</strong></span> <span class='ocrx_word' id='word_1_715' title='bbox 1304 5002 1464 5056; x_wconf 90' lang='lat' dir='ltr'><strong>verba</strong></span> <span class='ocrx_word' id='word_1_716' title='bbox 1496 5002 1809 5073; x_wconf 55' lang='lat' dir='ltr'><strong>suntjuris-</strong></span> 
     </span>
    </p>
   </div>
   <div class='ocr_carea' id='block_1_96' title="bbox 200 5067 1808 5148">
    <p class='ocr_par' dir='ltr' id='par_1_96' title="bbox 200 5067 1808 5148">
     <span class='ocr_line' id='line_1_97' title="bbox 200 5067 1808 5148; baseline -0.008 -12"><span class='ocrx_word' id='word_1_717' title='bbox 200 5067 493 5136; x_wconf 77' lang='lat' dir='ltr'><strong>consultis.</strong></span> <span class='ocrx_word' id='word_1_718' title='bbox 533 5078 730 5148; x_wconf 79' lang='lat' dir='ltr'><strong>Legum</strong></span> <span class='ocrx_word' id='word_1_719' title='bbox 760 5067 937 5131; x_wconf 82' lang='lat' dir='ltr'><strong>autem</strong></span> <span class='ocrx_word' id='word_1_720' title='bbox 969 5076 1201 5148; x_wconf 83' lang='lat' dir='ltr'><strong>civilium</strong></span> <span class='ocrx_word' id='word_1_721' title='bbox 1235 5067 1478 5148; x_wconf 85' lang='lat' dir='ltr'><strong>peritiam</strong></span> <span class='ocrx_word' id='word_1_722' title='bbox 1512 5073 1562 5124; x_wconf 94' lang='lat' dir='ltr'><strong>in</strong></span> <span class='ocrx_word' id='word_1_723' title='bbox 1590 5067 1808 5123; x_wconf 85' lang='lat' dir='ltr'><strong>Tertul-</strong></span> 
     </span>
    </p>
   </div>
   <div class='ocr_carea' id='block_1_97' title="bbox 200 5144 1807 5221">
    <p class='ocr_par' dir='ltr' id='par_1_97' title="bbox 200 5144 1807 5221">
     <span class='ocr_line' id='line_1_98' title="bbox 200 5144 1807 5221; baseline -0.009 -14"><span class='ocrx_word' id='word_1_724' title='bbox 200 5155 352 5207; x_wconf 80' lang='lat' dir='ltr'><strong>Iiztnn</strong></span> <span class='ocrx_word' id='word_1_725' title='bbox 384 5144 728 5221; x_wconf 75' lang='lat' dir='ltr'><strong>permagnam</strong></span> <span class='ocrx_word' id='word_1_726' title='bbox 760 5150 941 5215; x_wconf 76' lang='lat' dir='ltr'><strong>fuisse,</strong></span> <span class='ocrx_word' id='word_1_727' title='bbox 974 5162 1077 5201; x_wconf 95' lang='lat' dir='ltr'><strong>non</strong></span> <span class='ocrx_word' id='word_1_728' title='bbox 1105 5146 1191 5201; x_wconf 91' lang='lat' dir='ltr'><strong>ltic</strong></span> <span class='ocrx_word' id='word_1_729' title='bbox 1218 5155 1421 5199; x_wconf 89' lang='lat' dir='ltr'><strong>tantum</strong></span> <span class='ocrx_word' id='word_1_730' title='bbox 1450 5144 1599 5198; x_wconf 90' lang='lat' dir='ltr'><strong>locus</strong></span> <span class='ocrx_word' id='word_1_731' title='bbox 1622 5151 1807 5194; x_wconf 82' lang='lat' dir='ltr'><strong>05ten-</strong></span> 
     </span>
    </p>
   </div>
   <div class='ocr_carea' id='block_1_98' title="bbox 199 5224 520 5279">
    <p class='ocr_par' dir='ltr' id='par_1_98' title="bbox 199 5224 520 5279">
     <span class='ocr_line' id='line_1_99' title="bbox 199 5224 520 5279; baseline -0.016 -1"><span class='ocrx_word' id='word_1_732' title='bbox 199 5226 283 5279; x_wconf 88' lang='lat' dir='ltr'><strong>dit</strong></span> <span class='ocrx_word' id='word_1_733' title='bbox 346 5224 520 5275; x_wconf 70' lang='lat' dir='ltr'><strong>“BEN.</strong></span> 
     </span>
    </p>
   </div>
   <div class='ocr_carea' id='block_1_99' title="bbox 279 5285 1805 5365">
    <p class='ocr_par' dir='ltr' id='par_1_99' title="bbox 279 5285 1805 5365">
     <span class='ocr_line' id='line_1_100' title="bbox 279 5285 1805 5365; baseline -0.004 -18"><span class='ocrx_word' id='word_1_734' title='bbox 279 5296 366 5365; x_wconf 85' lang='lat' dir='ltr'>(b)</span> <span class='ocrx_word' id='word_1_735' title='bbox 415 5292 657 5346; x_wconf 75' lang='lat' dir='ltr'><strong>l’m‘ario</strong></span> <span class='ocrx_word' id='word_1_736' title='bbox 699 5308 764 5345; x_wconf 85' lang='lat' dir='ltr'><strong>an</strong></span> <span class='ocrx_word' id='word_1_737' title='bbox 800 5292 868 5345; x_wconf 82' lang='lat' dir='ltr'><strong>vi.</strong></span> <span class='ocrx_word' id='word_1_738' title='bbox 914 5289 1165 5365; x_wconf 74' lang='lat' dir='ltr'><strong>Precario</strong></span> <span class='ocrx_word' id='word_1_739' title='bbox 1194 5286 1393 5365; x_wconf 83' lang='lat' dir='ltr'><strong>aliquid</strong></span> <span class='ocrx_word' id='word_1_740' title='bbox 1431 5286 1546 5365; x_wconf 83' lang='lat' dir='ltr'><strong>fieri</strong></span> <span class='ocrx_word' id='word_1_741' title='bbox 1590 5285 1805 5365; x_wconf 73' lang='lat' dir='ltr'><strong>dicitur,</strong></span> 
     </span>
    </p>
   </div>
   <div class='ocr_carea' id='block_1_100' title="bbox 201 5356 1812 5434">
    <p class='ocr_par' dir='ltr' id='par_1_100' title="bbox 201 5356 1812 5434">
     <span class='ocr_line' id='line_1_101' title="bbox 201 5356 1812 5434; baseline -0.005 -14"><span class='ocrx_word' id='word_1_742' title='bbox 201 5356 630 5434; x_wconf 47' lang='lat' dir='ltr'><strong>cunt&#39;precibus</strong></span> <span class='ocrx_word' id='word_1_743' title='bbox 672 5373 1054 5432; x_wconf 73' lang='lat' dir='ltr'><strong>estet-tutetur,</strong></span> <span class='ocrx_word' id='word_1_744' title='bbox 1088 5360 1364 5434; x_wconf 79' lang='lat' dir='ltr'><strong>interdum</strong></span> <span class='ocrx_word' id='word_1_745' title='bbox 1414 5359 1557 5413; x_wconf 92' lang='lat' dir='ltr'><strong>enim</strong></span> <span class='ocrx_word' id='word_1_746' title='bbox 1606 5356 1812 5434; x_wconf 59' lang='lat' dir='ltr'><strong>ﬂagita-</strong></span> 
     </span>
    </p>
   </div>
   <div class='ocr_carea' id='block_1_101' title="bbox 206 5427 1813 5505">
    <p class='ocr_par' dir='ltr' id='par_1_101' title="bbox 206 5427 1813 5505">
     <span class='ocr_line' id='line_1_102' title="bbox 206 5427 1813 5505; baseline -0.005 -13"><span class='ocrx_word' id='word_1_747' title='bbox 206 5438 345 5492; x_wconf 87' lang='lat' dir='ltr'><strong>tioni</strong></span> <span class='ocrx_word' id='word_1_748' title='bbox 376 5427 430 5489; x_wconf 77' lang='lat' dir='ltr'><strong>et</strong></span> <span class='ocrx_word' id='word_1_749' title='bbox 462 5437 774 5505; x_wconf 78' lang='lat' dir='ltr'><strong>importuna:</strong></span> <span class='ocrx_word' id='word_1_750' title='bbox 802 5427 1100 5488; x_wconf 79' lang='lat' dir='ltr'><strong>assiduitati</strong></span> <span class='ocrx_word' id='word_1_751' title='bbox 1131 5429 1477 5497; x_wconf 84' lang='lat' dir='ltr'><strong>conceditur,</strong></span> <span class='ocrx_word' id='word_1_752' title='bbox 1506 5427 1649 5500; x_wconf 85' lang='lat' dir='ltr'><strong>quod</strong></span> <span class='ocrx_word' id='word_1_753' title='bbox 1677 5429 1813 5484; x_wconf 89' lang='lat' dir='ltr'><strong>alias</strong></span> 
     </span>
    </p>
   </div>
   <div class='ocr_carea' id='block_1_102' title="bbox 202 5506 757 5579">
    <p class='ocr_par' dir='ltr' id='par_1_102' title="bbox 202 5506 757 5579">
     <span class='ocr_line' id='line_1_103' title="bbox 202 5506 757 5579; baseline -0.007 -19"><span class='ocrx_word' id='word_1_754' title='bbox 202 5518 521 5579; x_wconf 61' lang='lat' dir='ltr'><strong>negaretur.</strong></span> <span class='ocrx_word' id='word_1_755' title='bbox 558 5506 632 5560; x_wconf 79' lang='lat' dir='ltr'><strong>LE</strong></span> 
     </span>
    </p>
   </div>
   <div class='ocr_carea' id='block_1_103' title="bbox 282 5568 1814 5649">
    <p class='ocr_par' dir='ltr' id='par_1_103' title="bbox 282 5568 1814 5649">
     <span class='ocr_line' id='line_1_104' title="bbox 282 5568 1814 5649; baseline -0.005 -17"><span class='ocrx_word' id='word_1_756' title='bbox 282 5568 446 5649; x_wconf 65' lang='grc' dir='ltr'><strong>ἶΛΡ.</strong></span> <span class='ocrx_word' id='word_1_757' title='bbox 484 5577 548 5631; x_wconf 80' lang='grc' dir='ltr'><strong>Χ.</strong></span> <span class='ocrx_word' id='word_1_758' title='bbox 580 5607 650 5617; x_wconf 89' lang='grc'><strong><em>-</em></strong></span> <span class='ocrx_word' id='word_1_759' title='bbox 674 5575 747 5649; x_wconf 89' lang='lat' dir='ltr'>(c)</span> <span class='ocrx_word' id='word_1_760' title='bbox 778 5575 923 5649; x_wconf 77' lang='lat' dir='ltr'><strong>Bono</strong></span> <span class='ocrx_word' id='word_1_761' title='bbox 944 5576 1062 5649; x_wconf 77' lang='lat' dir='ltr'><strong>ﬁde.</strong></span> <span class='ocrx_word' id='word_1_762' title='bbox 1093 5573 1148 5627; x_wconf 94' lang='lat' dir='ltr'><strong>Id</strong></span> <span class='ocrx_word' id='word_1_763' title='bbox 1178 5581 1281 5636; x_wconf 89' lang='lat' dir='ltr'><strong>est,</strong></span> <span class='ocrx_word' id='word_1_764' title='bbox 1309 5573 1490 5649; x_wconf 72' lang='lat' dir='ltr'><strong>serio:</strong></span> <span class='ocrx_word' id='word_1_765' title='bbox 1520 5570 1595 5625; x_wconf 93' lang='lat' dir='ltr'><strong>sic</strong></span> <span class='ocrx_word' id='word_1_766' title='bbox 1624 5568 1814 5649; x_wconf 70' lang='lat' dir='ltr'><strong>Petro-</strong></span> 
     </span>
    </p>
   </div>
   <div class='ocr_carea' id='block_1_104' title="bbox 204 5643 1813 5719">
    <p class='ocr_par' dir='ltr' id='par_1_104' title="bbox 204 5643 1813 5719">
     <span class='ocr_line' id='line_1_105' title="bbox 204 5643 1813 5719; baseline -0.007 -14"><span class='ocrx_word' id='word_1_767' title='bbox 204 5653 336 5705; x_wconf 86' lang='lat' dir='ltr'><strong>nius</strong></span> <span class='ocrx_word' id='word_1_768' title='bbox 366 5648 419 5703; x_wconf 87' lang='lat' dir='ltr'><strong>in</strong></span> <span class='ocrx_word' id='word_1_769' title='bbox 444 5651 620 5719; x_wconf 73' lang='lat' dir='ltr'><strong>Satyr.</strong></span> <span class='ocrx_word' id='word_1_770' title='bbox 641 5668 652 5700; x_wconf 89' lang='lat'>:</span> <span class='ocrx_word' id='word_1_771' title='bbox 671 5643 775 5703; x_wconf 72' lang='lat' dir='ltr'><strong>Séd</strong></span> <span class='ocrx_word' id='word_1_772' title='bbox 797 5647 924 5701; x_wconf 83' lang='lat' dir='ltr'><strong>nihil</strong></span> <span class='ocrx_word' id='word_1_773' title='bbox 945 5643 1058 5716; x_wconf 80' lang='lat' dir='ltr'><strong>jam</strong></span> <span class='ocrx_word' id='word_1_774' title='bbox 1079 5643 1425 5719; x_wconf 76' lang='lat' dir='ltr'><strong>qtteror,ttil_t_ii</strong></span> <span class='ocrx_word' id='word_1_775' title='bbox 1446 5644 1559 5719; x_wconf 68' lang='lat' dir='ltr'><strong>jtnn</strong></span> <span class='ocrx_word' id='word_1_776' title='bbox 1588 5644 1813 5707; x_wconf 83' lang='lat' dir='ltr'><strong>memini,</strong></span> 
     </span>
    </p>
   </div>
   <div class='ocr_carea' id='block_1_105' title="bbox 200 5714 1814 5787">
    <p class='ocr_par' dir='ltr' id='par_1_105' title="bbox 200 5714 1814 5787">
     <span class='ocr_line' id='line_1_106' title="bbox 200 5714 1814 5787; baseline -0.006 -12"><span class='ocrx_word' id='word_1_777' title='bbox 200 5724 247 5775; x_wconf 83' lang='lat' dir='ltr'><strong>si</strong></span> <span class='ocrx_word' id='word_1_778' title='bbox 279 5724 417 5775; x_wconf 76' lang='lat' dir='ltr'><strong>bona</strong></span> <span class='ocrx_word' id='word_1_779' title='bbox 449 5714 555 5787; x_wconf 70' lang='lat' dir='ltr'><strong>ﬁde</strong></span> <span class='ocrx_word' id='word_1_780' title='bbox 581 5720 919 5786; x_wconf 68' lang='lat' dir='ltr'><strong>penitentiam</strong></span> <span class='ocrx_word' id='word_1_781' title='bbox 947 5714 1193 5771; x_wconf 66' lang='lat' dir='ltr'><strong>emendas</strong></span> <span class='ocrx_word' id='word_1_782' title='bbox 1240 5716 1304 5769; x_wconf 65' lang='lat' dir='ltr'><strong>Iit</strong></span> <span class='ocrx_word' id='word_1_783' title='bbox 1331 5714 1437 5787; x_wconf 84' lang='lat' dir='ltr'><strong>alio</strong></span> <span class='ocrx_word' id='word_1_784' title='bbox 1482 5715 1621 5787; x_wconf 73' lang='lat' dir='ltr'><strong>loco,</strong></span> <span class='ocrx_word' id='word_1_785' title='bbox 1661 5722 1814 5787; x_wconf 84' lang='lat' dir='ltr'><strong>antea</strong></span> 
     </span>
    </p>
   </div>
   <div class='ocr_carea' id='block_1_106' title="bbox 204 5784 1815 5859">
    <p class='ocr_par' dir='ltr' id='par_1_106' title="bbox 204 5784 1815 5859">
     <span class='ocr_line' id='line_1_107' title="bbox 204 5784 1815 5859; baseline -0.006 -12"><span class='ocrx_word' id='word_1_786' title='bbox 204 5784 469 5847; x_wconf 87' lang='lat' dir='ltr'><strong>nimirum</strong></span> <span class='ocrx_word' id='word_1_787' title='bbox 490 5833 503 5856; x_wconf 94' lang='lat'><strong>,</strong></span> <span class='ocrx_word' id='word_1_788' title='bbox 532 5784 811 5859; x_wconf 79' lang='lat' dir='ltr'><strong>osculisque</strong></span> <span class='ocrx_word' id='word_1_789' title='bbox 838 5790 967 5843; x_wconf 82' lang='lat' dir='ltr'><strong>bona</strong></span> <span class='ocrx_word' id='word_1_790' title='bbox 1007 5788 1107 5855; x_wconf 83' lang='lat' dir='ltr'><strong>[ide</strong></span> <span class='ocrx_word' id='word_1_791' title='bbox 1127 5788 1333 5859; x_wconf 75' lang='lat' dir='ltr'><strong>exactis.</strong></span> <span class='ocrx_word' id='word_1_792' title='bbox 1354 5784 1651 5855; x_wconf 86' lang='lat' dir='ltr'><strong>Aliquando</strong></span> <span class='ocrx_word' id='word_1_793' title='bbox 1677 5785 1815 5838; x_wconf 90' lang='lat' dir='ltr'><strong>idem</strong></span> 
     </span>
    </p>
   </div>
   <div class='ocr_carea' id='block_1_107' title="bbox 206 5857 1812 5933">
    <p class='ocr_par' dir='ltr' id='par_1_107' title="bbox 206 5857 1812 5933">
     <span class='ocr_line' id='line_1_108' title="bbox 206 5857 1812 5933; baseline -0.006 -16"><span class='ocrx_word' id='word_1_794' title='bbox 206 5874 292 5917; x_wconf 80' lang='lat' dir='ltr'><strong>est</strong></span> <span class='ocrx_word' id='word_1_795' title='bbox 334 5877 402 5916; x_wconf 87' lang='lat' dir='ltr'><strong>ac</strong></span> <span class='ocrx_word' id='word_1_796' title='bbox 418 5866 561 5933; x_wconf 82' lang='lat' dir='ltr'><strong>juste</strong></span> <span class='ocrx_word' id='word_1_797' title='bbox 589 5872 640 5916; x_wconf 89' lang='lat' dir='ltr'><strong>et</strong></span> <span class='ocrx_word' id='word_1_798' title='bbox 684 5857 801 5916; x_wconf 79' lang='lat' dir='ltr'><strong>cum</strong></span> <span class='ocrx_word' id='word_1_799' title='bbox 834 5862 1097 5933; x_wconf 65' lang='lat' dir='ltr'><strong>(equitate,</strong></span> <span class='ocrx_word' id='word_1_800' title='bbox 1134 5868 1188 5933; x_wconf 68' lang='lat' dir='ltr'><strong>et</strong></span> <span class='ocrx_word' id='word_1_801' title='bbox 1214 5860 1267 5913; x_wconf 93' lang='lat' dir='ltr'><strong>in</strong></span> <span class='ocrx_word' id='word_1_802' title='bbox 1302 5857 1441 5933; x_wconf 84' lang='lat' dir='ltr'><strong>ltut_t_e.</strong></span> <span class='ocrx_word' id='word_1_803' title='bbox 1470 5872 1685 5911; x_wconf 87' lang='lat' dir='ltr'><strong>sensum</strong></span> <span class='ocrx_word' id='word_1_804' title='bbox 1714 5873 1812 5933; x_wconf 54' lang='lat' dir='ltr'><strong>op:-</strong></span> 
     </span>
    </p>
   </div>
   <div class='ocr_carea' id='block_1_108' title="bbox 207 5927 1819 6007">
    <p class='ocr_par' dir='ltr' id='par_1_108' title="bbox 207 5927 1819 6007">
     <span class='ocr_line' id='line_1_109' title="bbox 207 5927 1819 6007; baseline -0.003 -18"><span class='ocrx_word' id='word_1_805' title='bbox 207 5938 340 5994; x_wconf 86' lang='lat' dir='ltr'><strong>n&#39;mu</strong></span> <span class='ocrx_word' id='word_1_806' title='bbox 378 5927 483 6007; x_wconf 67' lang='lat' dir='ltr'><strong>[ille</strong></span> <span class='ocrx_word' id='word_1_807' title='bbox 511 5934 705 5991; x_wconf 87' lang='lat' dir='ltr'><strong>dicitur</strong></span> <span class='ocrx_word' id='word_1_808' title='bbox 746 5927 906 5991; x_wconf 75' lang='lat' dir='ltr'><strong>etiam</strong></span> <span class='ocrx_word' id='word_1_809' title='bbox 936 5949 950 5989; x_wconf 89' lang='lat'><strong>:</strong></span> <span class='ocrx_word' id='word_1_810' title='bbox 981 5932 1123 5991; x_wconf 85' lang='lat' dir='ltr'><strong>idem</strong></span> <span class='ocrx_word' id='word_1_811' title='bbox 1159 5929 1329 5989; x_wconf 85' lang='lat' dir='ltr'><strong>Petr.:</strong></span> <span class='ocrx_word' id='word_1_812' title='bbox 1367 5928 1489 5985; x_wconf 79' lang='lat' dir='ltr'><strong>Non</strong></span> <span class='ocrx_word' id='word_1_813' title='bbox 1520 5927 1819 6003; x_wconf 79' lang='lat' dir='ltr'><strong>repugnavi:</strong></span> 
     </span>
    </p>
   </div>
   <div class='ocr_carea' id='block_1_109' title="bbox 1913 4923 3506 5052">
    <p class='ocr_par' dir='ltr' id='par_1_109' title="bbox 1913 4923 3506 5052">
     <span class='ocr_line' id='line_1_110' title="bbox 1913 4923 3506 5052; baseline 0.001 -68"><span class='ocrx_word' id='word_1_814' title='bbox 1913 4929 2020 4997; x_wconf 85' lang='lat' dir='ltr'><strong>ille,</strong></span> <span class='ocrx_word' id='word_1_815' title='bbox 2052 4926 2142 4984; x_wconf 82' lang='lat' dir='ltr'><strong>sed</strong></span> <span class='ocrx_word' id='word_1_816' title='bbox 2174 4935 2439 4998; x_wconf 83' lang='lat' dir='ltr'><strong>postquam</strong></span> <span class='ocrx_word' id='word_1_817' title='bbox 2466 4925 2658 4994; x_wconf 86' lang='lat' dir='ltr'><strong>optima</strong></span> <span class='ocrx_word' id='word_1_818' title='bbox 2686 4923 2788 4993; x_wconf 85' lang='lat' dir='ltr'><strong>[ide</strong></span> <span class='ocrx_word' id='word_1_819' title='bbox 2813 4925 2985 4995; x_wconf 82' lang='lat' dir='ltr'><strong>partiti</strong></span> <span class='ocrx_word' id='word_1_820' title='bbox 3016 4928 3280 5052; x_wconf 54' lang='lat' dir='ltr'><strong>ntqtmblips</strong></span> <span class='ocrx_word' id='word_1_821' title='bbox 3308 4947 3506 4985; x_wconf 84' lang='lat' dir='ltr'><strong>sumus.</strong></span> 
     </span>
     <span class='ocr_line' id='line_1_111' title="bbox 3102 5015 3292 5052; baseline 0.005 -1"><span class='ocrx_word' id='word_1_822' title='bbox 3102 5015 3154 5052; x_wconf 71' lang='grc' dir='ltr'><strong>,ε</strong></span> <span class='ocrx_word' id='word_1_823' title='bbox 3242 5016 3292 5052; x_wconf 82' lang='lat' dir='ltr'><strong>tt.</strong></span> 
     </span>
    </p>
   </div>
   <div class='ocr_carea' id='block_1_110' title="bbox 3102 5015 3292 5053">
    <p class='ocr_par' dir='ltr' id='par_1_110' title="bbox 3102 5015 3292 5053">
     <span class='ocr_line' id='line_1_112' title="bbox 3102 5015 3292 5053; baseline 0.005 -2"><span class='ocrx_word' id='word_1_824' title='bbox 3102 5015 3154 5052; x_wconf 50' lang='lat' dir='ltr'><strong>1E</strong></span> <span class='ocrx_word' id='word_1_825' title='bbox 3196 5015 3292 5053; x_wconf 70' lang='grc' dir='ltr'><strong>ΡΒ.</strong></span> 
     </span>
    </p>
   </div>
   <div class='ocr_carea' id='block_1_111' title="bbox 1986 5087 3509 5164">
    <p class='ocr_par' dir='ltr' id='par_1_111' title="bbox 1986 5087 3509 5164">
     <span class='ocr_line' id='line_1_113' title="bbox 1986 5087 3509 5164; baseline 0.003 -20"><span class='ocrx_word' id='word_1_826' title='bbox 1986 5091 2065 5164; x_wconf 75' lang='grc'><strong>((1)</strong></span> <span class='ocrx_word' id='word_1_827' title='bbox 2120 5092 2230 5147; x_wconf 84' lang='lat' dir='ltr'><strong>Sua</strong></span> <span class='ocrx_word' id='word_1_828' title='bbox 2272 5087 2920 5164; x_wconf 70' lang='lat' dir='ltr'><strong>injectionc._0bjectione</strong></span> <span class='ocrx_word' id='word_1_829' title='bbox 2960 5103 3053 5144; x_wconf 91' lang='lat' dir='ltr'><strong>seu</strong></span> <span class='ocrx_word' id='word_1_830' title='bbox 3096 5102 3412 5161; x_wconf 87' lang='lat' dir='ltr'><strong>argumento</strong></span> <span class='ocrx_word' id='word_1_831' title='bbox 3456 5096 3509 5150; x_wconf 90' lang='lat' dir='ltr'><strong>in</strong></span> 
     </span>
    </p>
   </div>
   <div class='ocr_carea' id='block_1_112' title="bbox 1914 5160 2761 5223">
    <p class='ocr_par' dir='ltr' id='par_1_112' title="bbox 1914 5160 2761 5223">
     <span class='ocr_line' id='line_1_114' title="bbox 1914 5160 2761 5223; baseline -0.006 -5"><span class='ocrx_word' id='word_1_832' title='bbox 1914 5160 2242 5223; x_wconf 80' lang='lat' dir='ltr'><strong>contrariunt</strong></span> <span class='ocrx_word' id='word_1_833' title='bbox 2274 5172 2541 5217; x_wconf 83' lang='lat' dir='ltr'><strong>eontorto.</strong></span> <span class='ocrx_word' id='word_1_834' title='bbox 2567 5160 2642 5214; x_wconf 73' lang='lat' dir='ltr'><strong>Le</strong></span> <span class='ocrx_word' id='word_1_835' title='bbox 2664 5160 2761 5214; x_wconf 80' lang='lat' dir='ltr'><strong>l’n.</strong></span> 
     </span>
    </p>
   </div>
   <div class='ocr_carea' id='block_1_113' title="bbox 1991 5251 3510 5328">
    <p class='ocr_par' dir='ltr' id='par_1_113' title="bbox 1991 5251 3510 5328">
     <span class='ocr_line' id='line_1_115' title="bbox 1991 5251 3510 5328; baseline -0.003 -20"><span class='ocrx_word' id='word_1_836' title='bbox 1991 5257 2067 5328; x_wconf 77' lang='lat' dir='ltr'>(c)</span> <span class='ocrx_word' id='word_1_837' title='bbox 2098 5256 2205 5328; x_wconf 72' lang='lat' dir='ltr'><strong>Sed</strong></span> <span class='ocrx_word' id='word_1_838' title='bbox 2234 5261 2512 5328; x_wconf 65' lang='lat' dir='ltr'><strong>assentator</strong></span> <span class='ocrx_word' id='word_1_839' title='bbox 2537 5253 2676 5328; x_wconf 70' lang='lat' dir='ltr'><strong>ntali.</strong></span> <span class='ocrx_word' id='word_1_840' title='bbox 2709 5251 2871 5328; x_wconf 85' lang='lat' dir='ltr'><strong>Quasi</strong></span> <span class='ocrx_word' id='word_1_841' title='bbox 2901 5264 3159 5319; x_wconf 76' lang='lat' dir='ltr'><strong>assertor,</strong></span> <span class='ocrx_word' id='word_1_842' title='bbox 3190 5270 3280 5308; x_wconf 84' lang='lat' dir='ltr'><strong>seu</strong></span> <span class='ocrx_word' id='word_1_843' title='bbox 3315 5257 3510 5323; x_wconf 75' lang='lat' dir='ltr'><strong>mavis,</strong></span> 
     </span>
    </p>
   </div>
   <div class='ocr_carea' id='block_1_114' title="bbox 1918 5324 3508 5388">
    <p class='ocr_par' dir='ltr' id='par_1_114' title="bbox 1918 5324 3508 5388">
     <span class='ocr_line' id='line_1_116' title="bbox 1918 5324 3508 5388; baseline -0.001 -4"><span class='ocrx_word' id='word_1_844' title='bbox 1918 5324 2301 5388; x_wconf 69' lang='lat' dir='ltr'><strong>disSintuIatur,</strong></span> <span class='ocrx_word' id='word_1_845' title='bbox 2331 5324 2477 5378; x_wconf 71' lang='lat' dir='ltr'><strong>Deus</strong></span> <span class='ocrx_word' id='word_1_846' title='bbox 2495 5324 2695 5377; x_wconf 76' lang='lat' dir='ltr'><strong>scilicet</strong></span> <span class='ocrx_word' id='word_1_847' title='bbox 2719 5325 2911 5376; x_wconf 86' lang='lat' dir='ltr'><strong>malam</strong></span> <span class='ocrx_word' id='word_1_848' title='bbox 2938 5339 3058 5378; x_wconf 85' lang='lat' dir='ltr'><strong>esse</strong></span> <span class='ocrx_word' id='word_1_849' title='bbox 3085 5328 3361 5382; x_wconf 72' lang='lat' dir='ltr'><strong>materiam</strong></span> <span class='ocrx_word' id='word_1_850' title='bbox 3385 5343 3508 5383; x_wconf 91' lang='lat' dir='ltr'><strong>cum</strong></span> 
     </span>
    </p>
   </div>
   <div class='ocr_carea' id='block_1_115' title="bbox 1919 5393 3512 5471">
    <p class='ocr_par' dir='ltr' id='par_1_115' title="bbox 1919 5393 3512 5471">
     <span class='ocr_line' id='line_1_117' title="bbox 1919 5393 3512 5471; baseline 0.003 -22"><span class='ocrx_word' id='word_1_851' title='bbox 1919 5408 2310 5471; x_wconf 60' lang='lat' dir='ltr'><strong>agnoscath</strong></span> <span class='ocrx_word' id='word_1_852' title='bbox 2358 5404 2536 5449; x_wconf 88' lang='lat' dir='ltr'><strong>tamen</strong></span> <span class='ocrx_word' id='word_1_853' title='bbox 2582 5396 2747 5471; x_wconf 83' lang='lat' dir='ltr'><strong>utitur</strong></span> <span class='ocrx_word' id='word_1_854' title='bbox 2786 5393 3127 5471; x_wconf 77' lang='lat' dir='ltr'><strong>(quoderat</strong></span> <span class='ocrx_word' id='word_1_855' title='bbox 3162 5397 3512 5471; x_wconf 84' lang='lat' dir='ltr'><strong>Hermogenis</strong></span> 
     </span>
    </p>
   </div>
   <div class='ocr_carea' id='block_1_116' title="bbox 1920 5466 3510 5591">
    <p class='ocr_par' dir='ltr' id='par_1_116' title="bbox 1920 5466 3510 5591">
     <span class='ocr_line' id='line_1_118' title="bbox 1920 5466 3510 5540; baseline -0.001 -15"><span class='ocrx_word' id='word_1_856' title='bbox 1920 5466 2156 5540; x_wconf 77' lang='lat' dir='ltr'><strong>dogma)</strong></span> <span class='ocrx_word' id='word_1_857' title='bbox 2193 5468 2441 5535; x_wconf 91' lang='lat' dir='ltr'><strong>illiusque</strong></span> <span class='ocrx_word' id='word_1_858' title='bbox 2472 5466 2784 5537; x_wconf 87' lang='lat' dir='ltr'><strong>pravitatem</strong></span> <span class='ocrx_word' id='word_1_859' title='bbox 2814 5466 2895 5520; x_wconf 89' lang='lat' dir='ltr'><strong>vel</strong></span> <span class='ocrx_word' id='word_1_860' title='bbox 2925 5466 3175 5534; x_wconf 90' lang='lat' dir='ltr'><strong>adstruit,</strong></span> <span class='ocrx_word' id='word_1_861' title='bbox 3206 5470 3289 5523; x_wconf 87' lang='lat' dir='ltr'><strong>vel</strong></span> <span class='ocrx_word' id='word_1_862' title='bbox 3321 5466 3510 5525; x_wconf 82' lang='lat' dir='ltr'><strong>saltem</strong></span> 
     </span>
     <span class='ocr_line' id='line_1_119' title="bbox 1922 5537 2467 5591; baseline 0 0"><span class='ocrx_word' id='word_1_863' title='bbox 1922 5543 2241 5591; x_wconf 79' lang='lat' dir='ltr'><strong>dissimulat.</strong></span> <span class='ocrx_word' id='word_1_864' title='bbox 2271 5537 2346 5591; x_wconf 75' lang='lat' dir='ltr'><strong>LF.</strong></span> <span class='ocrx_word' id='word_1_865' title='bbox 2370 5538 2467 5591; x_wconf 78' lang='lat' dir='ltr'><strong>Pa.</strong></span> 
     </span>
    </p>
   </div>
   <div class='ocr_carea' id='block_1_117' title="bbox 1922 5543 2467 5597">
    <p class='ocr_par' dir='ltr' id='par_1_117' title="bbox 1922 5543 2467 5597">
     <span class='ocr_line' id='line_1_120' title="bbox 1922 5543 2467 5597; baseline -0.007 -1"><span class='ocrx_word' id='word_1_866' title='bbox 1922 5543 2241 5597; x_wconf 84' lang='lat' dir='ltr'><strong>dissimulat.</strong></span> <span class='ocrx_word' id='word_1_867' title='bbox 2271 5543 2346 5591; x_wconf 77' lang='lat' dir='ltr'><strong>LF.</strong></span> <span class='ocrx_word' id='word_1_868' title='bbox 2371 5543 2467 5593; x_wconf 81' lang='lat' dir='ltr'><strong>Pa.</strong></span> 
     </span>
    </p>
   </div>
   <div class='ocr_carea' id='block_1_118' title="bbox 1993 5626 3513 5702">
    <p class='ocr_par' dir='ltr' id='par_1_118' title="bbox 1993 5626 3513 5702">
     <span class='ocr_line' id='line_1_121' title="bbox 1993 5626 3513 5702; baseline -0.001 -14"><span class='ocrx_word' id='word_1_869' title='bbox 1993 5631 2163 5702; x_wconf 74' lang='lat' dir='ltr'><strong>CAP.</strong></span> <span class='ocrx_word' id='word_1_870' title='bbox 2186 5629 2272 5684; x_wconf 78' lang='lat' dir='ltr'><strong>XI.</strong></span> <span class='ocrx_word' id='word_1_871' title='bbox 2290 5659 2367 5702; x_wconf 15' lang='grc' dir='ltr'><strong>ν-έ-</strong></span> <span class='ocrx_word' id='word_1_872' title='bbox 2494 5626 2689 5702; x_wconf 63' lang='lat' dir='ltr'><strong>Malintt</strong></span> <span class='ocrx_word' id='word_1_873' title='bbox 2717 5644 2824 5682; x_wconf 79' lang='lat' dir='ltr'><strong>esse</strong></span> <span class='ocrx_word' id='word_1_874' title='bbox 2852 5630 3157 5684; x_wconf 74' lang='lat' dir='ltr'><strong>materiam?</strong></span> <span class='ocrx_word' id='word_1_875' title='bbox 3198 5632 3513 5702; x_wconf 82' lang='lat' dir='ltr'><strong>Responde-</strong></span> 
     </span>
    </p>
   </div>
   <div class='ocr_carea' id='block_1_119' title="bbox 1922 5699 3511 5771">
    <p class='ocr_par' dir='ltr' id='par_1_119' title="bbox 1922 5699 3511 5771">
     <span class='ocr_line' id='line_1_122' title="bbox 1922 5699 3511 5771; baseline 0 -11"><span class='ocrx_word' id='word_1_876' title='bbox 1922 5705 2015 5760; x_wconf 90' lang='lat' dir='ltr'><strong>bat</strong></span> <span class='ocrx_word' id='word_1_877' title='bbox 2048 5701 2205 5758; x_wconf 88' lang='lat' dir='ltr'><strong>tnodo</strong></span> <span class='ocrx_word' id='word_1_878' title='bbox 2250 5699 2476 5771; x_wconf 86' lang='lat' dir='ltr'><strong>objectis</strong></span> <span class='ocrx_word' id='word_1_879' title='bbox 2508 5700 2575 5753; x_wconf 88' lang='lat' dir='ltr'><strong>ab</strong></span> <span class='ocrx_word' id='word_1_880' title='bbox 2612 5699 2961 5768; x_wconf 76' lang='lat' dir='ltr'><strong>llcrmogeue.</strong></span> <span class='ocrx_word' id='word_1_881' title='bbox 3009 5712 3274 5771; x_wconf 86' lang='lat' dir='ltr'><strong>tamquam</strong></span> <span class='ocrx_word' id='word_1_882' title='bbox 3309 5699 3350 5757; x_wconf 80' lang='lat' dir='ltr'><strong>si</strong></span> <span class='ocrx_word' id='word_1_883' title='bbox 3387 5721 3511 5760; x_wconf 76' lang='lat' dir='ltr'><strong>vera</strong></span> 
     </span>
    </p>
   </div>
   <div class='ocr_carea' id='block_1_120' title="bbox 1923 5770 3511 5847">
    <p class='ocr_par' dir='ltr' id='par_1_120' title="bbox 1923 5770 3511 5847">
     <span class='ocr_line' id='line_1_123' title="bbox 1923 5770 3511 5847; baseline -0.003 -14"><span class='ocrx_word' id='word_1_884' title='bbox 1923 5792 2046 5833; x_wconf 88' lang='lat' dir='ltr'><strong>esse</strong></span> <span class='ocrx_word' id='word_1_885' title='bbox 2072 5770 2391 5829; x_wconf 80' lang='lat' dir='ltr'><strong>concederet</strong></span> <span class='ocrx_word' id='word_1_886' title='bbox 2417 5790 2429 5827; x_wconf 86' lang='lat'>:</span> <span class='ocrx_word' id='word_1_887' title='bbox 2464 5770 2548 5847; x_wconf 83' lang='lat' dir='ltr'><strong>lti_c</strong></span> <span class='ocrx_word' id='word_1_888' title='bbox 2577 5786 2706 5824; x_wconf 86' lang='lat' dir='ltr'><strong>vero</strong></span> <span class='ocrx_word' id='word_1_889' title='bbox 2738 5774 2788 5825; x_wconf 92' lang='lat' dir='ltr'><strong>itt</strong></span> <span class='ocrx_word' id='word_1_890' title='bbox 2818 5788 2939 5826; x_wconf 92' lang='lat' dir='ltr'><strong>eunt</strong></span> <span class='ocrx_word' id='word_1_891' title='bbox 2972 5774 3213 5847; x_wconf 83' lang='lat' dir='ltr'><strong>insurgit,</strong></span> <span class='ocrx_word' id='word_1_892' title='bbox 3249 5777 3511 5847; x_wconf 83' lang='lat' dir='ltr'><strong>postulat-</strong></span> 
     </span>
    </p>
   </div>
   <div class='ocr_carea' id='block_1_121' title="bbox 1923 5842 3508 5919">
    <p class='ocr_par' dir='ltr' id='par_1_121' title="bbox 1923 5842 3508 5919">
     <span class='ocr_line' id='line_1_124' title="bbox 1923 5842 3508 5919; baseline 0 -15"><span class='ocrx_word' id='word_1_893' title='bbox 1923 5865 2025 5919; x_wconf 83' lang='lat' dir='ltr'><strong>qne</strong></span> <span class='ocrx_word' id='word_1_894' title='bbox 2060 5847 2391 5919; x_wconf 80' lang='lat' dir='ltr'><strong>demonstret</strong></span> <span class='ocrx_word' id='word_1_895' title='bbox 2431 5842 2621 5919; x_wconf 66' lang='lat' dir='ltr'><strong>malattt</strong></span> <span class='ocrx_word' id='word_1_896' title='bbox 2654 5857 2773 5919; x_wconf 72' lang='lat' dir='ltr'><strong>esse</strong></span> <span class='ocrx_word' id='word_1_897' title='bbox 2814 5842 3143 5910; x_wconf 35' lang='lat' dir='ltr'><strong>materiam,“</strong></span> <span class='ocrx_word' id='word_1_898' title='bbox 3164 5857 3218 5903; x_wconf 88' lang='lat' dir='ltr'><strong>et</strong></span> <span class='ocrx_word' id='word_1_899' title='bbox 3249 5842 3283 5901; x_wconf 75' lang='lat' dir='ltr'><strong>a</strong></span> <span class='ocrx_word' id='word_1_900' title='bbox 3320 5862 3423 5917; x_wconf 86' lang='lat' dir='ltr'><strong>quo</strong></span> <span class='ocrx_word' id='word_1_901' title='bbox 3456 5847 3508 5905; x_wconf 91' lang='lat' dir='ltr'><strong>id</strong></span> 
     </span>
    </p>
   </div>
   <div class='ocr_carea' id='block_1_122' title="bbox 1922 5912 2760 5991">
    <p class='ocr_par' dir='ltr' id='par_1_122' title="bbox 1922 5912 2760 5991">
     <span class='ocr_line' id='line_1_125' title="bbox 1922 5912 2760 5991; baseline -0.014 -12"><span class='ocrx_word' id='word_1_902' title='bbox 1922 5912 2211 5991; x_wconf 70' lang='lat' dir='ltr'><strong>sumpserit</strong></span> <span class='ocrx_word' id='word_1_903' title='bbox 2230 5958 2244 5984; x_wconf 90' lang='lat'><strong>,</strong></span> <span class='ocrx_word' id='word_1_904' title='bbox 2273 5913 2535 5973; x_wconf 85' lang='lat' dir='ltr'><strong>ostendat.</strong></span> <span class='ocrx_word' id='word_1_905' title='bbox 2566 5912 2644 5972; x_wconf 70' lang='lat' dir='ltr'><strong>La</strong></span> <span class='ocrx_word' id='word_1_906' title='bbox 2667 5912 2760 5969; x_wconf 77' lang='lat' dir='ltr'><strong>Pa.</strong></span> 
     </span>
    </p>
   </div>
  </div>
