4262 6490
767 368 871 426 207

2177 365 2635 427 TERTULIJANI

3960 367 4059 426 208

769 487 970 543 malum
1010 485 1189 542 dicere
1227 486 1310 541 cui
1351 486 1548 541 malum
1586 484 1864 540 adscribit.
1902 483 2034 539 Nam
2075 482 2362 538 deﬁnimus
2390 487 2441 546 Λ
2469 485 2608 537 enim
2643 483 2782 538 nudo
2810 483 3165 555 deputantur,
3199 483 3493 541 secundum
3522 484 3647 540 mali
3688 493 3884 540 statum
3914 501 4062 540 eont-

768 581 1178 636 dimiuutionem
1208 580 1288 653 (I)
1315 588 1371 635 et
1419 579 1807 650 subjectionem
1854 593 2048 647 capere
2075 593 2179 631 non
2209 592 2364 647 posse

768 674 912 746 quod
943 676 1016 730 sit
1056 683 1316 730 aeternum
1376 674 1481 745 (2),
1515 683 1574 729 ut
1598 674 1688 729 alii
1719 682 1992 728 coaeterno
2021 671 2242 727 inferius
2271 672 2362 727 de-

765 775 1004 836 putetur.
1048 766 1122 822 Ita
1150 775 1204 822 et
1243 781 1384 822 nunc
1423 782 1521 822 nec
1563 767 1760 821 malum
1793 766 2022 821 dicimus
2057 775 2362 834 competere

764 858 876 924 illi,
906 859 1028 930 quia
1061 873 1161 914 nec
1191 859 1380 928 subjici
1399 874 1468 928 ex
1501 858 1603 914 hoc
1633 859 1832 928 possit,
1864 856 2006 928 quod
2033 857 2180 912 nullo
2202 857 2362 912 modo

767 959 947 1021 potest
973 950 1184 1021 subjici,
1216 951 1339 1020 quia
1365 961 1624 1005 :eterunm
1653 961 1755 1005 est.
1785 950 1890 1006 Sed
1913 965 2034 1005 cum
2059 949 2194 1005 alias
2215 965 2360 1004 sum-

763 1061 912 1098 mum
937 1045 1134 1099 bonum
1166 1053 1378 1100 constet
1404 1059 1526 1099 esse
1556 1044 1696 1114 quod
1722 1046 1790 1098 sit
1815 1053 2076 1099 :rtcrnum
2111 1052 2168 1098 ut
2197 1044 2357 1106 Deus.

761 1151 858 1205 per
888 1136 1027 1207 quod
1060 1137 1207 1191 solus
1249 1145 1333 1192 est
1374 1136 1552 1202 Deus,
1593 1134 1721 1190 dum
1761 1145 1998 1190 :ctcrnus
2032 1144 2155 1200 est,
2199 1145 2252 1189 et
2290 1135 2356 1188 ita

761 1228 936 1282 bonus
957 1271 972 1294 ,
1005 1227 1131 1283 dum
1164 1227 1305 1283 Dens
1330 1245 1344 1292 ;
1375 1226 1645 1298 quomodo
1674 1227 1914 1282 materia:
1943 1227 2099 1282 inerit
2123 1228 2320 1282 malum
2342 1269 2356 1293 ,

758 1337 919 1390 quam
961 1331 1020 1376 ut
1059 1331 1353 1387 :rternam,
1397 1334 1664 1375 summum
1710 1320 1906 1374 bonmn
1945 1319 2093 1376 credi
2136 1335 2358 1375 necesse

760 1414 885 1469 est?
909 1416 1034 1480 Aut,
1068 1413 1113 1468 si
1144 1413 1285 1484 quod
1319 1423 1580 1468 attcrnum
1609 1422 1690 1467 est
1718 1413 1914 1482 poterit
1942 1422 1995 1468 et.
2028 1414 2150 1467 mali
2181 1429 2349 1482 capax

753 1521 898 1571 esse,
943 1507 1144 1577 poterit
1165 1482 1285 1560 hoc
1310 1513 1367 1559 et
1409 1507 1459 1559 iu
1498 1506 1662 1558 Deum
1695 1505 1842 1558 credi
1876 1522 1888 1558 :
1920 1514 1975 1558 et
2006 1504 2122 1558 sine
2163 1520 2352 1559 Caussa

757 1601 974 1670 gestirit
1028 1599 1226 1652 malum
1276 1615 1305 1650 a
1362 1598 1470 1652 Deo
1517 1597 1811 1653 transferre
1910 1598 1954 1650 si
1999 1597 2254 1665 competit
2298 1607 2355 1652 et

755 1705 995 1760 aeterno,
1047 1691 1404 1764 competendo
1455 1695 1713 1748 materiae.
1771 1691 1888 1747 Jam
1935 1707 2084 1756 vero,
2119 1692 2161 1745 si
2211 1690 2350 1761 quod

753 1796 1014 1841 internum
1043 1785 1362 1850 cst,malum
1395 1785 1729 1856 potestcredi
1757 1785 2088 1850 invincibile,
2118 1793 2166 1840 et
2198 1785 2348 1839 insu-

2474 584 2742 644 putantur.

3077 667 3306 726 CAPUT
3337 669 3450 725 XII.

2540 763 2828 834 Ageuunc,
2858 762 3052 817 malam
3077 777 3141 818 ac
3165 764 3452 834 pessimam
3481 763 3763 820 credamus
3792 775 3914 821 esse
3948 779 4056 819 ma-

2471 855 2696 922 teriam,
2744 857 2926 925 utique
2957 867 3183 922 natura;
3224 857 3364 917 sicut
3395 858 3563 914 Deum
3603 858 3802 913 bonum
3834 867 3889 914 et
3925 862 4064 930 ppti-

2470 962 2614 1002 mum
2671 947 2982 1012 credimus,
3043 949 3267 1018 proinde
3312 957 3500 1004 natura
3548 967 3562 1004 :
3602 967 3763 1021 porro
3818 963 4064 1006 naturam

2473 1050 2674 1094 certam
2721 1050 2774 1095 et
2816 1042 2971 1098 lixam
3016 1041 3200 1096 haberi
3233 1043 3502 1112 oportebit
3546 1053 3650 1098 tam
3683 1045 3734 1098 in
3775 1045 3917 1098 malo
3946 1061 4067 1114 per-

2467 1143 2803 1187 severantem
2851 1133 2991 1203 apud
3043 1135 3363 1201 materiam,
3413 1151 3576 1205 quam
3628 1138 3680 1190 in
3735 1137 3876 1190 bono
3923 1135 4064 1203 apud

2471 1222 2640 1279 Deum
2674 1225 3139 1282 inconvertibilem
3171 1237 3225 1282 et
3259 1227 3725 1283 indemutabilem.
3757 1228 3875 1299 (l2)
3908 1225 4066 1283 Scili-

2468 1329 2549 1372 cet
2582 1321 2730 1388 quia,
2749 1321 2792 1374 si
2816 1321 3180 1376 demutabitur
3207 1331 3394 1376 natura
3427 1323 3478 1376 in
3504 1323 3722 1378 materia
3751 1323 3818 1378 de
3846 1324 3988 1377 mslo
4011 1323 4067 1378 itt

2464 1410 2662 1466 bonum
2688 1455 2703 1477 ,
2745 1413 3011 1469 demutari
3045 1414 3244 1484 poterit
3271 1424 3327 1469 et
3355 1415 3408 1470 in
3442 1415 3551 1470 Deo
3584 1415 3652 1470 de
3694 1416 3835 1471 bono
3868 1417 3918 1469 in
3954 1431 4068 1472 ma-

2461 1504 2593 1558 Imn.
2643 1505 2752 1561 lloc
2784 1506 2901 1560 loco
2929 1507 3070 1562 dicet
3095 1507 3289 1576 aliquis
3321 1525 3331 1560 :
3367 1507 3503 1579 Ergo
3541 1508 3604 1563 de
3652 1507 3910 1576 lapidibus
3964 1509 4061 1575 lilii

2463 1598 2683 1653 Abraha:
2734 1616 2832 1653 non
2863 1601 3262 1663 suscitabuntur,
3293 1610 3337 1653 et
3359 1601 3615 1669 genimina
3642 1601 3925 1670 viperarum
3962 1619 4068 1655 non

2460 1690 2649 1760 facient
2695 1693 3001 1759 paznitentia:
3027 1697 3250 1762 fructum
3273 1692 3420 1760 (Luc.
3448 1693 3536 1759 Ill,
3567 1693 3620 1758 7,
3645 1694 3726 1763 8),
3766 1703 3822 1749 cl
3851 1695 3942 1748 lilii
3974 1696 4068 1750 ira:

2459 1799 2563 1837 non
2599 1784 2725 1839 ﬁent
2755 1785 2845 1839 ﬁlii
2881 1786 3024 1854 pacis
3046 1784 3263 1857 (Ep/tes.
3294 1785 3364 1848 II,
3392 1786 3470 1855 3),
3493 1787 3537 1840 si
3571 1797 3758 1840 natura
3788 1785 4066 1841 mutabilis

757 1882 997 1950 perabile
1043 1881 1149 1936 erit
1188 1881 1388 1934 malum
1445 1891 1505 1934 ut
1563 1888 1827 1937 internum
1860 1901 1872 1936 :
1902 1890 1956 1934 et
2006 1882 2074 1934 ita
2123 1880 2204 1950 (3)
2254 1896 2351 1935 nos
2384 1886 2430 1946 Β
2461 1874 3394 1947 nouerit.Temereadistacxempla
3413 1877 3934 1948 rcSpieies,ohomo;
3958 1893 4065 1932 non

757 1973 954 2028 frustra
983 1971 1293 2028 laboramus
1313 1971 1382 2026 de
1412 1971 1707 2027 auferendo
1739 1973 1878 2026 male
1905 1987 1970 2028 ex
2001 1971 2156 2027 nobis
2185 1973 2349 2042 ipsis,

753 2074 865 2119 tum
896 2074 950 2121 et
980 2065 1120 2120 Deus
1139 2064 1214 2135 (Il)
1241 2065 1341 2119 hoc
1373 2064 1567 2118 frustra
1599 2064 1818 2120 mandat
1844 2073 1899 2120 et
1944 2066 2182 2134 praecipit
2208 2083 2219 2118 :
2245 2066 2354 2119 imo

750 2165 807 2210 et
843 2155 1104 2226 judicium
1185 2155 1381 2210 l'rustra
1437 2156 1715 2212 constituit
1771 2157 1910 2211 Deus
1951 2158 2030 2226 (a)
2067 2196 2084 2222 ,
2138 2155 2350 2225 injusti-

757 2249 829 2303 tis
871 2249 949 2318 (5)
1015 2248 1204 2318 utique
1252 2249 1555 2316 punitur-us.
1603 2247 1755 2316 Quod
1797 2249 1839 2302 si
1909 2259 2035 2301 tunc
2079 2247 2182 2301 erit
2228 2246 2352 2300 mali

752 2341 875 2394 linis
903 2341 1006 2411 (6),
1038 2356 1160 2395 cum
1219 2357 1419 2409 pra~ses
1468 2341 1585 2410 ejus
1615 2340 1859 2394 diabolus
1881 2339 2056 2392 abierit
2083 2339 2135 2391 in
2161 2339 2350 2408 ignem,

749 2450 898 2503 quem
939 2434 1245 2503 prwparavit
1289 2433 1366 2486 illi
1411 2431 1549 2486 Deus
1592 2444 1640 2487 ct
1686 2435 1882 2502 angelis
1932 2436 2039 2505 ejus
2084 2433 2349 2505 (Matth.,

745 2525 937 2596 XXV),
981 2526 1056 2598 (b)
1080 2527 1227 2597 prius
1257 2526 1309 2582 in
1343 2537 1548 2593 puteum
1577 2526 1747 2597 abyssi
1777 2526 2067 2596 relegatus(
2096 2529 2345 2596 Apocal.,

746 2618 917 2688 XX),
971 2619 1042 2691 (ε)
1102 2636 1218 2673 cum
1284 2620 1520 2675 revelatio
1561 2620 1784 2688 filiorum
1829 2618 1926 2673 Dei
1967 2620 2048 2692 (τι)
2088 2622 2350 2676 redemerit

747 2713 1091 2767 conditionem
1122 2731 1152 2765 ιι
1185 2713 1342 2776 malo,
1373 2713 1546 2781 utique
1597 2712 1671 2783 (e)
1697 2714 1909 2766 ranitati
1945 2713 2218 2782 subjectum
2270 2714 2349 2784 (7)

748 2807 928 2877 (Rom.
969 2806 1107 2876 VIII)
1135 2823 1150 2869 ;
1183 2821 1303 2861 cum
1337 2806 1583 2860 restituta
1623 2806 1924 2860 innocentia
1961 2815 2013 2860 et
2047 2807 2349 2876 integritate

743 2900 1085 2964 Conditionis,
1112 2900 1178 2970 (Γ)
1194 2914 1384 2967 pecora
1403 2898 1742 2954 condixeriut
1766 2898 1846 2968 (8)
1872 2899 2057 2954 bestiis
2085 2900 2159 2971 (g)
2188 2910 2242 2957 et
2269 2902 2347 2972 (9)

741 2993 953 3064 parvuli
974 2991 1043 3047 de
1081 2993 1418 3061 serpentibus
1452 2991 1678 3046 luscrint
1732 2991 1749 3064 (
1782 2991 1858 3046 Is.
1907 2991 1996 3057 XI,
2018 2993 2072 3057 6,
2102 2995 2154 3064 7)
2182 3011 2195 3059 ;
2224 3012 2344 3052 cum

745 3086 904 3142 Pater
935 3085 1073 3140 Filio
1097 3086 1322 3154 posuerit
1352 3085 1582 3138 inimicos
1605 3085 1696 3138 sub
1728 3086 1910 3153 ναίει(
1927 3085 2016 3140 Ps.
2040 3084 2204 3156 CIX),
2239 3089 2342 3142 uti-

744 3194 851 3250 que
891 3177 1012 3250 (l0)
1054 3175 1332 3247 operarios
1361 3175 1510 3229 mali.
1548 3173 1743 3245 Utique
1773 3176 1816 3229 si
1857 3175 1978 3230 linis
2013 3177 2155 3230 man
2185 3195 2336 3232 com-

741 3271 908 3342 petit,
942 3284 1165 3324 necesse
1197 3278 1282 3323 est
1311 3267 1648 3338 competierit
1681 3266 1887 3320 initium
1915 3310 1929 3333 ,
1971 3269 2180 3338 eritque
2226 3270 2339 3342 (ll)

2457 1967 2602 2022 enim
2631 1977 2939 2037 competunt
2969 1967 3038 2022 ad
3065 1983 3311 2023 caussam
3331 1968 3591 2035 materiw,
3612 1984 3731 2039 qua:
3751 1971 3929 2023 innata
3960 1979 4065 2034 est,

2457 2077 2520 2115 ea
2551 2077 2669 2130 qua:
2701 2071 2821 2114 nata
2850 2071 3014 2126 sunt,
3044 2060 3247 2130 lapides
3271 2101 3288 2128 ,
3331 2069 3386 2116 ct
3414 2062 3608 2132 vipera:
3631 2103 3646 2130 ,
3686 2070 3742 2116 et
3772 2061 4020 2117 homines
4051 2079 4065 2115 :

2459 2154 2652 2209 horum
2687 2153 2832 2209 enim
2864 2167 3059 2210 natura
3094 2154 3344 2210 habendo
3385 2155 3816 2222 institutionem,
3863 2156 4069 2210 habere

2460 2249 2657 2317 poterit
2703 2258 2756 2303 et
2799 2248 3179 2304 cessationem.
3234 2249 3510 2305 Materiam
3554 2264 3684 2304 vero
3721 2257 3845 2304 tene
3891 2248 4067 2302 semel

2457 2349 2714 2395 :cternam
2741 2339 3177 2406 determinatam,
3208 2349 3260 2394 ut
3294 2338 3572 2401 inlectam,
3603 2349 3658 2394 ut
3687 2339 3928 2396 innatam
3964 2356 3980 2404 ;
4011 2349 4068 2394 et

2459 2430 2580 2486 ideo
2612 2431 3016 2488 indetnutabilis
3041 2440 3098 2487 et
3127 2431 3553 2502 incorruptibilis
3592 2441 3797 2487 natura:
3827 2432 4064 2487 creden-

2455 2523 2611 2587 dam,
2658 2539 2723 2579 ex
2755 2523 2922 2594 ipsius
2949 2523 3114 2579 etiam
3153 2524 3420 2580 sententia
3458 2523 3809 2595 Hermogenis
3832 2565 3847 2588 ,
3893 2541 4063 2594 quam

2455 2617 2816 2686 Opponit(l'5)
2841 2657 2857 2681 ,
2897 2632 3018 2672 cum
3055 2617 3220 2672 Deum
3251 2626 3409 2687 negat
3439 2632 3504 2672 ex
3543 2616 3838 2687 semetipso
3879 2620 4063 2672 lacere

2455 2711 2731 2780 potuisse;
2777 2711 2904 2779 quia
2953 2726 3060 2764 non
3106 2711 3416 2765 demutetur
3457 2711 3599 2782 quod
3646 2712 3717 2765 sit
3750 2719 4059 2778 εῑθιιιιιηι,

2453 2804 2778 2856 amissurum
2809 2802 3014 2857 scilicet
3045 2802 3184 2873 quod
3219 2803 3424 2869 fuerat,
3473 2801 3600 2858 dum
3633 2802 3691 2856 lit
3714 2818 3778 2857 ex
3810 2802 4062 2858 demuta-

2456 2896 2599 2950 tione
2629 2896 2770 2966 quod
2813 2911 2916 2950 non
2956 2903 3106 2960 erat,
3146 2897 3189 2950 si
3223 2911 3328 2951 non
3360 2908 3504 2952 esset
3533 2907 3790 2952 mternum
3824 2914 3836 2950 :
3867 2897 4056 2951 Domi-

2452 3006 2579 3045 num
2609 3006 2736 3044 Vero
2764 2999 3028 3044 aeternum
3056 2990 3202 3045 aliud
3227 3006 3350 3046 esse
3377 3005 3480 3045 non
3512 3006 3691 3060 posse,
3725 3008 3883 3062 quam
3907 2992 4056 3063 quod

2451 3094 2534 3138 est
2563 3098 2798 3154 semper.
2843 3083 2952 3138 llac
2988 3094 3042 3138 et
3073 3099 3174 3153 ego
3203 3082 3517 3140 deﬁnitione
3555 3085 3749 3139 merito
3781 3085 3931 3140 illum
3971 3102 4054 3141 re-

2449 3176 2746 3246 percutiam
2775 3193 2786 3228 :
2823 3175 3096 3230 Materiam
3126 3189 3278 3244 aeque
3307 3173 3648 3244 reprehendo
3669 3216 3684 3243 ,
3714 3191 3836 3230 cmn
3869 3193 3934 3231 ex
3967 3177 4056 3231 illa

2451 3270 2590 3324 mala
2615 3269 2870 3340 pessima,
2900 3269 3062 3323 etiam
3095 3269 3230 3322 bona
3261 3279 3423 3337 atque
3451 3269 3648 3336 optima
3677 3284 3707 3322 a
3738 3269 3847 3323 Deo
3875 3271 4051 3323 liunt:

741 3362 966 3420 materia
995 3361 1199 3416 habens
1224 3359 1460 3426 initium,
1487 3358 1734 3414 habendo
1765 3368 1822 3415 ct
1849 3357 2008 3416 linem
2034 3361 2182 3414 mali.
2206 3364 2335 3430 Qua:
2364 3356 2411 3418 C
2446 3360 2512 3417 Et
2541 3363 2660 3416 uidit
2687 3361 2826 3437 Deus
2851 3362 2970 3430 quia
2997 3362 3161 3428 bona,
3189 3371 3234 3416 et
3266 3361 3516 3417 benedixit
3544 3378 3605 3416 ea
3653 3359 3792 3416 Deus
3824 3357 3983 3432 (σενι.
4009 3363 4052 3432 I,

1989 3471 2372 3532 LECTIONES
2414 3473 2829 3531 VAIlIANTES.

832 3569 879 3618 ι)
907 3565 1186 3618 Deﬁniimus
1208 3565 1591 3614 deminutionem
1616 3569 1729 3613 Jun.

832 3569 851 3618 I
907 3569 1186 3618 Deﬁniimus
1208 3569 1591 3614 deminutionem
1616 3569 1729 3613 Jun.

806 3569 1084 3694 zzil’osse,
1123 3627 1255 3691 quod
1291 3627 1356 3674 sit
1395 3635 1636 3694 aeternum
1660 3638 1830 3694 omnes
1873 3633 2054 3688 pra'ter
2100 3627 2250 3678 Seml.
2294 3636 2341 3679 et

740 3689 1045 3756 obertlt._qtti
1067 3689 1227 3756 legunt
1255 3702 1271 3738 :
1296 3691 1424 3750 quod
1451 3689 1572 3736 siita
1599 3691 1713 3738 erit.

809 3755 876 3819 (3)
919 3749 994 3819 Et:
1019 3756 1086 3803 ita
1112 3749 1386 3816 'ltig.;Jan.
1411 3759 1483 3819 "et
1518 3759 1699 3819 tantum
1742 3763 1835 3819 non
1888 3749 2086 3819 frustra.
2131 3757 2186 3800 Αι
2224 3753 2334 3802 cod.

746 3813 929 3868 tl'ouw.
952 3815 1061 3866 sic:
1089 3820 1143 3863 et
1164 3813 1264 3864 tum
1292 3826 1380 3862 nos
1409 3813 1642 3877 frustra...
1664 3813 1802 3877 ipsis,
1825 3820 1926 3861 tum
1954 3821 2005 3862 et
2041 3813 2226 3862 deus...
2249 3829 2337 3877 pu-

740 3882 946 3931 niturus.
974 3878 1112 3938 Quod
1139 3879 1200 3938 si,
1229 3884 1347 3938 etc.;
1373 3873 1523 3925 llhcn.
1549 3873 1905 3924 senil.’obcrth.
1929 3887 1946 3925 ε
1985 3883 2038 3925 et
2060 3883 2224 3928 tamen
2249 3873 2338 3928 nos

737 3943 1017 4088 ΐηὶῗῖἓυω
1042 4019 1189 4073 Sentl.
1214 4021 1330 4084 quin
1356 4028 1407 4069 et
1433 4017 1569 4069 Deus
1606 4019 1698 4068 hoc
1721 4017 1894 4068 frustra
1921 4020 2023 4069 Lat.

741 4174 752 4185 .
804 4106 1137 4224 (ligatujustitia
1175 4102 1283 4169 Rig.
1312 4101 1488 4155 rectius
1530 4115 1676 4167 quam
1713 4101 1860 4153 Ithen.
1899 4103 1951 4152 in
1989 4102 2074 4168 qui
2107 4102 2248 4154 habet
2273 4106 2341 4155 in-

734 4186 817 4237 jus
840 4186 854 4221 ι
881 4184 944 4222 ta.

2506 3567 2578 3676 fit}
2837 3563 2952 3615 cod.
2977 3574 3161 3617 trouw.
3186 3567 3366 3630 quibus
3387 3577 3556 3619 contra
3579 3569 3757 3619 malum
3779 3569 3888 3622 linis
3901 3576 4050 3622 Pam.

2442 3635 2582 3681 Scmt.
2619 3635 2816 3678 overth.

2507 3691 2578 3752 (7)
2593 3692 2634 3754 AA
2650 3690 2793 3754 malo,
2821 3690 2986 3754 utique
3013 3691 3212 3740 vanitati
3235 3690 3506 3754 subjectam
3523 3693 3673 3744 Fran.
3689 3707 3753 3746 ea:
3772 3696 4048 3748 Itona.\’lll.

2511 3756 2578 3816 (8)
2603 3752 2921 3816 Cnnvixeriut
2944 3753 3046 3802 Lat.

2525 3816 2571 3875 9)
2603 3815 2708 3864 Nec
2732 3813 2882 3865 Seml.

2533 3878 2608 3940 IO)
2635 3877 2810 3941 Itaque
2827 3874 2968 3926 seml.
2998 3874 3191 3941 Oberth.

2506 3939 2524 4004 (
2535 3944 2549 4004 ι
2567 3942 2583 4004 l
2597 3941 2611 3999 )
2636 3939 2743 4004 I-lrit
2761 3939 2902 3988 Ithen.
2922 3939 3072 4004 senti.
3099 3939 3294 3991 Obcrth.

2507 4002 2611 4068 (Ii)
2629 4002 2833 4068 Scilicet
2851 4002 2932 4063 qui
2951 4004 2992 4052 si
3014 4004 3346 4068 demutabitur
3369 4011 3536 4055 natura
3551 4006 3599 4055 in
3623 4009 3927 4068 materia,de
3945 4022 4050 4058 nia-

2443 4065 2490 4114 lo
2513 4067 2562 4129 in
2598 4064 2778 4129 bonum
2803 4064 3046 4129 deniumri
3085 4067 3291 4129 poterit,
3327 4073 3380 4116 et
3416 4068 3466 4119 iu
3499 4075 3600 4120 Deo
3630 4069 3694 4121 de
3718 4064 3849 4122 bono
3871 4086 3973 4122 non
3999 4073 4048 4123 in

2443 4127 2621 4178 malum
2647 4126 2794 4178 Sentl.
2823 4124 3017 4178 Oberth.

2507 4188 2611 4254 (ιό)
2639 4191 2848 4254 Apponil.
2867 4196 2982 4240 Jun.

2097 4294 2661 4356 COMMENTARIUS.

812 4423 896 4494 (τι)
939 4419 1055 4494 Imo
1081 4426 1129 4494 et
1162 4413 1418 4494 judicium
1461 4410 2154 4494 frustra_constituit“Deus.
2180 4413 2336 4494 _Cm_n

751 4483 1188 4564 frequentissime
1223 4487 1497 4564 Scriptura
1531 4483 1833 4564 meminerit
1880 4484 2065 4564 judicii
2096 4483 2340 4564 Deiani-

745 4551 902 4623 dettir
931 4574 1107 4617 tamen
1154 4551 1365 4632 proprie
1405 4553 1642 4632 alludere
1669 4553 1733 4607 ad
1778 4551 1967 4608 Matth.
2006 4555 2336 4632 eap,__x_xv,
2364 4570 2416 4632 D

746 4654 868 4694 etnn
907 4625 1204 4702 sequantur
1235 4628 1322 4702 illa
1354 4625 1515 4680 verba
1537 4665 1551 4686 ,
1586 4640 1700 4690 qua:
1730 4626 2033 4702 pra'pararit
2085 4627 2166 4702 illi
2202 4627 2337 4702 Dens

745 4720 793 4765 et
818 4696 1012 4778 angelis
1055 4705 1164 4770 eius
1234 4701 1371 4778 Sunt
1391 4705 1590 4778 “autem
1637 4696 1793 4778 uerba
1832 4697 1919 4778 illa
1957 4697 2335 4778 obscurissima

745 4766 926 4851 quist
956 4766 1352 4851 contranualu-m
1378 4768 1530 4835 ﬁnis,
1573 4766 1765 4847 quibus
1789 4767 1987 4846 mederi
2018 4783 2122 4851 n_on
2155 4769 2332 4848 licuit,

745 4837 888 4919 quod
937 4848 1022 4901 hic
1065 4843 1240 4919 adhuc
1278 4842 1491 4919 deesset
1519 4837 1690 4919 ternio
1731 4838 2002 4919 (variarum
2049 4840 2334 4919 lectionum

750 4907 989 4976 \iaticani
1044 4914 1266 4970 eudieis.
1318 4912 1453 4966 I‘ut.
1480 4939 1550 4949 —
1590 4907 1672 4978 CI.
1721 4918 1912 4961 textum
1958 4910 2179 4964 Pamclii
2223 4929 2338 4965 cum

757 4988 1139 5060 nostro.Eno.i
1507 5051 1516 5060 _
1625 5050 1636 5060 ,
1752 5058 1758 5060 _
2002 5051 2032 5060 __

817 5061 1080 5135 (1»)1ξζξςη
1124 5059 1175 5135 in
1217 5063 1420 5135 puteum
1467 5050 1669 5135 abyssi,
1713 5058 1817 5105 clc.
1860 5051 2060 5105 Ailudit
2098 5053 2162 5107 ad
2209 5053 2336 5135 illud

749 5121 916 5205 Apoc.
946 5130 1047 5186 XX
1073 5172 1086 5192 ,
1120 5128 1184 5182 Et
1215 5121 1544 5205 apprehendit
1564 5121 1866 5205 ‘draconem,
1894 5135 2176 5205 serpentem
2206 5127 2341 5177 anti-

756 5193 911 5274 quum
933 5245 948 5271 ,
987 5201 1072 5274 qui
1101 5210 1173 5254 est
1212 5193 1444 5274 diabolus
1480 5204 1524 5246 et
1559 5193 1814 5272 Satanas,
1847 5203 1891 5274 et
1918 5194 2088 5274 ligauit
2111 5212 2222 5248 cum
2252 5213 2340 5274 per

758 5265 1133 5335 minos'niille,
1170 5279 1215 5323 et
1252 5269 1386 5321 misit
1448 5281 1593 5325 eum,
1651 5265 1763 5319 sive
1814 5265 2102 5334 relegavit,
2149 5278 2202 5320 ut
2254 5269 2339 5322 hic

751 5358 938 5403 auctor
969 5343 1221 5414 loquitur,
1277 5339 1330 5414 in
1369 5337 1644 5414 abyssum;
1669 5337 1800 5414 sive,
1835 5338 2124 5414 secundum
2158 5349 2338 5414 aucto:

750 5435 899 5482 rem,
945 5417 997 5468 in
1028 5406 1236 5484 puteum
1275 5409 1476 5484 abyssi__
1673 5408 1822 5484 malit
1868 5408 1999 5484 quis
2027 5407 2227 5484 referre
2272 5410 2336 5464 ad

749 5477 897 5544 illud
912 5477 1153 5556 ejusdem
1180 5477 1403 5556 capitis,
1433 5477 1496 5556 Et
1529 5477 1760 5556 diabolus
1798 5478 1883 5547 qui
1912 5478 2179 5533 seducebat
2217 5499 2300 5536 eos
2321 5523 2336 5551 ,

742 5548 1025 5615 ntissus'est
1052 5556 1104 5608 in
1130 5548 1361 5622 stagnum
1382 5550 1531 5620 ignis.
1557 5548 1692 5622 Plut.

823 5631 901 5702 (e)
923 5627 1052 5702 Cu_m
1081 5619 1315 5702 revelatio
1339 5621 1562 5702 ﬁliorum
1591 5619 1705 5685 Dei,
1731 5631 1840 5702 etc.
1867 5619 1962 5674 Ilie
1991 5621 2135 5675 illum
2162 5623 2336 5702 locum

752 5690 1168 5772 respicitllomq
1344 5690 1517 5746 :Nam
1544 5692 1845 5772 exspectatio
1866 5702 2112 5772 creatura:
2148 5697 2340 5747 revela-

755 5763 940 5828 tionem
975 5768 1199 5839 ﬁliorum
1219 5764 1313 5818 Dei
1340 5771 1643 5839 exspectat,-
1684 5763 2065 5839 vanitatienim
2107 5778 2339 5839 creatura

752 5834 985 5914 subjecta
1020 5849 1093 5893 est
1127 5836 1456 5914 iton_voleii_s:
1503 5834 1672 5901 Quam
1712 5835 1854 5914 enim
1904 5834 2168 5904 interpres
2217 5837 2338 5892 lati-

748 5904 857 5976 nus
888 5924 1206 5978 creaturam,
1237 5904 1601 5965 Tertulliauus
1625 5904 1968 5963 conditionem
1997 5918 2151 5963 vocat
2189 5924 2338 5968 more

2441 4431 2560 4479 suo,
2587 4429 2691 4468 non
2722 4414 2877 4488 aliter
2904 4425 3063 4487 atque
3093 4413 3229 4472 dixit
3254 4432 3374 4488 cap.
3401 4417 3435 4474 6
3473 4421 3537 4476 de
3557 4421 3680 4477 Cor.
3703 4423 3817 4478 mil.
3852 4445 3866 4479 :
3908 4426 4040 4483 Uni-

2445 4504 2637 4542 versum
2661 4487 3001 4542 conditionem
3029 4491 3249 4544 inritam
3273 4487 3490 4547 vanitati
3516 4497 3864 4552 successisse.
3901 4499 4038 4555 Pu.

2519 4557 2598 4630 (d)
2633 4557 2919 4611 Retleinerit
2949 4561 3288 4615 conditionem
3316 4579 3347 4613 a
3369 4565 3523 4616 malo.
3551 4565 3931 4623 Conditionent
3960 4574 4042 4623 di-

2444 4630 2517 4706 cit
2545 4631 2756 4706 condita
2788 4639 2842 4683 et
2880 4640 3057 4685 creata
3090 4647 3338 4703 qumque.
3369 4634 3587 4704 Paulus,
3618 4638 3685 4689 ad
3713 4635 3866 4693 Rom.
3903 4640 4038 4706 VIII,

2445 4702 2511 4756 19
2547 4721 2558 4754 :
2589 4696 2616 4753 II
2674 4708 2764 4769 γὰρ
2808 4696 3179 4773 ἀπικαριδωξράι
3224 4696 3308 4767 τίς
3357 4716 3549 4769 κτίσεως
3576 4696 3679 4765 ,τὶν
3733 4702 4040 4781 ἀποχιὶὶνςειθ

2441 4791 2529 4827 τῶν
2557 4781 2666 4828 υἱῶν
2692 4779 2921 4851 τοῦ-Θεθῧ
2948 4778 3376 4849 ἀπικδίχεται.Τῇ
3402 4783 3496 4847 γὰρ
3512 4783 3804 4851 parabant}
3830 4791 3858 4841 ἡ
3893 4778 4038 4848 nisi;

2444 4850 2671 4913 bzsréw,
2702 4844 2801 4910 (ὦχ’
2827 4850 3016 4906 iubant,
3047 4849 3174 4898 ἀλλὰ.
3193 4850 3275 4899 διὰ.
3297 4858 3383 4903 τὶν
3410 4854 3728 4914 {maritari-1.
3757 4844 3851 4908 ἐπ’
3880 4859 4036 4909 ἑλπίδι

2440 4923 2514 4970 ὃτι
2557 4921 2636 4969 καὶ
2685 4918 2806 4972 αὖτῦ
2848 4923 2875 4974 ἠ
2916 4928 3062 4976 κτίσις
3096 4923 3510 4988 ἰ).ευθερω¹)τ;σετειι
3550 4926 3651 4974 ἀπὸ
3691 4939 3771 4986 τὶς
3823 4928 4036 4990 sulm,

2441 5002 2523 5058 Iit
2547 4993 2718 5056 φἽοράς
2744 4991 2806 5048 εὶς
2836 4997 2921 5042 τὶν
2944 4992 3208 5058 ἰλιυοερίαν
3228 5007 3308 5052 τῆς
3330 4994 3463 5056 δὸξης
3480 5009 3568 5046 τῶν
3595 5001 3762 5048 timur
3789 5003 3872 5050 τοῦ
3891 5005 4032 5052 Θεεῧ.

2444 5056 2791 5110 Contlitionein
2835 5059 2961 5129 dicit
2986 5056 3365 5121 Teriulliauus,
3392 5076 3694 5117 creaturam
3716 5106 3730 5129 ,
3759 5067 4029 5122 li0niiuem

2441 5141 2702 5209 creatum;
2723 5127 2935 5209 l’aulus,
2958 5131 3439 5218 xrtcivlgl’rimasius
3463 5127 3728 5190 Uticensis
3753 5152 3767 5186 :
3798 5153 3816 5188 ι
3840 5136 3900 5190 In
3921 5139 4032 5218 ipsa

2443 5213 2606 5277 carne
2636 5199 2762 5254 vicit
2792 5211 3076 5277 peccatum
3097 5201 3339 5257 Christus
3360 5245 3375 5270 ,
3408 5213 3464 5258 ut
3493 5215 3737 5260 naturam
3769 5223 3889 5277 qua
3917 5199 4032 5265 lite-

2443 5280 2527 5322 rat
2569 5271 2703 5347 bona
2745 5285 2839 5338 per
2880 5272 3279 5347 conditionem,
3321 5286 3372 5329 et
3413 5291 3510 5346 per
3549 5271 4031 5347 transgrc'Ssionem

2444 5351 2525 5395 est
2555 5344 2755 5405 vitiata,
2787 5357 2880 5411 per
2907 5357 3057 5399 suam
3082 5344 3305 5411 gratiam
3334 5344 3672 5402 reformaret.
3703 5344 3730 5401 ἱ
3764 5349 3883 5405 llic.

2515 5411 2590 5484 (e)
2634 5412 2851 5465 Vunitati
2899 5414 3195 5484 subjectum,
3226 5428 3540 5483 ματαιότητι.
3581 5419 3841 5475 Praeclare
3892 5421 4034 5479 hunc

2446 5482 2593 5537 Pauli
2617 5527 2630 5548 ,
2664 5485 2905 5557 adeoque
2934 5482 3250 5557 Tertulliani
3289 5490 3462 5543 locum
3494 5490 3781 5557 explicavit
3809 5491 4032 5550 Grotius

2442 5555 2879 5626 annotationibus
2904 5556 2969 5608 ad
3001 5556 3289 5626 Epistolam
3317 5559 3485 5613 l'auli.
3515 5555 3632 5616 llic.

2516 5625 2583 5698 (Ι)
2625 5625 2818 5680 Pecoru
2846 5627 3162 5681 condixerint
3187 5629 3372 5683 bestiis.
3410 5631 3476 5686 Ut
3503 5633 3806 5688 communis
3836 5636 4031 5692 umbra

2444 5713 2536 5750 seu
2559 5713 2848 5772 «geniumne
2860 5708 3063 5772 tectum
3087 5699 3301 5754 claudat
3319 5717 3445 5757 oves
3466 5713 3520 5756 et
3545 5704 3719 5772 lupos,
3749 5714 3807 5759 ut
3831 5707 4030 5764 cedent

2443 5769 2593 5838 quasi
2622 5769 2685 5822 ad
2714 5769 3017 5823 condictum
3048 5773 3221 5826 amice
3244 5774 3582 5829 conveniant.
3602 5769 3732 5831 Ilio.

2515 5841 2591 5913 (fg)
2627 5838 2692 5913 Et
2721 5840 2918 5913 paruuli
2941 5841 3359 5913 Adciserpentibus
3389 5844 3620 5900 luserim.
3655 5846 3892 5902 Pertinet
3924 5848 4034 5906 hoc

2442 5911 2510 5967 ad
2532 5910 2662 5968 illud
2685 5910 2804 5986 cap.
2834 5911 2900 5970 XI
2937 5911 3086 5972 Isaia:
3117 5910 3135 5969 ἑ
3163 5911 3234 5969 Et
3260 5931 3384 5987 puer
3406 5917 3650 5990 parvulus
3689 5919 4033 5979 incum-ruant
