  <div class='ocr_page' id='page_1' title='image "/cluster/home/n/w/nwhite01/storage/ocr_20150623/2/hvd.32044015466741/122.png"; bbox 0 0 4262 6490; ppageno 0'>
   <div class='ocr_carea' id='block_1_1' title="bbox 203 393 310 454">
    <p class='ocr_par' dir='ltr' id='par_1_1' title="bbox 203 393 310 454">
     <span class='ocr_line' id='line_1_1' title="bbox 203 393 310 454; baseline 0.037 -3"><span class='ocrx_word' id='word_1_1' title='bbox 203 393 310 454; x_wconf 70' lang='lat'><strong>209</strong></span> 
     </span>
    </p>
   </div>
   <div class='ocr_carea' id='block_1_2' title="bbox 1332 407 2473 482">
    <p class='ocr_par' dir='ltr' id='par_1_2' title="bbox 1332 407 2473 482">
     <span class='ocr_line' id='line_1_2' title="bbox 1332 407 2473 482; baseline 0.014 -19"><span class='ocrx_word' id='word_1_2' title='bbox 1332 407 1530 464; x_wconf 78' lang='lat' dir='ltr'><strong>LIBER</strong></span> <span class='ocrx_word' id='word_1_3' title='bbox 1573 415 1612 465; x_wconf 77' lang='grc' dir='ltr'>Α</span> <span class='ocrx_word' id='word_1_4' title='bbox 1625 411 1706 465; x_wconf 79' lang='grc' dir='ltr'><strong>ον</strong></span> <span class='ocrx_word' id='word_1_5' title='bbox 1719 411 1935 469; x_wconf 79' lang='lat' dir='ltr'><strong>ERSUS</strong></span> <span class='ocrx_word' id='word_1_6' title='bbox 1977 415 2473 482; x_wconf 73' lang='lat' dir='ltr'><strong>HERMOGENEH.</strong></span> 
     </span>
    </p>
   </div>
   <div class='ocr_carea' id='block_1_3' title="bbox 3393 432 3502 491">
    <p class='ocr_par' dir='ltr' id='par_1_3' title="bbox 3393 432 3502 491">
     <span class='ocr_line' id='line_1_3' title="bbox 3393 432 3502 491; baseline 0.037 -3"><span class='ocrx_word' id='word_1_7' title='bbox 3393 432 3502 491; x_wconf 68' lang='grc'><strong>210</strong></span> 
     </span>
    </p>
   </div>
   <div class='ocr_carea' id='block_1_4' title="bbox 203 515 3499 619">
    <p class='ocr_par' dir='ltr' id='par_1_4' title="bbox 203 515 3499 619">
     <span class='ocr_line' id='line_1_4' title="bbox 203 515 3499 619; baseline 0.009 -48"><span class='ocrx_word' id='word_1_8' title='bbox 203 515 396 584; x_wconf 80' lang='lat' dir='ltr'><strong>3,3i),</strong></span> <span class='ocrx_word' id='word_1_9' title='bbox 415 516 597 587; x_wconf 88' lang='lat' dir='ltr'><strong>utique</strong></span> <span class='ocrx_word' id='word_1_10' title='bbox 626 532 730 589; x_wconf 91' lang='lat' dir='ltr'><strong>qua</strong></span> <span class='ocrx_word' id='word_1_11' title='bbox 752 519 973 590; x_wconf 89' lang='lat' dir='ltr'><strong>optima,</strong></span> <span class='ocrx_word' id='word_1_12' title='bbox 1005 535 1110 577; x_wconf 90' lang='lat' dir='ltr'><strong>non</strong></span> <span class='ocrx_word' id='word_1_13' title='bbox 1133 529 1279 578; x_wconf 86' lang='lat' dir='ltr'><strong>certe</strong></span> <span class='ocrx_word' id='word_1_14' title='bbox 1299 539 1400 594; x_wconf 87' lang='lat' dir='ltr'><strong>qua</strong></span> <span class='ocrx_word' id='word_1_15' title='bbox 1429 525 1564 582; x_wconf 87' lang='lat' dir='ltr'><strong>mala</strong></span> <span class='ocrx_word' id='word_1_16' title='bbox 1587 541 1649 580; x_wconf 88' lang='lat' dir='ltr'><strong>ac</strong></span> <span class='ocrx_word' id='word_1_17' title='bbox 1678 543 1795 596; x_wconf 86' lang='lat' dir='ltr'><strong>pes-</strong></span> <span class='ocrx_word' id='word_1_18' title='bbox 1825 531 1877 588; x_wconf 81' lang='grc' dir='ltr'><strong>Α</strong></span> <span class='ocrx_word' id='word_1_19' title='bbox 1901 549 2062 604; x_wconf 90' lang='lat' dir='ltr'><strong>quam</strong></span> <span class='ocrx_word' id='word_1_20' title='bbox 2089 551 2322 594; x_wconf 89' lang='lat' dir='ltr'><strong>servum.</strong></span> <span class='ocrx_word' id='word_1_21' title='bbox 2354 539 2714 612; x_wconf 74' lang='lat' dir='ltr'><strong>Quaecumque</strong></span> <span class='ocrx_word' id='word_1_22' title='bbox 2746 549 2982 612; x_wconf 73' lang='lat' dir='ltr'><strong>potestas</strong></span> <span class='ocrx_word' id='word_1_23' title='bbox 3009 543 3096 611; x_wconf 91' lang='lat' dir='ltr'><strong>ei,</strong></span> <span class='ocrx_word' id='word_1_24' title='bbox 3141 559 3299 618; x_wconf 88' lang='lat' dir='ltr'><strong>quam</strong></span> <span class='ocrx_word' id='word_1_25' title='bbox 3330 548 3499 619; x_wconf 85' lang='lat' dir='ltr'><strong>pusil-</strong></span> 
     </span>
    </p>
   </div>
   <div class='ocr_carea' id='block_1_5' title="bbox 200 607 1792 683">
    <p class='ocr_par' dir='ltr' id='par_1_5' title="bbox 200 607 1792 683">
     <span class='ocr_line' id='line_1_5' title="bbox 200 607 1792 683; baseline 0.009 -24"><span class='ocrx_word' id='word_1_26' title='bbox 200 607 358 660; x_wconf 90' lang='lat' dir='ltr'><strong>sima.</strong></span> <span class='ocrx_word' id='word_1_27' title='bbox 395 608 822 666; x_wconf 85' lang='lat' dir='ltr'><strong>Demntationem</strong></span> <span class='ocrx_word' id='word_1_28' title='bbox 858 612 1017 682; x_wconf 98' lang='lat' dir='ltr'><strong>igitur</strong></span> <span class='ocrx_word' id='word_1_29' title='bbox 1044 613 1263 670; x_wconf 86' lang='lat' dir='ltr'><strong>admisit</strong></span> <span class='ocrx_word' id='word_1_30' title='bbox 1287 619 1529 683; x_wconf 90' lang='lat' dir='ltr'><strong>materia,</strong></span> <span class='ocrx_word' id='word_1_31' title='bbox 1567 628 1620 673; x_wconf 88' lang='lat' dir='ltr'><strong>et</strong></span> <span class='ocrx_word' id='word_1_32' title='bbox 1647 621 1690 674; x_wconf 85' lang='lat' dir='ltr'><strong>si</strong></span> <span class='ocrx_word' id='word_1_33' title='bbox 1722 620 1792 674; x_wconf 93' lang='lat' dir='ltr'><strong>ita</strong></span> 
     </span>
    </p>
   </div>
   <div class='ocr_carea' id='block_1_6' title="bbox 203 703 1799 782">
    <p class='ocr_par' dir='ltr' id='par_1_6' title="bbox 203 703 1799 782">
     <span class='ocr_line' id='line_1_6' title="bbox 203 703 1799 782; baseline 0.01 -30"><span class='ocrx_word' id='word_1_34' title='bbox 203 708 307 762; x_wconf 85' lang='lat' dir='ltr'><strong>est,</strong></span> <span class='ocrx_word' id='word_1_35' title='bbox 349 708 547 756; x_wconf 88' lang='lat' dir='ltr'><strong>statum</strong></span> <span class='ocrx_word' id='word_1_36' title='bbox 589 703 902 759; x_wconf 70' lang='lat' dir='ltr'><strong>aeternitatis</strong></span> <span class='ocrx_word' id='word_1_37' title='bbox 941 707 1166 761; x_wconf 90' lang='lat' dir='ltr'><strong>amisit:</strong></span> <span class='ocrx_word' id='word_1_38' title='bbox 1199 719 1408 763; x_wconf 89' lang='lat' dir='ltr'><strong>mortua</strong></span> <span class='ocrx_word' id='word_1_39' title='bbox 1448 720 1531 765; x_wconf 77' lang='lat' dir='ltr'><strong>est</strong></span> <span class='ocrx_word' id='word_1_40' title='bbox 1568 711 1799 782; x_wconf 89' lang='lat' dir='ltr'><strong>denique</strong></span> 
     </span>
    </p>
   </div>
   <div class='ocr_carea' id='block_1_7' title="bbox 200 791 1795 875">
    <p class='ocr_par' dir='ltr' id='par_1_7' title="bbox 200 791 1795 875">
     <span class='ocr_line' id='line_1_7' title="bbox 200 791 1795 875; baseline 0.011 -31"><span class='ocrx_word' id='word_1_41' title='bbox 200 791 319 845; x_wconf 86' lang='lat' dir='ltr'><strong>sine</strong></span> <span class='ocrx_word' id='word_1_42' title='bbox 357 806 453 845; x_wconf 89' lang='lat' dir='ltr'><strong>sua</strong></span> <span class='ocrx_word' id='word_1_43' title='bbox 499 792 689 848; x_wconf 89' lang='lat' dir='ltr'><strong>forma.</strong></span> <span class='ocrx_word' id='word_1_44' title='bbox 741 795 846 852; x_wconf 91' lang='lat' dir='ltr'><strong>Sed</strong></span> <span class='ocrx_word' id='word_1_45' title='bbox 893 800 1167 854; x_wconf 82' lang='lat' dir='ltr'><strong>:cternitas</strong></span> <span class='ocrx_word' id='word_1_46' title='bbox 1211 802 1382 856; x_wconf 87' lang='lat' dir='ltr'><strong>amitti</strong></span> <span class='ocrx_word' id='word_1_47' title='bbox 1424 820 1527 859; x_wconf 91' lang='lat' dir='ltr'><strong>non</strong></span> <span class='ocrx_word' id='word_1_48' title='bbox 1579 817 1795 875; x_wconf 80' lang='lat' dir='ltr'><strong>potest:</strong></span> 
     </span>
    </p>
   </div>
   <div class='ocr_carea' id='block_1_8' title="bbox 203 884 1797 968">
    <p class='ocr_par' dir='ltr' id='par_1_8' title="bbox 203 884 1797 968">
     <span class='ocr_line' id='line_1_8' title="bbox 203 884 1797 968; baseline 0.011 -32"><span class='ocrx_word' id='word_1_49' title='bbox 203 884 352 953; x_wconf 86' lang='lat' dir='ltr'><strong>quin,</strong></span> <span class='ocrx_word' id='word_1_50' title='bbox 394 885 495 938; x_wconf 84' lang='lat' dir='ltr'><strong>nisi</strong></span> <span class='ocrx_word' id='word_1_51' title='bbox 527 885 699 941; x_wconf 88' lang='lat' dir='ltr'><strong>amitti</strong></span> <span class='ocrx_word' id='word_1_52' title='bbox 733 903 836 942; x_wconf 93' lang='lat' dir='ltr'><strong>non</strong></span> <span class='ocrx_word' id='word_1_53' title='bbox 870 891 1347 960; x_wconf 70' lang='lat' dir='ltr'><strong>possit,aeternitas</strong></span> <span class='ocrx_word' id='word_1_54' title='bbox 1378 909 1482 950; x_wconf 92' lang='lat' dir='ltr'><strong>non</strong></span> <span class='ocrx_word' id='word_1_55' title='bbox 1512 905 1614 955; x_wconf 86' lang='lat' dir='ltr'><strong>cst.</strong></span> <span class='ocrx_word' id='word_1_56' title='bbox 1653 896 1797 968; x_wconf 84' lang='lat' dir='ltr'><strong>Ergo</strong></span> 
     </span>
    </p>
   </div>
   <div class='ocr_carea' id='block_1_9' title="bbox 195 977 1794 1058">
    <p class='ocr_par' dir='ltr' id='par_1_9' title="bbox 195 977 1794 1058">
     <span class='ocr_line' id='line_1_9' title="bbox 195 977 1794 1058; baseline 0.009 -25"><span class='ocrx_word' id='word_1_57' title='bbox 195 993 296 1034; x_wconf 90' lang='lat' dir='ltr'><strong>nec</strong></span> <span class='ocrx_word' id='word_1_58' title='bbox 325 977 746 1036; x_wconf 90' lang='lat' dir='ltr'><strong>demutationem</strong></span> <span class='ocrx_word' id='word_1_59' title='bbox 761 983 938 1054; x_wconf 89' lang='lat' dir='ltr'><strong>potuit</strong></span> <span class='ocrx_word' id='word_1_60' title='bbox 965 984 1249 1042; x_wconf 91' lang='lat' dir='ltr'><strong>admisisse</strong></span> <span class='ocrx_word' id='word_1_61' title='bbox 1283 1006 1295 1041; x_wconf 90' lang='lat'>:</span> <span class='ocrx_word' id='word_1_62' title='bbox 1328 989 1477 1058; x_wconf 83' lang='lat' dir='ltr'><strong>quia,</strong></span> <span class='ocrx_word' id='word_1_63' title='bbox 1502 990 1546 1044; x_wconf 88' lang='lat' dir='ltr'><strong>si</strong></span> <span class='ocrx_word' id='word_1_64' title='bbox 1571 992 1794 1047; x_wconf 62' lang='lat' dir='ltr'><strong>eterni-</strong></span> 
     </span>
    </p>
   </div>
   <div class='ocr_carea' id='block_1_10' title="bbox 199 1070 1294 1148">
    <p class='ocr_par' dir='ltr' id='par_1_10' title="bbox 199 1070 1294 1148">
     <span class='ocr_line' id='line_1_10' title="bbox 199 1070 1294 1148; baseline 0.008 -23"><span class='ocrx_word' id='word_1_65' title='bbox 199 1079 281 1125; x_wconf 91' lang='lat' dir='ltr'><strong>tas</strong></span> <span class='ocrx_word' id='word_1_66' title='bbox 307 1081 415 1139; x_wconf 88' lang='lat' dir='ltr'><strong>est,</strong></span> <span class='ocrx_word' id='word_1_67' title='bbox 445 1070 711 1128; x_wconf 91' lang='lat' dir='ltr'><strong>demutari</strong></span> <span class='ocrx_word' id='word_1_68' title='bbox 733 1075 884 1132; x_wconf 92' lang='lat' dir='ltr'><strong>nullo</strong></span> <span class='ocrx_word' id='word_1_69' title='bbox 910 1076 1070 1131; x_wconf 92' lang='lat' dir='ltr'><strong>modo</strong></span> <span class='ocrx_word' id='word_1_70' title='bbox 1096 1087 1294 1148; x_wconf 85' lang='lat' dir='ltr'><strong>potest.</strong></span> 
     </span>
    </p>
   </div>
   <div class='ocr_carea' id='block_1_11' title="bbox 785 1167 1196 1225">
    <p class='ocr_par' dir='ltr' id='par_1_11' title="bbox 785 1167 1196 1225">
     <span class='ocr_line' id='line_1_11' title="bbox 785 1167 1196 1225; baseline 0.005 -3"><span class='ocrx_word' id='word_1_71' title='bbox 785 1167 1015 1225; x_wconf 81' lang='lat' dir='ltr'><strong>CAPUT</strong></span> <span class='ocrx_word' id='word_1_72' title='bbox 1054 1169 1196 1224; x_wconf 80' lang='lat' dir='ltr'>XIII.</span> 
     </span>
    </p>
   </div>
   <div class='ocr_carea' id='block_1_12' title="bbox 269 1257 1794 1338">
    <p class='ocr_par' dir='ltr' id='par_1_12' title="bbox 269 1257 1794 1338">
     <span class='ocr_line' id='line_1_12' title="bbox 269 1257 1794 1338; baseline 0.008 -25"><span class='ocrx_word' id='word_1_73' title='bbox 269 1257 340 1313; x_wconf 83' lang='lat' dir='ltr'><strong>Et</strong></span> <span class='ocrx_word' id='word_1_74' title='bbox 368 1269 641 1328; x_wconf 65' lang='lat' dir='ltr'><strong>quaretnr</strong></span> <span class='ocrx_word' id='word_1_75' title='bbox 665 1279 678 1315; x_wconf 88' lang='lat'><strong>:</strong></span> <span class='ocrx_word' id='word_1_76' title='bbox 705 1261 990 1330; x_wconf 82' lang='lat' dir='ltr'><strong>Quomodo</strong></span> <span class='ocrx_word' id='word_1_77' title='bbox 1018 1281 1082 1319; x_wconf 92' lang='lat' dir='ltr'><strong>ex</strong></span> <span class='ocrx_word' id='word_1_78' title='bbox 1115 1281 1178 1322; x_wconf 88' lang='lat' dir='ltr'><strong>ea</strong></span> <span class='ocrx_word' id='word_1_79' title='bbox 1208 1265 1342 1321; x_wconf 91' lang='lat' dir='ltr'><strong>bona</strong></span> <span class='ocrx_word' id='word_1_80' title='bbox 1371 1266 1509 1327; x_wconf 88' lang='lat' dir='ltr'><strong>facta</strong></span> <span class='ocrx_word' id='word_1_81' title='bbox 1524 1268 1649 1334; x_wconf 83' lang='lat' dir='ltr'><strong>sint,</strong></span> <span class='ocrx_word' id='word_1_82' title='bbox 1675 1286 1794 1338; x_wconf 70' lang='lat' dir='ltr'><strong>qua!</strong></span> 
     </span>
    </p>
   </div>
   <div class='ocr_carea' id='block_1_13' title="bbox 193 1350 1791 1418">
    <p class='ocr_par' dir='ltr' id='par_1_13' title="bbox 193 1350 1791 1418">
     <span class='ocr_line' id='line_1_13' title="bbox 193 1350 1791 1418; baseline 0.008 -14"><span class='ocrx_word' id='word_1_83' title='bbox 193 1365 260 1405; x_wconf 86' lang='lat' dir='ltr'><strong>ex</strong></span> <span class='ocrx_word' id='word_1_84' title='bbox 291 1350 664 1408; x_wconf 72' lang='lat' dir='ltr'><strong>aemulatione</strong></span> <span class='ocrx_word' id='word_1_85' title='bbox 693 1354 839 1410; x_wconf 92' lang='lat' dir='ltr'><strong>nullo</strong></span> <span class='ocrx_word' id='word_1_86' title='bbox 871 1357 1032 1411; x_wconf 89' lang='lat' dir='ltr'><strong>modo</strong></span> <span class='ocrx_word' id='word_1_87' title='bbox 1059 1355 1193 1412; x_wconf 87' lang='lat' dir='ltr'><strong>facta</strong></span> <span class='ocrx_word' id='word_1_88' title='bbox 1216 1360 1377 1414; x_wconf 90' lang='lat' dir='ltr'><strong>sunt?</strong></span> <span class='ocrx_word' id='word_1_89' title='bbox 1402 1359 1553 1416; x_wconf 82' lang='lat' dir='ltr'><strong>Unde</strong></span> <span class='ocrx_word' id='word_1_90' title='bbox 1576 1362 1626 1416; x_wconf 87' lang='lat' dir='ltr'><strong>in</strong></span> <span class='ocrx_word' id='word_1_91' title='bbox 1656 1363 1791 1418; x_wconf 78' lang='lat' dir='ltr'><strong>mala</strong></span> 
     </span>
    </p>
   </div>
   <div class='ocr_carea' id='block_1_14' title="bbox 189 1444 1792 1518">
    <p class='ocr_par' dir='ltr' id='par_1_14' title="bbox 189 1444 1792 1518">
     <span class='ocr_line' id='line_1_14' title="bbox 189 1444 1792 1518; baseline 0.009 -23"><span class='ocrx_word' id='word_1_92' title='bbox 189 1456 253 1498; x_wconf 84' lang='lat' dir='ltr'><strong>ac</strong></span> <span class='ocrx_word' id='word_1_93' title='bbox 278 1444 515 1512; x_wconf 80' lang='lat' dir='ltr'><strong>pessima</strong></span> <span class='ocrx_word' id='word_1_94' title='bbox 546 1445 668 1502; x_wconf 88' lang='lat' dir='ltr'><strong>boni</strong></span> <span class='ocrx_word' id='word_1_95' title='bbox 695 1455 860 1518; x_wconf 90' lang='lat' dir='ltr'><strong>atque</strong></span> <span class='ocrx_word' id='word_1_96' title='bbox 881 1449 1069 1517; x_wconf 89' lang='lat' dir='ltr'><strong>optimi</strong></span> <span class='ocrx_word' id='word_1_97' title='bbox 1097 1453 1320 1505; x_wconf 86' lang='lat' dir='ltr'><strong>semen?</strong></span> <span class='ocrx_word' id='word_1_98' title='bbox 1349 1452 1508 1510; x_wconf 68' lang='lat' dir='ltr'><strong>Certe</strong></span> <span class='ocrx_word' id='word_1_99' title='bbox 1534 1469 1634 1510; x_wconf 86' lang='lat' dir='ltr'><strong>nec</strong></span> <span class='ocrx_word' id='word_1_100' title='bbox 1657 1456 1792 1510; x_wconf 90' lang='lat' dir='ltr'><strong>bona</strong></span> 
     </span>
    </p>
   </div>
   <div class='ocr_carea' id='block_1_15' title="bbox 188 1536 1784 1614">
    <p class='ocr_par' dir='ltr' id='par_1_15' title="bbox 188 1536 1784 1614">
     <span class='ocr_line' id='line_1_15' title="bbox 188 1536 1784 1614; baseline 0.008 -23"><span class='ocrx_word' id='word_1_101' title='bbox 188 1536 353 1592; x_wconf 88' lang='lat' dir='ltr'><strong>arbor</strong></span> <span class='ocrx_word' id='word_1_102' title='bbox 387 1536 594 1593; x_wconf 87' lang='lat' dir='ltr'><strong>fructus</strong></span> <span class='ocrx_word' id='word_1_103' title='bbox 621 1539 791 1596; x_wconf 91' lang='lat' dir='ltr'><strong>malos</strong></span> <span class='ocrx_word' id='word_1_104' title='bbox 819 1541 967 1610; x_wconf 90' lang='lat' dir='ltr'><strong>edit,</strong></span> <span class='ocrx_word' id='word_1_105' title='bbox 998 1544 1121 1614; x_wconf 89' lang='lat' dir='ltr'><strong>quia</strong></span> <span class='ocrx_word' id='word_1_106' title='bbox 1153 1560 1251 1600; x_wconf 90' lang='lat' dir='ltr'><strong>nec</strong></span> <span class='ocrx_word' id='word_1_107' title='bbox 1279 1546 1419 1602; x_wconf 88' lang='lat' dir='ltr'><strong>Deus</strong></span> <span class='ocrx_word' id='word_1_108' title='bbox 1445 1549 1544 1603; x_wconf 92' lang='lat' dir='ltr'><strong>nisi</strong></span> <span class='ocrx_word' id='word_1_109' title='bbox 1574 1549 1746 1606; x_wconf 89' lang='lat' dir='ltr'><strong>bonus</strong></span> <span class='ocrx_word' id='word_1_110' title='bbox 1771 1567 1784 1604; x_wconf 92' lang='lat'><strong>:</strong></span> 
     </span>
    </p>
   </div>
   <div class='ocr_carea' id='block_1_16' title="bbox 188 1633 1792 1707">
    <p class='ocr_par' dir='ltr' id='par_1_16' title="bbox 188 1633 1792 1707">
     <span class='ocr_line' id='line_1_16' title="bbox 188 1633 1792 1707; baseline 0.01 -23"><span class='ocrx_word' id='word_1_111' title='bbox 188 1644 287 1684; x_wconf 92' lang='lat' dir='ltr'><strong>nec</strong></span> <span class='ocrx_word' id='word_1_112' title='bbox 328 1633 470 1686; x_wconf 82' lang='lat' dir='ltr'><strong>mala</strong></span> <span class='ocrx_word' id='word_1_113' title='bbox 511 1633 705 1696; x_wconf 89' lang='lat' dir='ltr'><strong>arbor,</strong></span> <span class='ocrx_word' id='word_1_114' title='bbox 749 1633 959 1702; x_wconf 89' lang='lat' dir='ltr'><strong>bonos,</strong></span> <span class='ocrx_word' id='word_1_115' title='bbox 1003 1639 1127 1707; x_wconf 91' lang='lat' dir='ltr'><strong>quia</strong></span> <span class='ocrx_word' id='word_1_116' title='bbox 1169 1654 1269 1695; x_wconf 91' lang='lat' dir='ltr'><strong>nec</strong></span> <span class='ocrx_word' id='word_1_117' title='bbox 1307 1643 1527 1697; x_wconf 85' lang='lat' dir='ltr'><strong>materia</strong></span> <span class='ocrx_word' id='word_1_118' title='bbox 1568 1655 1648 1698; x_wconf 87' lang='lat' dir='ltr'><strong>est</strong></span> <span class='ocrx_word' id='word_1_119' title='bbox 1691 1645 1792 1700; x_wconf 88' lang='lat' dir='ltr'><strong>nisi</strong></span> 
     </span>
    </p>
   </div>
   <div class='ocr_carea' id='block_1_17' title="bbox 190 1723 1792 1810">
    <p class='ocr_par' dir='ltr' id='par_1_17' title="bbox 190 1723 1792 1810">
     <span class='ocr_line' id='line_1_17' title="bbox 190 1723 1792 1810; baseline 0.013 -36"><span class='ocrx_word' id='word_1_120' title='bbox 190 1723 450 1793; x_wconf 86' lang='lat' dir='ltr'><strong>pessima.</strong></span> <span class='ocrx_word' id='word_1_121' title='bbox 496 1729 601 1780; x_wconf 82' lang='lat' dir='ltr'><strong>Atil</strong></span> <span class='ocrx_word' id='word_1_122' title='bbox 629 1726 671 1780; x_wconf 91' lang='lat' dir='ltr'><strong>si</strong></span> <span class='ocrx_word' id='word_1_123' title='bbox 703 1725 951 1784; x_wconf 87' lang='lat' dir='ltr'><strong>dabimus</strong></span> <span class='ocrx_word' id='word_1_124' title='bbox 981 1729 1053 1785; x_wconf 89' lang='lat' dir='ltr'><strong>illi</strong></span> <span class='ocrx_word' id='word_1_125' title='bbox 1085 1732 1285 1803; x_wconf 86' lang='lat' dir='ltr'><strong>aliquid</strong></span> <span class='ocrx_word' id='word_1_126' title='bbox 1314 1736 1475 1791; x_wconf 87' lang='lat' dir='ltr'><strong>etiam</strong></span> <span class='ocrx_word' id='word_1_127' title='bbox 1510 1737 1634 1792; x_wconf 89' lang='lat' dir='ltr'><strong>boni</strong></span> <span class='ocrx_word' id='word_1_128' title='bbox 1666 1755 1792 1810; x_wconf 81' lang='lat' dir='ltr'><strong>ger-</strong></span> 
     </span>
    </p>
   </div>
   <div class='ocr_carea' id='block_1_18' title="bbox 189 1816 1790 1895">
    <p class='ocr_par' dir='ltr' id='par_1_18' title="bbox 189 1816 1790 1895">
     <span class='ocr_line' id='line_1_18' title="bbox 189 1816 1790 1895; baseline 0.012 -26"><span class='ocrx_word' id='word_1_129' title='bbox 189 1816 350 1870; x_wconf 85' lang='lat' dir='ltr'><strong>minis</strong></span> <span class='ocrx_word' id='word_1_130' title='bbox 372 1860 387 1882; x_wconf 91' lang='lat'><strong>,</strong></span> <span class='ocrx_word' id='word_1_131' title='bbox 414 1819 524 1886; x_wconf 87' lang='lat' dir='ltr'><strong>jam</strong></span> <span class='ocrx_word' id='word_1_132' title='bbox 553 1833 660 1874; x_wconf 90' lang='lat' dir='ltr'><strong>non</strong></span> <span class='ocrx_word' id='word_1_133' title='bbox 690 1820 794 1875; x_wconf 89' lang='lat' dir='ltr'><strong>erit</strong></span> <span class='ocrx_word' id='word_1_134' title='bbox 821 1821 1102 1878; x_wconf 78' lang='lat' dir='ltr'><strong>uniformis</strong></span> <span class='ocrx_word' id='word_1_135' title='bbox 1131 1835 1370 1895; x_wconf 71' lang='lat' dir='ltr'><strong>naturae,</strong></span> <span class='ocrx_word' id='word_1_136' title='bbox 1404 1829 1452 1883; x_wconf 95' lang='lat' dir='ltr'><strong>id</strong></span> <span class='ocrx_word' id='word_1_137' title='bbox 1507 1840 1590 1886; x_wconf 90' lang='lat' dir='ltr'><strong>est</strong></span> <span class='ocrx_word' id='word_1_138' title='bbox 1636 1834 1790 1888; x_wconf 75' lang='lat' dir='ltr'><strong>malae</strong></span> 
     </span>
    </p>
   </div>
   <div class='ocr_carea' id='block_1_19' title="bbox 1905 629 3496 711">
    <p class='ocr_par' dir='ltr' id='par_1_19' title="bbox 1905 629 3496 711">
     <span class='ocr_line' id='line_1_19' title="bbox 1905 629 3496 711; baseline 0.008 -28"><span class='ocrx_word' id='word_1_139' title='bbox 1905 629 2026 684; x_wconf 86' lang='lat' dir='ltr'><strong>litas</strong></span> <span class='ocrx_word' id='word_1_140' title='bbox 2051 635 2324 701; x_wconf 83' lang='lat' dir='ltr'><strong>competit.</strong></span> <span class='ocrx_word' id='word_1_141' title='bbox 2351 633 2406 688; x_wconf 81' lang='lat' dir='ltr'><strong>Si</strong></span> <span class='ocrx_word' id='word_1_142' title='bbox 2436 643 2492 688; x_wconf 90' lang='lat' dir='ltr'><strong>et</strong></span> <span class='ocrx_word' id='word_1_143' title='bbox 2513 636 2590 690; x_wconf 90' lang='lat' dir='ltr'><strong>sic</strong></span> <span class='ocrx_word' id='word_1_144' title='bbox 2605 636 2952 692; x_wconf 82' lang='lat' dir='ltr'><strong>concedimus</strong></span> <span class='ocrx_word' id='word_1_145' title='bbox 2977 639 3255 694; x_wconf 84' lang='lat' dir='ltr'><strong>materiam</strong></span> <span class='ocrx_word' id='word_1_146' title='bbox 3279 641 3496 711; x_wconf 83' lang='lat' dir='ltr'><strong>quidem</strong></span> 
     </span>
    </p>
   </div>
   <div class='ocr_carea' id='block_1_20' title="bbox 1903 723 3496 802">
    <p class='ocr_par' dir='ltr' id='par_1_20' title="bbox 1903 723 3496 802">
     <span class='ocr_line' id='line_1_20' title="bbox 1903 723 3496 802; baseline 0.008 -26"><span class='ocrx_word' id='word_1_147' title='bbox 1903 723 2033 777; x_wconf 80' lang='lat' dir='ltr'><strong>nihil</strong></span> <span class='ocrx_word' id='word_1_148' title='bbox 2067 725 2188 779; x_wconf 86' lang='lat' dir='ltr'><strong>boni</strong></span> <span class='ocrx_word' id='word_1_149' title='bbox 2219 725 2487 788; x_wconf 86' lang='lat' dir='ltr'><strong>habuisse.</strong></span> <span class='ocrx_word' id='word_1_150' title='bbox 2509 727 2791 784; x_wconf 92' lang='lat' dir='ltr'><strong>Dominum</strong></span> <span class='ocrx_word' id='word_1_151' title='bbox 2817 745 2969 792; x_wconf 87' lang='lat' dir='ltr'><strong>vero,</strong></span> <span class='ocrx_word' id='word_1_152' title='bbox 2997 731 3041 785; x_wconf 91' lang='lat' dir='ltr'><strong>si</strong></span> <span class='ocrx_word' id='word_1_153' title='bbox 3068 730 3196 802; x_wconf 88' lang='lat' dir='ltr'><strong>quid</strong></span> <span class='ocrx_word' id='word_1_154' title='bbox 3228 731 3350 787; x_wconf 84' lang='lat' dir='ltr'><strong>boni</strong></span> <span class='ocrx_word' id='word_1_155' title='bbox 3383 731 3496 788; x_wconf 88' lang='lat' dir='ltr'><strong>edi-</strong></span> 
     </span>
    </p>
   </div>
   <div class='ocr_carea' id='block_1_21' title="bbox 1901 815 3498 897">
    <p class='ocr_par' dir='ltr' id='par_1_21' title="bbox 1901 815 3498 897">
     <span class='ocr_line' id='line_1_21' title="bbox 1901 815 3498 897; baseline 0.008 -27"><span class='ocrx_word' id='word_1_156' title='bbox 1901 815 1997 879; x_wconf 90' lang='lat' dir='ltr'><strong>dit,</strong></span> <span class='ocrx_word' id='word_1_157' title='bbox 2030 831 2124 873; x_wconf 90' lang='lat' dir='ltr'><strong>sua</strong></span> <span class='ocrx_word' id='word_1_158' title='bbox 2153 819 2345 874; x_wconf 84' lang='lat' dir='ltr'><strong>virtute</strong></span> <span class='ocrx_word' id='word_1_159' title='bbox 2372 819 2628 887; x_wconf 90' lang='lat' dir='ltr'><strong>edidisse,</strong></span> <span class='ocrx_word' id='word_1_160' title='bbox 2658 823 2779 877; x_wconf 73' lang='lat' dir='ltr'><strong>alia:</strong></span> <span class='ocrx_word' id='word_1_161' title='bbox 2802 837 2958 894; x_wconf 67' lang='lat' dir='ltr'><strong>teque</strong></span> <span class='ocrx_word' id='word_1_162' title='bbox 2984 826 3298 881; x_wconf 86' lang='lat' dir='ltr'><strong>oborientur</strong></span> <span class='ocrx_word' id='word_1_163' title='bbox 3319 841 3498 897; x_wconf 62' lang='lat' dir='ltr'><strong>ques-</strong></span> 
     </span>
    </p>
   </div>
   <div class='ocr_carea' id='block_1_22' title="bbox 1903 911 3496 982">
    <p class='ocr_par' dir='ltr' id='par_1_22' title="bbox 1903 911 3496 982">
     <span class='ocr_line' id='line_1_22' title="bbox 1903 911 3496 982; baseline 0.008 -18"><span class='ocrx_word' id='word_1_164' title='bbox 1903 912 2093 966; x_wconf 90' lang='lat' dir='ltr'><strong>tiones.</strong></span> <span class='ocrx_word' id='word_1_165' title='bbox 2131 911 2327 976; x_wconf 84' lang='lat' dir='ltr'><strong>Primo,</strong></span> <span class='ocrx_word' id='word_1_166' title='bbox 2361 915 2438 982; x_wconf 85' lang='lat' dir='ltr'><strong>(a)</strong></span> <span class='ocrx_word' id='word_1_167' title='bbox 2493 916 2538 968; x_wconf 88' lang='lat' dir='ltr'><strong>si</strong></span> <span class='ocrx_word' id='word_1_168' title='bbox 2571 915 2767 970; x_wconf 89' lang='lat' dir='ltr'><strong>bonum</strong></span> <span class='ocrx_word' id='word_1_169' title='bbox 2799 917 2852 972; x_wconf 91' lang='lat' dir='ltr'><strong>in</strong></span> <span class='ocrx_word' id='word_1_170' title='bbox 2891 920 3110 973; x_wconf 82' lang='lat' dir='ltr'><strong>materia</strong></span> <span class='ocrx_word' id='word_1_171' title='bbox 3139 920 3358 975; x_wconf 90' lang='lat' dir='ltr'><strong>omnino</strong></span> <span class='ocrx_word' id='word_1_172' title='bbox 3389 937 3496 978; x_wconf 92' lang='lat' dir='ltr'><strong>non</strong></span> 
     </span>
    </p>
   </div>
   <div class='ocr_carea' id='block_1_23' title="bbox 1902 1004 3498 1082">
    <p class='ocr_par' dir='ltr' id='par_1_23' title="bbox 1902 1004 3498 1082">
     <span class='ocr_line' id='line_1_23' title="bbox 1902 1004 3498 1082; baseline 0.008 -26"><span class='ocrx_word' id='word_1_173' title='bbox 1902 1004 2015 1069; x_wconf 87' lang='lat' dir='ltr'><strong>luit,</strong></span> <span class='ocrx_word' id='word_1_174' title='bbox 2060 1020 2165 1058; x_wconf 91' lang='lat' dir='ltr'><strong>non</strong></span> <span class='ocrx_word' id='word_1_175' title='bbox 2198 1021 2264 1061; x_wconf 90' lang='lat' dir='ltr'><strong>ex</strong></span> <span class='ocrx_word' id='word_1_176' title='bbox 2303 1010 2525 1062; x_wconf 83' lang='lat' dir='ltr'><strong>materia</strong></span> <span class='ocrx_word' id='word_1_177' title='bbox 2556 1007 2755 1064; x_wconf 91' lang='lat' dir='ltr'><strong>bonum</strong></span> <span class='ocrx_word' id='word_1_178' title='bbox 2788 1009 2981 1066; x_wconf 90' lang='lat' dir='ltr'><strong>factum</strong></span> <span class='ocrx_word' id='word_1_179' title='bbox 3007 1019 3125 1077; x_wconf 91' lang='lat' dir='ltr'><strong>est,</strong></span> <span class='ocrx_word' id='word_1_180' title='bbox 3149 1012 3292 1082; x_wconf 92' lang='lat' dir='ltr'><strong>quod</strong></span> <span class='ocrx_word' id='word_1_181' title='bbox 3324 1023 3498 1069; x_wconf 83' lang='lat' dir='ltr'><strong>mate-</strong></span> 
     </span>
    </p>
   </div>
   <div class='ocr_carea' id='block_1_24' title="bbox 1901 1095 3495 1167">
    <p class='ocr_par' dir='ltr' id='par_1_24' title="bbox 1901 1095 3495 1167">
     <span class='ocr_line' id='line_1_24' title="bbox 1901 1095 3495 1167; baseline 0.004 -15"><span class='ocrx_word' id='word_1_182' title='bbox 1901 1095 1975 1152; x_wconf 93' lang='lat' dir='ltr'><strong>ria</strong></span> <span class='ocrx_word' id='word_1_183' title='bbox 2007 1098 2210 1152; x_wconf 86' lang='lat' dir='ltr'><strong>scilicet</strong></span> <span class='ocrx_word' id='word_1_184' title='bbox 2245 1114 2352 1152; x_wconf 90' lang='lat' dir='ltr'><strong>non</strong></span> <span class='ocrx_word' id='word_1_185' title='bbox 2398 1098 2602 1153; x_wconf 83' lang='lat' dir='ltr'><strong>habuit.</strong></span> <span class='ocrx_word' id='word_1_186' title='bbox 2639 1099 2843 1156; x_wconf 88' lang='lat' dir='ltr'><strong>Dehinc</strong></span> <span class='ocrx_word' id='word_1_187' title='bbox 2866 1143 2881 1166; x_wconf 94' lang='lat'><strong>,</strong></span> <span class='ocrx_word' id='word_1_188' title='bbox 2925 1102 2970 1156; x_wconf 90' lang='lat' dir='ltr'><strong>si</strong></span> <span class='ocrx_word' id='word_1_189' title='bbox 3005 1118 3110 1157; x_wconf 90' lang='lat' dir='ltr'><strong>non</strong></span> <span class='ocrx_word' id='word_1_190' title='bbox 3140 1117 3205 1157; x_wconf 85' lang='lat' dir='ltr'><strong>ex</strong></span> <span class='ocrx_word' id='word_1_191' title='bbox 3237 1103 3495 1167; x_wconf 83' lang='lat' dir='ltr'><strong>materia.</strong></span> 
     </span>
    </p>
   </div>
   <div class='ocr_carea' id='block_1_25' title="bbox 1895 1189 3494 1268">
    <p class='ocr_par' dir='ltr' id='par_1_25' title="bbox 1895 1189 3494 1268">
     <span class='ocr_line' id='line_1_25' title="bbox 1895 1189 3494 1268; baseline 0.006 -25"><span class='ocrx_word' id='word_1_192' title='bbox 1895 1189 2006 1260; x_wconf 89' lang='lat' dir='ltr'><strong>jam</strong></span> <span class='ocrx_word' id='word_1_193' title='bbox 2029 1207 2158 1260; x_wconf 85' lang='lat' dir='ltr'><strong>ergo</strong></span> <span class='ocrx_word' id='word_1_194' title='bbox 2179 1206 2242 1247; x_wconf 78' lang='lat' dir='ltr'><strong>ex</strong></span> <span class='ocrx_word' id='word_1_195' title='bbox 2273 1192 2384 1246; x_wconf 84' lang='lat' dir='ltr'><strong>Deo</strong></span> <span class='ocrx_word' id='word_1_196' title='bbox 2413 1192 2630 1248; x_wconf 86' lang='lat' dir='ltr'><strong>factum.</strong></span> <span class='ocrx_word' id='word_1_197' title='bbox 2663 1194 2723 1250; x_wconf 89' lang='lat' dir='ltr'><strong>Si</strong></span> <span class='ocrx_word' id='word_1_198' title='bbox 2749 1209 2846 1250; x_wconf 90' lang='lat' dir='ltr'><strong>nec</strong></span> <span class='ocrx_word' id='word_1_199' title='bbox 2868 1211 2932 1250; x_wconf 85' lang='lat' dir='ltr'><strong>ex</strong></span> <span class='ocrx_word' id='word_1_200' title='bbox 2964 1196 3107 1263; x_wconf 94' lang='lat' dir='ltr'><strong>Deo,</strong></span> <span class='ocrx_word' id='word_1_201' title='bbox 3133 1197 3241 1266; x_wconf 85' lang='lat' dir='ltr'><strong>jam</strong></span> <span class='ocrx_word' id='word_1_202' title='bbox 3266 1212 3396 1268; x_wconf 88' lang='lat' dir='ltr'><strong>ergo</strong></span> <span class='ocrx_word' id='word_1_203' title='bbox 3427 1213 3494 1254; x_wconf 92' lang='lat' dir='ltr'><strong>ex</strong></span> 
     </span>
    </p>
   </div>
   <div class='ocr_carea' id='block_1_26' title="bbox 1901 1283 3494 1359">
    <p class='ocr_par' dir='ltr' id='par_1_26' title="bbox 1901 1283 3494 1359">
     <span class='ocr_line' id='line_1_26' title="bbox 1901 1283 3494 1359; baseline 0.008 -23"><span class='ocrx_word' id='word_1_204' title='bbox 1901 1283 2064 1338; x_wconf 85' lang='lat' dir='ltr'><strong>nihilo</strong></span> <span class='ocrx_word' id='word_1_205' title='bbox 2095 1283 2311 1339; x_wconf 83' lang='lat' dir='ltr'><strong>factum.</strong></span> <span class='ocrx_word' id='word_1_206' title='bbox 2354 1284 2466 1340; x_wconf 88' lang='lat' dir='ltr'><strong>Hoc</strong></span> <span class='ocrx_word' id='word_1_207' title='bbox 2501 1289 2642 1342; x_wconf 89' lang='lat' dir='ltr'><strong>enim</strong></span> <span class='ocrx_word' id='word_1_208' title='bbox 2665 1297 2910 1359; x_wconf 87' lang='lat' dir='ltr'><strong>superest</strong></span> <span class='ocrx_word' id='word_1_209' title='bbox 2939 1288 3233 1346; x_wconf 88' lang='lat' dir='ltr'><strong>secundum</strong></span> <span class='ocrx_word' id='word_1_210' title='bbox 3263 1289 3494 1348; x_wconf 89' lang='lat' dir='ltr'><strong>Hermo-</strong></span> 
     </span>
    </p>
   </div>
   <div class='ocr_carea' id='block_1_27' title="bbox 1898 1363 2506 1447">
    <p class='ocr_par' dir='ltr' id='par_1_27' title="bbox 1898 1363 2506 1447">
     <span class='ocr_line' id='line_1_27' title="bbox 1898 1363 2506 1447; baseline 0.003 -16"><span class='ocrx_word' id='word_1_211' title='bbox 1898 1376 2050 1446; x_wconf 83' lang='lat' dir='ltr'><strong>genis</strong></span> <span class='ocrx_word' id='word_1_212' title='bbox 2077 1363 2506 1447; x_wconf 63' lang='lat' dir='ltr'><strong>disliositionem.</strong></span> 
     </span>
    </p>
   </div>
   <div class='ocr_carea' id='block_1_28' title="bbox 2499 1471 2885 1530">
    <p class='ocr_par' dir='ltr' id='par_1_28' title="bbox 2499 1471 2885 1530">
     <span class='ocr_line' id='line_1_28' title="bbox 2499 1471 2885 1530; baseline 0 -2"><span class='ocrx_word' id='word_1_213' title='bbox 2499 1471 2729 1529; x_wconf 83' lang='lat' dir='ltr'><strong>CAPUT</strong></span> <span class='ocrx_word' id='word_1_214' title='bbox 2769 1473 2885 1530; x_wconf 83' lang='lat' dir='ltr'><strong>XV.</strong></span> 
     </span>
    </p>
   </div>
   <div class='ocr_carea' id='block_1_29' title="bbox 1969 1561 3493 1637">
    <p class='ocr_par' dir='ltr' id='par_1_29' title="bbox 1969 1561 3493 1637">
     <span class='ocr_line' id='line_1_29' title="bbox 1969 1561 3493 1637; baseline 0.007 -21"><span class='ocrx_word' id='word_1_215' title='bbox 1969 1561 2137 1617; x_wconf 84' lang='lat' dir='ltr'><strong>Porro</strong></span> <span class='ocrx_word' id='word_1_216' title='bbox 2177 1563 2220 1618; x_wconf 91' lang='lat' dir='ltr'><strong>si</strong></span> <span class='ocrx_word' id='word_1_217' title='bbox 2258 1562 2491 1630; x_wconf 90' lang='lat' dir='ltr'><strong>bonum,</strong></span> <span class='ocrx_word' id='word_1_218' title='bbox 2537 1580 2709 1635; x_wconf 90' lang='lat' dir='ltr'><strong>neque</strong></span> <span class='ocrx_word' id='word_1_219' title='bbox 2752 1582 2817 1621; x_wconf 93' lang='lat' dir='ltr'><strong>cx</strong></span> <span class='ocrx_word' id='word_1_220' title='bbox 2864 1566 3086 1623; x_wconf 87' lang='lat' dir='ltr'><strong>materia</strong></span> <span class='ocrx_word' id='word_1_221' title='bbox 3128 1565 3326 1624; x_wconf 81' lang='lat' dir='ltr'><strong>factum</strong></span> <span class='ocrx_word' id='word_1_222' title='bbox 3369 1579 3493 1637; x_wconf 90' lang='lat' dir='ltr'><strong>est,</strong></span> 
     </span>
    </p>
   </div>
   <div class='ocr_carea' id='block_1_30' title="bbox 1895 1658 3494 1734">
    <p class='ocr_par' dir='ltr' id='par_1_30' title="bbox 1895 1658 3494 1734">
     <span class='ocr_line' id='line_1_30' title="bbox 1895 1658 3494 1734; baseline 0.006 -26"><span class='ocrx_word' id='word_1_223' title='bbox 1895 1658 2016 1728; x_wconf 85' lang='lat' dir='ltr'><strong>quia</strong></span> <span class='ocrx_word' id='word_1_224' title='bbox 2040 1673 2145 1711; x_wconf 92' lang='lat' dir='ltr'><strong>non</strong></span> <span class='ocrx_word' id='word_1_225' title='bbox 2166 1667 2281 1712; x_wconf 89' lang='lat' dir='ltr'><strong>erat</strong></span> <span class='ocrx_word' id='word_1_226' title='bbox 2307 1659 2360 1712; x_wconf 87' lang='lat' dir='ltr'><strong>in</strong></span> <span class='ocrx_word' id='word_1_227' title='bbox 2390 1658 2499 1722; x_wconf 82' lang='lat' dir='ltr'><strong>illa,</strong></span> <span class='ocrx_word' id='word_1_228' title='bbox 2534 1669 2593 1712; x_wconf 90' lang='lat' dir='ltr'><strong>ut</strong></span> <span class='ocrx_word' id='word_1_229' title='bbox 2621 1659 2671 1712; x_wconf 93' lang='lat' dir='ltr'><strong>in</strong></span> <span class='ocrx_word' id='word_1_230' title='bbox 2704 1659 2880 1725; x_wconf 89' lang='lat' dir='ltr'><strong>mala;</strong></span> <span class='ocrx_word' id='word_1_231' title='bbox 2915 1676 3087 1731; x_wconf 89' lang='lat' dir='ltr'><strong>neque</strong></span> <span class='ocrx_word' id='word_1_232' title='bbox 3108 1675 3176 1716; x_wconf 89' lang='lat' dir='ltr'><strong>ex</strong></span> <span class='ocrx_word' id='word_1_233' title='bbox 3207 1662 3337 1728; x_wconf 89' lang='lat' dir='ltr'><strong>Deo,</strong></span> <span class='ocrx_word' id='word_1_234' title='bbox 3369 1663 3494 1734; x_wconf 82' lang='lat' dir='ltr'><strong>quia</strong></span> 
     </span>
    </p>
   </div>
   <div class='ocr_carea' id='block_1_31' title="bbox 1897 1753 3492 1827">
    <p class='ocr_par' dir='ltr' id='par_1_31' title="bbox 1897 1753 3492 1827">
     <span class='ocr_line' id='line_1_31' title="bbox 1897 1753 3492 1827; baseline 0.001 -19"><span class='ocrx_word' id='word_1_235' title='bbox 1897 1753 2028 1808; x_wconf 83' lang='lat' dir='ltr'><strong>nihil</strong></span> <span class='ocrx_word' id='word_1_236' title='bbox 2066 1754 2235 1823; x_wconf 92' lang='lat' dir='ltr'><strong>potuit</strong></span> <span class='ocrx_word' id='word_1_237' title='bbox 2264 1769 2328 1809; x_wconf 85' lang='lat' dir='ltr'><strong>ex</strong></span> <span class='ocrx_word' id='word_1_238' title='bbox 2373 1755 2482 1810; x_wconf 92' lang='lat' dir='ltr'><strong>Deo</strong></span> <span class='ocrx_word' id='word_1_239' title='bbox 2512 1753 2660 1820; x_wconf 88' lang='lat' dir='ltr'><strong>fieri,</strong></span> <span class='ocrx_word' id='word_1_240' title='bbox 2702 1755 2840 1810; x_wconf 90' lang='lat' dir='ltr'><strong>sicut</strong></span> <span class='ocrx_word' id='word_1_241' title='bbox 2867 1755 3054 1811; x_wconf 84' lang='lat' dir='ltr'><strong>definit</strong></span> <span class='ocrx_word' id='word_1_242' title='bbox 3083 1755 3449 1827; x_wconf 81' lang='lat' dir='ltr'><strong>Hermogenes</strong></span> <span class='ocrx_word' id='word_1_243' title='bbox 3476 1775 3492 1810; x_wconf 89' lang='lat'><strong>:</strong></span> 
     </span>
    </p>
   </div>
   <div class='ocr_carea' id='block_1_32' title="bbox 1898 1848 3494 1917">
    <p class='ocr_par' dir='ltr' id='par_1_32' title="bbox 1898 1848 3494 1917">
     <span class='ocr_line' id='line_1_32' title="bbox 1898 1848 3494 1917; baseline 0.002 -17"><span class='ocrx_word' id='word_1_244' title='bbox 1898 1849 2168 1903; x_wconf 89' lang='lat' dir='ltr'><strong>invenitur</strong></span> <span class='ocrx_word' id='word_1_245' title='bbox 2209 1848 2405 1904; x_wconf 90' lang='lat' dir='ltr'><strong>bonum</strong></span> <span class='ocrx_word' id='word_1_246' title='bbox 2433 1848 2545 1917; x_wconf 88' lang='lat' dir='ltr'><strong>jam</strong></span> <span class='ocrx_word' id='word_1_247' title='bbox 2577 1863 2644 1903; x_wconf 89' lang='lat' dir='ltr'><strong>ex</strong></span> <span class='ocrx_word' id='word_1_248' title='bbox 2676 1848 2844 1904; x_wconf 87' lang='lat' dir='ltr'><strong>nihilo</strong></span> <span class='ocrx_word' id='word_1_249' title='bbox 2875 1848 3077 1904; x_wconf 87' lang='lat' dir='ltr'><strong>factum</strong></span> <span class='ocrx_word' id='word_1_250' title='bbox 3101 1891 3115 1916; x_wconf 94' lang='lat'><strong>,</strong></span> <span class='ocrx_word' id='word_1_251' title='bbox 3160 1857 3220 1905; x_wconf 88' lang='lat' dir='ltr'><strong>ut</strong></span> <span class='ocrx_word' id='word_1_252' title='bbox 3253 1865 3320 1904; x_wconf 89' lang='lat' dir='ltr'><strong>ex</strong></span> <span class='ocrx_word' id='word_1_253' title='bbox 3346 1851 3494 1908; x_wconf 90' lang='lat' dir='ltr'><strong>nullo</strong></span> 
     </span>
    </p>
   </div>
   <div class='ocr_carea' id='block_1_33' title="bbox 185 1910 1792 2012">
    <p class='ocr_par' dir='ltr' id='par_1_33' title="bbox 185 1910 1792 1995">
     <span class='ocr_line' id='line_1_33' title="bbox 185 1910 1792 1995; baseline 0.009 -29"><span class='ocrx_word' id='word_1_254' title='bbox 185 1910 238 1966; x_wconf 89' lang='lat' dir='ltr'><strong>in</strong></span> <span class='ocrx_word' id='word_1_255' title='bbox 269 1920 463 1974; x_wconf 87' lang='lat' dir='ltr'><strong>totum,</strong></span> <span class='ocrx_word' id='word_1_256' title='bbox 498 1911 590 1967; x_wconf 90' lang='lat' dir='ltr'><strong>sed</strong></span> <span class='ocrx_word' id='word_1_257' title='bbox 615 1923 669 1968; x_wconf 90' lang='lat' dir='ltr'><strong>et</strong></span> <span class='ocrx_word' id='word_1_258' title='bbox 693 1925 896 1971; x_wconf 91' lang='lat' dir='ltr'><strong>tantum</strong></span> <span class='ocrx_word' id='word_1_259' title='bbox 923 1917 1150 1986; x_wconf 79' lang='lat' dir='ltr'><strong>duplex,</strong></span> <span class='ocrx_word' id='word_1_260' title='bbox 1189 1920 1240 1975; x_wconf 94' lang='lat' dir='ltr'><strong>id</strong></span> <span class='ocrx_word' id='word_1_261' title='bbox 1293 1931 1376 1978; x_wconf 87' lang='lat' dir='ltr'><strong>est</strong></span> <span class='ocrx_word' id='word_1_262' title='bbox 1432 1922 1513 1995; x_wconf 85' lang='lat' dir='ltr'><strong>(l)</strong></span> <span class='ocrx_word' id='word_1_263' title='bbox 1561 1925 1715 1981; x_wconf 68' lang='lat' dir='ltr'><strong>bonae</strong></span> <span class='ocrx_word' id='word_1_264' title='bbox 1738 1937 1792 1981; x_wconf 87' lang='lat' dir='ltr'><strong>et</strong></span> 
     </span>
    </p>
   </div>
   <div class='ocr_carea' id='block_1_34' title="bbox 1896 1910 3492 2012">
    <p class='ocr_par' dir='ltr' id='par_1_34' title="bbox 1900 1939 3492 2012">
     <span class='ocr_line' id='line_1_34' title="bbox 1900 1939 3492 2012; baseline 0.003 -18"><span class='ocrx_word' id='word_1_265' title='bbox 1900 1939 2128 2002; x_wconf 82' lang='lat' dir='ltr'><strong>factum,</strong></span> <span class='ocrx_word' id='word_1_266' title='bbox 2171 1949 2228 1997; x_wconf 93' lang='lat' dir='ltr'><strong>ut</strong></span> <span class='ocrx_word' id='word_1_267' title='bbox 2256 1956 2427 2011; x_wconf 93' lang='lat' dir='ltr'><strong>neque</strong></span> <span class='ocrx_word' id='word_1_268' title='bbox 2461 1956 2526 1996; x_wconf 89' lang='lat' dir='ltr'><strong>ex</strong></span> <span class='ocrx_word' id='word_1_269' title='bbox 2569 1942 2790 1996; x_wconf 83' lang='lat' dir='ltr'><strong>materia</strong></span> <span class='ocrx_word' id='word_1_270' title='bbox 2814 1984 2828 2006; x_wconf 90' lang='lat'><strong>,</strong></span> <span class='ocrx_word' id='word_1_271' title='bbox 2867 1957 3041 2012; x_wconf 90' lang='lat' dir='ltr'><strong>neque</strong></span> <span class='ocrx_word' id='word_1_272' title='bbox 3076 1958 3141 1998; x_wconf 90' lang='lat' dir='ltr'><strong>ex</strong></span> <span class='ocrx_word' id='word_1_273' title='bbox 3171 1942 3302 1998; x_wconf 90' lang='lat' dir='ltr'><strong>Deo.</strong></span> <span class='ocrx_word' id='word_1_274' title='bbox 3349 1944 3412 2000; x_wconf 85' lang='lat' dir='ltr'><strong>Et</strong></span> <span class='ocrx_word' id='word_1_275' title='bbox 3444 1944 3492 1999; x_wconf 89' lang='lat' dir='ltr'><strong>si</strong></span> 
     </span>
    </p>
   </div>
   <div class='ocr_carea' id='block_1_35' title="bbox 185 2003 1789 2076">
    <p class='ocr_par' dir='ltr' id='par_1_35' title="bbox 185 2003 1789 2076">
     <span class='ocr_line' id='line_1_35' title="bbox 185 2003 1789 2076; baseline 0.011 -20"><span class='ocrx_word' id='word_1_276' title='bbox 185 2003 342 2057; x_wconf 70' lang='lat' dir='ltr'><strong>malae</strong></span> <span class='ocrx_word' id='word_1_277' title='bbox 367 2015 596 2060; x_wconf 66' lang='lat' dir='ltr'><strong>naturae.</strong></span> <span class='ocrx_word' id='word_1_278' title='bbox 618 2005 682 2059; x_wconf 84' lang='lat' dir='ltr'><strong>Et</strong></span> <span class='ocrx_word' id='word_1_279' title='bbox 704 2016 976 2076; x_wconf 75' lang='lat' dir='ltr'><strong>quaeretur</strong></span> <span class='ocrx_word' id='word_1_280' title='bbox 998 2011 1214 2076; x_wconf 90' lang='lat' dir='ltr'><strong>iterum,</strong></span> <span class='ocrx_word' id='word_1_281' title='bbox 1237 2028 1304 2068; x_wconf 84' lang='lat' dir='ltr'><strong>an</strong></span> <span class='ocrx_word' id='word_1_282' title='bbox 1329 2015 1380 2069; x_wconf 93' lang='lat' dir='ltr'><strong>in</strong></span> <span class='ocrx_word' id='word_1_283' title='bbox 1408 2015 1548 2071; x_wconf 92' lang='lat' dir='ltr'><strong>bono</strong></span> <span class='ocrx_word' id='word_1_284' title='bbox 1568 2027 1622 2072; x_wconf 92' lang='lat' dir='ltr'><strong>et</strong></span> <span class='ocrx_word' id='word_1_285' title='bbox 1645 2020 1789 2073; x_wconf 90' lang='lat' dir='ltr'><strong>malo</strong></span> 
     </span>
    </p>
   </div>
   <div class='ocr_carea' id='block_1_36' title="bbox 183 2097 1786 2171">
    <p class='ocr_par' dir='ltr' id='par_1_36' title="bbox 183 2097 1786 2171">
     <span class='ocr_line' id='line_1_36' title="bbox 183 2097 1786 2171; baseline 0.013 -25"><span class='ocrx_word' id='word_1_286' title='bbox 183 2097 382 2163; x_wconf 86' lang='lat' dir='ltr'><strong>poterit</strong></span> <span class='ocrx_word' id='word_1_287' title='bbox 423 2098 716 2154; x_wconf 87' lang='lat' dir='ltr'><strong>convenire</strong></span> <span class='ocrx_word' id='word_1_288' title='bbox 755 2099 858 2155; x_wconf 93' lang='lat' dir='ltr'><strong>luci</strong></span> <span class='ocrx_word' id='word_1_289' title='bbox 900 2111 955 2156; x_wconf 90' lang='lat' dir='ltr'><strong>et</strong></span> <span class='ocrx_word' id='word_1_290' title='bbox 996 2105 1265 2171; x_wconf 90' lang='lat' dir='ltr'><strong>tenebris,</strong></span> <span class='ocrx_word' id='word_1_291' title='bbox 1307 2106 1451 2162; x_wconf 91' lang='lat' dir='ltr'><strong>dulci</strong></span> <span class='ocrx_word' id='word_1_292' title='bbox 1489 2118 1544 2164; x_wconf 92' lang='lat' dir='ltr'><strong>et</strong></span> <span class='ocrx_word' id='word_1_293' title='bbox 1582 2124 1786 2167; x_wconf 87' lang='lat' dir='ltr'><strong>amaro.</strong></span> 
     </span>
    </p>
   </div>
   <div class='ocr_carea' id='block_1_37' title="bbox 182 2186 1788 2263">
    <p class='ocr_par' dir='ltr' id='par_1_37' title="bbox 182 2186 1788 2263">
     <span class='ocr_line' id='line_1_37' title="bbox 182 2186 1788 2263; baseline 0.012 -23"><span class='ocrx_word' id='word_1_294' title='bbox 182 2188 288 2240; x_wconf 86' lang='lat' dir='ltr'><strong>Aut</strong></span> <span class='ocrx_word' id='word_1_295' title='bbox 320 2186 365 2246; x_wconf 83' lang='lat' dir='ltr'><strong>si</strong></span> <span class='ocrx_word' id='word_1_296' title='bbox 403 2189 575 2257; x_wconf 83' lang='lat' dir='ltr'><strong>putuit</strong></span> <span class='ocrx_word' id='word_1_297' title='bbox 617 2190 892 2263; x_wconf 87' lang='lat' dir='ltr'><strong>utriusque</strong></span> <span class='ocrx_word' id='word_1_298' title='bbox 926 2193 1211 2252; x_wconf 82' lang='lat' dir='ltr'><strong>diversitas</strong></span> <span class='ocrx_word' id='word_1_299' title='bbox 1243 2197 1366 2252; x_wconf 89' lang='lat' dir='ltr'><strong>boni</strong></span> <span class='ocrx_word' id='word_1_300' title='bbox 1407 2210 1462 2255; x_wconf 91' lang='lat' dir='ltr'><strong>et</strong></span> <span class='ocrx_word' id='word_1_301' title='bbox 1499 2203 1622 2256; x_wconf 91' lang='lat' dir='ltr'><strong>mali</strong></span> <span class='ocrx_word' id='word_1_302' title='bbox 1660 2219 1788 2258; x_wconf 87' lang='lat' dir='ltr'><strong>con-</strong></span> 
     </span>
    </p>
   </div>
   <div class='ocr_carea' id='block_1_38' title="bbox 180 2279 1787 2358">
    <p class='ocr_par' dir='ltr' id='par_1_38' title="bbox 180 2279 1787 2358">
     <span class='ocr_line' id='line_1_38' title="bbox 180 2279 1787 2358; baseline 0.013 -27"><span class='ocrx_word' id='word_1_303' title='bbox 180 2279 424 2336; x_wconf 85' lang='lat' dir='ltr'><strong>currisse</strong></span> <span class='ocrx_word' id='word_1_304' title='bbox 443 2321 460 2345; x_wconf 93' lang='lat'><strong>,</strong></span> <span class='ocrx_word' id='word_1_305' title='bbox 503 2290 555 2335; x_wconf 87' lang='lat' dir='ltr'><strong>et</strong></span> <span class='ocrx_word' id='word_1_306' title='bbox 582 2280 777 2352; x_wconf 80' lang='lat' dir='ltr'><strong>duplex</strong></span> <span class='ocrx_word' id='word_1_307' title='bbox 806 2294 990 2342; x_wconf 89' lang='lat' dir='ltr'><strong>natura</strong></span> <span class='ocrx_word' id='word_1_308' title='bbox 1018 2286 1188 2344; x_wconf 89' lang='lat' dir='ltr'><strong>fuisse</strong></span> <span class='ocrx_word' id='word_1_309' title='bbox 1215 2293 1475 2358; x_wconf 66' lang='lat' dir='ltr'><strong>materiae,</strong></span> <span class='ocrx_word' id='word_1_310' title='bbox 1506 2294 1787 2352; x_wconf 81' lang='lat' dir='ltr'><strong>amborum</strong></span> 
     </span>
    </p>
   </div>
   <div class='ocr_carea' id='block_1_39' title="bbox 182 2368 1788 2454">
    <p class='ocr_par' dir='ltr' id='par_1_39' title="bbox 182 2368 1788 2454">
     <span class='ocr_line' id='line_1_39' title="bbox 182 2368 1788 2454; baseline 0.012 -31"><span class='ocrx_word' id='word_1_311' title='bbox 182 2368 337 2425; x_wconf 78' lang='lat' dir='ltr'><strong>ferax</strong></span> <span class='ocrx_word' id='word_1_312' title='bbox 373 2369 644 2426; x_wconf 92' lang='lat' dir='ltr'><strong>fructuum</strong></span> <span class='ocrx_word' id='word_1_313' title='bbox 666 2415 679 2438; x_wconf 93' lang='lat'><strong>,</strong></span> <span class='ocrx_word' id='word_1_314' title='bbox 720 2374 831 2443; x_wconf 87' lang='lat' dir='ltr'><strong>jam</strong></span> <span class='ocrx_word' id='word_1_315' title='bbox 861 2391 960 2432; x_wconf 89' lang='lat' dir='ltr'><strong>nec</strong></span> <span class='ocrx_word' id='word_1_316' title='bbox 991 2376 1126 2433; x_wconf 88' lang='lat' dir='ltr'><strong>bona</strong></span> <span class='ocrx_word' id='word_1_317' title='bbox 1159 2381 1270 2450; x_wconf 87' lang='lat' dir='ltr'><strong>ipsa</strong></span> <span class='ocrx_word' id='word_1_318' title='bbox 1306 2382 1417 2439; x_wconf 88' lang='lat' dir='ltr'><strong>Deo</strong></span> <span class='ocrx_word' id='word_1_319' title='bbox 1445 2383 1788 2454; x_wconf 84' lang='lat' dir='ltr'><strong>deputabun-</strong></span> 
     </span>
    </p>
   </div>
   <div class='ocr_carea' id='block_1_40' title="bbox 183 2469 1782 2550">
    <p class='ocr_par' dir='ltr' id='par_1_40' title="bbox 183 2469 1782 2550">
     <span class='ocr_line' id='line_1_40' title="bbox 183 2469 1782 2550; baseline 0.011 -31"><span class='ocrx_word' id='word_1_320' title='bbox 183 2474 306 2534; x_wconf 87' lang='lat' dir='ltr'><strong>tur,</strong></span> <span class='ocrx_word' id='word_1_321' title='bbox 351 2477 412 2522; x_wconf 90' lang='lat' dir='ltr'><strong>ut</strong></span> <span class='ocrx_word' id='word_1_322' title='bbox 441 2483 541 2522; x_wconf 89' lang='lat' dir='ltr'><strong>nec</strong></span> <span class='ocrx_word' id='word_1_323' title='bbox 575 2469 711 2524; x_wconf 91' lang='lat' dir='ltr'><strong>mala</strong></span> <span class='ocrx_word' id='word_1_324' title='bbox 744 2470 816 2525; x_wconf 90' lang='lat' dir='ltr'><strong>illi</strong></span> <span class='ocrx_word' id='word_1_325' title='bbox 847 2471 1175 2542; x_wconf 87' lang='lat' dir='ltr'><strong>imputentur</strong></span> <span class='ocrx_word' id='word_1_326' title='bbox 1206 2492 1220 2529; x_wconf 91' lang='lat'><strong>:</strong></span> <span class='ocrx_word' id='word_1_327' title='bbox 1253 2478 1353 2531; x_wconf 88' lang='lat' dir='ltr'><strong>sed</strong></span> <span class='ocrx_word' id='word_1_328' title='bbox 1392 2489 1620 2550; x_wconf 88' lang='lat' dir='ltr'><strong>utraque</strong></span> <span class='ocrx_word' id='word_1_329' title='bbox 1661 2499 1782 2550; x_wconf 87' lang='lat' dir='ltr'><strong>spe-</strong></span> 
     </span>
    </p>
   </div>
   <div class='ocr_carea' id='block_1_41' title="bbox 183 2558 1788 2638">
    <p class='ocr_par' dir='ltr' id='par_1_41' title="bbox 183 2558 1788 2638">
     <span class='ocr_line' id='line_1_41' title="bbox 183 2558 1788 2638; baseline 0.012 -26"><span class='ocrx_word' id='word_1_330' title='bbox 183 2559 298 2613; x_wconf 83' lang='lat' dir='ltr'><strong>cies</strong></span> <span class='ocrx_word' id='word_1_331' title='bbox 343 2558 414 2613; x_wconf 90' lang='lat' dir='ltr'><strong>de</strong></span> <span class='ocrx_word' id='word_1_332' title='bbox 458 2562 698 2615; x_wconf 68' lang='lat' dir='ltr'><strong>materiae</strong></span> <span class='ocrx_word' id='word_1_333' title='bbox 742 2564 1071 2633; x_wconf 90' lang='lat' dir='ltr'><strong>proprietate</strong></span> <span class='ocrx_word' id='word_1_334' title='bbox 1103 2578 1348 2638; x_wconf 90' lang='lat' dir='ltr'><strong>sumpta,</strong></span> <span class='ocrx_word' id='word_1_335' title='bbox 1389 2570 1459 2626; x_wconf 87' lang='lat' dir='ltr'><strong>ad</strong></span> <span class='ocrx_word' id='word_1_336' title='bbox 1507 2576 1788 2632; x_wconf 81' lang='lat' dir='ltr'><strong>materiam</strong></span> 
     </span>
    </p>
   </div>
   <div class='ocr_carea' id='block_1_42' title="bbox 182 2652 1791 2729">
    <p class='ocr_par' dir='ltr' id='par_1_42' title="bbox 182 2652 1791 2729">
     <span class='ocr_line' id='line_1_42' title="bbox 182 2652 1791 2729; baseline 0.012 -26"><span class='ocrx_word' id='word_1_337' title='bbox 182 2652 499 2721; x_wconf 80' lang='lat' dir='ltr'><strong>pertinebit.</strong></span> <span class='ocrx_word' id='word_1_338' title='bbox 521 2652 638 2720; x_wconf 89' lang='lat' dir='ltr'><strong>Quo</strong></span> <span class='ocrx_word' id='word_1_339' title='bbox 677 2664 853 2724; x_wconf 90' lang='lat' dir='ltr'><strong>pacto,</strong></span> <span class='ocrx_word' id='word_1_340' title='bbox 888 2670 1064 2727; x_wconf 90' lang='lat' dir='ltr'><strong>neque</strong></span> <span class='ocrx_word' id='word_1_341' title='bbox 1103 2661 1330 2729; x_wconf 76' lang='lat' dir='ltr'><strong>gratiam</strong></span> <span class='ocrx_word' id='word_1_342' title='bbox 1371 2661 1632 2720; x_wconf 91' lang='lat' dir='ltr'><strong>bonorum</strong></span> <span class='ocrx_word' id='word_1_343' title='bbox 1679 2669 1791 2722; x_wconf 78' lang='lat' dir='ltr'><strong>Deo</strong></span> 
     </span>
    </p>
   </div>
   <div class='ocr_carea' id='block_1_43' title="bbox 183 2743 1791 2826">
    <p class='ocr_par' dir='ltr' id='par_1_43' title="bbox 183 2743 1791 2826">
     <span class='ocr_line' id='line_1_43' title="bbox 183 2743 1791 2826; baseline 0.012 -30"><span class='ocrx_word' id='word_1_344' title='bbox 183 2743 533 2810; x_wconf 80' lang='lat' dir='ltr'><strong>debebimus,</strong></span> <span class='ocrx_word' id='word_1_345' title='bbox 563 2761 664 2802; x_wconf 90' lang='lat' dir='ltr'><strong>nec</strong></span> <span class='ocrx_word' id='word_1_346' title='bbox 691 2747 942 2804; x_wconf 84' lang='lat' dir='ltr'><strong>invidiam</strong></span> <span class='ocrx_word' id='word_1_347' title='bbox 968 2751 1258 2823; x_wconf 90' lang='lat' dir='ltr'><strong>malorum,</strong></span> <span class='ocrx_word' id='word_1_348' title='bbox 1289 2756 1412 2826; x_wconf 83' lang='lat' dir='ltr'><strong>quia</strong></span> <span class='ocrx_word' id='word_1_349' title='bbox 1442 2757 1574 2813; x_wconf 89' lang='lat' dir='ltr'><strong>nihil</strong></span> <span class='ocrx_word' id='word_1_350' title='bbox 1597 2759 1666 2815; x_wconf 90' lang='lat' dir='ltr'><strong>de</strong></span> <span class='ocrx_word' id='word_1_351' title='bbox 1692 2777 1791 2816; x_wconf 88' lang='lat' dir='ltr'><strong>suo</strong></span> 
     </span>
    </p>
   </div>
   <div class='ocr_carea' id='block_1_44' title="bbox 182 2840 708 2908">
    <p class='ocr_par' dir='ltr' id='par_1_44' title="bbox 182 2840 708 2908">
     <span class='ocr_line' id='line_1_44' title="bbox 182 2840 708 2908; baseline 0.011 -17"><span class='ocrx_word' id='word_1_352' title='bbox 182 2848 445 2908; x_wconf 77' lang='lat' dir='ltr'><strong>operatus</strong></span> <span class='ocrx_word' id='word_1_353' title='bbox 475 2840 708 2908; x_wconf 85' lang='lat' dir='ltr'><strong>ingenio.</strong></span> 
     </span>
    </p>
   </div>
   <div class='ocr_carea' id='block_1_45' title="bbox 782 2939 1196 3000">
    <p class='ocr_par' dir='ltr' id='par_1_45' title="bbox 782 2939 1196 3000">
     <span class='ocr_line' id='line_1_45' title="bbox 782 2939 1196 3000; baseline 0.002 -4"><span class='ocrx_word' id='word_1_354' title='bbox 782 2939 1014 2998; x_wconf 81' lang='lat' dir='ltr'><strong>CAPUT</strong></span> <span class='ocrx_word' id='word_1_355' title='bbox 1055 2942 1196 3000; x_wconf 78' lang='lat' dir='ltr'><strong>XIV.</strong></span> 
     </span>
    </p>
   </div>
   <div class='ocr_carea' id='block_1_46' title="bbox 263 3030 1788 3102">
    <p class='ocr_par' dir='ltr' id='par_1_46' title="bbox 263 3030 1788 3102">
     <span class='ocr_line' id='line_1_46' title="bbox 263 3030 1788 3102; baseline 0.012 -18"><span class='ocrx_word' id='word_1_356' title='bbox 263 3031 368 3085; x_wconf 85' lang='lat' dir='ltr'><strong>Per</strong></span> <span class='ocrx_word' id='word_1_357' title='bbox 395 3030 542 3100; x_wconf 91' lang='lat' dir='ltr'><strong>quod</strong></span> <span class='ocrx_word' id='word_1_358' title='bbox 567 3031 879 3100; x_wconf 85' lang='lat' dir='ltr'><strong>probabitur</strong></span> <span class='ocrx_word' id='word_1_359' title='bbox 901 3036 1183 3093; x_wconf 88' lang='lat' dir='ltr'><strong>manifeste</strong></span> <span class='ocrx_word' id='word_1_360' title='bbox 1205 3041 1442 3096; x_wconf 71' lang='lat' dir='ltr'><strong>materia:</strong></span> <span class='ocrx_word' id='word_1_361' title='bbox 1463 3042 1788 3102; x_wconf 76' lang='lat' dir='ltr'><strong>deservisse.</strong></span> 
     </span>
    </p>
   </div>
   <div class='ocr_carea' id='block_1_47' title="bbox 184 3123 1793 3203">
    <p class='ocr_par' dir='ltr' id='par_1_47' title="bbox 184 3123 1793 3203">
     <span class='ocr_line' id='line_1_47' title="bbox 184 3123 1793 3203; baseline 0.009 -23"><span class='ocrx_word' id='word_1_362' title='bbox 184 3123 322 3180; x_wconf 85' lang='lat' dir='ltr'><strong>Nam</strong></span> <span class='ocrx_word' id='word_1_363' title='bbox 355 3125 459 3178; x_wconf 83' lang='lat' dir='ltr'><strong>etsi</strong></span> <span class='ocrx_word' id='word_1_364' title='bbox 491 3124 720 3187; x_wconf 88' lang='lat' dir='ltr'><strong>dicatur.</strong></span> <span class='ocrx_word' id='word_1_365' title='bbox 753 3126 878 3182; x_wconf 91' lang='lat' dir='ltr'><strong>licet</strong></span> <span class='ocrx_word' id='word_1_366' title='bbox 901 3143 967 3184; x_wconf 90' lang='lat' dir='ltr'><strong>ex</strong></span> <span class='ocrx_word' id='word_1_367' title='bbox 993 3134 1279 3188; x_wconf 81' lang='lat' dir='ltr'><strong>occasione</strong></span> <span class='ocrx_word' id='word_1_368' title='bbox 1301 3136 1558 3203; x_wconf 71' lang='lat' dir='ltr'><strong>materiae,</strong></span> <span class='ocrx_word' id='word_1_369' title='bbox 1588 3153 1686 3195; x_wconf 86' lang='lat' dir='ltr'><strong>suo</strong></span> <span class='ocrx_word' id='word_1_370' title='bbox 1714 3150 1793 3194; x_wconf 85' lang='lat' dir='ltr'><strong>ta-</strong></span> 
     </span>
    </p>
   </div>
   <div class='ocr_carea' id='block_1_48' title="bbox 185 3217 1792 3296">
    <p class='ocr_par' dir='ltr' id='par_1_48' title="bbox 185 3217 1792 3296">
     <span class='ocr_line' id='line_1_48' title="bbox 185 3217 1792 3296; baseline 0.008 -21"><span class='ocrx_word' id='word_1_371' title='bbox 185 3234 312 3276; x_wconf 89' lang='lat' dir='ltr'><strong>men</strong></span> <span class='ocrx_word' id='word_1_372' title='bbox 357 3217 588 3274; x_wconf 88' lang='lat' dir='ltr'><strong>arbitrio</strong></span> <span class='ocrx_word' id='word_1_373' title='bbox 627 3219 762 3275; x_wconf 89' lang='lat' dir='ltr'><strong>bona</strong></span> <span class='ocrx_word' id='word_1_374' title='bbox 804 3221 1090 3291; x_wconf 86' lang='lat' dir='ltr'><strong>protulisse</strong></span> <span class='ocrx_word' id='word_1_375' title='bbox 1114 3265 1131 3289; x_wconf 88' lang='lat'><strong>,</strong></span> <span class='ocrx_word' id='word_1_376' title='bbox 1171 3227 1324 3296; x_wconf 90' lang='lat' dir='ltr'><strong>quasi</strong></span> <span class='ocrx_word' id='word_1_377' title='bbox 1365 3238 1553 3285; x_wconf 89' lang='lat' dir='ltr'><strong>nactus</strong></span> <span class='ocrx_word' id='word_1_378' title='bbox 1591 3229 1792 3289; x_wconf 90' lang='lat' dir='ltr'><strong>bonum</strong></span> 
     </span>
    </p>
   </div>
   <div class='ocr_carea' id='block_1_49' title="bbox 1895 2034 3490 2102">
    <p class='ocr_par' dir='ltr' id='par_1_49' title="bbox 1895 2034 3490 2102">
     <span class='ocr_line' id='line_1_49' title="bbox 1895 2034 3490 2102; baseline 0.004 -14"><span class='ocrx_word' id='word_1_379' title='bbox 1895 2034 2091 2090; x_wconf 86' lang='lat' dir='ltr'><strong>bonum</strong></span> <span class='ocrx_word' id='word_1_380' title='bbox 2109 2051 2176 2090; x_wconf 89' lang='lat' dir='ltr'><strong>cx</strong></span> <span class='ocrx_word' id='word_1_381' title='bbox 2194 2035 2380 2102; x_wconf 87' lang='lat' dir='ltr'><strong>nihilo,</strong></span> <span class='ocrx_word' id='word_1_382' title='bbox 2409 2051 2506 2090; x_wconf 89' lang='lat' dir='ltr'><strong>cur</strong></span> <span class='ocrx_word' id='word_1_383' title='bbox 2521 2051 2624 2092; x_wconf 91' lang='lat' dir='ltr'><strong>non</strong></span> <span class='ocrx_word' id='word_1_384' title='bbox 2640 2048 2692 2092; x_wconf 91' lang='lat' dir='ltr'><strong>et</strong></span> <span class='ocrx_word' id='word_1_385' title='bbox 2713 2037 2939 2092; x_wconf 88' lang='lat' dir='ltr'><strong>malum?</strong></span> <span class='ocrx_word' id='word_1_386' title='bbox 2957 2038 3063 2092; x_wconf 90' lang='lat' dir='ltr'><strong>imo</strong></span> <span class='ocrx_word' id='word_1_387' title='bbox 3079 2053 3176 2094; x_wconf 85' lang='lat' dir='ltr'><strong>cur</strong></span> <span class='ocrx_word' id='word_1_388' title='bbox 3189 2055 3294 2095; x_wconf 90' lang='lat' dir='ltr'><strong>non</strong></span> <span class='ocrx_word' id='word_1_389' title='bbox 3309 2039 3490 2095; x_wconf 89' lang='lat' dir='ltr'><strong>omnia</strong></span> 
     </span>
    </p>
   </div>
   <div class='ocr_carea' id='block_1_50' title="bbox 1893 2125 3490 2198">
    <p class='ocr_par' dir='ltr' id='par_1_50' title="bbox 1893 2125 3490 2198">
     <span class='ocr_line' id='line_1_50' title="bbox 1893 2125 3490 2198; baseline 0.001 -16"><span class='ocrx_word' id='word_1_390' title='bbox 1893 2143 1957 2182; x_wconf 80' lang='lat' dir='ltr'><strong>ex</strong></span> <span class='ocrx_word' id='word_1_391' title='bbox 1990 2127 2177 2192; x_wconf 86' lang='lat' dir='ltr'><strong>nihilo,</strong></span> <span class='ocrx_word' id='word_1_392' title='bbox 2207 2128 2251 2183; x_wconf 90' lang='lat' dir='ltr'><strong>si</strong></span> <span class='ocrx_word' id='word_1_393' title='bbox 2283 2127 2479 2198; x_wconf 90' lang='lat' dir='ltr'><strong>aliqnid</strong></span> <span class='ocrx_word' id='word_1_394' title='bbox 2503 2144 2568 2182; x_wconf 83' lang='lat' dir='ltr'><strong>ex</strong></span> <span class='ocrx_word' id='word_1_395' title='bbox 2600 2129 2807 2184; x_wconf 87' lang='lat' dir='ltr'><strong>nihilo?</strong></span> <span class='ocrx_word' id='word_1_396' title='bbox 2841 2130 2940 2184; x_wconf 91' lang='lat' dir='ltr'><strong>nisi</strong></span> <span class='ocrx_word' id='word_1_397' title='bbox 2963 2130 3006 2185; x_wconf 91' lang='lat' dir='ltr'><strong>si</strong></span> <span class='ocrx_word' id='word_1_398' title='bbox 3028 2125 3356 2185; x_wconf 84' lang='lat' dir='ltr'><strong>insuflicicns</strong></span> <span class='ocrx_word' id='word_1_399' title='bbox 3385 2130 3490 2184; x_wconf 90' lang='lat' dir='ltr'><strong>fuit</strong></span> 
     </span>
    </p>
   </div>
   <div class='ocr_carea' id='block_1_51' title="bbox 1891 2220 3490 2294">
    <p class='ocr_par' dir='ltr' id='par_1_51' title="bbox 1891 2220 3490 2294">
     <span class='ocr_line' id='line_1_51' title="bbox 1891 2220 3490 2294; baseline 0.002 -19"><span class='ocrx_word' id='word_1_400' title='bbox 1891 2220 2068 2275; x_wconf 88' lang='lat' dir='ltr'><strong>divina</strong></span> <span class='ocrx_word' id='word_1_401' title='bbox 2092 2223 2259 2275; x_wconf 87' lang='lat' dir='ltr'><strong>virtus</strong></span> <span class='ocrx_word' id='word_1_402' title='bbox 2287 2221 2538 2278; x_wconf 89' lang='lat' dir='ltr'><strong>omnibus</strong></span> <span class='ocrx_word' id='word_1_403' title='bbox 2569 2223 2929 2292; x_wconf 90' lang='lat' dir='ltr'><strong>producendis</strong></span> <span class='ocrx_word' id='word_1_404' title='bbox 2951 2265 2965 2288; x_wconf 97' lang='lat'><strong>,</strong></span> <span class='ocrx_word' id='word_1_405' title='bbox 2995 2238 3116 2292; x_wconf 70' lang='lat' dir='ltr'><strong>qua:</strong></span> <span class='ocrx_word' id='word_1_406' title='bbox 3137 2222 3336 2294; x_wconf 90' lang='lat' dir='ltr'><strong>aliquid</strong></span> <span class='ocrx_word' id='word_1_407' title='bbox 3365 2237 3490 2293; x_wconf 77' lang='lat' dir='ltr'><strong>pro-</strong></span> 
     </span>
    </p>
   </div>
   <div class='ocr_carea' id='block_1_52' title="bbox 1895 2312 3492 2385">
    <p class='ocr_par' dir='ltr' id='par_1_52' title="bbox 1895 2312 3492 2385">
     <span class='ocr_line' id='line_1_52' title="bbox 1895 2312 3492 2385; baseline 0.004 -21"><span class='ocrx_word' id='word_1_408' title='bbox 1895 2312 2077 2366; x_wconf 86' lang='lat' dir='ltr'><strong>tnlerit</strong></span> <span class='ocrx_word' id='word_1_409' title='bbox 2105 2329 2169 2367; x_wconf 81' lang='lat' dir='ltr'><strong>ex</strong></span> <span class='ocrx_word' id='word_1_410' title='bbox 2204 2312 2393 2368; x_wconf 90' lang='lat' dir='ltr'><strong>nihilo.</strong></span> <span class='ocrx_word' id='word_1_411' title='bbox 2426 2314 2529 2367; x_wconf 82' lang='lat' dir='ltr'><strong>Aut</strong></span> <span class='ocrx_word' id='word_1_412' title='bbox 2552 2313 2598 2368; x_wconf 89' lang='lat' dir='ltr'><strong>si</strong></span> <span class='ocrx_word' id='word_1_413' title='bbox 2625 2329 2690 2368; x_wconf 87' lang='lat' dir='ltr'><strong>ex</strong></span> <span class='ocrx_word' id='word_1_414' title='bbox 2716 2315 2936 2369; x_wconf 83' lang='lat' dir='ltr'><strong>materia</strong></span> <span class='ocrx_word' id='word_1_415' title='bbox 2966 2316 3101 2369; x_wconf 87' lang='lat' dir='ltr'><strong>mala</strong></span> <span class='ocrx_word' id='word_1_416' title='bbox 3135 2315 3332 2370; x_wconf 91' lang='lat' dir='ltr'><strong>bonum</strong></span> <span class='ocrx_word' id='word_1_417' title='bbox 3367 2330 3492 2385; x_wconf 89' lang='lat' dir='ltr'><strong>pro-</strong></span> 
     </span>
    </p>
   </div>
   <div class='ocr_carea' id='block_1_53' title="bbox 1892 2405 3491 2480">
    <p class='ocr_par' dir='ltr' id='par_1_53' title="bbox 1892 2405 3491 2480">
     <span class='ocr_line' id='line_1_53' title="bbox 1892 2405 3491 2480; baseline 0.005 -23"><span class='ocrx_word' id='word_1_418' title='bbox 1892 2405 2076 2467; x_wconf 80' lang='lat' dir='ltr'><strong>cessit,</strong></span> <span class='ocrx_word' id='word_1_419' title='bbox 2103 2407 2226 2477; x_wconf 87' lang='lat' dir='ltr'><strong>quia</strong></span> <span class='ocrx_word' id='word_1_420' title='bbox 2258 2421 2432 2475; x_wconf 89' lang='lat' dir='ltr'><strong>neque</strong></span> <span class='ocrx_word' id='word_1_421' title='bbox 2458 2422 2522 2460; x_wconf 86' lang='lat' dir='ltr'><strong>ex</strong></span> <span class='ocrx_word' id='word_1_422' title='bbox 2554 2407 2742 2469; x_wconf 88' lang='lat' dir='ltr'><strong>nihilo,</strong></span> <span class='ocrx_word' id='word_1_423' title='bbox 2781 2422 2953 2479; x_wconf 88' lang='lat' dir='ltr'><strong>neque</strong></span> <span class='ocrx_word' id='word_1_424' title='bbox 2974 2423 3040 2464; x_wconf 87' lang='lat' dir='ltr'><strong>cx</strong></span> <span class='ocrx_word' id='word_1_425' title='bbox 3061 2409 3202 2476; x_wconf 91' lang='lat' dir='ltr'><strong>Deo,</strong></span> <span class='ocrx_word' id='word_1_426' title='bbox 3235 2419 3491 2480; x_wconf 89' lang='lat' dir='ltr'><strong>sequetur</strong></span> 
     </span>
    </p>
   </div>
   <div class='ocr_carea' id='block_1_54' title="bbox 1895 2498 3492 2571">
    <p class='ocr_par' dir='ltr' id='par_1_54' title="bbox 1895 2498 3492 2571">
     <span class='ocr_line' id='line_1_54' title="bbox 1895 2498 3492 2571; baseline 0.007 -22"><span class='ocrx_word' id='word_1_427' title='bbox 1895 2507 1951 2552; x_wconf 91' lang='lat' dir='ltr'><strong>ut</strong></span> <span class='ocrx_word' id='word_1_428' title='bbox 2004 2513 2068 2552; x_wconf 84' lang='lat' dir='ltr'><strong>ex</strong></span> <span class='ocrx_word' id='word_1_429' title='bbox 2115 2498 2469 2554; x_wconf 89' lang='lat' dir='ltr'><strong>conversione</strong></span> <span class='ocrx_word' id='word_1_430' title='bbox 2505 2498 2584 2571; x_wconf 71' lang='lat'><strong>(2)</strong></span> <span class='ocrx_word' id='word_1_431' title='bbox 2627 2501 2952 2570; x_wconf 91' lang='lat' dir='ltr'><strong>processerit</strong></span> <span class='ocrx_word' id='word_1_432' title='bbox 2990 2502 3262 2565; x_wconf 65' lang='lat' dir='ltr'><strong>materiae,</strong></span> <span class='ocrx_word' id='word_1_433' title='bbox 3305 2517 3492 2560; x_wconf 88' lang='lat' dir='ltr'><strong>contra</strong></span> 
     </span>
    </p>
   </div>
   <div class='ocr_carea' id='block_1_55' title="bbox 1893 2589 3490 2661">
    <p class='ocr_par' dir='ltr' id='par_1_55' title="bbox 1893 2589 3490 2661">
     <span class='ocr_line' id='line_1_55' title="bbox 1893 2589 3490 2661; baseline 0.002 -17"><span class='ocrx_word' id='word_1_434' title='bbox 1893 2589 2208 2660; x_wconf 78' lang='lat' dir='ltr'><strong>denegatam</strong></span> <span class='ocrx_word' id='word_1_435' title='bbox 2262 2592 2344 2661; x_wconf 80' lang='grc'><strong>(5)</strong></span> <span class='ocrx_word' id='word_1_436' title='bbox 2383 2592 2569 2646; x_wconf 68' lang='lat' dir='ltr'><strong>azterui</strong></span> <span class='ocrx_word' id='word_1_437' title='bbox 2633 2591 3064 2646; x_wconf 86' lang='lat' dir='ltr'><strong>conversionem.</strong></span> <span class='ocrx_word' id='word_1_438' title='bbox 3108 2592 3182 2648; x_wconf 90' lang='lat' dir='ltr'><strong>Ita</strong></span> <span class='ocrx_word' id='word_1_439' title='bbox 3223 2593 3364 2650; x_wconf 86' lang='lat' dir='ltr'><strong>unde</strong></span> <span class='ocrx_word' id='word_1_440' title='bbox 3391 2595 3490 2649; x_wconf 90' lang='lat' dir='ltr'><strong>bo-</strong></span> 
     </span>
    </p>
   </div>
   <div class='ocr_carea' id='block_1_56' title="bbox 1895 2682 3489 2755">
    <p class='ocr_par' dir='ltr' id='par_1_56' title="bbox 1895 2682 3489 2755">
     <span class='ocr_line' id='line_1_56' title="bbox 1895 2682 3489 2755; baseline 0.002 -18"><span class='ocrx_word' id='word_1_441' title='bbox 1895 2698 2022 2739; x_wconf 90' lang='lat' dir='ltr'><strong>num</strong></span> <span class='ocrx_word' id='word_1_442' title='bbox 2063 2683 2323 2749; x_wconf 83' lang='lat' dir='ltr'><strong>constitit,</strong></span> <span class='ocrx_word' id='word_1_443' title='bbox 2368 2683 2478 2753; x_wconf 91' lang='lat' dir='ltr'><strong>jam</strong></span> <span class='ocrx_word' id='word_1_444' title='bbox 2528 2683 2743 2754; x_wconf 80' lang='lat' dir='ltr'><strong>negabit</strong></span> <span class='ocrx_word' id='word_1_445' title='bbox 2786 2682 3154 2755; x_wconf 88' lang='lat' dir='ltr'><strong>Hermogenes</strong></span> <span class='ocrx_word' id='word_1_446' title='bbox 3194 2685 3318 2742; x_wconf 86' lang='lat' dir='ltr'><strong>inde</strong></span> <span class='ocrx_word' id='word_1_447' title='bbox 3359 2686 3489 2740; x_wconf 89' lang='lat' dir='ltr'><strong>illud</strong></span> 
     </span>
    </p>
   </div>
   <div class='ocr_carea' id='block_1_57' title="bbox 1895 2775 3488 2848">
    <p class='ocr_par' dir='ltr' id='par_1_57' title="bbox 1895 2775 3488 2848">
     <span class='ocr_line' id='line_1_57' title="bbox 1895 2775 3488 2848; baseline 0.001 -19"><span class='ocrx_word' id='word_1_448' title='bbox 1895 2785 2141 2830; x_wconf 80' lang='lat' dir='ltr'><strong>constare</strong></span> <span class='ocrx_word' id='word_1_449' title='bbox 2164 2775 2420 2844; x_wconf 84' lang='lat' dir='ltr'><strong>potuisse.</strong></span> <span class='ocrx_word' id='word_1_450' title='bbox 2444 2775 2676 2831; x_wconf 83' lang='lat' dir='ltr'><strong>Necesse</strong></span> <span class='ocrx_word' id='word_1_451' title='bbox 2705 2784 2786 2831; x_wconf 86' lang='lat' dir='ltr'><strong>est</strong></span> <span class='ocrx_word' id='word_1_452' title='bbox 2805 2786 2983 2830; x_wconf 89' lang='lat' dir='ltr'><strong>autem</strong></span> <span class='ocrx_word' id='word_1_453' title='bbox 3007 2791 3072 2832; x_wconf 86' lang='lat' dir='ltr'><strong>ex</strong></span> <span class='ocrx_word' id='word_1_454' title='bbox 3099 2777 3278 2848; x_wconf 91' lang='lat' dir='ltr'><strong>aliquo</strong></span> <span class='ocrx_word' id='word_1_455' title='bbox 3299 2792 3488 2833; x_wconf 90' lang='lat' dir='ltr'><strong>eorum</strong></span> 
     </span>
    </p>
   </div>
   <div class='ocr_carea' id='block_1_58' title="bbox 1897 2866 3487 2940">
    <p class='ocr_par' dir='ltr' id='par_1_58' title="bbox 1897 2866 3487 2940">
     <span class='ocr_line' id='line_1_58' title="bbox 1897 2866 3487 2940; baseline 0.004 -21"><span class='ocrx_word' id='word_1_456' title='bbox 1897 2866 2224 2938; x_wconf 85' lang='lat' dir='ltr'><strong>processerit</strong></span> <span class='ocrx_word' id='word_1_457' title='bbox 2247 2908 2260 2932; x_wconf 85' lang='lat'><strong>,</strong></span> <span class='ocrx_word' id='word_1_458' title='bbox 2307 2881 2375 2924; x_wconf 88' lang='lat' dir='ltr'><strong>ex</strong></span> <span class='ocrx_word' id='word_1_459' title='bbox 2417 2867 2613 2938; x_wconf 88' lang='lat' dir='ltr'><strong>quibus</strong></span> <span class='ocrx_word' id='word_1_460' title='bbox 2650 2869 2865 2938; x_wconf 87' lang='lat' dir='ltr'><strong>negavit</strong></span> <span class='ocrx_word' id='word_1_461' title='bbox 2901 2869 3193 2936; x_wconf 79' lang='lat' dir='ltr'><strong>procedere</strong></span> <span class='ocrx_word' id='word_1_462' title='bbox 3228 2871 3487 2940; x_wconf 83' lang='lat' dir='ltr'><strong>potuisse.</strong></span> 
     </span>
    </p>
   </div>
   <div class='ocr_carea' id='block_1_59' title="bbox 1895 2957 3488 3030">
    <p class='ocr_par' dir='ltr' id='par_1_59' title="bbox 1895 2957 3488 3030">
     <span class='ocr_line' id='line_1_59' title="bbox 1895 2957 3488 3030; baseline -0.001 -12"><span class='ocrx_word' id='word_1_463' title='bbox 1895 2957 2184 3023; x_wconf 60' lang='lat' dir='ltr'><strong>Ceterum,</strong></span> <span class='ocrx_word' id='word_1_464' title='bbox 2215 2959 2258 3016; x_wconf 91' lang='lat' dir='ltr'><strong>si</strong></span> <span class='ocrx_word' id='word_1_465' title='bbox 2290 2960 2410 3014; x_wconf 88' lang='lat' dir='ltr'><strong>ideo</strong></span> <span class='ocrx_word' id='word_1_466' title='bbox 2438 2959 2635 3014; x_wconf 87' lang='lat' dir='ltr'><strong>malum</strong></span> <span class='ocrx_word' id='word_1_467' title='bbox 2668 2974 2774 3014; x_wconf 92' lang='lat' dir='ltr'><strong>non</strong></span> <span class='ocrx_word' id='word_1_468' title='bbox 2803 2975 2870 3017; x_wconf 88' lang='lat' dir='ltr'><strong>ex</strong></span> <span class='ocrx_word' id='word_1_469' title='bbox 2901 2961 3101 3025; x_wconf 85' lang='lat' dir='ltr'><strong>nihilo,</strong></span> <span class='ocrx_word' id='word_1_470' title='bbox 3142 2977 3211 3018; x_wconf 90' lang='lat' dir='ltr'><strong>ne</strong></span> <span class='ocrx_word' id='word_1_471' title='bbox 3235 2962 3327 3016; x_wconf 89' lang='lat' dir='ltr'><strong>Dei</strong></span> <span class='ocrx_word' id='word_1_472' title='bbox 3360 2961 3451 3017; x_wconf 84' lang='lat' dir='ltr'><strong>fiat</strong></span> <span class='ocrx_word' id='word_1_473' title='bbox 3471 3005 3488 3030; x_wconf 91' lang='lat'><strong>,</strong></span> 
     </span>
    </p>
   </div>
   <div class='ocr_carea' id='block_1_60' title="bbox 1894 3050 3486 3124">
    <p class='ocr_par' dir='ltr' id='par_1_60' title="bbox 1894 3050 3486 3124">
     <span class='ocr_line' id='line_1_60' title="bbox 1894 3050 3486 3124; baseline 0.003 -20"><span class='ocrx_word' id='word_1_474' title='bbox 1894 3051 1962 3106; x_wconf 91' lang='lat' dir='ltr'><strong>de</strong></span> <span class='ocrx_word' id='word_1_475' title='bbox 1983 3051 2136 3122; x_wconf 85' lang='lat' dir='ltr'><strong>cujus</strong></span> <span class='ocrx_word' id='word_1_476' title='bbox 2163 3051 2384 3106; x_wconf 84' lang='lat' dir='ltr'><strong>arbitrio</strong></span> <span class='ocrx_word' id='word_1_477' title='bbox 2407 3050 2702 3114; x_wconf 87' lang='lat' dir='ltr'><strong>videbitur,</strong></span> <span class='ocrx_word' id='word_1_478' title='bbox 2735 3051 2828 3107; x_wconf 83' lang='lat' dir='ltr'><strong>sed</strong></span> <span class='ocrx_word' id='word_1_479' title='bbox 2852 3067 2917 3106; x_wconf 78' lang='lat' dir='ltr'><strong>ex</strong></span> <span class='ocrx_word' id='word_1_480' title='bbox 2946 3052 3168 3107; x_wconf 85' lang='lat' dir='ltr'><strong>materia</strong></span> <span class='ocrx_word' id='word_1_481' title='bbox 3191 3095 3206 3119; x_wconf 90' lang='lat'><strong>,</strong></span> <span class='ocrx_word' id='word_1_482' title='bbox 3235 3064 3292 3108; x_wconf 90' lang='lat' dir='ltr'><strong>ut</strong></span> <span class='ocrx_word' id='word_1_483' title='bbox 3317 3054 3486 3124; x_wconf 79' lang='lat' dir='ltr'><strong>ipsius</strong></span> 
     </span>
    </p>
   </div>
   <div class='ocr_carea' id='block_1_61' title="bbox 1893 3143 3484 3212">
    <p class='ocr_par' dir='ltr' id='par_1_61' title="bbox 1893 3143 3484 3212">
     <span class='ocr_line' id='line_1_61' title="bbox 1893 3143 3484 3212; baseline 0 -14"><span class='ocrx_word' id='word_1_484' title='bbox 1893 3145 1981 3207; x_wconf 88' lang='lat' dir='ltr'><strong>sit,</strong></span> <span class='ocrx_word' id='word_1_485' title='bbox 2002 3143 2068 3198; x_wconf 88' lang='lat' dir='ltr'><strong>de</strong></span> <span class='ocrx_word' id='word_1_486' title='bbox 2090 3143 2243 3212; x_wconf 75' lang='lat' dir='ltr'><strong>cujus</strong></span> <span class='ocrx_word' id='word_1_487' title='bbox 2277 3143 2575 3196; x_wconf 81' lang='lat' dir='ltr'><strong>substantia</strong></span> <span class='ocrx_word' id='word_1_488' title='bbox 2616 3145 2720 3197; x_wconf 91' lang='lat' dir='ltr'><strong>erit</strong></span> <span class='ocrx_word' id='word_1_489' title='bbox 2746 3143 2942 3199; x_wconf 90' lang='lat' dir='ltr'><strong>factum</strong></span> <span class='ocrx_word' id='word_1_490' title='bbox 2975 3159 2994 3198; x_wconf 93' lang='lat'><strong><em>:</em></strong></span> <span class='ocrx_word' id='word_1_491' title='bbox 3020 3151 3075 3200; x_wconf 87' lang='lat' dir='ltr'><strong>et</strong></span> <span class='ocrx_word' id='word_1_492' title='bbox 3108 3143 3214 3209; x_wconf 89' lang='lat' dir='ltr'><strong>hic,</strong></span> <span class='ocrx_word' id='word_1_493' title='bbox 3247 3152 3304 3199; x_wconf 92' lang='lat' dir='ltr'><strong>ut</strong></span> <span class='ocrx_word' id='word_1_494' title='bbox 3334 3145 3484 3208; x_wconf 86' lang='lat' dir='ltr'><strong>dixi,</strong></span> 
     </span>
    </p>
   </div>
   <div class='ocr_carea' id='block_1_62' title="bbox 1898 3235 3490 3307">
    <p class='ocr_par' dir='ltr' id='par_1_62' title="bbox 1898 3235 3490 3307">
     <span class='ocr_line' id='line_1_62' title="bbox 1898 3235 3490 3307; baseline -0.001 -14"><span class='ocrx_word' id='word_1_495' title='bbox 1898 3249 2083 3293; x_wconf 85' lang='lat' dir='ltr'><strong>auctor</strong></span> <span class='ocrx_word' id='word_1_496' title='bbox 2107 3238 2228 3291; x_wconf 89' lang='lat' dir='ltr'><strong>mali</strong></span> <span class='ocrx_word' id='word_1_497' title='bbox 2254 3235 2536 3291; x_wconf 87' lang='lat' dir='ltr'><strong>habebitur</strong></span> <span class='ocrx_word' id='word_1_498' title='bbox 2560 3235 2720 3300; x_wconf 85' lang='lat' dir='ltr'><strong>Deus,</strong></span> <span class='ocrx_word' id='word_1_499' title='bbox 2747 3236 2835 3307; x_wconf 91' lang='lat' dir='ltr'><strong>qui</strong></span> <span class='ocrx_word' id='word_1_500' title='bbox 2860 3251 2982 3292; x_wconf 93' lang='lat' dir='ltr'><strong>cum</strong></span> <span class='ocrx_word' id='word_1_501' title='bbox 3003 3235 3194 3292; x_wconf 90' lang='lat' dir='ltr'><strong>eadem</strong></span> <span class='ocrx_word' id='word_1_502' title='bbox 3214 3237 3410 3293; x_wconf 88' lang='lat' dir='ltr'><strong>virtute</strong></span> <span class='ocrx_word' id='word_1_503' title='bbox 3433 3247 3490 3292; x_wconf 91' lang='lat' dir='ltr'><strong>et</strong></span> 
     </span>
    </p>
   </div>
   <div class='ocr_carea' id='block_1_63' title="bbox 184 3315 3490 3401">
    <p class='ocr_par' dir='ltr' id='par_1_63' title="bbox 184 3315 3490 3401">
     <span class='ocr_line' id='line_1_63' title="bbox 184 3315 3490 3401; baseline 0.006 -33"><span class='ocrx_word' id='word_1_504' title='bbox 184 3315 455 3381; x_wconf 56' lang='lat' dir='ltr'><strong>materia,</strong></span> <span class='ocrx_word' id='word_1_505' title='bbox 499 3329 816 3384; x_wconf 86' lang='lat' dir='ltr'><strong>quamquam</strong></span> <span class='ocrx_word' id='word_1_506' title='bbox 849 3324 904 3369; x_wconf 89' lang='lat' dir='ltr'><strong>et</strong></span> <span class='ocrx_word' id='word_1_507' title='bbox 953 3317 1052 3372; x_wconf 84' lang='lat' dir='ltr'><strong>hoc</strong></span> <span class='ocrx_word' id='word_1_508' title='bbox 1083 3327 1236 3389; x_wconf 88' lang='lat' dir='ltr'><strong>turpe</strong></span> <span class='ocrx_word' id='word_1_509' title='bbox 1264 3322 1365 3386; x_wconf 88' lang='lat' dir='ltr'><strong>sit,</strong></span> <span class='ocrx_word' id='word_1_510' title='bbox 1407 3333 1553 3380; x_wconf 87' lang='lat' dir='ltr'><strong>certe</strong></span> <span class='ocrx_word' id='word_1_511' title='bbox 1577 3340 1699 3381; x_wconf 91' lang='lat' dir='ltr'><strong>cum</strong></span> <span class='ocrx_word' id='word_1_512' title='bbox 1726 3343 1792 3384; x_wconf 78' lang='lat' dir='ltr'><strong>ex</strong></span> <span class='ocrx_word' id='word_1_513' title='bbox 1819 3319 1864 3381; x_wconf 86' lang='lat' dir='ltr'><strong>C</strong></span> <span class='ocrx_word' id='word_1_514' title='bbox 1899 3334 2169 3388; x_wconf 84' lang='lat' dir='ltr'><strong>voluntate</strong></span> <span class='ocrx_word' id='word_1_515' title='bbox 2198 3331 2472 3386; x_wconf 85' lang='lat' dir='ltr'><strong>debuisset</strong></span> <span class='ocrx_word' id='word_1_516' title='bbox 2501 3330 2681 3384; x_wconf 86' lang='lat' dir='ltr'><strong>omnia</strong></span> <span class='ocrx_word' id='word_1_517' title='bbox 2722 3330 2859 3384; x_wconf 89' lang='lat' dir='ltr'><strong>bona</strong></span> <span class='ocrx_word' id='word_1_518' title='bbox 2882 3329 2960 3400; x_wconf 82' lang='grc'><strong>(4)</strong></span> <span class='ocrx_word' id='word_1_519' title='bbox 3013 3345 3080 3386; x_wconf 88' lang='lat' dir='ltr'><strong>ex</strong></span> <span class='ocrx_word' id='word_1_520' title='bbox 3109 3331 3328 3386; x_wconf 85' lang='lat' dir='ltr'><strong>materia</strong></span> <span class='ocrx_word' id='word_1_521' title='bbox 3361 3346 3490 3401; x_wconf 89' lang='lat' dir='ltr'><strong>pro-</strong></span> 
     </span>
    </p>
   </div>
   <div class='ocr_carea' id='block_1_64' title="bbox 184 3405 1792 3485">
    <p class='ocr_par' dir='ltr' id='par_1_64' title="bbox 184 3405 1792 3485">
     <span class='ocr_line' id='line_1_64' title="bbox 184 3405 1792 3485; baseline 0.006 -23"><span class='ocrx_word' id='word_1_522' title='bbox 184 3407 382 3462; x_wconf 86' lang='lat' dir='ltr'><strong>eadem</strong></span> <span class='ocrx_word' id='word_1_523' title='bbox 423 3405 588 3460; x_wconf 89' lang='lat' dir='ltr'><strong>etiam</strong></span> <span class='ocrx_word' id='word_1_524' title='bbox 629 3405 764 3460; x_wconf 90' lang='lat' dir='ltr'><strong>mala</strong></span> <span class='ocrx_word' id='word_1_525' title='bbox 806 3405 1029 3475; x_wconf 89' lang='lat' dir='ltr'><strong>profert,</strong></span> <span class='ocrx_word' id='word_1_526' title='bbox 1071 3409 1155 3464; x_wconf 91' lang='lat' dir='ltr'><strong>vel</strong></span> <span class='ocrx_word' id='word_1_527' title='bbox 1199 3410 1312 3466; x_wconf 73' lang='lat' dir='ltr'><strong>haec</strong></span> <span class='ocrx_word' id='word_1_528' title='bbox 1355 3415 1539 3485; x_wconf 88' lang='lat' dir='ltr'><strong>utique</strong></span> <span class='ocrx_word' id='word_1_529' title='bbox 1579 3434 1683 3471; x_wconf 91' lang='lat' dir='ltr'><strong>non</strong></span> <span class='ocrx_word' id='word_1_530' title='bbox 1724 3419 1792 3474; x_wconf 88' lang='lat' dir='ltr'><strong>de</strong></span> 
     </span>
    </p>
   </div>
   <div class='ocr_carea' id='block_1_65' title="bbox 185 3495 1790 3573">
    <p class='ocr_par' dir='ltr' id='par_1_65' title="bbox 185 3495 1790 3573">
     <span class='ocr_line' id='line_1_65' title="bbox 185 3495 1790 3573; baseline 0.008 -21"><span class='ocrx_word' id='word_1_531' title='bbox 185 3512 289 3552; x_wconf 90' lang='lat' dir='ltr'><strong>suo</strong></span> <span class='ocrx_word' id='word_1_532' title='bbox 319 3495 552 3553; x_wconf 88' lang='lat' dir='ltr'><strong>arbitrio</strong></span> <span class='ocrx_word' id='word_1_533' title='bbox 581 3497 906 3566; x_wconf 86' lang='lat' dir='ltr'><strong>proferendo</strong></span> <span class='ocrx_word' id='word_1_534' title='bbox 925 3540 940 3565; x_wconf 93' lang='lat'><strong>,</strong></span> <span class='ocrx_word' id='word_1_535' title='bbox 982 3501 1150 3555; x_wconf 91' lang='lat' dir='ltr'><strong>servit</strong></span> <span class='ocrx_word' id='word_1_536' title='bbox 1179 3505 1418 3559; x_wconf 77' lang='lat' dir='ltr'><strong>materiae</strong></span> <span class='ocrx_word' id='word_1_537' title='bbox 1442 3546 1459 3573; x_wconf 95' lang='lat'><strong>,</strong></span> <span class='ocrx_word' id='word_1_538' title='bbox 1500 3508 1642 3563; x_wconf 89' lang='lat' dir='ltr'><strong>aliud</strong></span> <span class='ocrx_word' id='word_1_539' title='bbox 1684 3523 1790 3565; x_wconf 89' lang='lat' dir='ltr'><strong>non</strong></span> 
     </span>
    </p>
   </div>
   <div class='ocr_carea' id='block_1_66' title="bbox 184 3589 1791 3666">
    <p class='ocr_par' dir='ltr' id='par_1_66' title="bbox 184 3589 1791 3666">
     <span class='ocr_line' id='line_1_66' title="bbox 184 3589 1791 3666; baseline 0.008 -20"><span class='ocrx_word' id='word_1_540' title='bbox 184 3589 399 3647; x_wconf 85' lang='lat' dir='ltr'><strong>habens</strong></span> <span class='ocrx_word' id='word_1_541' title='bbox 439 3590 618 3646; x_wconf 87' lang='lat' dir='ltr'><strong>facere</strong></span> <span class='ocrx_word' id='word_1_542' title='bbox 657 3603 814 3661; x_wconf 88' lang='lat' dir='ltr'><strong>quam</strong></span> <span class='ocrx_word' id='word_1_543' title='bbox 843 3606 912 3647; x_wconf 87' lang='lat' dir='ltr'><strong>ex</strong></span> <span class='ocrx_word' id='word_1_544' title='bbox 945 3593 1086 3648; x_wconf 89' lang='lat' dir='ltr'><strong>malo</strong></span> <span class='ocrx_word' id='word_1_545' title='bbox 1125 3595 1403 3666; x_wconf 87' lang='lat' dir='ltr'><strong>proferre;</strong></span> <span class='ocrx_word' id='word_1_546' title='bbox 1445 3600 1646 3658; x_wconf 85' lang='lat' dir='ltr'><strong>invitus</strong></span> <span class='ocrx_word' id='word_1_547' title='bbox 1686 3605 1791 3659; x_wconf 82' lang='lat' dir='ltr'><strong>uti-</strong></span> 
     </span>
    </p>
   </div>
   <div class='ocr_carea' id='block_1_67' title="bbox 184 3684 1793 3760">
    <p class='ocr_par' dir='ltr' id='par_1_67' title="bbox 184 3684 1793 3760">
     <span class='ocr_line' id='line_1_67' title="bbox 184 3684 1793 3760; baseline 0.009 -21"><span class='ocrx_word' id='word_1_548' title='bbox 184 3699 294 3756; x_wconf 84' lang='lat' dir='ltr'><strong>que</strong></span> <span class='ocrx_word' id='word_1_549' title='bbox 321 3700 429 3757; x_wconf 92' lang='lat' dir='ltr'><strong>qua</strong></span> <span class='ocrx_word' id='word_1_550' title='bbox 464 3685 637 3742; x_wconf 88' lang='lat' dir='ltr'><strong>bonus</strong></span> <span class='ocrx_word' id='word_1_551' title='bbox 657 3725 672 3748; x_wconf 92' lang='lat'><strong>,</strong></span> <span class='ocrx_word' id='word_1_552' title='bbox 700 3698 765 3739; x_wconf 83' lang='lat' dir='ltr'><strong>ex</strong></span> <span class='ocrx_word' id='word_1_553' title='bbox 797 3684 1118 3743; x_wconf 88' lang='lat' dir='ltr'><strong>necessitate</strong></span> <span class='ocrx_word' id='word_1_554' title='bbox 1148 3698 1208 3744; x_wconf 93' lang='lat' dir='ltr'><strong>ut</strong></span> <span class='ocrx_word' id='word_1_555' title='bbox 1237 3690 1437 3749; x_wconf 91' lang='lat' dir='ltr'><strong>invitus</strong></span> <span class='ocrx_word' id='word_1_556' title='bbox 1455 3736 1471 3760; x_wconf 95' lang='lat'><strong>,</strong></span> <span class='ocrx_word' id='word_1_557' title='bbox 1497 3704 1552 3750; x_wconf 93' lang='lat' dir='ltr'><strong>et</strong></span> <span class='ocrx_word' id='word_1_558' title='bbox 1579 3712 1646 3753; x_wconf 87' lang='lat' dir='ltr'><strong>cx</strong></span> <span class='ocrx_word' id='word_1_559' title='bbox 1674 3712 1793 3753; x_wconf 89' lang='lat' dir='ltr'><strong>ser-</strong></span> 
     </span>
    </p>
   </div>
   <div class='ocr_carea' id='block_1_68' title="bbox 185 3777 1794 3855">
    <p class='ocr_par' dir='ltr' id='par_1_68' title="bbox 185 3777 1794 3855">
     <span class='ocr_line' id='line_1_68' title="bbox 185 3777 1794 3855; baseline 0.009 -24"><span class='ocrx_word' id='word_1_560' title='bbox 185 3778 366 3832; x_wconf 89' lang='lat' dir='ltr'><strong>vitute</strong></span> <span class='ocrx_word' id='word_1_561' title='bbox 394 3787 451 3830; x_wconf 91' lang='lat' dir='ltr'><strong>ut</strong></span> <span class='ocrx_word' id='word_1_562' title='bbox 481 3791 544 3830; x_wconf 89' lang='lat' dir='ltr'><strong>ex</strong></span> <span class='ocrx_word' id='word_1_563' title='bbox 576 3777 917 3833; x_wconf 89' lang='lat' dir='ltr'><strong>necessitate.</strong></span> <span class='ocrx_word' id='word_1_564' title='bbox 941 3778 1079 3846; x_wconf 84' lang='lat' dir='ltr'><strong>Quid</strong></span> <span class='ocrx_word' id='word_1_565' title='bbox 1107 3795 1236 3851; x_wconf 91' lang='lat' dir='ltr'><strong>ergo</strong></span> <span class='ocrx_word' id='word_1_566' title='bbox 1259 3783 1490 3855; x_wconf 87' lang='lat' dir='ltr'><strong>dignius,</strong></span> <span class='ocrx_word' id='word_1_567' title='bbox 1521 3803 1584 3842; x_wconf 91' lang='lat' dir='ltr'><strong>ex</strong></span> <span class='ocrx_word' id='word_1_568' title='bbox 1610 3804 1794 3845; x_wconf 85' lang='lat' dir='ltr'><strong>neces-</strong></span> 
     </span>
    </p>
   </div>
   <div class='ocr_carea' id='block_1_69' title="bbox 184 3865 1793 3936">
    <p class='ocr_par' dir='ltr' id='par_1_69' title="bbox 184 3865 1793 3936">
     <span class='ocr_line' id='line_1_69' title="bbox 184 3865 1793 3936; baseline 0.008 -13"><span class='ocrx_word' id='word_1_569' title='bbox 184 3869 352 3924; x_wconf 86' lang='lat' dir='ltr'><strong>sitate</strong></span> <span class='ocrx_word' id='word_1_570' title='bbox 396 3877 523 3922; x_wconf 87' lang='lat' dir='ltr'><strong>cum</strong></span> <span class='ocrx_word' id='word_1_571' title='bbox 574 3865 885 3923; x_wconf 88' lang='lat' dir='ltr'><strong>condidisse</strong></span> <span class='ocrx_word' id='word_1_572' title='bbox 930 3870 1107 3932; x_wconf 87' lang='lat' dir='ltr'><strong>mala,</strong></span> <span class='ocrx_word' id='word_1_573' title='bbox 1158 3885 1226 3927; x_wconf 91' lang='lat' dir='ltr'><strong>an</strong></span> <span class='ocrx_word' id='word_1_574' title='bbox 1270 3888 1336 3928; x_wconf 91' lang='lat' dir='ltr'><strong>ex</strong></span> <span class='ocrx_word' id='word_1_575' title='bbox 1385 3876 1696 3934; x_wconf 81' lang='lat' dir='ltr'><strong>voluntate?</strong></span> <span class='ocrx_word' id='word_1_576' title='bbox 1738 3881 1793 3936; x_wconf 91' lang='lat' dir='ltr'><strong>Si</strong></span> 
     </span>
    </p>
   </div>
   <div class='ocr_carea' id='block_1_70' title="bbox 183 3960 1792 4033">
    <p class='ocr_par' dir='ltr' id='par_1_70' title="bbox 183 3960 1792 4033">
     <span class='ocr_line' id='line_1_70' title="bbox 183 3960 1792 4033; baseline 0.009 -19"><span class='ocrx_word' id='word_1_577' title='bbox 183 3960 413 4033; x_wconf 80' lang='lat' dir='ltr'><strong>quidem</strong></span> <span class='ocrx_word' id='word_1_578' title='bbox 439 4001 454 4024; x_wconf 97' lang='lat'><strong>,</strong></span> <span class='ocrx_word' id='word_1_579' title='bbox 489 3973 554 4014; x_wconf 89' lang='lat' dir='ltr'><strong>ex</strong></span> <span class='ocrx_word' id='word_1_580' title='bbox 588 3961 910 4016; x_wconf 88' lang='lat' dir='ltr'><strong>necessitate</strong></span> <span class='ocrx_word' id='word_1_581' title='bbox 937 3961 1214 4030; x_wconf 90' lang='lat' dir='ltr'><strong>condidit,</strong></span> <span class='ocrx_word' id='word_1_582' title='bbox 1257 3966 1301 4020; x_wconf 89' lang='lat' dir='ltr'><strong>si</strong></span> <span class='ocrx_word' id='word_1_583' title='bbox 1331 3981 1393 4022; x_wconf 82' lang='lat' dir='ltr'><strong>ex</strong></span> <span class='ocrx_word' id='word_1_584' title='bbox 1427 3970 1650 4026; x_wconf 84' lang='lat' dir='ltr'><strong>materia</strong></span> <span class='ocrx_word' id='word_1_585' title='bbox 1683 3989 1696 4027; x_wconf 86' lang='lat'><strong>:</strong></span> <span class='ocrx_word' id='word_1_586' title='bbox 1728 3989 1792 4029; x_wconf 81' lang='lat' dir='ltr'><strong>ex</strong></span> 
     </span>
    </p>
   </div>
   <div class='ocr_carea' id='block_1_71' title="bbox 185 4053 1792 4132">
    <p class='ocr_par' dir='ltr' id='par_1_71' title="bbox 185 4053 1792 4132">
     <span class='ocr_line' id='line_1_71' title="bbox 185 4053 1792 4132; baseline 0.007 -21"><span class='ocrx_word' id='word_1_587' title='bbox 185 4056 496 4118; x_wconf 85' lang='lat' dir='ltr'><strong>voluntate,</strong></span> <span class='ocrx_word' id='word_1_588' title='bbox 514 4053 558 4108; x_wconf 89' lang='lat' dir='ltr'><strong>si</strong></span> <span class='ocrx_word' id='word_1_589' title='bbox 584 4068 649 4108; x_wconf 90' lang='lat' dir='ltr'><strong>cx</strong></span> <span class='ocrx_word' id='word_1_590' title='bbox 678 4053 863 4108; x_wconf 84' lang='lat' dir='ltr'><strong>nihilo.</strong></span> <span class='ocrx_word' id='word_1_591' title='bbox 885 4053 1002 4110; x_wconf 81' lang='lat' dir='ltr'><strong>Jam</strong></span> <span class='ocrx_word' id='word_1_592' title='bbox 1029 4056 1172 4111; x_wconf 92' lang='lat' dir='ltr'><strong>enim</strong></span> <span class='ocrx_word' id='word_1_593' title='bbox 1201 4059 1318 4114; x_wconf 89' lang='lat' dir='ltr'><strong>sine</strong></span> <span class='ocrx_word' id='word_1_594' title='bbox 1335 4075 1526 4120; x_wconf 86' lang='lat' dir='ltr'><strong>caussa</strong></span> <span class='ocrx_word' id='word_1_595' title='bbox 1553 4064 1792 4132; x_wconf 87' lang='lat' dir='ltr'><strong>laboras,</strong></span> 
     </span>
    </p>
   </div>
   <div class='ocr_carea' id='block_1_72' title="bbox 188 4145 1798 4223">
    <p class='ocr_par' dir='ltr' id='par_1_72' title="bbox 188 4145 1798 4223">
     <span class='ocr_line' id='line_1_72' title="bbox 188 4145 1798 4223; baseline 0.008 -21"><span class='ocrx_word' id='word_1_596' title='bbox 188 4162 261 4202; x_wconf 88' lang='lat' dir='ltr'><strong>ne</strong></span> <span class='ocrx_word' id='word_1_597' title='bbox 292 4145 566 4201; x_wconf 83' lang='lat' dir='ltr'><strong>malorum</strong></span> <span class='ocrx_word' id='word_1_598' title='bbox 605 4154 793 4200; x_wconf 91' lang='lat' dir='ltr'><strong>auctor</strong></span> <span class='ocrx_word' id='word_1_599' title='bbox 821 4148 1179 4204; x_wconf 76' lang='lat' dir='ltr'><strong>conStituatur</strong></span> <span class='ocrx_word' id='word_1_600' title='bbox 1209 4149 1386 4207; x_wconf 87' lang='lat' dir='ltr'><strong>Deus:</strong></span> <span class='ocrx_word' id='word_1_601' title='bbox 1421 4158 1686 4223; x_wconf 89' lang='lat' dir='ltr'><strong>quia,etsi</strong></span> <span class='ocrx_word' id='word_1_602' title='bbox 1729 4159 1798 4215; x_wconf 89' lang='lat' dir='ltr'><strong>de</strong></span> 
     </span>
    </p>
   </div>
   <div class='ocr_carea' id='block_1_73' title="bbox 187 4239 1798 4321">
    <p class='ocr_par' dir='ltr' id='par_1_73' title="bbox 187 4239 1798 4321">
     <span class='ocr_line' id='line_1_73' title="bbox 187 4239 1798 4321; baseline 0.008 -25"><span class='ocrx_word' id='word_1_603' title='bbox 187 4240 426 4296; x_wconf 87' lang='lat' dir='ltr'><strong>materia</strong></span> <span class='ocrx_word' id='word_1_604' title='bbox 472 4239 631 4306; x_wconf 90' lang='lat' dir='ltr'><strong>fecit,</strong></span> <span class='ocrx_word' id='word_1_605' title='bbox 671 4240 770 4310; x_wconf 91' lang='lat' dir='ltr'><strong>ipsi</strong></span> <span class='ocrx_word' id='word_1_606' title='bbox 811 4240 1208 4312; x_wconf 90' lang='lat' dir='ltr'><strong>deputabuntur</strong></span> <span class='ocrx_word' id='word_1_607' title='bbox 1243 4247 1332 4316; x_wconf 91' lang='lat' dir='ltr'><strong>qui</strong></span> <span class='ocrx_word' id='word_1_608' title='bbox 1373 4246 1532 4315; x_wconf 88' lang='lat' dir='ltr'><strong>fecit,</strong></span> <span class='ocrx_word' id='word_1_609' title='bbox 1575 4253 1798 4321; x_wconf 88' lang='lat' dir='ltr'><strong>proinde</strong></span> 
     </span>
    </p>
   </div>
   <div class='ocr_carea' id='block_1_74' title="bbox 191 4331 1796 4409">
    <p class='ocr_par' dir='ltr' id='par_1_74' title="bbox 191 4331 1796 4409">
     <span class='ocr_line' id='line_1_74' title="bbox 191 4331 1796 4409; baseline 0.01 -24"><span class='ocrx_word' id='word_1_610' title='bbox 191 4342 474 4405; x_wconf 78' lang='lat' dir='ltr'><strong>quatenus</strong></span> <span class='ocrx_word' id='word_1_611' title='bbox 501 4331 649 4388; x_wconf 90' lang='lat' dir='ltr'><strong>fecit.</strong></span> <span class='ocrx_word' id='word_1_612' title='bbox 693 4332 857 4388; x_wconf 85' lang='lat' dir='ltr'><strong>Plane</strong></span> <span class='ocrx_word' id='word_1_613' title='bbox 881 4334 958 4388; x_wconf 92' lang='lat' dir='ltr'><strong>sic</strong></span> <span class='ocrx_word' id='word_1_614' title='bbox 986 4333 1212 4390; x_wconf 87' lang='lat' dir='ltr'><strong>interest</strong></span> <span class='ocrx_word' id='word_1_615' title='bbox 1238 4336 1380 4394; x_wconf 89' lang='lat' dir='ltr'><strong>unde</strong></span> <span class='ocrx_word' id='word_1_616' title='bbox 1411 4339 1630 4409; x_wconf 85' lang='lat' dir='ltr'><strong>fecerit,</strong></span> <span class='ocrx_word' id='word_1_617' title='bbox 1662 4360 1724 4400; x_wconf 90' lang='lat' dir='ltr'><strong>ac</strong></span> <span class='ocrx_word' id='word_1_618' title='bbox 1752 4348 1796 4401; x_wconf 91' lang='lat' dir='ltr'><strong>si</strong></span> 
     </span>
    </p>
   </div>
   <div class='ocr_carea' id='block_1_75' title="bbox 188 4428 1798 4502">
    <p class='ocr_par' dir='ltr' id='par_1_75' title="bbox 188 4428 1798 4502">
     <span class='ocr_line' id='line_1_75' title="bbox 188 4428 1798 4502; baseline 0.007 -18"><span class='ocrx_word' id='word_1_619' title='bbox 188 4429 262 4484; x_wconf 85' lang='lat' dir='ltr'><strong>de</strong></span> <span class='ocrx_word' id='word_1_620' title='bbox 290 4428 466 4482; x_wconf 90' lang='lat' dir='ltr'><strong>nihilo</strong></span> <span class='ocrx_word' id='word_1_621' title='bbox 496 4428 709 4483; x_wconf 89' lang='lat' dir='ltr'><strong>fecisset</strong></span> <span class='ocrx_word' id='word_1_622' title='bbox 736 4444 749 4481; x_wconf 92' lang='lat'>:</span> <span class='ocrx_word' id='word_1_623' title='bbox 782 4442 883 4483; x_wconf 88' lang='lat' dir='ltr'><strong>nec</strong></span> <span class='ocrx_word' id='word_1_624' title='bbox 911 4430 1132 4484; x_wconf 87' lang='lat' dir='ltr'><strong>interest</strong></span> <span class='ocrx_word' id='word_1_625' title='bbox 1157 4431 1299 4487; x_wconf 90' lang='lat' dir='ltr'><strong>unde</strong></span> <span class='ocrx_word' id='word_1_626' title='bbox 1327 4431 1544 4502; x_wconf 86' lang='lat' dir='ltr'><strong>fecerit,</strong></span> <span class='ocrx_word' id='word_1_627' title='bbox 1587 4447 1643 4494; x_wconf 92' lang='lat' dir='ltr'><strong>ut</strong></span> <span class='ocrx_word' id='word_1_628' title='bbox 1674 4438 1798 4496; x_wconf 91' lang='lat' dir='ltr'><strong>inde</strong></span> 
     </span>
    </p>
   </div>
   <div class='ocr_carea' id='block_1_76' title="bbox 189 4519 1796 4594">
    <p class='ocr_par' dir='ltr' id='par_1_76' title="bbox 189 4519 1796 4594">
     <span class='ocr_line' id='line_1_76' title="bbox 189 4519 1796 4594; baseline 0.006 -17"><span class='ocrx_word' id='word_1_629' title='bbox 189 4521 414 4587; x_wconf 81' lang='lat' dir='ltr'><strong>fecerit,</strong></span> <span class='ocrx_word' id='word_1_630' title='bbox 445 4519 586 4574; x_wconf 88' lang='lat' dir='ltr'><strong>unde</strong></span> <span class='ocrx_word' id='word_1_631' title='bbox 606 4532 728 4574; x_wconf 88' lang='lat' dir='ltr'><strong>eum</strong></span> <span class='ocrx_word' id='word_1_632' title='bbox 754 4520 924 4590; x_wconf 87' lang='lat' dir='ltr'><strong>magis</strong></span> <span class='ocrx_word' id='word_1_633' title='bbox 940 4519 1136 4577; x_wconf 88' lang='lat' dir='ltr'><strong>decuit.</strong></span> <span class='ocrx_word' id='word_1_634' title='bbox 1157 4522 1323 4594; x_wconf 79' lang='lat' dir='ltr'><strong>Magis</strong></span> <span class='ocrx_word' id='word_1_635' title='bbox 1348 4536 1527 4582; x_wconf 90' lang='lat' dir='ltr'><strong>autem</strong></span> <span class='ocrx_word' id='word_1_636' title='bbox 1556 4543 1676 4584; x_wconf 85' lang='lat' dir='ltr'><strong>eum</strong></span> <span class='ocrx_word' id='word_1_637' title='bbox 1699 4531 1796 4587; x_wconf 82' lang='lat' dir='ltr'><strong>de-</strong></span> 
     </span>
    </p>
   </div>
   <div class='ocr_carea' id='block_1_77' title="bbox 187 4609 1802 4693">
    <p class='ocr_par' dir='ltr' id='par_1_77' title="bbox 187 4609 1802 4693">
     <span class='ocr_line' id='line_1_77' title="bbox 187 4609 1802 4693; baseline 0.006 -24"><span class='ocrx_word' id='word_1_638' title='bbox 187 4615 304 4670; x_wconf 90' lang='lat' dir='ltr'><strong>cuit</strong></span> <span class='ocrx_word' id='word_1_639' title='bbox 345 4629 412 4668; x_wconf 88' lang='lat' dir='ltr'><strong>ex</strong></span> <span class='ocrx_word' id='word_1_640' title='bbox 459 4612 728 4667; x_wconf 81' lang='lat' dir='ltr'><strong>voluntate</strong></span> <span class='ocrx_word' id='word_1_641' title='bbox 766 4609 992 4678; x_wconf 88' lang='lat' dir='ltr'><strong>fecisse,</strong></span> <span class='ocrx_word' id='word_1_642' title='bbox 1032 4629 1192 4685; x_wconf 92' lang='lat' dir='ltr'><strong>quam</strong></span> <span class='ocrx_word' id='word_1_643' title='bbox 1233 4630 1297 4670; x_wconf 88' lang='lat' dir='ltr'><strong>ex</strong></span> <span class='ocrx_word' id='word_1_644' title='bbox 1348 4623 1666 4677; x_wconf 87' lang='lat' dir='ltr'><strong>necessitate</strong></span> <span class='ocrx_word' id='word_1_645' title='bbox 1692 4668 1706 4693; x_wconf 93' lang='lat'><strong>,</strong></span> <span class='ocrx_word' id='word_1_646' title='bbox 1751 4629 1802 4685; x_wconf 85' lang='lat' dir='ltr'><strong>id</strong></span> 
     </span>
    </p>
   </div>
   <div class='ocr_carea' id='block_1_78' title="bbox 1896 3422 3488 3494">
    <p class='ocr_par' dir='ltr' id='par_1_78' title="bbox 1896 3422 3488 3494">
     <span class='ocr_line' id='line_1_78' title="bbox 1896 3422 3488 3494; baseline -0.003 -15"><span class='ocrx_word' id='word_1_647' title='bbox 1896 3427 2100 3487; x_wconf 78' lang='lat' dir='ltr'><strong>tulisse,</strong></span> <span class='ocrx_word' id='word_1_648' title='bbox 2124 3434 2214 3480; x_wconf 89' lang='lat' dir='ltr'><strong>aut</strong></span> <span class='ocrx_word' id='word_1_649' title='bbox 2233 3433 2433 3477; x_wconf 88' lang='lat' dir='ltr'><strong>tantmn</strong></span> <span class='ocrx_word' id='word_1_650' title='bbox 2459 3423 2618 3488; x_wconf 88' lang='lat' dir='ltr'><strong>bona,</strong></span> <span class='ocrx_word' id='word_1_651' title='bbox 2643 3437 2748 3477; x_wconf 90' lang='lat' dir='ltr'><strong>non</strong></span> <span class='ocrx_word' id='word_1_652' title='bbox 2797 3422 2974 3476; x_wconf 91' lang='lat' dir='ltr'><strong>omnia</strong></span> <span class='ocrx_word' id='word_1_653' title='bbox 3019 3431 3196 3478; x_wconf 89' lang='lat' dir='ltr'><strong>tamen</strong></span> <span class='ocrx_word' id='word_1_654' title='bbox 3225 3422 3360 3477; x_wconf 85' lang='lat' dir='ltr'><strong>bona</strong></span> <span class='ocrx_word' id='word_1_655' title='bbox 3383 3424 3488 3494; x_wconf 84' lang='lat'><strong>(5),</strong></span> 
     </span>
    </p>
   </div>
   <div class='ocr_carea' id='block_1_79' title="bbox 1897 3514 3484 3588">
    <p class='ocr_par' dir='ltr' id='par_1_79' title="bbox 1897 3514 3484 3588">
     <span class='ocr_line' id='line_1_79' title="bbox 1897 3514 3484 3588; baseline -0.001 -16"><span class='ocrx_word' id='word_1_656' title='bbox 1897 3517 2212 3588; x_wconf 84' lang='lat' dir='ltr'><strong>protulisset</strong></span> <span class='ocrx_word' id='word_1_657' title='bbox 2238 3517 2397 3570; x_wconf 77' lang='lat' dir='ltr'><strong>etiam</strong></span> <span class='ocrx_word' id='word_1_658' title='bbox 2425 3515 2564 3569; x_wconf 86' lang='lat' dir='ltr'><strong>mala</strong></span> <span class='ocrx_word' id='word_1_659' title='bbox 2593 3531 2607 3580; x_wconf 91' lang='lat'><strong>;</strong></span> <span class='ocrx_word' id='word_1_660' title='bbox 2637 3515 2821 3586; x_wconf 86' lang='lat' dir='ltr'><strong>utique</strong></span> <span class='ocrx_word' id='word_1_661' title='bbox 2845 3524 2935 3568; x_wconf 91' lang='lat' dir='ltr'><strong>aut</strong></span> <span class='ocrx_word' id='word_1_662' title='bbox 2961 3514 3149 3570; x_wconf 89' lang='lat' dir='ltr'><strong>volens</strong></span> <span class='ocrx_word' id='word_1_663' title='bbox 3173 3529 3294 3570; x_wconf 89' lang='lat' dir='ltr'><strong>esse</strong></span> <span class='ocrx_word' id='word_1_664' title='bbox 3319 3516 3484 3580; x_wconf 90' lang='lat' dir='ltr'><strong>mala,</strong></span> 
     </span>
    </p>
   </div>
   <div class='ocr_carea' id='block_1_80' title="bbox 1896 3608 3492 3692">
    <p class='ocr_par' dir='ltr' id='par_1_80' title="bbox 1896 3608 3492 3692">
     <span class='ocr_line' id='line_1_80' title="bbox 1896 3608 3492 3692; baseline -0.002 -25"><span class='ocrx_word' id='word_1_665' title='bbox 1896 3615 1938 3668; x_wconf 91' lang='lat' dir='ltr'><strong>si</strong></span> <span class='ocrx_word' id='word_1_666' title='bbox 1975 3622 2184 3692; x_wconf 76' lang='lat' dir='ltr'><strong>poterat</strong></span> <span class='ocrx_word' id='word_1_667' title='bbox 2215 3610 2434 3666; x_wconf 85' lang='lat' dir='ltr'><strong>efficere</strong></span> <span class='ocrx_word' id='word_1_668' title='bbox 2465 3625 2530 3664; x_wconf 92' lang='lat' dir='ltr'><strong>nc</strong></span> <span class='ocrx_word' id='word_1_669' title='bbox 2557 3617 2776 3675; x_wconf 88' lang='lat' dir='ltr'><strong>essent;</strong></span> <span class='ocrx_word' id='word_1_670' title='bbox 2811 3617 2904 3664; x_wconf 90' lang='lat' dir='ltr'><strong>aut</strong></span> <span class='ocrx_word' id='word_1_671' title='bbox 2933 3624 3037 3663; x_wconf 92' lang='lat' dir='ltr'><strong>non</strong></span> <span class='ocrx_word' id='word_1_672' title='bbox 3065 3610 3249 3664; x_wconf 86' lang='lat' dir='ltr'><strong>valens</strong></span> <span class='ocrx_word' id='word_1_673' title='bbox 3273 3608 3492 3664; x_wconf 83' lang='lat' dir='ltr'><strong>efficere</strong></span> 
     </span>
    </p>
   </div>
   <div class='ocr_carea' id='block_1_81' title="bbox 1897 3700 3491 3769">
    <p class='ocr_par' dir='ltr' id='par_1_81' title="bbox 1897 3700 3491 3769">
     <span class='ocr_line' id='line_1_81' title="bbox 1897 3700 3491 3769; baseline -0.002 -8"><span class='ocrx_word' id='word_1_674' title='bbox 1897 3708 2075 3762; x_wconf 91' lang='lat' dir='ltr'><strong>omnia</strong></span> <span class='ocrx_word' id='word_1_675' title='bbox 2107 3707 2276 3769; x_wconf 89' lang='lat' dir='ltr'><strong>bona,</strong></span> <span class='ocrx_word' id='word_1_676' title='bbox 2308 3705 2351 3760; x_wconf 90' lang='lat' dir='ltr'><strong>si</strong></span> <span class='ocrx_word' id='word_1_677' title='bbox 2387 3703 2628 3758; x_wconf 77' lang='lat' dir='ltr'><strong>voluitet</strong></span> <span class='ocrx_word' id='word_1_678' title='bbox 2656 3717 2761 3756; x_wconf 91' lang='lat' dir='ltr'><strong>non</strong></span> <span class='ocrx_word' id='word_1_679' title='bbox 2790 3701 2915 3756; x_wconf 91' lang='lat' dir='ltr'><strong>fecit</strong></span> <span class='ocrx_word' id='word_1_680' title='bbox 2943 3718 2956 3756; x_wconf 88' lang='lat'><strong>:</strong></span> <span class='ocrx_word' id='word_1_681' title='bbox 2988 3700 3116 3756; x_wconf 90' lang='lat' dir='ltr'><strong>dum</strong></span> <span class='ocrx_word' id='word_1_682' title='bbox 3149 3701 3280 3757; x_wconf 91' lang='lat' dir='ltr'><strong>nihil</strong></span> <span class='ocrx_word' id='word_1_683' title='bbox 3321 3703 3491 3758; x_wconf 87' lang='lat' dir='ltr'><strong>inter-</strong></span> 
     </span>
    </p>
   </div>
   <div class='ocr_carea' id='block_1_82' title="bbox 1899 3795 3492 3869">
    <p class='ocr_par' dir='ltr' id='par_1_82' title="bbox 1899 3795 3492 3869">
     <span class='ocr_line' id='line_1_82' title="bbox 1899 3795 3492 3869; baseline -0.003 -14"><span class='ocrx_word' id='word_1_684' title='bbox 1899 3800 1967 3855; x_wconf 89' lang='lat' dir='ltr'><strong>sit</strong></span> <span class='ocrx_word' id='word_1_685' title='bbox 1998 3815 2094 3869; x_wconf 90' lang='lat' dir='ltr'><strong>per</strong></span> <span class='ocrx_word' id='word_1_686' title='bbox 2133 3800 2496 3853; x_wconf 80' lang='lat' dir='ltr'><strong>infirmitatem</strong></span> <span class='ocrx_word' id='word_1_687' title='bbox 2542 3797 2798 3851; x_wconf 87' lang='lat' dir='ltr'><strong>Dominus</strong></span> <span class='ocrx_word' id='word_1_688' title='bbox 2838 3803 3024 3851; x_wconf 90' lang='lat' dir='ltr'><strong>auctor</strong></span> <span class='ocrx_word' id='word_1_689' title='bbox 3052 3795 3177 3851; x_wconf 88' lang='lat' dir='ltr'><strong>mali</strong></span> <span class='ocrx_word' id='word_1_690' title='bbox 3215 3797 3492 3864; x_wconf 80' lang='lat' dir='ltr'><strong>extiterit,</strong></span> 
     </span>
    </p>
   </div>
   <div class='ocr_carea' id='block_1_83' title="bbox 1897 3886 3494 3960">
    <p class='ocr_par' dir='ltr' id='par_1_83' title="bbox 1897 3886 3494 3960">
     <span class='ocr_line' id='line_1_83' title="bbox 1897 3886 3494 3960; baseline -0.002 -15"><span class='ocrx_word' id='word_1_691' title='bbox 1897 3907 1966 3945; x_wconf 90' lang='lat' dir='ltr'><strong>an</strong></span> <span class='ocrx_word' id='word_1_692' title='bbox 2006 3906 2101 3960; x_wconf 90' lang='lat' dir='ltr'><strong>per</strong></span> <span class='ocrx_word' id='word_1_693' title='bbox 2123 3891 2472 3945; x_wconf 81' lang='lat' dir='ltr'><strong>voluntatem.</strong></span> <span class='ocrx_word' id='word_1_694' title='bbox 2516 3891 2619 3943; x_wconf 88' lang='lat' dir='ltr'><strong>Aut</strong></span> <span class='ocrx_word' id='word_1_695' title='bbox 2646 3903 2765 3958; x_wconf 70' lang='lat' dir='ltr'><strong>qum</strong></span> <span class='ocrx_word' id='word_1_696' title='bbox 2793 3886 2893 3942; x_wconf 91' lang='lat' dir='ltr'><strong>fuit</strong></span> <span class='ocrx_word' id='word_1_697' title='bbox 2919 3887 3086 3952; x_wconf 85' lang='lat' dir='ltr'><strong>ratio,</strong></span> <span class='ocrx_word' id='word_1_698' title='bbox 3117 3895 3172 3941; x_wconf 86' lang='lat' dir='ltr'><strong>ut</strong></span> <span class='ocrx_word' id='word_1_699' title='bbox 3202 3901 3324 3942; x_wconf 91' lang='lat' dir='ltr'><strong>cum</strong></span> <span class='ocrx_word' id='word_1_700' title='bbox 3353 3887 3494 3943; x_wconf 88' lang='lat' dir='ltr'><strong>bona</strong></span> 
     </span>
    </p>
   </div>
   <div class='ocr_carea' id='block_1_84' title="bbox 1900 3977 3498 4054">
    <p class='ocr_par' dir='ltr' id='par_1_84' title="bbox 1900 3977 3498 4054">
     <span class='ocr_line' id='line_1_84' title="bbox 1900 3977 3498 4054; baseline -0.003 -16"><span class='ocrx_word' id='word_1_701' title='bbox 1900 3982 2116 4038; x_wconf 84' lang='lat' dir='ltr'><strong>fecisset</strong></span> <span class='ocrx_word' id='word_1_702' title='bbox 2181 3982 2333 4054; x_wconf 86' lang='lat' dir='ltr'><strong>quasi</strong></span> <span class='ocrx_word' id='word_1_703' title='bbox 2381 3979 2464 4052; x_wconf 88' lang='lat'><strong>(6)</strong></span> <span class='ocrx_word' id='word_1_704' title='bbox 2513 3980 2722 4042; x_wconf 89' lang='lat' dir='ltr'><strong>bonus,</strong></span> <span class='ocrx_word' id='word_1_705' title='bbox 2790 3978 2951 4034; x_wconf 91' lang='lat' dir='ltr'><strong>etiam</strong></span> <span class='ocrx_word' id='word_1_706' title='bbox 3001 3977 3140 4033; x_wconf 92' lang='lat' dir='ltr'><strong>mala</strong></span> <span class='ocrx_word' id='word_1_707' title='bbox 3187 3979 3498 4048; x_wconf 86' lang='lat' dir='ltr'><strong>protulisset</strong></span> 
     </span>
    </p>
   </div>
   <div class='ocr_carea' id='block_1_85' title="bbox 1899 4069 3496 4147">
    <p class='ocr_par' dir='ltr' id='par_1_85' title="bbox 1899 4069 3496 4147">
     <span class='ocr_line' id='line_1_85' title="bbox 1899 4069 3496 4147; baseline -0.003 -17"><span class='ocrx_word' id='word_1_708' title='bbox 1899 4076 2053 4147; x_wconf 83' lang='lat' dir='ltr'><strong>quasi</strong></span> <span class='ocrx_word' id='word_1_709' title='bbox 2087 4089 2193 4130; x_wconf 91' lang='lat' dir='ltr'><strong>non</strong></span> <span class='ocrx_word' id='word_1_710' title='bbox 2232 4073 2401 4129; x_wconf 87' lang='lat' dir='ltr'><strong>bonus</strong></span> <span class='ocrx_word' id='word_1_711' title='bbox 2422 4115 2438 4140; x_wconf 94' lang='lat'><strong>,</strong></span> <span class='ocrx_word' id='word_1_712' title='bbox 2479 4085 2599 4126; x_wconf 84' lang='lat' dir='ltr'><strong>cum</strong></span> <span class='ocrx_word' id='word_1_713' title='bbox 2631 4087 2737 4126; x_wconf 92' lang='lat' dir='ltr'><strong>non</strong></span> <span class='ocrx_word' id='word_1_714' title='bbox 2765 4070 3114 4141; x_wconf 89' lang='lat' dir='ltr'><strong>congruentia</strong></span> <span class='ocrx_word' id='word_1_715' title='bbox 3149 4069 3250 4127; x_wconf 90' lang='lat' dir='ltr'><strong>sibi</strong></span> <span class='ocrx_word' id='word_1_716' title='bbox 3290 4071 3496 4126; x_wconf 80' lang='lat' dir='ltr'><strong>solum-</strong></span> 
     </span>
    </p>
   </div>
   <div class='ocr_carea' id='block_1_86' title="bbox 1902 4163 3490 4234">
    <p class='ocr_par' dir='ltr' id='par_1_86' title="bbox 1902 4163 3490 4234">
     <span class='ocr_line' id='line_1_86' title="bbox 1902 4163 3490 4234; baseline -0.001 -13"><span class='ocrx_word' id='word_1_717' title='bbox 1902 4168 2062 4222; x_wconf 90' lang='lat' dir='ltr'><strong>modo</strong></span> <span class='ocrx_word' id='word_1_718' title='bbox 2090 4167 2276 4222; x_wconf 88' lang='lat' dir='ltr'><strong>edidit.</strong></span> <span class='ocrx_word' id='word_1_719' title='bbox 2317 4165 2454 4234; x_wconf 84' lang='lat' dir='ltr'><strong>Quid</strong></span> <span class='ocrx_word' id='word_1_720' title='bbox 2488 4179 2708 4220; x_wconf 86' lang='lat' dir='ltr'><strong>necesse</strong></span> <span class='ocrx_word' id='word_1_721' title='bbox 2737 4171 2882 4228; x_wconf 90' lang='lat' dir='ltr'><strong>erat,</strong></span> <span class='ocrx_word' id='word_1_722' title='bbox 2923 4177 3023 4218; x_wconf 89' lang='lat' dir='ltr'><strong>suo</strong></span> <span class='ocrx_word' id='word_1_723' title='bbox 3050 4177 3214 4233; x_wconf 91' lang='lat' dir='ltr'><strong>opere</strong></span> <span class='ocrx_word' id='word_1_724' title='bbox 3243 4163 3451 4233; x_wconf 89' lang='lat' dir='ltr'><strong>prolato</strong></span> <span class='ocrx_word' id='word_1_725' title='bbox 3473 4205 3490 4230; x_wconf 94' lang='lat'><strong>,</strong></span> 
     </span>
    </p>
   </div>
   <div class='ocr_carea' id='block_1_87' title="bbox 1900 4253 3496 4327">
    <p class='ocr_par' dir='ltr' id='par_1_87' title="bbox 1900 4253 3496 4327">
     <span class='ocr_line' id='line_1_87' title="bbox 1900 4253 3496 4327; baseline -0.004 -12"><span class='ocrx_word' id='word_1_726' title='bbox 1900 4261 2061 4316; x_wconf 86' lang='lat' dir='ltr'><strong>etiam</strong></span> <span class='ocrx_word' id='word_1_727' title='bbox 2114 4259 2350 4314; x_wconf 63' lang='lat' dir='ltr'><strong>materias</strong></span> <span class='ocrx_word' id='word_1_728' title='bbox 2397 4258 2668 4327; x_wconf 86' lang='lat' dir='ltr'><strong>negotium</strong></span> <span class='ocrx_word' id='word_1_729' title='bbox 2716 4270 2950 4321; x_wconf 89' lang='lat' dir='ltr'><strong>curare,</strong></span> <span class='ocrx_word' id='word_1_730' title='bbox 2999 4253 3226 4324; x_wconf 91' lang='lat' dir='ltr'><strong>proinde</strong></span> <span class='ocrx_word' id='word_1_731' title='bbox 3275 4264 3331 4311; x_wconf 92' lang='lat' dir='ltr'><strong>et</strong></span> <span class='ocrx_word' id='word_1_732' title='bbox 3383 4269 3496 4310; x_wconf 83' lang='lat' dir='ltr'><strong>ma-</strong></span> 
     </span>
    </p>
   </div>
   <div class='ocr_carea' id='block_1_88' title="bbox 1903 4347 3496 4423">
    <p class='ocr_par' dir='ltr' id='par_1_88' title="bbox 1903 4347 3496 4423">
     <span class='ocr_line' id='line_1_88' title="bbox 1903 4347 3496 4423; baseline -0.003 -15"><span class='ocrx_word' id='word_1_733' title='bbox 1903 4352 2011 4408; x_wconf 92' lang='lat' dir='ltr'><strong>lum</strong></span> <span class='ocrx_word' id='word_1_734' title='bbox 2059 4349 2409 4423; x_wconf 82' lang='lat' dir='ltr'><strong>proferendo,</strong></span> <span class='ocrx_word' id='word_1_735' title='bbox 2457 4349 2603 4404; x_wconf 88' lang='lat' dir='ltr'><strong>solus</strong></span> <span class='ocrx_word' id='word_1_736' title='bbox 2649 4357 2706 4404; x_wconf 92' lang='lat' dir='ltr'><strong>ut</strong></span> <span class='ocrx_word' id='word_1_737' title='bbox 2746 4357 3164 4420; x_wconf 86' lang='lat' dir='ltr'><strong>cognosceretur</strong></span> <span class='ocrx_word' id='word_1_738' title='bbox 3203 4347 3378 4404; x_wconf 87' lang='lat' dir='ltr'><strong>bonus</strong></span> <span class='ocrx_word' id='word_1_739' title='bbox 3426 4351 3496 4404; x_wconf 89' lang='lat' dir='ltr'><strong>de</strong></span> 
     </span>
    </p>
   </div>
   <div class='ocr_carea' id='block_1_89' title="bbox 1904 4441 3490 4519">
    <p class='ocr_par' dir='ltr' id='par_1_89' title="bbox 1904 4441 3490 4519">
     <span class='ocr_line' id='line_1_89' title="bbox 1904 4441 3490 4519; baseline -0.003 -18"><span class='ocrx_word' id='word_1_740' title='bbox 1904 4445 2045 4501; x_wconf 86' lang='lat' dir='ltr'><strong>bono</strong></span> <span class='ocrx_word' id='word_1_741' title='bbox 2073 4445 2172 4519; x_wconf 86' lang='lat'><strong>(7),</strong></span> <span class='ocrx_word' id='word_1_742' title='bbox 2210 4445 2431 4499; x_wconf 82' lang='lat' dir='ltr'><strong>materia</strong></span> <span class='ocrx_word' id='word_1_743' title='bbox 2460 4451 2637 4498; x_wconf 89' lang='lat' dir='ltr'><strong>antem</strong></span> <span class='ocrx_word' id='word_1_744' title='bbox 2672 4459 2738 4498; x_wconf 89' lang='lat' dir='ltr'><strong>ne</strong></span> <span class='ocrx_word' id='word_1_745' title='bbox 2760 4441 2841 4516; x_wconf 88' lang='lat'><strong>(8)</strong></span> <span class='ocrx_word' id='word_1_746' title='bbox 2885 4451 3302 4512; x_wconf 85' lang='lat' dir='ltr'><strong>cognosceretur</strong></span> <span class='ocrx_word' id='word_1_747' title='bbox 3350 4441 3490 4496; x_wconf 86' lang='lat' dir='ltr'><strong>mala</strong></span> 
     </span>
    </p>
   </div>
   <div class='ocr_carea' id='block_1_90' title="bbox 1905 4531 3500 4594">
    <p class='ocr_par' dir='ltr' id='par_1_90' title="bbox 1905 4531 3500 4594">
     <span class='ocr_line' id='line_1_90' title="bbox 1905 4531 3500 4594; baseline -0.001 -2"><span class='ocrx_word' id='word_1_748' title='bbox 1905 4537 1972 4592; x_wconf 90' lang='lat' dir='ltr'><strong>de</strong></span> <span class='ocrx_word' id='word_1_749' title='bbox 1991 4537 2162 4592; x_wconf 88' lang='lat' dir='ltr'><strong>malo?</strong></span> <span class='ocrx_word' id='word_1_750' title='bbox 2177 4536 2300 4594; x_wconf 71' lang='lat' dir='ltr'><strong>l&#39;lus</strong></span> <span class='ocrx_word' id='word_1_751' title='bbox 2317 4536 2516 4590; x_wconf 91' lang='lat' dir='ltr'><strong>bonum</strong></span> <span class='ocrx_word' id='word_1_752' title='bbox 2548 4534 2815 4590; x_wconf 83' lang='lat' dir='ltr'><strong>ﬂoruisset</strong></span> <span class='ocrx_word' id='word_1_753' title='bbox 2832 4533 2946 4590; x_wconf 91' lang='lat' dir='ltr'><strong>sine</strong></span> <span class='ocrx_word' id='word_1_754' title='bbox 2970 4534 3093 4588; x_wconf 91' lang='lat' dir='ltr'><strong>mali</strong></span> <span class='ocrx_word' id='word_1_755' title='bbox 3119 4531 3338 4587; x_wconf 85' lang='lat' dir='ltr'><strong>adflatu.</strong></span> <span class='ocrx_word' id='word_1_756' title='bbox 3363 4531 3500 4590; x_wconf 84' lang='lat' dir='ltr'><strong>Nam</strong></span> 
     </span>
    </p>
   </div>
   <div class='ocr_carea' id='block_1_91' title="bbox 1906 4624 3501 4699">
    <p class='ocr_par' dir='ltr' id='par_1_91' title="bbox 1906 4624 3501 4699">
     <span class='ocr_line' id='line_1_91' title="bbox 1906 4624 3501 4699; baseline -0.004 -13"><span class='ocrx_word' id='word_1_757' title='bbox 1906 4640 1960 4686; x_wconf 89' lang='lat' dir='ltr'><strong>et</strong></span> <span class='ocrx_word' id='word_1_758' title='bbox 1989 4630 2350 4699; x_wconf 85' lang='lat' dir='ltr'><strong>Hermogenes</strong></span> <span class='ocrx_word' id='word_1_759' title='bbox 2387 4636 2660 4698; x_wconf 86' lang='lat' dir='ltr'><strong>expugnat</strong></span> <span class='ocrx_word' id='word_1_760' title='bbox 2686 4624 3040 4697; x_wconf 90' lang='lat' dir='ltr'><strong>quorumdam</strong></span> <span class='ocrx_word' id='word_1_761' title='bbox 3078 4625 3501 4694; x_wconf 61' lang='lat' dir='ltr'><strong>argumentatio.</strong></span> 
     </span>
    </p>
   </div>
   <div class='ocr_carea' id='block_1_92' title="bbox 187 4703 3498 4785">
    <p class='ocr_par' dir='ltr' id='par_1_92' title="bbox 187 4703 3498 4785">
     <span class='ocr_line' id='line_1_92' title="bbox 187 4703 3498 4785; baseline 0.004 -25"><span class='ocrx_word' id='word_1_762' title='bbox 187 4719 301 4773; x_wconf 87' lang='lat' dir='ltr'><strong>est,</strong></span> <span class='ocrx_word' id='word_1_763' title='bbox 346 4721 418 4761; x_wconf 87' lang='lat' dir='ltr'><strong>ex</strong></span> <span class='ocrx_word' id='word_1_764' title='bbox 459 4703 627 4759; x_wconf 91' lang='lat' dir='ltr'><strong>nihilo</strong></span> <span class='ocrx_word' id='word_1_765' title='bbox 659 4705 835 4771; x_wconf 92' lang='lat' dir='ltr'><strong>potius</strong></span> <span class='ocrx_word' id='word_1_766' title='bbox 874 4719 1033 4776; x_wconf 92' lang='lat' dir='ltr'><strong>quam</strong></span> <span class='ocrx_word' id='word_1_767' title='bbox 1067 4721 1132 4762; x_wconf 86' lang='lat' dir='ltr'><strong>ex</strong></span> <span class='ocrx_word' id='word_1_768' title='bbox 1164 4709 1410 4765; x_wconf 87' lang='lat' dir='ltr'><strong>materia.</strong></span> <span class='ocrx_word' id='word_1_769' title='bbox 1458 4711 1679 4783; x_wconf 88' lang='lat' dir='ltr'><strong>Dignius</strong></span> <span class='ocrx_word' id='word_1_770' title='bbox 1717 4732 1802 4776; x_wconf 90' lang='lat' dir='ltr'><strong>est</strong></span> <span class='ocrx_word' id='word_1_771' title='bbox 1828 4722 1880 4783; x_wconf 91' lang='lat' dir='ltr'><strong>D</strong></span> <span class='ocrx_word' id='word_1_772' title='bbox 1909 4736 2034 4785; x_wconf 91' lang='lat' dir='ltr'><strong>nes,</strong></span> <span class='ocrx_word' id='word_1_773' title='bbox 2080 4719 2365 4776; x_wconf 90' lang='lat' dir='ltr'><strong>dicentium</strong></span> <span class='ocrx_word' id='word_1_774' title='bbox 2397 4719 2535 4774; x_wconf 89' lang='lat' dir='ltr'><strong>mala</strong></span> <span class='ocrx_word' id='word_1_775' title='bbox 2567 4717 2867 4773; x_wconf 86' lang='lat' dir='ltr'><strong>necessaria</strong></span> <span class='ocrx_word' id='word_1_776' title='bbox 2908 4715 3072 4771; x_wconf 89' lang='lat' dir='ltr'><strong>fuisse</strong></span> <span class='ocrx_word' id='word_1_777' title='bbox 3123 4717 3189 4771; x_wconf 90' lang='lat' dir='ltr'><strong>ad</strong></span> <span class='ocrx_word' id='word_1_778' title='bbox 3230 4715 3498 4773; x_wconf 84' lang='lat' dir='ltr'><strong>illumina-</strong></span> 
     </span>
    </p>
   </div>
   <div class='ocr_carea' id='block_1_93' title="bbox 188 4795 1796 4878">
    <p class='ocr_par' dir='ltr' id='par_1_93' title="bbox 188 4795 1796 4878">
     <span class='ocr_line' id='line_1_93' title="bbox 188 4795 1796 4878; baseline 0.006 -22"><span class='ocrx_word' id='word_1_779' title='bbox 188 4798 374 4857; x_wconf 83' lang='lat' dir='ltr'><strong>Deum</strong></span> <span class='ocrx_word' id='word_1_780' title='bbox 424 4795 588 4852; x_wconf 88' lang='lat' dir='ltr'><strong>etiam</strong></span> <span class='ocrx_word' id='word_1_781' title='bbox 637 4796 900 4853; x_wconf 88' lang='lat' dir='ltr'><strong>malorum</strong></span> <span class='ocrx_word' id='word_1_782' title='bbox 942 4806 1218 4855; x_wconf 90' lang='lat' dir='ltr'><strong>auctorem</strong></span> <span class='ocrx_word' id='word_1_783' title='bbox 1262 4799 1490 4857; x_wconf 82' lang='lat' dir='ltr'><strong>liberant</strong></span> <span class='ocrx_word' id='word_1_784' title='bbox 1536 4807 1796 4878; x_wconf 88' lang='lat' dir='ltr'><strong>credere,</strong></span> 
     </span>
    </p>
   </div>
   <div class='ocr_carea' id='block_1_94' title="bbox 1904 4809 3491 4882">
    <p class='ocr_par' dir='ltr' id='par_1_94' title="bbox 1904 4809 3491 4882">
     <span class='ocr_line' id='line_1_94' title="bbox 1904 4809 3491 4882; baseline -0.002 -12"><span class='ocrx_word' id='word_1_785' title='bbox 1904 4817 2102 4870; x_wconf 87' lang='lat' dir='ltr'><strong>tionem</strong></span> <span class='ocrx_word' id='word_1_786' title='bbox 2171 4815 2470 4880; x_wconf 90' lang='lat' dir='ltr'><strong>bonorum,</strong></span> <span class='ocrx_word' id='word_1_787' title='bbox 2532 4827 2599 4867; x_wconf 87' lang='lat' dir='ltr'><strong>ex</strong></span> <span class='ocrx_word' id='word_1_788' title='bbox 2655 4809 2942 4868; x_wconf 87' lang='lat' dir='ltr'><strong>contrariis</strong></span> <span class='ocrx_word' id='word_1_789' title='bbox 3001 4809 3491 4882; x_wconf 88' lang='lat' dir='ltr'><strong>intelligendorum.</strong></span> 
     </span>
    </p>
   </div>
   <div class='ocr_carea' id='block_1_95' title="bbox 1460 4936 2279 5009">
    <p class='ocr_par' dir='ltr' id='par_1_95' title="bbox 1460 4936 2279 5009">
     <span class='ocr_line' id='line_1_95' title="bbox 1460 4936 2279 5009; baseline 0.017 -17"><span class='ocrx_word' id='word_1_790' title='bbox 1460 4936 1842 5007; x_wconf 81' lang='lat' dir='ltr'><strong>LECTIONES</strong></span> <span class='ocrx_word' id='word_1_791' title='bbox 1870 4949 2279 5009; x_wconf 80' lang='lat' dir='ltr'><strong>VARIANTES.</strong></span> 
     </span>
    </p>
   </div>
   <div class='ocr_carea' id='block_1_96' title="bbox 256 5069 1798 5149">
    <p class='ocr_par' dir='ltr' id='par_1_96' title="bbox 256 5069 1798 5149">
     <span class='ocr_line' id='line_1_96' title="bbox 256 5069 1798 5149; baseline 0 0"><span class='ocrx_word' id='word_1_792' title='bbox 256 5073 338 5149; x_wconf 64' lang='grc'><strong>(3)</strong></span> <span class='ocrx_word' id='word_1_793' title='bbox 372 5079 426 5122; x_wconf 79' lang='grc'><strong>¹¹⁸</strong></span> <span class='ocrx_word' id='word_1_794' title='bbox 458 5077 616 5149; x_wconf 42' lang='lat' dir='ltr'><strong>VP??-</strong></span> <span class='ocrx_word' id='word_1_795' title='bbox 642 5070 832 5149; x_wconf 60' lang='grc' dir='ltr'><strong>(ἔθὲκηεν</strong></span> <span class='ocrx_word' id='word_1_796' title='bbox 1024 5070 1172 5149; x_wconf 63' lang='grc' dir='ltr'><strong>ἔ¹¹⁴¹ῗί⁰</strong></span> <span class='ocrx_word' id='word_1_797' title='bbox 1213 5087 1384 5149; x_wconf 67' lang='grc' dir='ltr'><strong>εΐτοῖε</strong></span> <span class='ocrx_word' id='word_1_798' title='bbox 1422 5083 1758 5149; x_wconf 57' lang='grc' dir='ltr'><strong>ιαηορναριιίω</strong></span> <span class='ocrx_word' id='word_1_799' title='bbox 1784 5126 1798 5149; x_wconf 80' lang='lat'><strong>.</strong></span> 
     </span>
    </p>
   </div>
   <div class='ocr_carea' id='block_1_97' title="bbox 186 5133 1642 5201">
    <p class='ocr_par' dir='ltr' id='par_1_97' title="bbox 186 5133 1642 5201">
     <span class='ocr_line' id='line_1_97' title="bbox 186 5133 1642 5201; baseline 0.016 -28"><span class='ocrx_word' id='word_1_800' title='bbox 186 5133 346 5189; x_wconf 54' lang='grc' dir='ltr'><strong>θείω,</strong></span> <span class='ocrx_word' id='word_1_801' title='bbox 367 5133 553 5201; x_wconf 65' lang='lat' dir='ltr'><strong>,-__ma_l:e</strong></span> <span class='ocrx_word' id='word_1_802' title='bbox 578 5137 625 5201; x_wconf 81' lang='lat' dir='ltr'><strong>in</strong></span> <span class='ocrx_word' id='word_1_803' title='bbox 652 5141 822 5201; x_wconf 66' lang='lat' dir='ltr'><strong>totum,</strong></span> <span class='ocrx_word' id='word_1_804' title='bbox 847 5135 933 5183; x_wconf 85' lang='lat' dir='ltr'><strong>sed</strong></span> <span class='ocrx_word' id='word_1_805' title='bbox 954 5142 1010 5201; x_wconf 71' lang='lat' dir='ltr'><strong>et</strong></span> <span class='ocrx_word' id='word_1_806' title='bbox 1023 5143 1209 5187; x_wconf 89' lang='lat' dir='ltr'><strong>tantum</strong></span> <span class='ocrx_word' id='word_1_807' title='bbox 1231 5133 1510 5201; x_wconf 54' lang='lat' dir='ltr'><strong>duplexﬂ&#39;d</strong></span> <span class='ocrx_word' id='word_1_808' title='bbox 1537 5133 1642 5196; x_wconf 54' lang='lat' dir='ltr'><strong>&quot;est.</strong></span> 
     </span>
    </p>
   </div>
   <div class='ocr_carea' id='block_1_98' title="bbox 255 5196 1057 5260">
    <p class='ocr_par' dir='ltr' id='par_1_98' title="bbox 255 5196 1057 5260">
     <span class='ocr_line' id='line_1_98' title="bbox 255 5196 1057 5260; baseline 0 -12"><span class='ocrx_word' id='word_1_809' title='bbox 255 5201 340 5260; x_wconf 69' lang='lat'><strong>(9)</strong></span> <span class='ocrx_word' id='word_1_810' title='bbox 370 5197 690 5250; x_wconf 66' lang='lat' dir='ltr'><strong>Confessione</strong></span> <span class='ocrx_word' id='word_1_811' title='bbox 721 5199 888 5247; x_wconf 77' lang='lat' dir='ltr'><strong>Venet.</strong></span> <span class='ocrx_word' id='word_1_812' title='bbox 911 5196 1057 5248; x_wconf 80' lang='lat' dir='ltr'><strong>male.</strong></span> 
     </span>
    </p>
   </div>
   <div class='ocr_carea' id='block_1_99' title="bbox 283 5260 1671 5330">
    <p class='ocr_par' dir='ltr' id='par_1_99' title="bbox 283 5260 1671 5330">
     <span class='ocr_line' id='line_1_99' title="bbox 283 5260 1671 5330; baseline -0.007 0"><span class='ocrx_word' id='word_1_813' title='bbox 283 5263 341 5330; x_wconf 65' lang='grc' dir='ltr'><strong>ξ)</strong></span> <span class='ocrx_word' id='word_1_814' title='bbox 372 5261 548 5330; x_wconf 61' lang='grc' dir='ltr'>οφιιω</span> <span class='ocrx_word' id='word_1_815' title='bbox 570 5260 866 5330; x_wconf 47' lang='lat' dir='ltr'><strong>(impiam</strong></span> <span class='ocrx_word' id='word_1_816' title='bbox 888 5271 1069 5330; x_wconf 58' lang='grc' dir='ltr'><strong>(ψει,</strong></span> <span class='ocrx_word' id='word_1_817' title='bbox 1091 5268 1272 5330; x_wconf 59' lang='lat' dir='ltr'><strong>preter</strong></span> <span class='ocrx_word' id='word_1_818' title='bbox 1295 5263 1450 5314; x_wconf 84' lang='lat' dir='ltr'><strong>Seml.</strong></span> <span class='ocrx_word' id='word_1_819' title='bbox 1479 5267 1671 5322; x_wconf 79' lang='lat' dir='ltr'><strong>obertlt.</strong></span> 
     </span>
    </p>
   </div>
   <div class='ocr_carea' id='block_1_100' title="bbox 257 5271 1471 5452">
    <p class='ocr_par' dir='ltr' id='par_1_100' title="bbox 257 5271 1471 5452">
     <span class='ocr_line' id='line_1_100' title="bbox 283 5271 1450 5325; baseline 0.003 -14"><span class='ocrx_word' id='word_1_820' title='bbox 283 5271 341 5321; x_wconf 65' lang='grc' dir='ltr'><strong>ὅ)</strong></span> <span class='ocrx_word' id='word_1_821' title='bbox 372 5271 548 5311; x_wconf 71' lang='lat' dir='ltr'><strong>mitra</strong></span> <span class='ocrx_word' id='word_1_822' title='bbox 570 5271 866 5320; x_wconf 81' lang='lat' dir='ltr'><strong>denegatam</strong></span> <span class='ocrx_word' id='word_1_823' title='bbox 888 5271 1069 5321; x_wconf 75' lang='lat' dir='ltr'><strong>mes,</strong></span> <span class='ocrx_word' id='word_1_824' title='bbox 1091 5271 1272 5325; x_wconf 61' lang='lat' dir='ltr'><strong>printer</strong></span> <span class='ocrx_word' id='word_1_825' title='bbox 1295 5271 1450 5314; x_wconf 82' lang='lat' dir='ltr'><strong>seml.</strong></span> 
     </span>
     <span class='ocr_line' id='line_1_101' title="bbox 257 5271 1471 5388; baseline 0.002 -15"><span class='ocrx_word' id='word_1_826' title='bbox 257 5271 315 5388; x_wconf 49' lang='grc' dir='ltr'><strong>ξι</strong></span> <span class='ocrx_word' id='word_1_827' title='bbox 374 5323 478 5384; x_wconf 77' lang='lat' dir='ltr'><strong>Itig.</strong></span> <span class='ocrx_word' id='word_1_828' title='bbox 497 5328 543 5372; x_wconf 81' lang='lat' dir='ltr'><strong>et</strong></span> <span class='ocrx_word' id='word_1_829' title='bbox 576 5323 738 5374; x_wconf 72' lang='lat' dir='ltr'><strong>Venet.</strong></span> <span class='ocrx_word' id='word_1_830' title='bbox 757 5318 926 5373; x_wconf 77' lang='lat' dir='ltr'><strong>inserit</strong></span> <span class='ocrx_word' id='word_1_831' title='bbox 948 5323 1073 5371; x_wconf 91' lang='lat' dir='ltr'><strong>bona</strong></span> <span class='ocrx_word' id='word_1_832' title='bbox 1096 5337 1123 5373; x_wconf 73' lang='grc' dir='ltr'><em>ε</em></span> <span class='ocrx_word' id='word_1_833' title='bbox 1145 5324 1254 5375; x_wconf 84' lang='lat' dir='ltr'><strong>cod.</strong></span> <span class='ocrx_word' id='word_1_834' title='bbox 1288 5335 1471 5378; x_wconf 79' lang='lat' dir='ltr'><strong>Irouw.</strong></span> 
     </span>
     <span class='ocr_line' id='line_1_102' title="bbox 258 5329 1471 5452; baseline 0.005 -17"><span class='ocrx_word' id='word_1_835' title='bbox 258 5329 341 5452; x_wconf 39' lang='lat' dir='ltr'><strong>(Si</strong></span> <span class='ocrx_word' id='word_1_836' title='bbox 370 5387 471 5435; x_wconf 78' lang='lat' dir='ltr'><strong>Aut</strong></span> <span class='ocrx_word' id='word_1_837' title='bbox 493 5391 676 5436; x_wconf 85' lang='lat' dir='ltr'><strong>tantum</strong></span> <span class='ocrx_word' id='word_1_838' title='bbox 700 5385 825 5435; x_wconf 82' lang='lat' dir='ltr'><strong>bona</strong></span> <span class='ocrx_word' id='word_1_839' title='bbox 849 5386 969 5448; x_wconf 79' lang='lat' dir='ltr'><strong>(non</strong></span> <span class='ocrx_word' id='word_1_840' title='bbox 999 5387 1158 5436; x_wconf 88' lang='lat' dir='ltr'><strong>omnia</strong></span> <span class='ocrx_word' id='word_1_841' title='bbox 1190 5395 1353 5438; x_wconf 84' lang='lat' dir='ltr'><strong>tamen</strong></span> <span class='ocrx_word' id='word_1_842' title='bbox 1391 5391 1471 5441; x_wconf 88' lang='lat' dir='ltr'><strong>bet</strong></span> 
     </span>
    </p>
   </div>
   <div class='ocr_carea' id='block_1_101' title="bbox 258 5385 1809 5457">
    <p class='ocr_par' dir='ltr' id='par_1_101' title="bbox 258 5385 1809 5457">
     <span class='ocr_line' id='line_1_103' title="bbox 258 5385 1809 5457; baseline 0.009 -22"><span class='ocrx_word' id='word_1_843' title='bbox 258 5385 341 5452; x_wconf 77' lang='lat'><strong>(5)</strong></span> <span class='ocrx_word' id='word_1_844' title='bbox 370 5387 471 5435; x_wconf 78' lang='lat' dir='ltr'><strong>Aut</strong></span> <span class='ocrx_word' id='word_1_845' title='bbox 493 5391 676 5436; x_wconf 85' lang='lat' dir='ltr'><strong>tantum</strong></span> <span class='ocrx_word' id='word_1_846' title='bbox 700 5385 825 5435; x_wconf 82' lang='lat' dir='ltr'><strong>bona</strong></span> <span class='ocrx_word' id='word_1_847' title='bbox 849 5386 969 5448; x_wconf 79' lang='lat' dir='ltr'><strong>(non</strong></span> <span class='ocrx_word' id='word_1_848' title='bbox 999 5387 1158 5436; x_wconf 88' lang='lat' dir='ltr'><strong>omnia</strong></span> <span class='ocrx_word' id='word_1_849' title='bbox 1190 5395 1353 5438; x_wconf 84' lang='lat' dir='ltr'><strong>tamen</strong></span> <span class='ocrx_word' id='word_1_850' title='bbox 1391 5391 1556 5454; x_wconf 78' lang='lat' dir='ltr'><strong>bona)</strong></span> <span class='ocrx_word' id='word_1_851' title='bbox 1583 5397 1809 5457; x_wconf 88' lang='lat' dir='ltr'><strong>protulis-</strong></span> 
     </span>
    </p>
   </div>
   <div class='ocr_carea' id='block_1_102' title="bbox 1903 5091 3068 5156">
    <p class='ocr_par' dir='ltr' id='par_1_102' title="bbox 1903 5091 3068 5156">
     <span class='ocr_line' id='line_1_104' title="bbox 1903 5091 3068 5156; baseline 0.001 -15"><span class='ocrx_word' id='word_1_852' title='bbox 1903 5097 2013 5156; x_wconf 80' lang='lat' dir='ltr'><strong>set;</strong></span> <span class='ocrx_word' id='word_1_853' title='bbox 2039 5099 2120 5141; x_wconf 89' lang='lat' dir='ltr'><strong>aut</strong></span> <span class='ocrx_word' id='word_1_854' title='bbox 2143 5093 2291 5156; x_wconf 83' lang='lat' dir='ltr'><strong>etiam</strong></span> <span class='ocrx_word' id='word_1_855' title='bbox 2316 5091 2438 5141; x_wconf 89' lang='lat' dir='ltr'><strong>mala</strong></span> <span class='ocrx_word' id='word_1_856' title='bbox 2459 5098 2601 5151; x_wconf 61' lang='lat' dir='ltr'><strong>Jun;</strong></span> <span class='ocrx_word' id='word_1_857' title='bbox 2623 5091 2710 5156; x_wconf 72' lang='lat' dir='ltr'><strong>sed</strong></span> <span class='ocrx_word' id='word_1_858' title='bbox 2728 5105 2823 5144; x_wconf 86' lang='lat' dir='ltr'><strong>non</strong></span> <span class='ocrx_word' id='word_1_859' title='bbox 2839 5105 2960 5156; x_wconf 78' lang='lat' dir='ltr'><strong>0pm</strong></span> <span class='ocrx_word' id='word_1_860' title='bbox 2981 5099 3068 5145; x_wconf 75' lang='lat' dir='ltr'><strong>est.</strong></span> 
     </span>
    </p>
   </div>
   <div class='ocr_carea' id='block_1_103' title="bbox 1970 5154 3043 5279">
    <p class='ocr_par' dir='ltr' id='par_1_103' title="bbox 1970 5154 3043 5279">
     <span class='ocr_line' id='line_1_105' title="bbox 1970 5154 3043 5279; baseline 0 -77"><span class='ocrx_word' id='word_1_861' title='bbox 1970 5154 2040 5279; x_wconf 50' lang='lat' dir='ltr'><strong>(t3;</strong></span> <span class='ocrx_word' id='word_1_862' title='bbox 2062 5163 2158 5212; x_wconf 84' lang='lat' dir='ltr'><strong>Qua</strong></span> <span class='ocrx_word' id='word_1_863' title='bbox 2182 5154 2356 5213; x_wconf 85' lang='lat' dir='ltr'><strong>bonus,</strong></span> <span class='ocrx_word' id='word_1_864' title='bbox 2382 5167 2476 5226; x_wconf 72' lang='lat' dir='ltr'><strong>qua</strong></span> <span class='ocrx_word' id='word_1_865' title='bbox 2502 5167 2598 5204; x_wconf 90' lang='lat' dir='ltr'><strong>non</strong></span> <span class='ocrx_word' id='word_1_866' title='bbox 2621 5155 2668 5206; x_wconf 87' lang='lat' dir='ltr'><strong>b.</strong></span> <span class='ocrx_word' id='word_1_867' title='bbox 2698 5156 2800 5227; x_wconf 59' lang='lat' dir='ltr'><strong>Lat.</strong></span> <span class='ocrx_word' id='word_1_868' title='bbox 2871 5154 2878 5156; x_wconf 75' lang='grc'><strong><em>“</em></strong></span> <span class='ocrx_word' id='word_1_869' title='bbox 3031 5216 3043 5229; x_wconf 47' lang='lat'><em>.</em></span> 
     </span>
     <span class='ocr_line' id='line_1_106' title="bbox 1970 5216 3043 5279; baseline 0.005 -14"><span class='ocrx_word' id='word_1_870' title='bbox 1970 5217 2014 5277; x_wconf 80' lang='lat'><strong>[7</strong></span> <span class='ocrx_word' id='word_1_871' title='bbox 2067 5218 2172 5268; x_wconf 80' lang='lat' dir='ltr'><strong>Hoc</strong></span> <span class='ocrx_word' id='word_1_872' title='bbox 2209 5216 2398 5279; x_wconf 76' lang='lat' dir='ltr'><strong>signum</strong></span> <span class='ocrx_word' id='word_1_873' title='bbox 2432 5223 2667 5279; x_wconf 82' lang='lat' dir='ltr'><strong>interrog.</strong></span> <span class='ocrx_word' id='word_1_874' title='bbox 2719 5232 2770 5269; x_wconf 70' lang='grc' dir='ltr'><strong>τη</strong></span> <span class='ocrx_word' id='word_1_875' title='bbox 2801 5216 2892 5269; x_wconf 79' lang='lat' dir='ltr'><strong>ref.</strong></span> <span class='ocrx_word' id='word_1_876' title='bbox 2931 5231 3043 5279; x_wconf 80' lang='lat' dir='ltr'><strong>pom</strong></span> 
     </span>
    </p>
   </div>
   <div class='ocr_carea' id='block_1_104' title="bbox 1967 5216 3504 5284">
    <p class='ocr_par' dir='ltr' id='par_1_104' title="bbox 1967 5216 3504 5284">
     <span class='ocr_line' id='line_1_107' title="bbox 1967 5216 3504 5284; baseline 0.007 -19"><span class='ocrx_word' id='word_1_877' title='bbox 1967 5216 2038 5284; x_wconf 65' lang='lat'><strong>(7)</strong></span> <span class='ocrx_word' id='word_1_878' title='bbox 2067 5218 2172 5268; x_wconf 80' lang='lat' dir='ltr'><strong>Hoc</strong></span> <span class='ocrx_word' id='word_1_879' title='bbox 2209 5216 2410 5283; x_wconf 77' lang='lat' dir='ltr'><strong>signum</strong></span> <span class='ocrx_word' id='word_1_880' title='bbox 2432 5216 2667 5283; x_wconf 82' lang='lat' dir='ltr'><strong>interrog.</strong></span> <span class='ocrx_word' id='word_1_881' title='bbox 2719 5216 2770 5269; x_wconf 84' lang='lat' dir='ltr'><strong>in</strong></span> <span class='ocrx_word' id='word_1_882' title='bbox 2801 5216 2892 5269; x_wconf 79' lang='lat' dir='ltr'><strong>ref.</strong></span> <span class='ocrx_word' id='word_1_883' title='bbox 2931 5216 3125 5282; x_wconf 74' lang='lat' dir='ltr'><strong>partitur</strong></span> <span class='ocrx_word' id='word_1_884' title='bbox 3161 5218 3359 5273; x_wconf 62' lang='lat' dir='ltr'><strong>damn</strong></span> <span class='ocrx_word' id='word_1_885' title='bbox 3399 5228 3504 5284; x_wconf 74' lang='lat' dir='ltr'><strong>post</strong></span> 
     </span>
    </p>
   </div>
   <div class='ocr_carea' id='block_1_105' title="bbox 1906 5281 2662 5406">
    <p class='ocr_par' dir='ltr' id='par_1_105' title="bbox 1906 5281 2662 5406">
     <span class='ocr_line' id='line_1_108' title="bbox 1906 5281 2662 5406; baseline -0.001 -12"><span class='ocrx_word' id='word_1_886' title='bbox 2070 5349 2126 5393; x_wconf 63' lang='lat' dir='ltr'><strong>Ut</strong></span> <span class='ocrx_word' id='word_1_887' title='bbox 2146 5346 2528 5406; x_wconf 66' lang='lat' dir='ltr'><strong>cognosceretur</strong></span> <span class='ocrx_word' id='word_1_888' title='bbox 2548 5349 2662 5395; x_wconf 76' lang='lat' dir='ltr'><strong>Jun.</strong></span> 
     </span>
    </p>
   </div>
   <div class='ocr_carea' id='block_1_106' title="bbox 1583 5527 2142 5589">
    <p class='ocr_par' dir='ltr' id='par_1_106' title="bbox 1583 5527 2142 5589">
     <span class='ocr_line' id='line_1_109' title="bbox 1583 5527 2142 5589; baseline 0.007 -4"><span class='ocrx_word' id='word_1_889' title='bbox 1583 5527 2142 5589; x_wconf 75' lang='lat' dir='ltr'><strong>COMMENTARIUS.</strong></span> 
     </span>
    </p>
   </div>
   <div class='ocr_carea' id='block_1_107' title="bbox 190 5635 1796 5707">
    <p class='ocr_par' dir='ltr' id='par_1_107' title="bbox 190 5635 1796 5707">
     <span class='ocr_line' id='line_1_110' title="bbox 190 5635 1796 5707; baseline 0.004 -15"><span class='ocrx_word' id='word_1_890' title='bbox 190 5635 614 5707; x_wconf 75' lang='lat' dir='ltr'><strong>aspidum,cte.,</strong></span> <span class='ocrx_word' id='word_1_891' title='bbox 641 5653 848 5693; x_wconf 75' lang='lat' dir='ltr'><strong>manant</strong></span> <span class='ocrx_word' id='word_1_892' title='bbox 871 5637 1123 5694; x_wconf 81' lang='lat' dir='ltr'><strong>immittet.</strong></span> <span class='ocrx_word' id='word_1_893' title='bbox 1151 5639 1249 5696; x_wconf 86' lang='lat' dir='ltr'><strong>Uhi</strong></span> <span class='ocrx_word' id='word_1_894' title='bbox 1280 5647 1457 5696; x_wconf 88' lang='lat' dir='ltr'><strong>tamen</strong></span> <span class='ocrx_word' id='word_1_895' title='bbox 1479 5643 1690 5698; x_wconf 87' lang='lat' dir='ltr'><strong>videtur</strong></span> <span class='ocrx_word' id='word_1_896' title='bbox 1717 5645 1796 5699; x_wconf 87' lang='lat' dir='ltr'><strong>lc-</strong></span> 
     </span>
    </p>
   </div>
   <div class='ocr_carea' id='block_1_108' title="bbox 190 5706 1798 5784">
    <p class='ocr_par' dir='ltr' id='par_1_108' title="bbox 190 5706 1798 5784">
     <span class='ocr_line' id='line_1_111' title="bbox 190 5706 1798 5784; baseline 0.006 -23"><span class='ocrx_word' id='word_1_897' title='bbox 190 5712 351 5784; x_wconf 73' lang='lat' dir='ltr'><strong>gisse</strong></span> <span class='ocrx_word' id='word_1_898' title='bbox 371 5706 574 5778; x_wconf 88' lang='lat' dir='ltr'><strong>aliquid</strong></span> <span class='ocrx_word' id='word_1_899' title='bbox 605 5710 866 5784; x_wconf 76' lang='lat' dir='ltr'><strong>amplius,</strong></span> <span class='ocrx_word' id='word_1_900' title='bbox 887 5726 1051 5784; x_wconf 80' lang='lat' dir='ltr'><strong>quam</strong></span> <span class='ocrx_word' id='word_1_901' title='bbox 1085 5709 1447 5784; x_wconf 67' lang='lat' dir='ltr'><strong>bodiegra-ce</strong></span> <span class='ocrx_word' id='word_1_902' title='bbox 1474 5714 1713 5784; x_wconf 82' lang='lat' dir='ltr'><strong>legatur,</strong></span> <span class='ocrx_word' id='word_1_903' title='bbox 1742 5725 1798 5770; x_wconf 87' lang='lat' dir='ltr'><strong>et</strong></span> 
     </span>
    </p>
   </div>
   <div class='ocr_carea' id='block_1_109' title="bbox 192 5779 1797 5855">
    <p class='ocr_par' dir='ltr' id='par_1_109' title="bbox 192 5779 1797 5855">
     <span class='ocr_line' id='line_1_112' title="bbox 192 5779 1797 5855; baseline 0.006 -25"><span class='ocrx_word' id='word_1_904' title='bbox 192 5779 856 5855; x_wconf 63' lang='lat' dir='ltr'><strong>magisconsentirecum</strong></span> <span class='ocrx_word' id='word_1_905' title='bbox 885 5782 1095 5855; x_wconf 74' lang='lat' dir='ltr'><strong>hebrtea</strong></span> <span class='ocrx_word' id='word_1_906' title='bbox 1126 5782 1188 5838; x_wconf 83' lang='grc' dir='ltr'><strong>Β.</strong></span> <span class='ocrx_word' id='word_1_907' title='bbox 1219 5779 1622 5855; x_wconf 62' lang='grc' dir='ltr'><strong>Ηίὶνυηγηιΐθο</strong></span> <span class='ocrx_word' id='word_1_908' title='bbox 1649 5786 1797 5840; x_wconf 85' lang='lat' dir='ltr'><strong>chal-</strong></span> 
     </span>
    </p>
   </div>
   <div class='ocr_carea' id='block_1_110' title="bbox 193 5852 1800 5928">
    <p class='ocr_par' dir='ltr' id='par_1_110' title="bbox 193 5852 1800 5928">
     <span class='ocr_line' id='line_1_113' title="bbox 193 5852 1800 5928; baseline 0.003 -22"><span class='ocrx_word' id='word_1_909' title='bbox 193 5853 361 5928; x_wconf 76' lang='lat' dir='ltr'><strong>daica</strong></span> <span class='ocrx_word' id='word_1_910' title='bbox 395 5852 866 5928; x_wconf 75' lang='lat' dir='ltr'><strong>interpretatione,</strong></span> <span class='ocrx_word' id='word_1_911' title='bbox 894 5869 1013 5928; x_wconf 70' lang='lat' dir='ltr'><strong>quae</strong></span> <span class='ocrx_word' id='word_1_912' title='bbox 1044 5854 1201 5928; x_wconf 77' lang='lat' dir='ltr'><strong>legit.</strong></span> <span class='ocrx_word' id='word_1_913' title='bbox 1242 5865 1289 5908; x_wconf 82' lang='lat' dir='ltr'><strong>et</strong></span> <span class='ocrx_word' id='word_1_914' title='bbox 1325 5852 1653 5911; x_wconf 73' lang='lat' dir='ltr'><strong>delectabitur</strong></span> <span class='ocrx_word' id='word_1_915' title='bbox 1683 5875 1800 5928; x_wconf 82' lang='lat' dir='ltr'><strong>par-</strong></span> 
     </span>
    </p>
   </div>
   <div class='ocr_carea' id='block_1_111' title="bbox 195 5925 1266 5999">
    <p class='ocr_par' dir='ltr' id='par_1_111' title="bbox 195 5925 1266 5999">
     <span class='ocr_line' id='line_1_114' title="bbox 195 5925 1266 5999; baseline 0.002 -21"><span class='ocrx_word' id='word_1_916' title='bbox 195 5925 357 5978; x_wconf 71' lang='lat' dir='ltr'><strong>vulus</strong></span> <span class='ocrx_word' id='word_1_917' title='bbox 379 5937 538 5996; x_wconf 71' lang='lat' dir='ltr'><strong>super</strong></span> <span class='ocrx_word' id='word_1_918' title='bbox 564 5925 812 5994; x_wconf 77' lang='lat' dir='ltr'><strong>foramine</strong></span> <span class='ocrx_word' id='word_1_919' title='bbox 839 5926 1094 5999; x_wconf 63' lang='lat' dir='ltr'><strong>trepidum.</strong></span> <span class='ocrx_word' id='word_1_920' title='bbox 1129 5926 1266 5982; x_wconf 72' lang='lat' dir='ltr'><strong>Pu.</strong></span> 
     </span>
    </p>
   </div>
   <div class='ocr_carea' id='block_1_112' title="bbox 1969 5645 3510 5728">
    <p class='ocr_par' dir='ltr' id='par_1_112' title="bbox 1969 5645 3510 5728">
     <span class='ocr_line' id='line_1_115' title="bbox 1969 5645 3510 5728; baseline 0.008 -29"><span class='ocrx_word' id='word_1_921' title='bbox 1969 5646 2122 5728; x_wconf 75' lang='lat' dir='ltr'><strong>CAP.</strong></span> <span class='ocrx_word' id='word_1_922' title='bbox 2140 5645 2358 5728; x_wconf 84' lang='lat' dir='ltr'><strong>XIV_.-—--</strong></span> <span class='ocrx_word' id='word_1_923' title='bbox 2373 5649 2447 5728; x_wconf 63' lang='grc' dir='ltr'><strong>(ρ)</strong></span> <span class='ocrx_word' id='word_1_924' title='bbox 2467 5648 2789 5728; x_wconf 69' lang='lat' dir='ltr'><strong>Sibomtmin</strong></span> <span class='ocrx_word' id='word_1_925' title='bbox 2804 5651 3012 5706; x_wconf 81' lang='lat' dir='ltr'><strong>materia</strong></span> <span class='ocrx_word' id='word_1_926' title='bbox 3039 5653 3243 5728; x_wconf 64' lang='lat' dir='ltr'><strong>omnino</strong></span> <span class='ocrx_word' id='word_1_927' title='bbox 3267 5657 3510 5728; x_wconf 77' lang='lat' dir='ltr'><strong>nonfuit.</strong></span> 
     </span>
    </p>
   </div>
   <div class='ocr_carea' id='block_1_113' title="bbox 1898 5715 3503 5787">
    <p class='ocr_par' dir='ltr' id='par_1_113' title="bbox 1898 5715 3503 5787">
     <span class='ocr_line' id='line_1_116' title="bbox 1898 5715 3503 5787; baseline 0.008 -18"><span class='ocrx_word' id='word_1_928' title='bbox 1898 5715 2158 5784; x_wconf 90' lang='lat' dir='ltr'><strong>Quoniam</strong></span> <span class='ocrx_word' id='word_1_929' title='bbox 2189 5721 2347 5776; x_wconf 89' lang='lat' dir='ltr'><strong>arbor</strong></span> <span class='ocrx_word' id='word_1_930' title='bbox 2382 5715 2525 5776; x_wconf 85' lang='lat' dir='ltr'><strong>bona</strong></span> <span class='ocrx_word' id='word_1_931' title='bbox 2573 5723 2741 5777; x_wconf 87' lang='lat' dir='ltr'><strong>malos</strong></span> <span class='ocrx_word' id='word_1_932' title='bbox 2761 5724 2962 5777; x_wconf 89' lang='lat' dir='ltr'><strong>fructus</strong></span> <span class='ocrx_word' id='word_1_933' title='bbox 3001 5741 3105 5779; x_wconf 88' lang='lat' dir='ltr'><strong>non</strong></span> <span class='ocrx_word' id='word_1_934' title='bbox 3135 5723 3280 5787; x_wconf 88' lang='lat' dir='ltr'><strong>facit,</strong></span> <span class='ocrx_word' id='word_1_935' title='bbox 3304 5736 3357 5780; x_wconf 93' lang='lat' dir='ltr'><strong>et</strong></span> <span class='ocrx_word' id='word_1_936' title='bbox 3386 5715 3503 5782; x_wconf 70' lang='lat' dir='ltr'><strong>&#39;vice</strong></span> 
     </span>
    </p>
   </div>
   <div class='ocr_carea' id='block_1_114' title="bbox 1901 5793 3517 5864">
    <p class='ocr_par' dir='ltr' id='par_1_114' title="bbox 1901 5793 3517 5864">
     <span class='ocr_line' id='line_1_117' title="bbox 1901 5793 3517 5864; baseline 0.01 -23"><span class='ocrx_word' id='word_1_937' title='bbox 1901 5803 2072 5864; x_wconf 79' lang='lat' dir='ltr'><strong>versa,</strong></span> <span class='ocrx_word' id='word_1_938' title='bbox 2103 5807 2204 5864; x_wconf 83' lang='lat' dir='ltr'><strong>qua</strong></span> <span class='ocrx_word' id='word_1_939' title='bbox 2240 5793 2444 5847; x_wconf 87' lang='lat' dir='ltr'><strong>ratione</strong></span> <span class='ocrx_word' id='word_1_940' title='bbox 2471 5808 2503 5845; x_wconf 89' lang='lat' dir='ltr'><strong>c</strong></span> <span class='ocrx_word' id='word_1_941' title='bbox 2534 5795 2754 5864; x_wconf 85' lang='lat' dir='ltr'><strong>materia</strong></span> <span class='ocrx_word' id='word_1_942' title='bbox 2781 5810 2937 5864; x_wconf 89' lang='lat' dir='ltr'><strong>quam</strong></span> <span class='ocrx_word' id='word_1_943' title='bbox 2972 5795 3098 5854; x_wconf 78' lang='lat' dir='ltr'><strong>facis</strong></span> <span class='ocrx_word' id='word_1_944' title='bbox 3130 5797 3355 5860; x_wconf 83' lang='lat' dir='ltr'><strong>malam,</strong></span> <span class='ocrx_word' id='word_1_945' title='bbox 3389 5797 3517 5863; x_wconf 57' lang='grc' dir='ltr'><strong>Ιιξέ</strong></span> 
     </span>
    </p>
   </div>
   <div class='ocr_carea' id='block_1_115' title="bbox 1909 5862 3506 5938">
    <p class='ocr_par' dir='ltr' id='par_1_115' title="bbox 1909 5862 3506 5938">
     <span class='ocr_line' id='line_1_118' title="bbox 1909 5862 3506 5938; baseline 0.006 -23"><span class='ocrx_word' id='word_1_946' title='bbox 1909 5862 2106 5926; x_wconf 87' lang='lat' dir='ltr'><strong>retice,</strong></span> <span class='ocrx_word' id='word_1_947' title='bbox 2153 5863 2349 5918; x_wconf 87' lang='lat' dir='ltr'><strong>bonum</strong></span> <span class='ocrx_word' id='word_1_948' title='bbox 2379 5863 2577 5934; x_wconf 88' lang='lat' dir='ltr'><strong>aliquid</strong></span> <span class='ocrx_word' id='word_1_949' title='bbox 2609 5862 2952 5925; x_wconf 84' lang='lat' dir='ltr'><strong>factumesse</strong></span> <span class='ocrx_word' id='word_1_950' title='bbox 2982 5868 3277 5938; x_wconf 86' lang='lat' dir='ltr'><strong>probabis?</strong></span> <span class='ocrx_word' id='word_1_951' title='bbox 3303 5868 3379 5924; x_wconf 75' lang='lat' dir='ltr'><strong>LE</strong></span> <span class='ocrx_word' id='word_1_952' title='bbox 3407 5869 3506 5927; x_wconf 82' lang='lat' dir='ltr'><strong>l&#39;n.</strong></span> 
     </span>
    </p>
   </div>
  </div>
