4262 6490
768 360 865 416 QII

2194 373 2659 438 TERTULLIANI

3960 398 4069 458 2H

769 477 909 547 Ergo
938 487 1031 534 aut
1066 493 1163 534 nec
1203 492 1480 553 prepterea
1517 483 1664 540 locus
1707 486 1831 542 mali
1874 488 2179 558 proferendi
2213 490 2313 547 fuit
2341 536 2355 558 ,
2386 496 2437 556 Α
2464 494 2631 552 Deum
2663 501 2841 555 omnia
2871 518 2940 558 ex
2976 506 3142 561 nihilo
3174 509 3364 569 fecisse
3391 524 3619 570 constet.
3652 514 3966 576 Videbimus
4001 536 4071 577 an

770 582 861 627 aut
888 573 932 627 si
962 589 1061 643 qua
1090 575 1190 629 alia
1223 578 1357 632 ratio
1380 580 1542 649 exigit
1562 580 1690 635 illud
1725 581 1928 649 induci,
1958 599 2054 639 cur
2082 601 2186 641 non
2217 599 2268 641 et
2292 603 2357 643 ex

772 664 939 719 nihilo
964 667 1192 734 potuerit
1220 668 1419 735 induci,
1456 672 1567 740 ipsa
1600 672 1807 728 ratione
1832 686 2148 740 excusatura
2180 677 2364 733 Domi-

771 773 896 812 num
924 774 989 812 ne
1012 760 1135 815 mali
1158 770 1341 816 auctor
1364 764 1781 830 existimaretur,
1805 783 1924 835 1111111
1963 784 2103 824 nunc
2136 785 2256 827 cum
2284 772 2366 844 (I)

769 852 836 906 de
880 854 1098 909 materia
1140 870 1393 923 operatur
1428 859 1691 929 mala(2),
1741 871 1958 916 excusat
1985 880 1997 916 :
2028 864 2070 918 si
2111 876 2362 932 excusat,

770 946 905 1002 adeo
934 947 1126 1016 ubique
1147 959 1199 1002 et
1227 949 1463 1018 undique
1494 951 1619 1006 illuc
1644 954 1980 1023 compellitur
2010 958 2233 1025 quaestio
2260 973 2366 1028 quo

769 1041 978 1108 nolunt,
1012 1043 1122 1113 qui,
1160 1043 1327 1111 ipsam
1369 1045 1490 1099 mali
1524 1046 1781 1101 rationem
1825 1064 1929 1102 non
1970 1050 2364 1121 examinando,

770 1148 868 1188 nec
894 1134 1258 1207 dignoscendo
1296 1138 1566 1208 quomodo
1618 1140 1746 1195 illud
1775 1150 1866 1195 aut
1896 1142 2011 1197 Deo
2038 1144 2362 1212 adtribuant,

767 1236 856 1283 aut
883 1240 911 1277 a
953 1225 1062 1279 Deo
1100 1237 1382 1297 separent,
1416 1229 1657 1298 pluribus
1701 1241 1755 1286 et
1817 1232 2205 1304 indignioribus
2244 1236 2367 1293 des-

769 1316 1121 1372 tructionibus
1151 1318 1313 1374 Deum
1343 1320 1616 1389 objiciunt.

1360 1410 1590 1469 CAPUT
1632 1413 1773 1470 XVI.

840 1502 1005 1572 Igitur
1032 1504 1082 1557 in
1117 1507 1523 1573 praestructionc
1554 1508 1709 1579 hujus
1735 1509 1981 1577 articuli,
2024 1520 2078 1566 et
2102 1511 2227 1566 alibi
2257 1509 2365 1566 for-

770 1596 907 1649 sitan
950 1597 1307 1664 retractandi,
1346 1599 1590 1669 equidem
1623 1602 1845 1667 diflinio,
1889 1612 1981 1657 aut
2024 1605 2133 1659 Deo
2165 1605 2365 1662 adscri-

769 1687 999 1744 bendum
1030 1698 1084 1743 et
1116 1690 1313 1745 bonum
1345 1701 1399 1746 ct
1427 1694 1626 1748 malum
1672 1712 1790 1765 quis
1820 1712 1887 1751 ex
1942 1698 2163 1751 materia
2190 1697 2315 1752 fecit
2346 1740 2363 1765 ,

765 1792 856 1835 aut
896 1782 1132 1836 materia:
1171 1782 1304 1853 ipsi,
1353 1799 1417 1839 ex
1457 1802 1558 1855 qua
1591 1785 1714 1841 fecit
1744 1803 1758 1850 ;
1790 1798 1880 1841 aut
1921 1798 2206 1859 utrumque
2237 1790 2367 1844 utri-

2471 599 2521 643 et
2547 592 2704 657 mala,
2730 609 2850 649 cum
2868 602 3175 667 apparuerit
3196 619 3313 672 quae
3340 607 3499 673 mala,
3520 618 3571 662 et
3608 624 3675 663 an
3721 612 3858 667 mala
3890 612 3969 684 (9)
4002 615 4074 667 in-

2474 683 2628 735 terim
2656 699 2715 739 ea
2740 702 2857 755 quae
2886 701 3057 759 putas.
3090 693 3304 763 Dignius
3325 699 3466 751 enim
3490 699 3558 754 de
3580 716 3677 756 suo
3699 703 3923 757 arbitrio
3952 683 4075 775 dpro-

2470 771 2640 839 duxit,
2665 775 2775 831 haec
2794 796 3003 850 quoque
3027 784 3368 851 producendo
3385 788 3451 843 de
3474 791 3659 854 nihilo,
3678 808 3832 859 quam
3857 793 3923 850 dc
3941 771 4073 863 pra

2467 867 2666 937 judicio
2687 873 2882 940 alieno,
2909 877 2951 929 si
2974 876 3041 931 de
3064 882 3280 935 materia
3303 885 3659 950 produxisset.
3682 885 3946 948 Libertas,
3968 902 4074 944 non

2472 964 2783 1026 necessitas.
2800 967 2911 1022 Deo
2926 974 3216 1041 competit:
3238 976 3378 1029 malo
3392 978 3614 1035 voluerit
3640 981 3775 1035 mala
3799 996 3826 1034 a
3850 982 4075 1036 semeti-

2472 1068 2568 1123 pso
2588 1058 2914 1129 condidisse,
2933 1079 3092 1133 quam
3111 1067 3226 1135 (10)
3252 1085 3356 1124 non
3377 1078 3602 1137 potuerit
3621 1086 3723 1128 non
3744 1076 4072 1132 condidisse.

3048 1156 3281 1215 CAPUT
3320 1162 3365 1216 Χ
3378 1162 3483 1217 VII.

2543 1239 2695 1297 Unici
2732 1244 2824 1299 Dei
2856 1258 3027 1304 status
3057 1250 3192 1307 hanc
3221 1254 3456 1323 regulam
3500 1257 3736 1314 vindicat
3780 1279 3793 1315 :
3842 1261 3916 1332 (ὁ)
3955 1278 4062 1317 non

2471 1334 2629 1389 aliter
2665 1338 2806 1394 unici
2832 1380 2845 1401 ,
2881 1340 2980 1396 nisi
3014 1344 3137 1409 quia
3168 1345 3333 1401 solius
3364 1365 3377 1401 :
3410 1364 3515 1402 non
3547 1351 3703 1406 aliter
3733 1353 3899 1410 solius
3922 1398 3937 1421 ,
3972 1355 4075 1409 nisi

2471 1426 2594 1494 quia
2660 1428 2789 1482 nihil
2848 1446 2969 1485 cum
3041 1434 3179 1491 illo:
3235 1439 3313 1492 sic
3377 1448 3431 1494 et
3492 1442 3696 1511 prinms
3749 1446 3897 1504 erit.
3947 1447 4074 1517 quia

2472 1520 2650 1573 omnia
2684 1532 2805 1591 post
2833 1524 2983 1579 illum
3012 1544 3025 1579 :
3070 1529 3147 1582 sic
3174 1532 3351 1585 omnia
3382 1542 3502 1601 post
3534 1534 3706 1597 illum,
3738 1538 3859 1605 quia
3889 1541 4074 1593 omnia

2471 1608 2539 1663 ab
2586 1611 2678 1671 illo
2733 1632 2746 1667 :
2804 1614 2883 1669 sic
2927 1616 2996 1670 ab
3040 1618 3151 1684 illo,
3205 1623 3325 1690 quia
3377 1639 3441 1677 ex
3488 1625 3675 1691 nihilo,
3712 1638 3766 1680 ttt
3815 1629 3887 1681 illi
3939 1647 4076 1699 quo-

2470 1717 2575 1771 que
2620 1704 2914 1776 Scripturae
2953 1712 3089 1763 ratio
3126 1724 3375 1770 constet:
3424 1716 3551 1783 Quis
3592 1724 3823 1790 cognovit
3867 1740 4075 1777 sensum

2472 1795 2725 1852 Domini?
2750 1800 2848 1853 Aut
2878 1803 2990 1869 quis
3018 1804 3097 1857 illi
3129 1807 3451 1861 consiliarius
3483 1811 3578 1879 fuit
3598 1811 3623 1863 ?
3649 1823 3737 1864 aut
3766 1830 3913 1881 quem
3946 1832 4072 1868 €07!-

766 1889 900 1939 que,
944 1873 1066 1943 quia
1109 1877 1268 1929 ambo
1307 1875 1405 1931 sibi
1438 1878 1747 1947 obligantur
1776 1879 1865 1949 qui
1908 1880 2033 1937 fecit
2071 1891 2125 1936 et
2158 1883 2225 1937 de
2260 1899 2364 1953 qua
2396 1893 2443 1953 B
2470 1890 2691 1945 saltatus
2717 1894 2832 1947 est?
2871 1906 2958 1947 aut
2985 1898 3117 1950 viam
3149 1898 3499 1971 intelligentia
3526 1914 3571 1956 et
3597 1906 3819 1959 scientia:
3844 1908 3957 1976 quis
3986 1910 4075 1961 ile-

768 1966 889 2019 l'ecit
921 1984 933 2018 :
966 1978 1057 2021 aut
1079 1968 1305 2024 alterum
1337 1972 1526 2037 alteri;
1563 1974 1751 2029 tertius
1780 1976 1947 2037 enim,
1970 1988 2166 2046 praeter
2193 1989 2363 2032 mate-

763 2063 892 2114 riam
925 2070 977 2115 et
1007 2063 1193 2126 Deum,
1229 2078 1335 2118 non
1364 2075 1465 2120 est.
1500 2066 1668 2121 Porro
1694 2068 1737 2121 si
1793 2069 1884 2124 Dei
1916 2069 1995 2143 (ὅ)
2026 2072 2132 2127 erit
2156 2081 2364 2127 utrum-

759 2170 896 2223 quc.
945 2157 1210 2212 videbitur
1260 2159 1401 2217 Deus
1448 2162 1609 2216 etiam
1651 2163 1776 2217 mali
1807 2174 2030 2221 auctor:
2061 2167 2201 2221 Deus
2250 2184 2363 2221 au-

762 2258 867 2302 tem
924 2261 981 2303 ut
1038 2251 1244 2317 bonus,
1302 2265 1488 2309 auctor
1546 2256 1671 2310 mali
1727 2273 1831 2312 non
1882 2259 2026 2325 erit;
2082 2262 2127 2315 si
2188 2273 2362 2317 mate-

762 2342 856 2396 ria:
906 2342 986 2415 (4)
1028 2353 1349 2416 utrumque,
1408 2348 1677 2405 videbitur
1750 2353 1972 2408 materia
2022 2354 2184 2409 etiam
2238 2355 2363 2412 boni

762 2435 993 2498 matrix;
1049 2438 1184 2492 mala
1237 2450 1413 2495 autem
1461 2440 1514 2495 in
1579 2451 1745 2498 totum
1802 2446 2022 2501 materia
2077 2449 2200 2503 boni
2254 2465 2363 2507 non

758 2528 859 2579 erit
906 2528 1132 2593 matrix;
1190 2530 1233 2584 si
1281 2532 1556 2604 utriusque
1608 2536 1742 2598 erit,
1796 2546 2107 2610 utrumque;
2160 2542 2210 2595 in
2262 2542 2364 2599 hoc

761 2630 972 2687 quoque
1015 2622 1410 2689 comparabitur
1450 2625 1558 2678 Deo
1590 2628 1845 2694 materia,
1886 2640 1939 2684 et
1980 2640 2160 2699 partes
2206 2644 2365 2690 erunt

760 2711 948 2776 ambo,
975 2726 1041 2765 ex
1072 2728 1227 2783 aequo
1266 2715 1388 2769 mali
1418 2731 1481 2771 ac
1514 2717 1635 2773 boni
1669 2719 1910 2788 adtines;
1954 2728 2151 2795 arquari
2183 2738 2360 2783 autem

763 2805 870 2857 Deo
914 2804 1134 2860 materia
1187 2823 1291 2862 non
1343 2808 1531 2877 debet,
1579 2828 1646 2867 ne
1692 2813 1829 2869 duos
1869 2815 2001 2873 deos
2043 2818 2268 2887 efliciat;
2316 2825 2360 2878 si

759 2897 985 2952 altermn
1052 2899 1292 2967 alterius,
1341 2903 1522 2973 utique
1569 2905 1659 2959 Dei
1711 2907 1907 2963 bonum
1956 2912 2070 2982 (3)⁹
2112 2923 2161 2967 et
2196 2924 2363 2970 mate-

758 2989 849 3045 riae
884 2992 1117 3058 malum;
1153 3010 1323 3065 neque
1355 2999 1553 3053 malum
1597 3000 1728 3065 Deo,
1773 3019 1944 3072 neque
1984 3008 2221 3062 materiae
2260 3009 2355 3063 bo-

759 3096 884 3135 num
930 3083 1251 3141 adscribitur
1299 3104 1311 3140 :
1360 3102 1413 3143 et
1460 3092 1596 3146 bona
1646 3103 1824 3148 autem
1880 3106 1932 3149 ct
1986 3100 2122 3154 mala
2178 3101 2356 3169 Deus,

757 3176 823 3230 de.
849 3180 1069 3231 materia
1117 3180 1389 3246 faciendo,
1416 3198 1536 3239 cum
1581 3201 1642 3241 ea
1668 3186 1811 3243 facit.
1841 3189 1963 3245 Haec
1994 3194 2037 3246 si
2088 3194 2155 3250 ita
2211 3206 2357 3263 sunt,

2470 1986 2766 2038 monstravit
2803 1986 2924 2039 illi?
2961 1990 3071 2057 quis
3112 1990 3341 2054 tradidit,
3382 2002 3431 2046 et
3468 1995 3775 2048 retribuetur
3807 1999 3849 2050 ei
3889 1998 4069 2063 (llam.

2470 2075 2560 2141 XI,
2594 2077 2684 2143 54,
2706 2078 2847 2150 35)?
2874 2079 3042 2136 Nemo
3073 2083 3255 2152 utique
3284 2102 3296 2138 :
3328 2087 3449 2154 quia
3480 2087 3627 2142 nulla
3650 2090 3750 2153 vis,
3780 2091 3921 2143 nulla
3953 2104 4074 2146 ma-

2468 2170 2623 2234 teria,
2646 2170 2789 2224 nulla
2817 2182 3002 2225 natura
3028 2174 3344 2230 substantia:
3371 2178 3592 2233 alterius
3616 2180 3798 2234 aderat
3825 2183 3900 2235 illi
3930 2184 4069 2254 (11).

2470 2261 2658 2329 Porro,
2693 2265 2737 2317 si
2764 2264 2830 2319 de
2868 2266 3183 2338 aliquo(12)
3215 2281 3466 2339 Oper-atus
3490 2284 3564 2327 eSI
3591 2317 3605 2337 ,
3636 2290 3858 2331 necesse
3884 2289 3966 2333 εει
3998 2279 4067 2333 ab

2467 2368 2529 2409 ea
2558 2356 2669 2425 ipsa
2700 2360 2967 2426 acceperit
3000 2370 3054 2414 et
3082 2363 3365 2416 consilium
3410 2372 3463 2418 et
3503 2374 3788 2421 tractatum
3832 2368 4070 2436 diSposi-

2469 2447 2651 2514 tionis,
2697 2462 2753 2501 ut
2800 2450 2913 2523 (15)
2958 2453 3094 2505 viam
3147 2454 3511 2526 intelligentiae.
3556 2467 3610 2511 et
3648 2459 3911 2515 scientiae.
3966 2462 4070 2516 Pro

2466 2540 2723 2609 qualitate
2756 2543 2898 2596 enim
2932 2545 3006 2598 rei
3041 2547 3250 2614 operari
3283 2548 3467 2603 habuit
3496 2560 3549 2603 et
3576 2552 3868 2605 secundum
3914 2555 4071 2623 inge-

2469 2636 2614 2689 nium
2644 2639 2901 2702 materiae,
2934 2654 3039 2692 non
3072 2641 3367 2695 secundum
3401 2659 3554 2696 suum
3580 2646 3859 2701 arbitrium
3889 2665 3899 2698 :
3932 2650 4073 2703 adeo

2469 2736 2523 2781 ut
2544 2737 2598 2782 et
2620 2728 2756 2783 inata
2779 2744 2877 2800 pro
2893 2740 3104 2796 natura,
3128 2749 3231 2785 non
3252 2749 3366 2795 sua.
3387 2735 3478 2789 sed
3501 2736 3833 2805 substantia,
3860 2739 4068 2799 fecerit.

3034 2822 3260 2880 CAPUT
3314 2825 3494 2880 XVIII.

2538 2911 2592 2966 Si
2622 2915 2923 2967 necessaria
2964 2925 3045 2970 est
3080 2916 3188 2970 Deo
3220 2920 3440 2971 materia
3474 2919 3538 2973 ad
3579 2935 3741 2990 opera
3772 2925 3979 2987 mundi,
4015 2937 4072 2982 nt

2468 3006 2827 3078 Hermogenes
2851 3010 3171 3064 existimavit
3196 3053 3209 3073 ,
3240 3010 3424 3066 habuit
3450 3013 3588 3071 Dcns
3611 3018 3885 3069 materiam
3912 3020 4071 3090 longe

2464 3099 2762 3167 digniorem
2794 3111 2846 3155 et
2875 3100 3226 3164 idonciorem,
3261 3119 3363 3159 non
3392 3107 3532 3183 apud
3566 3108 3915 3177 philosophos
3961 3129 4069 3167 aes-

2464 3191 2775 3253 timandam.
2802 3194 2894 3250 sed
2921 3195 3059 3263 apud
3089 3198 3393 3266 prophetas,
3415 3199 3841 3271 intelligendam,
3871 3206 3942 3275 (c)
3968 3207 4069 3261 So-

761 3272 945 3325 nescio
973 3285 1074 3341 qua
1092 3276 1268 3342 possit
1292 3276 1520 3334 evadere
1550 3284 1813 3336 sententia
1850 3284 2205 3357 Hermogenis
2254 3289 2355 3361 (6)⁹
2386 3287 2429 3349 C
2468 3284 2645 3354 phiam
2676 3301 2826 3338 suam
2853 3287 3056 3341 scilicet
3084 3306 3095 3340 :
3132 3292 3246 3345 hinc
3273 3288 3503 3360 denique
3534 3293 3647 3347 sola
3672 3298 3920 3365 cognovit
3943 3314 4070 3354 seu—

756 3366 843 3433 qui
871 3366 1031 3419 Deum
1068 3366 1166 3438 (7).
1194 3380 1408 3440 quoquo
1436 3373 1595 3427 modo
1624 3374 1692 3428 de
1734 3378 1957 3431 materia
1995 3382 2188 3435 malum
2219 3398 2351 3437 con-

757 3458 888 3516 didit
912 3503 927 3523 ,
957 3461 1070 3517 sive
1098 3463 1369 3521 voluntate
1391 3508 1405 3532 ,
1438 3466 1552 3522 sive
1582 3471 1901 3525 necessitate
1921 3512 1936 3536 ,
1968 3473 2082 3529 sive
2110 3476 2350 3543 ratione,

758 3567 863 3605 non
892 3563 1042 3622 putet
1083 3555 1205 3609 mali
1244 3568 1540 3613 auctorem.
1585 3558 1774 3629 Porro,
1797 3562 1840 3616 si
1886 3563 2008 3618 mali
2047 3578 2233 3622 auctor
2271 3580 2354 3624 est

759 3644 871 3711 ipse
903 3646 991 3714 qui
1024 3646 1146 3701 fecit
1168 3647 1262 3719 (ιι),
1300 3650 1457 3717 plane
1487 3652 1631 3706 socia
1664 3655 1883 3709 materia
1917 3671 2012 3725 per
2041 3657 2352 3717 substantia

756 3746 1083 3804 suggestum,
1110 3739 1347 3793 excludis
1386 3741 1466 3812 (8)
1517 3742 1627 3811 jam
1656 3759 1899 3799 caussam
1927 3750 2164 3803 materiai.
2188 3751 2353 3805 intro-

755 3827 1031 3885 ducendm.
1062 3828 1422 3887 Nihilominus
1452 3835 1594 3891 enim
1621 3878 1635 3902 ,
1676 3847 1731 3893 et
1769 3852 1864 3907 per
1900 3842 2177 3897 materiam
2209 3843 2351 3901 Deus

755 3935 941 3984 auctor
974 3927 1097 3981 mali
1139 3929 1470 3995 ostenditur,
1508 3933 1551 3988 si
1603 3933 1722 3988 ideo
1758 3936 1982 3991 materia
2027 3948 2349 4008 przcsumpta

754 4027 854 4079 est,
900 4034 965 4071 ne
1007 4019 1145 4074 Deus
1184 4021 1305 4075 mali
1342 4034 1530 4078 auctor
1573 4025 1866 4081 videretur.
1906 4027 2132 4084 Exclusa
2171 4029 2349 4100 itaque

754 4114 998 4179 materia,
1046 4113 1173 4170 dum
1223 4115 1522 4174 excluditur
1566 4134 1755 4175 caussa
1804 4122 1941 4194 ejus,
1982 4135 2229 4194 superest
2273 4126 2345 4181 uti

2461 3390 2579 3433 sum
2614 3378 2844 3433 Domini.
2870 3379 2999 3447 Quis
3026 3382 3167 3435 enim
3201 3382 3301 3436 scit
3326 3400 3445 3454 quae
3476 3395 3601 3441 sunt
3633 3387 3747 3449 Dei,
3780 3399 3829 3444 et
3862 3408 3982 3459 qua:
4013 3395 4065 3450 in

2461 3471 2596 3540 ipso,
2623 3471 2720 3525 uisi
2752 3471 2970 3541 Spiritus
2991 3474 3080 3542 qui
3113 3475 3163 3527 in
3190 3476 3303 3543 ipso
3326 3474 3581 3543 (lCor.ll,
3612 3479 3728 3550 II)?
3756 3480 3954 3551 Sophia
3971 3502 4067 3541 att-

2460 3571 2565 3617 tem
2597 3563 2833 3632 spiritus,
2867 3564 2981 3618 haec
3008 3566 3077 3619 illi
3114 3566 3229 3635 (M)
3251 3568 3590 3622 consiliarius
3617 3570 3733 3631 fuit,
3759 3574 4066 3631 viaintelli-

2459 3657 2649 3723 gentia
2677 3665 2725 3710 et
2752 3655 2990 3712 scientiae
3023 3658 3134 3726 ipsa
3153 3666 3235 3712 est
3280 3657 3460 3728 (Prov.
3492 3659 3647 3731 VIII).
3682 3662 3758 3716 Ex
3791 3662 3889 3719 hac
3912 3666 4061 3735 fecit,

2458 3747 2703 3808 faciendo
2736 3763 2829 3817 per
2860 3748 3031 3814 illam,
3056 3759 3109 3803 et
3141 3748 3385 3804 faciendo
3412 3767 3533 3806 cum
3559 3754 3665 3808 illa.
3699 3755 3824 3809 (.‘nm
3851 3771 4061 3826 pararet

2453 3841 2655 3908 caelum,
2682 3842 2870 3911 inquit,
2898 3842 3105 3896 aderant
3120 3844 3220 3906 illi;
3245 3853 3420 3898 etcum
3447 3846 3600 3914 fortia
3630 3849 3850 3915 faciebat
3882 3854 4061 3922 (super

2453 3940 2645 4003 ventos)
2672 3951 2785 4006 qua:
2810 3952 3011 3989 sursum
3042 3936 3236 4001 nubila,
3254 3948 3297 3992 et
3315 3955 3426 3991 cum
3441 3939 3615 4007 ﬁrmos
3642 3942 3857 4007 ponebat
3879 3944 4051 4013 fontes

2459 4030 2501 4102 ξι
2516 4029 2569 4098 5)
2610 4031 2719 4101 ejus
2761 4046 2872 4098 qua:
2895 4033 2987 4084 sub
3012 4031 3137 4084 cwlo
3163 4041 3255 4090 est,
3281 4047 3372 4101 ego
3398 4048 3537 4084 eram
3565 4036 3892 4106 compingens
3931 4055 4050 4094 cum

2448 4126 2581 4196 ipso.
2645 4120 2753 4195 Ego
2793 4141 2930 4179 erant
2968 4125 3037 4178 ad
3083 4141 3235 4196 quam
3272 4127 3562 4197 gaudebat,
3617 4129 3841 4197 quotidie
3879 4142 4054 4189 autem

1996 4239 2380 4299 LECTIONES
2418 4241 2831 4298 VARIANTES.

912 4348 1031 4400 Cum
1070 4350 1295 4404 inseritur
1334 4352 1385 4404 in
1424 4351 1635 4416 catteris;
1658 4351 1860 4418 melius,
1900 4355 1969 4409 ait
2007 4352 2157 4428 Sent].
2195 4356 2345 4423 quiet

748 4417 1028 4530 ’,"tlg)LCuiii
1048 4475 1179 4526 abest
1196 4475 1274 4528 hic
1291 4477 1350 4527 ab
1366 4476 1597 4530 omnibus.

813 4536 884 4608 (ξ)
912 4544 1037 4608 I_)_cns
1060 4539 1207 4608 Seml.
1236 4537 1431 4608 Qber'tlt.
1459 4542 1566 4608 βίῃ.
1600 4541 1789 4592 Wouw.
1813 4540 1907 4593 Dei
1933 4542 2083 4594 fuerit
2104 4552 2217 4594 Jun.

813 4600 885 4661 (4)
913 4599 1111 4649 Mati-ria
1138 4604 1278 4653 sch.
1304 4604 1499 4655 Obertli.

814 4662 1090 4735 (fiLthiqno
1114 4670 1215 4727 Dei,
1241 4665 1309 4717 ita
1334 4678 1511 4718 tronu'.
1534 4674 1678 4719 recte.
1702 4666 1883 4729 Utique
1910 4667 2048 4719 Deus
2070 4668 2211 4721 sentt.
2234 4670 2342 4722 Uti-

747 4736 844 4784 rui-
874 4723 962 4773 DI‘I
993 4723 1092 4787 Iiiq.
1204 4723 1211 4727 ⁷

812 4785 884 4912 (Β)
910 4787 1253 4862 Hermogenes
1268 4791 1407 4842 sentt.

812 4849 861 4912 (7
913 4852 1023 4912 Qui,
1049 4854 1187 4902 Deus
1210 4854 1356 4905 Rhea.

812 4849 884 4912 (7)
913 4852 1023 4912 Qui,
1049 4849 1187 4902 Deus
1210 4854 1356 4905 Rhea.

2533 4355 2583 4419 8)
2608 4356 2840 4407 Excuses.
2873 4354 3015 4406 Rhen.

2533 4355 2583 4419 8)
2608 4356 2840 4407 Excuses.
2873 4355 3015 4406 Rhen.
3734 4422 3744 4432 ο

2370 4415 2422 4474 D
2512 4355 2584 4484 29)
2610 4419 2814 4470 Interim
2838 4426 2891 4469 et
2912 4432 3022 4483 qua:
3047 4426 3189 4482 putas
3213 4416 3360 4470 Rhea.
3383 4430 3496 4470 cum
3518 4426 3679 4483 ptmct.
3702 4435 3824 4486 sign.
3846 4431 3962 4477 ante
3982 4429 4054 4479 in-

2448 4485 2611 4533 terim.

2543 4546 2595 4594 10
2642 4543 2826 4597 Inserit
2852 4544 2950 4593 Lat.
2976 4544 3113 4607 quia.

2512 4544 2553 4665 il
2572 4544 2615 4665 li
2641 4608 2827 4657 Aderit.
2852 4606 2993 4659 sunt.

2541 4606 2613 4659 Ili
2641 4608 2827 4657 Aderit.
2852 4606 2993 4659 ερπιι.

2541 4671 2612 4733 12)
2640 4670 2715 4733 De
2736 4671 2895 4733 aliqua
2920 4677 3034 4718 Jun.

2540 4732 2614 4783 15⁷)
2643 4732 2696 4781 lit
2723 4732 2844 4782 viam
2868 4736 2978 4780 lim.

2511 4790 2613 4855 (II)
2643 4795 2739 4844 Illis
2769 4794 2917 4846 Paris.
2946 4794 3094 4842 Fran.
3119 4792 3187 4855 illi
3211 4790 3345 4854 prob.
3368 4800 3529 4844 aJun.

2510 4854 2528 4919 (
2538 4860 2549 4908 Ι
2563 4854 2612 4919 5)
2640 4859 2829 4909 Montes
2853 4855 2997 4906 triten.
3023 4854 3164 4906 sentt.
3182 4863 3295 4906 Jun.

2117 4940 2686 5000 COMMENTARIUS.

817 5027 972 5082 CAP.
1006 5027 1222 5103 XVI—
1253 5029 1329 5103 (a)
1368 5030 1526 5086 Plane
1546 5032 1682 5086 socia
1702 5031 1914 5103 materia
1933 5048 2021 5102 per
2040 5031 2338 5087 substantia:

750 5110 1057 5153 rontmtmn.
1088 5100 1271 5157 Utitur
1286 5100 1390 5157 non
1420 5119 1541 5157 raro
1556 5103 1654 5157 hac
1669 5120 1814 5167 voce,
1834 5100 2117 5173 aliquando
2133 5120 2227 5171 pro
2243 5120 2335 5157 or-

747 5186 810 5224 tta
822 5185 999 5225 nit-nlo
1011 5188 1106 5227 seu
1121 5175 1327 5228 decoris
1344 5174 1634 5235 additione,
1652 5186 1706 5228 ut
1724 5174 1890 5230 hocin
1914 5175 2047 5240 loco,
2072 5188 2119 5229 et
2142 5176 2203 5228 de
2225 5174 2340 5229 Cal-

745 5252 795 5292 tu
828 5244 1176 5315 fmuaiu.,cap.
1208 5245 1271 5312 II,
1295 5247 1406 5313 jam
1424 5264 1524 5298 non
1552 5257 1745 5298 tantum
1760 5248 2047 5306 con/ictaeet
2066 5247 2337 5301 elaborata:

748 5313 971 5367 libidinis
1015 5313 1306 5385 suggestum
1356 5318 1689 5371 recusandum
1734 5333 1765 5370 a
1810 5318 1947 5371 vobis
1990 5318 2200 5382 sciatis,
2245 5320 2334 5371 scd

742 5387 1031 5459 etiiim,etc.
1061 5390 1360 5457 Aliquando
1376 5405 1470 5456 pro
1498 5390 1811 5459 compagine
1843 5404 1934 5443 seu
1964 5399 2238 5445 eontevtu.
2264 5390 2331 5442 de

748 5456 929 5531 l‘alliu.
947 5459 1096 5531 rapJ
1111 5500 1124 5519 ,
1144 5456 1230 5514 ubi
1245 5478 1385 5515 sacer
1397 5456 1919 5531 suggestustlossm
1947 5476 2050 5513 non
2074 5459 2336 5515 abludunt

743 5529 809 5581 ab
856 5528 955 5603 hu_c
1001 5530 1318 5603 significatu,
1360 5528 1666 5603 suggestum
1707 5532 1848 5603 etiim
1901 5532 2139 5585 redditur
2168 5548 2321 5599 σῆμα,

742 5605 847 5668 Spei,-
903 5599 965 5653 Ει
996 5601 1102 5654 alio
1139 5602 1255 5655 loco
1282 5607 1390 5671 ὕφος
1428 5599 1670 5657 Ἶὲπιιινα.
1704 5602 1771 5657 Et
1804 5606 2045 5673 Apolog.,
2084 5619 2201 5674 Cap.
2234 5604 2323 5668 16,

737 5673 1014 5737 imaginum
1044 5683 1327 5742 ani/gestus.
1360 5674 1434 5729 LE
1467 5675 1557 5728 I’n.

811 5745 962 5797 ων.
992 5742 1241 5798 XVl|.—-
1267 5743 1344 5816 (b)
1382 5745 1499 5798 Non
1525 5746 1672 5799 aliter
1688 5746 1842 5799 unici.
1871 5746 2125 5815 Regulam
2145 5744 2326 5800 bauea

740 5818 1066 5873 'I'crtulliauo
1080 5836 1230 5873 smne
1254 5822 1372 5873 aliis
1389 5833 1726 5872 communem
1747 5836 1756 5867 :
1781 5819 1919 5871 Deus
1946 5829 2035 5869 aut
2068 5833 2202 5871 unus
2224 5826 2323 5883 est,

734 5901 826 5946 aut
842 5889 1114 5948 uullus.lm
1123 5892 1265 5963 piunt
1278 5892 1419 5948 enim
1433 5898 1486 5947 et
1497 5887 1798 5947 damnabile
1812 5888 2008 5961 aliquid
2025 5890 2133 5946 Deo
2146 5904 2328 5961 :equa-

2442 5034 2491 5088 lc
2517 5034 2781 5099 cogitare:
2801 5032 2949 5086 solus
2978 5032 3090 5099 ipse
3104 5031 3402 5087 Creatorac
3416 5042 3679 5098 servator,
3696 5032 3847 5089 solus
3862 5034 4045 5092 Domi-

2440 5120 2540 5159 nus
2580 5114 2634 5159 et
2669 5106 2869 5161 arbiter
2905 5116 3084 5159 rerum
3124 5103 3383 5165 omnium,
3414 5114 3467 5158 et
3494 5105 3535 5158 si
3571 5104 3729 5158 liceat
3759 5108 4043 5170 profanant

2438 5177 2564 5230 illud
2585 5180 2631 5229 in
2666 5192 2723 5231 re
2749 5175 3309 5245 omniumgravissima
3336 5190 3613 5245 usurpare,
3634 5181 3714 5231 οὒκ
3743 5182 3921 5247 ἀγαθὸν
3952 5204 4042 5234 το-

2439 5247 2966 5330 λνκῖιρξνίη;,ῑτξὶΡ“·
3053 5318 3120 5330 ..
3183 5316 3215 5330 ..
3299 5318 3341 5330 ..

2507 5316 2657 5376 CSP.
2720 5318 2907 5373 XVIII.
2949 5318 3127 5387 —(c)
3177 5316 3426 5385 Sep/tiam
3484 5335 3629 5372 suam
3678 5320 3891 5377 scilicet.
3946 5322 4038 5377 Dei

2437 5391 2755 5472 sapientiam.
2810 5389 3090 5459 intelligit,
3144 5405 3261 5457 quae
3318 5390 3453 5443 adeo
3483 5389 3777 5471 hominum
3822 5403 4039 5472 mentes

2442 5472 2495 5534 et
2543 5463 2920 5534 cogitationem
2974 5471 3258 5534 superat,_
3299 5472 3355 5513 ut
3405 5462 3655 5534 universa
3708 5464 3892 5534 mundi
3952 5480 4041 5520 sa-

2434 5530 2633 5600 pientia
2676 5533 2894 5589 stultitia
2951 5547 3159 5587 summa
3216 5530 3285 5586 sit
3322 5533 3458 5599 apud
3518 5532 3704 5588 Deum.
3753 5532 3908 5588 Unde
3931 5534 4037 5593 So-

2434 5606 2611 5685 phiam
2681 5606 2821 5659 illam
2903 5620 3007 5685 non
3089 5603 3229 5685 apud
3296 5604 3693 5685 philosophos,
3745 5606 3838 5660 sed
3901 5606 4037 5685 Pro-

2434 5678 2620 5743 phetas
2690 5676 3028 5745 querenda”)
3086 5674 3257 5733 docet.
3296 5677 3364 5726 De
3427 5676 3531 5727 Deo
3580 5677 3721 5728 cnim
3779 5688 3922 5734 recte
3958 5680 4039 5733 Io-

2432 5750 2519 5815 qui
2571 5764 2674 5801 non
2732 5758 2917 5817 potest,
2949 5748 3034 5815 qui
3079 5747 3242 5801 Deum
3277 5762 3379 5800 non
3414 5747 3579 5809 novit,
3614 5759 3661 5799 ut
3699 5749 4030 5817 pbiIOSOphi,

2434 5820 2521 5885 qui
2565 5820 2746 5903 gloriae
2776 5820 3023 5877 animalia
3054 5820 3311 5903 Septimio
3336 5829 3488 5903 sunt;
3534 5831 3727 5903 verum.
3749 5823 4032 5903 propheta)

2434 5900 2487 5947 ct
2512 5889 2681 5949 saiicti
2708 5891 2948 5962 ejusdem
2976 5891 3169 5947 summi
3203 5890 3291 5946 Dei
3336 5889 3536 5961 Spiritu
3566 5890 3753 5946 afllati.
3783 5889 3863 5946 Ls
3894 5894 3992 5948 l'n.
