4262 6490
213 422 320 482 213

1277 424 1483 482 LIBER
1524 422 1894 484 ADVERSUS
1923 426 2418 489 HERMOGENEM.

3411 438 3516 497 9H

212 537 502 592 oblectabar
535 537 586 591 in
630 552 845 606 persona
898 538 1007 607 eius
1055 537 1251 610 (Ibid)
1306 558 1319 593 :
1370 541 1586 611 quando
1635 542 1816 598 oblec—
1841 544 1896 603 Α
1924 544 2015 614 10)
2042 563 2053 597 :
2085 546 2185 601 nisi
2212 549 2353 617 quod
2380 547 2666 606 sustinebit
2691 567 2845 622 aequo
2869 553 3049 609 animo
3071 550 3209 613 illius
3233 570 3350 613 eam
3382 574 3519 630 prte-

213 633 428 686 tabatur
455 647 577 687 cum
610 632 921 701 pertecissct
965 633 1151 688 orbem
1180 676 1193 699 ,
1220 644 1275 689 et
1305 634 1731 690 inoblectabatur
1762 635 1814 689 in

212 728 336 783 tiliis
376 731 678 785 hominum.
714 729 845 797 Quis
889 744 996 784 non
1038 730 1174 785 hanc
1214 732 1391 801 potius
1428 731 1667 785 omnium
1702 731 1816 785 fon-

212 831 317 877 tem
360 833 416 877 et
446 824 709 889 originem
740 823 1115 886 commendet,
1158 824 1433 879 materiam
1477 838 1609 877 vero
1644 831 1816 877 mate-

209 916 414 970 riarum
494 916 600 987 (1).
660 930 765 970 non
835 916 940 971 sibi
984 916 1289 982 subditam,
1336 934 1439 971 non
1470 925 1610 971 statu
1642 915 1819 969 diver-

209 1022 347 1070 Sam,
375 1021 483 1061 non
509 1016 656 1061 motu
682 1009 997 1077 inquietam,
1034 1025 1139 1062 non
1171 1008 1352 1063 habitu
1391 1008 1695 1073 informem,
1720 1007 1818 1062 sed

211 1100 428 1153 insitam
456 1109 510 1153 et
539 1100 809 1170 propriam
833 1111 887 1154 et
908 1102 1261 1170 compositam
1288 1111 1341 1155 et
1370 1104 1646 1167 decoram,
1671 1100 1814 1171 quali

213 1191 358 1247 Deus
404 1192 485 1263 (Ξ)
533 1193 703 1263 potuit
754 1197 986 1261 eguisse,
1033 1195 1112 1247 sui
1193 1195 1361 1263 magis
1429 1210 1588 1264 quam
1658 1195 1818 1249 alieni

210 1288 415 1354 egens?
472 1284 737 1353 Denique,
777 1296 833 1339 ut
897 1286 1255 1339 necessariam
1308 1286 1477 1339 sensit
1531 1286 1599 1340 ad
1656 1300 1821 1357 opera

211 1377 422 1439 mundi,
464 1378 644 1434 statim
722 1388 842 1431 eam
890 1376 969 1448 (3)
1012 1376 1195 1431 condit
1241 1386 1295 1431 et
1356 1386 1576 1445 generat
1631 1380 1681 1430 in
1730 1392 1818 1432 se-

211 1469 444 1536 metipso
468 1485 482 1522 :
515 1448 786 1535 Dominus,
816 1470 1008 1540 inquit,
1037 1468 1264 1522 condidit
1287 1485 1366 1522 me
1391 1468 1595 1522 initium
1622 1470 1820 1523 viarum

209 1578 422 1617 suorum
460 1563 512 1615 in
546 1580 699 1633 opera
732 1579 825 1618 sua
852 1580 871 1617 :
898 1572 1014 1617 ante
1032 1563 1220 1616 sarcula
1262 1562 1495 1632 fundarit
1526 1578 1640 1629 me,
1682 1564 1821 1631 prius

210 1671 363 1723 quam
398 1656 588 1724 faceret
612 1668 819 1721 terram,
850 1658 993 1725 prius
1021 1672 1172 1727 quam
1202 1668 1396 1709 montes
1421 1656 1823 1720 collocarentur;

210 1759 327 1802 ante
350 1765 528 1804 omnes
554 1761 723 1803 autem
746 1750 899 1804 colles
920 1751 1172 1820 generavit
1199 1765 1299 1813 me;
1345 1751 1482 1818 prior
1525 1760 1690 1803 autem
1740 1752 1821 1819 (4)

209 1841 393 1910 abysso
438 1842 609 1911 genita
660 1858 772 1896 sum
838 1842 1028 1913 (Ibid.)
1069 1844 1175 1913 (5).
1210 1844 1479 1913 Agnoscat
1530 1857 1659 1912 ergo
1692 1842 1823 1897 Iler-

1919 637 2044 705 poni
2076 635 2200 704 sibi,
2229 654 2348 707 quae
2376 638 2518 694 Patri
2552 642 2882 712 adaequetur.

2509 734 2738 791 CAPUT
2780 734 2921 792 XIX.

1994 822 2097 877 Sed
2148 833 2198 879 et
2243 823 2309 879 ad
2353 826 2614 897 originale
2654 828 3066 886 instrumentum
3118 831 3281 905 Moysi
3324 848 3522 904 provo-

1921 911 2055 967 cabo
2085 954 2100 977 ,
2154 914 2298 969 unde
2350 925 2403 970 et
2460 917 2675 972 diversa
2734 935 2855 988 pars
2898 923 3235 991 suspiciones
3278 940 3402 979 suas
3442 928 3523 981 in-

1922 1010 2085 1076 gratis
2119 1010 2231 1076 (l0)
2272 1008 2459 1066 fulcire
2495 1023 2721 1066 conatur
2745 1054 2759 1078 ,
2802 1024 2866 1069 ne
2905 1016 3105 1071 scilicet
3139 1032 3245 1072 non
3279 1019 3403 1075 inde
3442 1021 3522 1075 in-

1924 1104 2056 1157 strui
2101 1103 2370 1159 videretur
2395 1104 2535 1159 unde
2580 1117 2793 1176 Oportet
2867 1108 3047 1179 Itaque
3092 1111 3405 1166 oceasiones
3444 1114 3522 1166 si-

1925 1196 1975 1250 bi
2018 1196 2135 1268 (11)
2176 1200 2402 1267 sumpsit
2440 1200 2795 1270 quorumdam
2828 1205 3135 1269 verborum,
3170 1214 3227 1259 ut
3253 1205 3522 1259 haereticis

1925 1292 2037 1347 fere
2074 1310 2197 1349 mos
2239 1304 2320 1349 est
2361 1296 2616 1365 simplicia
2646 1312 2875 1367 quaeque
2900 1308 3171 1368 torquere.
3204 1300 3282 1371 (b)
3314 1299 3443 1354 Nam
3473 1309 3526 1355 et

1924 1384 2096 1452 ipsum
2133 1385 2471 1453 principium,
2508 1387 2557 1439 in
2602 1401 2707 1456 quo
2748 1386 2887 1444 Deus
2918 1389 3042 1443 l'eeit
3086 1390 3280 1445 coelum
3320 1400 3374 1445 et
3418 1402 3526 1445 ter-

1924 1489 2059 1536 ram,
2084 1475 2282 1547 aliquid
2309 1477 2498 1531 volunt
2526 1478 2688 1532 fuisse
2713 1482 2862 1548 quasi
2905 1481 3296 1537 substantivum
3320 1494 3373 1539 et
3402 1500 3527 1540 cor-

1926 1566 2224 1633 pulentum,
2259 1568 2397 1633 quod
2431 1568 2482 1621 in
2515 1570 2790 1630 materiam
2822 1571 3158 1641 interpretari
3190 1574 3376 1642 possit.
3406 1574 3516 1628 Nos

1925 1670 2102 1715 autem
2127 1659 2413 1728 unicuique
2468 1660 2727 1716 vocabulo
2784 1664 3160 1731 proprietatem
3217 1679 3366 1722 suam
3413 1667 3528 1735 (12)

1925 1749 2260 1803 vindicantus
2285 1790 2299 1814 ,
2331 1750 2649 1820 principium
2695 1752 2903 1805 initium
2931 1767 3053 1809 esse
3076 1795 3091 1820 ,
3119 1763 3173 1808 et
3204 1754 3529 1825 competisse

1928 1845 1996 1898 ita
2046 1846 2171 1915 poni
2217 1846 2375 1900 rebus
2411 1845 2787 1914 incipientibus
2819 1846 2954 1900 tieri.
2988 1846 3133 1901 Nihil
3173 1849 3315 1902 enim
3343 1892 3355 1912 ,
3386 1851 3527 1918 quod

211 1948 473 2003 mogenes
553 1935 755 1990 idcirco
820 1941 978 1991 etiam
1049 1938 1301 2007 Sophiam
1359 1936 1449 1991 Dei
1515 1946 1694 1991 natam
1768 1941 1900 2001 etB
1932 1940 2045 1994 lieri
2099 1938 2276 2001 habet,
2324 1938 2441 1993 sine
2491 1939 2643 1993 initio
2690 1954 2847 2003 esse,
2898 1941 3025 2009 quin
3076 1940 3288 1998 initium
3343 1944 3412 1998 sit
3456 1945 3531 1999 illi

209 2030 483 2083 conditam
520 2030 819 2096 praedicari,
872 2047 937 2085 ne
978 2032 1101 2099 quid
1146 2034 1383 2087 innatum
1407 2040 1461 2085 et
1485 2031 1819 2087 inconditum

210 2132 409 2191 prater
450 2123 625 2177 solum
670 2123 833 2177 Deum
875 2123 1239 2177 crederemus.
1261 2125 1314 2177 Si
1348 2124 1493 2178 enim
1536 2125 1672 2178 intra
1710 2125 1818 2179 Do-

209 2214 416 2267 minum
447 2216 589 2283 quod
633 2231 697 2269 ex
752 2216 865 2285 ipso
904 2227 957 2270 et
1003 2216 1054 2270 in
1101 2217 1216 2285 ipso
1274 2217 1409 2280 fuit,
1483 2218 1601 2273 sine
1668 2217 1821 2273 initio

210 2306 440 2359 nonfuit
472 2323 487 2358 ε
517 2306 716 2375 Sophia
762 2308 965 2362 scilicet
1012 2310 1179 2376 ipsius
1220 2324 1285 2362 ex
1328 2310 1574 2365 indenata
1605 2320 1659 2366 et
1687 2326 1819 2365 con-

210 2398 341 2463 dita,
375 2415 439 2452 ex
472 2416 577 2467 quo
604 2400 656 2453 in
686 2416 847 2453 sensu
877 2402 967 2455 Dei
998 2401 1063 2455 ad
1094 2417 1257 2471 Opera
1288 2404 1819 2475 mundidisponenda

208 2492 373 2559 coepit
401 2490 627 2560 agitari:
665 2492 831 2545 multo
856 2494 1023 2561 magis
1054 2492 1129 2564 (α)
1168 2508 1273 2547 non
1322 2497 1461 2563 capit
1501 2498 1618 2550 sine
1670 2497 1821 2550 initio

208 2585 497 2655 quicquam
556 2584 720 2639 fuisse
774 2584 913 2654 quod
963 2595 1113 2638 extra
1164 2586 1445 2639 Dominum
1531 2587 1709 2641 fuerit.
1766 2584 1822 2641 Si

210 2693 337 2732 vero
364 2678 565 2745 Sophia
591 2677 776 2731 eadem
813 2677 899 2731 Dei
932 2690 1112 2731 sermo
1142 2687 1224 2732 est
1253 2692 1412 2733 sensu
1470 2680 1660 2749 Sophia
1709 2680 1819 2749 (6),

211 2780 264 2826 et
316 2772 438 2825 sine
480 2770 620 2840 quod
685 2768 881 2824 factum
916 2779 999 2824 est
1055 2769 1186 2823 nihil
1221 2770 1399 2843 (Joau.
1429 2772 1468 2833 Ι,
1500 2768 1579 2842 3),
1606 2772 1745 2825 sicut
1771 2779 1825 2825 et

211 2865 538 2933 dispositum
562 2864 680 2918 sine
701 2865 909 2935 sophia,
937 2864 1098 2935 quale
1122 2876 1203 2920 est
1228 2875 1286 2918 ut
1314 2865 1422 2918 lilio
1451 2864 1543 2919 Dei
1573 2878 1824 2919 sermone

212 2958 500 3025 unigenito
542 2968 595 3010 et
641 2958 997 3026 primogenito
1031 2957 1226 3026 aliquid
1273 2957 1429 3011 fuerit
1472 2967 1668 3026 praeter
1722 2958 1822 3013 Pa-

212 3055 349 3101 trem
383 3046 658 3115 antiquius
692 3068 705 3102 ;
737 3058 791 3102 et
822 3050 921 3101 hoc
948 3049 1108 3102 modo
1140 3049 1321 3117 utique
1352 3051 1690 3118 generosius,
1725 3065 1821 3103 ne-

209 3140 335 3193 dum
392 3140 535 3210 quod
586 3141 821 3193 innatum
855 3139 933 3212 (7)
967 3151 1089 3195 nato
1145 3140 1363 3205 fortius,
1398 3153 1452 3196 et
1480 3144 1621 3212 quod
1650 3142 1821 3197 infec-

215 3241 325 3287 tum
395 3234 537 3286 l'acto
591 3233 674 3303 (8)
734 3234 1004 3287 validius?
1034 3235 1155 3303 quia
1199 3234 1338 3303 quod
1371 3244 1426 3289 ut
1455 3246 1599 3291 esset
1626 3235 1823 3293 nullius

1925 2032 2097 2102 ipsum
2126 2030 2253 2085 dum
2283 2030 2466 2099 incipit
2512 2029 2643 2084 ﬁeri.
2692 2028 2762 2099 (ι’)
2809 2030 2880 2084 Ita
2909 2030 3229 2101 principium
3259 2034 3371 2088 sive
3422 2034 3530 2089 ini-

1926 2124 2103 2185 tium,
2154 2121 2495 2189 incceptiouis
2564 2136 2685 2177 esse
2771 2122 2994 2177 verbum
3028 2164 3043 2189 ,
3118 2136 3224 2177 non
3306 2125 3531 2195 alicujus

1923 2220 2235 2278 substantiae
2282 2233 2496 2272 nomen.
2551 2216 2669 2273 Jam
2737 2232 2899 2281 nunc,
2955 2218 3001 2271 si
3076 2218 3387 2287 principalia
3438 2220 3529 2275 Dei

1924 2329 2090 2383 opera
2131 2312 2328 2367 caelum
2374 2321 2429 2365 et
2474 2319 2619 2367 terra
2677 2321 2822 2377 sunt,
2848 2327 2967 2381 quae
3013 2321 3140 2369 ante
3180 2315 3358 2369 omnia
3391 2316 3531 2371 Dens

1926 2407 2051 2462 fecit
2072 2422 2289 2463 suorum
2328 2406 2442 2474 (15)
2458 2420 2578 2459 esse
2620 2408 2831 2475 pr0prie
2850 2405 3187 2476 principium.
3209 2424 3330 2479 quae
3354 2411 3530 2480 priora

1924 2510 2050 2555 sunt
2073 2498 2228 2563 facta,
2248 2499 2438 2550 merito
2451 2498 2528 2550 sic
2547 2496 2796 2571 praefatur
2810 2498 3083 2566 Scriptura
3109 2501 3225 2569 (H)
3250 2520 3261 2555 :
3284 2500 3350 2555 In
3379 2504 3527 2572 prin-

1924 2591 2057 2659 cipio
2084 2590 2202 2659 fecit
2230 2588 2370 2642 Deus
2391 2588 2573 2642 cretum
2589 2597 2633 2641 et
2652 2598 2836 2641 terram
2854 2584 3002 2662 (Gen.
3021 2590 3061 2654 Ι,
3081 2588 3154 2662 1);
3171 2593 3526 2662 quemadtno-

1926 2681 2053 2741 dum
2083 2682 2308 2736 dixisset
2333 2700 2345 2735 :
2379 2686 2438 2735 ln
2471 2681 2628 2735 linem
2655 2681 2795 2737 Deus
2820 2680 2945 2737 fecit
2974 2682 3173 2738 uelum
3200 2696 3253 2737 et
3282 2694 3479 2740 terram
3508 2703 3522 2739 :

1928 2774 1972 2828 si
2018 2784 2137 2842 post
2180 2774 2429 2829 universa
2478 2772 2713 2826 fecisset.
2759 2775 2863 2827 Aut
2906 2773 2950 2828 si
2996 2774 3309 2843 principium
3354 2778 3531 2847 aliqua

1927 2868 2222 2923 substantia
2254 2877 2357 2931 est,
2385 2866 2484 2920 erit
2510 2876 2561 2920 et
2596 2867 2715 2919 linis
2742 2867 2917 2937 aliqua
2944 2870 3190 2923 materia.
3218 2868 3381 2923 i’lane
3404 2869 3527 2923 lice-

1929 2958 2001 3012 bit
2049 2959 2209 3011 etinm
2251 2956 2643 3013 substantivum
2678 2956 2882 3024 aliquid
2927 2959 3247 3027 principium
3280 2973 3400 3015 esse
3442 2961 3532 3015 alii

1928 3049 2027 3109 rei,
2069 3064 2188 3119 quae
2226 3063 2292 3101 ex
2336 3047 2451 3115 ipso
2498 3047 2568 3099 sit
2613 3046 2783 3102 futura
2810 3088 2825 3113 ,
2876 3056 2933 3101 ut
2974 3049 3161 3118 argilla
3213 3050 3529 3119 principium

1928 3150 2099 3204 testae,
2135 3152 2191 3194 ut
2221 3153 2405 3194 semen
2435 3138 2753 3207 principium
2785 3138 2987 3194 herba.
3026 3140 3131 3195 Sed
3159 3154 3281 3195 cum
3314 3143 3383 3194 ita
3413 3143 3525 3195 uti-

1930 3250 2051 3289 mur
2078 3230 2338 3288 vocabulo
2370 3229 2616 3300 principii
2646 3232 2795 3301 quasi
2825 3231 3049 3302 originis
3070 3273 3083 3296 ,
3118 3247 3225 3287 non
3257 3234 3407 3302 quasi
3440 3250 3531 3286 or-

208 3328 360 3396 cguit
386 3329 643 3389 auctoris,
672 3327 838 3381 multo
859 3327 1135 3381 sublimius
1158 3330 1345 3383 eriteo
1368 3328 1531 3399 quod,
1574 3338 1630 3383 ut
1655 3338 1819 3392 esset,
1850 3332 1895 3397 C
1928 3325 2070 3381 dinis
2126 3320 2342 3380 nomin‘e
2364 3363 2379 3385 ,
2426 3322 2710 3389 adjicimus
2756 3332 2810 3376 et
2860 3325 3183 3378 mentionem
3244 3324 3409 3393 ipsius
3452 3325 3529 3377 rei

209 3419 453 3485 aliquem
500 3417 689 3473 habuit
730 3429 1004 3472 auctorem
1039 3437 1052 3471 :
1088 3421 1332 3489 proinde,
1385 3423 1429 3475 si
1476 3424 1671 3478 malum
1698 3424 1821 3493 qni-

210 3510 333 3565 dem
406 3511 649 3564 innatum
692 3519 793 3572 est,
845 3521 999 3565 natus
1072 3521 1247 3567 antem
1309 3513 1387 3584 (9)
1437 3529 1617 3568 sermo
1678 3516 1817 3571 Dei:

212 3602 483 3658 Eructavit
535 3604 705 3670 enim,
765 3606 971 3675 inquit,
1048 3621 1329 3660 sermonem
1376 3610 1625 3675 optimum
1687 3606 1811 3677 (Ps.

214 3696 403 3763 XLIV,
434 3698 512 3767 1).
549 3710 656 3751 non
700 3697 813 3751 scio
858 3711 925 3752 an
972 3698 1115 3753 bono
1152 3698 1347 3752 malum
1395 3701 1562 3768 possit
1602 3699 1815 3767 adduci,

210 3787 445 3844 validius
471 3788 539 3842 ab
568 3788 802 3854 inﬁrmo,
828 3798 883 3847 ut
914 3790 1153 3845 innatum
1179 3805 1208 3845 a
1239 3800 1387 3845 nato.
1414 3789 1489 3845 Ita
1515 3801 1569 3846 et
1596 3791 1697 3846 hoc
1721 3807 1818 3847 no-

214 3879 362 3934 mine
396 3881 672 3932 materiam
705 3880 813 3932 Deo
865 3880 1130 3949 praeponit
1171 3879 1533 3950 Hermogenes
1558 3924 1572 3946 ,
1603 3897 1815 3953 praepo-

213 3969 393 4022 ncndo
424 3984 542 4021 eam
568 3967 720 4021 Filio.
757 3968 920 4023 Filius
950 3972 1083 4023 enim
1124 3987 1323 4036 sermo,
1370 3981 1415 4025 et
1464 3970 1601 4028 Deus
1650 3990 1815 4028 sermo

216 4058 437 4129 (Joan.,
474 4059 511 4127 Ι,
542 4062 619 4129 1);
649 4071 733 4116 et:
766 4060 875 4133 Ego
897 4072 942 4116 et
966 4058 1118 4117 Pater
1140 4079 1298 4117 unum
1316 4080 1492 4118 sumus
1514 4062 1722 4135 (loan.,
1746 4066 1812 4130 Χ,

1927 3416 2251 3487 specialiter,
2280 3429 2440 3485 quam
2466 3412 2707 3470 volumus
2732 3414 3051 3482 principium
3079 3416 3300 3469 alterius
3330 3416 3427 3471 rei.
3457 3418 3530 3470 Ite

1926 3522 2124 3567 caetero
2155 3510 2199 3564 si
2225 3510 2304 3563 sic
2336 3519 2621 3578 ponamus,
2655 3506 2802 3562 verbi
2829 3508 3037 3577 gratia:
3072 3507 3128 3561 In
3162 3510 3425 3577 principio
3454 3512 3531 3563 fa-

1923 3605 1997 3659 cit
2030 3600 2221 3671 iigulus
2253 3600 2449 3668 pelvim
2481 3600 2564 3653 vel
2608 3613 2836 3664 urnam;
2860 3598 2970 3669 jam
3015 3614 3120 3653 non
3153 3602 3429 3655 materiam
3459 3601 3533 3655 si-

1922 3694 2195 3770 gnificabit
2235 3694 2351 3767 (15)
2405 3692 2722 3763 principium
2762 3710 2777 3746 :
2830 3706 2934 3747 non
2985 3693 3127 3748 enim
3158 3695 3397 3764 argillam
3433 3708 3531 3750 no-

1926 3790 2126 3845 minavi
2157 3788 2502 3857 principium,
2534 3785 2629 3839 sed
2658 3786 2903 3839 ordinem
2936 3786 3155 3855 operis;
3188 3786 3310 3854 quia
3341 3787 3529 3857 ﬁgulus

1924 3895 2050 3939 ante
2080 3890 2273 3938 caetera
2304 3880 2533 3949 primum
2578 3877 2775 3947 pelvim
2818 3887 2872 3932 et
2915 3894 3103 3933 urnam
3150 3877 3296 3943 fecit,
3334 3880 3529 3934 exinde

1921 3973 2159 4029 facturus
2186 3982 2238 4025 et
2263 3983 2455 4025 caetera
2484 3986 2497 4032 ;
2524 3970 2590 4025 ad
2617 3970 3009 4025 ordinationem
3037 3987 3255 4041 cperum
3283 3972 3527 4042 principii

1920 4065 2241 4121 vocabulum
2290 4062 2601 4134 pertinebit,
2634 4077 2741 4118 non
2784 4063 2851 4118 ad
2898 4062 3163 4133 originem
3209 4063 3529 4121 substantia-

1461 4176 1843 4237 LECTIONES
1880 4176 2292 4236 VARIANTES.

280 4269 354 4337 (l)
382 4268 695 4337 Materiarum
739 4266 871 4337 abest
907 4268 957 4318 in
998 4266 1081 4319 tib.
1123 4268 1335 4337 Ifilhtpi.
1373 4268 1476 4335 ltig.
1512 4268 1815 4337 Jun._legit:

211 4332 474 4441 Egeriim
500 4345 617 4441 vigilo
643 4333 955 4381 materiarum
977 4344 1072 4381 non
1109 4334 1179 4383 sic
1199 4332 1446 4382 subditam
1479 4346 1544 4383 ex
1582 4332 1819 4400 Hirsdug.

317 4432 329 4441 .
360 4404 393 4441 n
412 4407 509 4441 ten.
605 4410 653 4441 ιε.

317 4432 329 4442 .
360 4408 509 4442 huen.
538 4408 653 4442 11012.

213 4396 693 4569 ωῗέθηὲῗζιῑωίξᾶᾳ
730 4456 888 4530 potuit
927 4455 1161 4519 eguisse?
1198 4457 1277 4527 sui
1318 4457 1473 4518 magis
1505 4470 1647 4519 quam
1672 4458 1822 4509 alieni

213 4528 314 4569 set.
348 4556 359 4565 .
388 4516 580 4569 Obertlt.
609 4518 798 4568 Alienis
823 4532 981 4569 genus
1004 4522 1112 4568 cod.
1141 4520 1401 4569 Hirsutum
1425 4518 1552 4569 unde
1576 4518 1719 4569 Ithen.
1738 4534 1821 4569 vo-

211 4516 359 4585 sejt.
388 4516 580 4585 Obertlt.
609 4516 798 4568 Alienis
822 4516 1113 4585 genuscod.
1141 4516 1552 4585 Hirsaugjuude
1576 4518 1719 4571 alien.
1738 4534 1821 4573 vo-

212 4580 304 4645 luit
330 4595 348 4631 :
374 4584 485 4645 suis
505 4586 661 4643 magis
683 4580 1164 4645 quum‘alienigenis.

305 4646 357 4708 3)
386 4644 451 4708 13.:
486 4647 651 4695 Venet.

314 4705 361 4779 ᾖ)
388 4706 534 4779 Drior
558 4710 677 4755 item
702 4705 878 4779 abysso
894 4714 1009 4754 Jun.

302 4766 356 4831 5)
385 4771 559 4831 tientia
598 4782 723 4831 sum.
752 4766 869 4819 Cum
909 4774 1155 4830 agnoscat.
1202 4766 1347 4819 nheri.
1398 4767 1593 4820 Obertlt.
1632 4768 1822 4820 Semler

212 4829 391 4882 annos
411 4840 455 4881 et
481 4829 769 4894 improbans.

212 4889 558 5008 Pwetmo
580 4902 674 4953 est,
700 4904 876 4942 sensus
898 4892 1078 4955 Sophia
1101 4900 1214 4941 Jun.
1242 4892 1428 4943 Sensus
1448 4899 1501 4943 ei.
1521 4893 1701 4957 Sepbia
1738 4889 1824 4944 lib.

2013 4272 2064 4321 7i
2085 4270 2209 4320 Nato
2232 4268 2459 4321 inseritur
2484 4270 2636 4320 Fran.

2009 4328 2060 4383 '8)
2090 4333 2290 4383 Factum
2310 4330 2451 4383 sentt.
2466 4328 2657 4382 Oberth.

2008 4390 2057 4454 9)
2078 4396 2299 4445 lnnatnm
2326 4404 2420 4454 est,
2446 4394 2492 4444 id
2518 4400 2594 4444 est
2615 4395 2790 4445 Sermo
2812 4394 2896 4443 Dei
2920 4390 3060 4444 Seml.
3086 4390 3283 4446 Oberth.

2019 4458 2095 4514 l0)
2124 4458 2351 4519 lngratiis
2372 4465 2486 4506 Jun.

2017 4522 2091 4571 11)
2118 4521 2411 4571 Occasiones
2432 4521 2495 4567 ilii
2517 4526 2629 4567 Jun.

2018 4579 2097 4645 i2)
2122 4584 2482 4645 PrOprietatem
2505 4579 2934 4645 cum_vindicamus
2955 4587 3099 4631 sentt.

2020 4640 2095 4705 13)
2119 4640 2410 4696 Universum
2430 4644 2525 4692 Lat.
2541 4643 2603 4692 In
2619 4640 2855 4705 impressa
2875 4645 3087 4694 Correct.
3108 4642 3249 4694 habet
3267 4646 3525 4695 universo-

1845 4730 1899 4790 D
1928 4711 2498 4790 ’“l‘.'.‘?'.?'_f‘fi".‘.;{'.‘.'f:

1989 4773 2031 4838 (1
2042 4773 2093 4836 ι)
2120 4772 2292 4821 Merito
2309 4772 2380 4838 sic
2397 4767 2625 4838 prmi‘atur
2644 4766 2889 4838 Scriptura
2905 4766 3006 4817 alii.
3032 4766 3153 4838 Esse
3178 4772 3374 4838 prpprie
3395 4772 3527 4838 prin.

1925 4829 2127 4898 cipiunt,
2151 4844 2247 4898 quo
2271 4829 2431 4898 priora
2444 4836 2558 4898 sunt
2576 4829 2717 4889 facta,
2737 4831 3012 4894 meritoque
3036 4833 3105 4882 sic
3132 4829 3378 4895 praefam
3398 4829 3529 4883 Scri-

1932 4890 2121 4959 pt'uram
2136 4909 2157 4959 κε
2170 4890 2215 4943 Ἰ
2218 4907 2251 4943 η
2267 4890 2509 4959 principio
2523 4902 2633 4959 J_un.

1998 4958 2017 5023 (
2025 4959 2099 5021 15)
2126 4954 2435 5019 εἰδυίίὶωῡη
2448 4954 2561 5005 edd.
2584 4966 2746 5006 onmes
2764 4959 2808 5005 et
2822 4960 2933 5004 Jun.

1593 5036 2160 5095 COMMENTARIUS.

292 5134 369 5206 (a)
401 5132 522 5187 Non
548 5134 683 5203 rapit
712 5133 821 5187 sine
850 5134 993 5187 initio
1017 5134 1282 5203 quicquam
1311 5135 1483 5203 fuisse.
1515 5134 1679 5191 Usum
1722 5135 1821 5188 hu-

209 5207 305 5277 jus
329 5206 703 5275 impersonalis
723 5206 894 5267 verbi,
912 5207 1222 5277 capit,quod
1244 5208 1431 5275 graecis
1451 5216 1533 5261 est
1548 5210 1815 5273 ενόιχιταιι,

214 5276 359 5347 apud
421 5277 814 5335 'l'eriuilianum
873 5280 923 5329 in
978 5276 1125 5330 libris
1174 5278 1595 5344 praecedentibus
1642 5279 1819 5331 disces

216 5352 421 5420 tibique
452 5359 506 5402 et
533 5364 695 5413 saepe.
729 5348 1053 5420 Hic__tantum
1083 5347 1246 5407 valet,
1269 5363 1379 5420 ηοιε
1394 5353 1531 5416 capit
1550 5350 1818 5418 quicquam

218 5417 400 5492 fuisse,
428 5420 742 5492 ac_sj_dicss
772 5438 784 5492 ς
822 5417 959 5492 ieri
989 5434 1093 5492 non
1134 5426 1334 5492 potem.
1360 5418 1530 5492 “ill-2N.

290 5491 445 5545 CAP.
470 5488 611 5543 XIX.
632 5488 790 5561 —-(b)
826 5488 964 5541 Nam
990 5500 1033 5543 et
1062 5491 1227 5561 ipsum
1257 5490 1589 5557 principium,
1629 5492 1681 5544 in
1719 5508 1817 5561 quo

220 5561 362 5615 Deus
388 5564 505 5633 fecit
542 5562 722 5633 malum
756 5571 800 5613 et
840 5562 1288 5633 terrenupmnes
1316 5563 1441 5613 iSIas
1479 5564 1634 5615 tricas
1675 5562 1831 5617 facile

216 5629 480 5700 expedire
511 5631 718 5685 videtur
743 5634 832 5700 qui
864 5633 1022 5687 verba
1054 5632 1236 5694 Musis,
1264 5629 1329 5684 In
1362 5634 1609 5701 principio
1644 5635 1831 5686 creavit

219 5703 361 5757 υιιιιδ
377 5705 561 5758 caelum
589 5713 633 5755 et
661 5717 869 5765 terram,
896 5704 972 5757 sic
1006 5705 1381 5771 interpretatur
1400 5720 1413 5756 2
1434 5704 1545 5767 Quo
1560 5705 1829 5757 extiterunt

217 5777 368 5829 initio
399 5775 581 5827 caelum
603 5783 647 5828 et
665 5782 819 5838 terra,
850 5791 908 5827 eo
939 5774 1173 5828 Deusilto
1202 5775 1407 5827 creavit.
1428 5776 1536 5828 Hoc
1561 5778 1702 5827 enim
1731 5790 1828 5828 vo-

222 5847 320 5901 luit
345 5843 519 5899 Moses
548 5846 704 5906 ;i-ueli
729 5861 789 5899 ac
812 5856 967 5902 terra:
997 5846 1297 5899 nominibus
1330 5846 1585 5901 mundum
1610 5846 1825 5899 univer-

222 5933 343 5972 sum
374 5917 695 5987 signiﬁcavit
724 5934 755 5971 ιι
784 5918 891 5973 Deo
916 5927 1174 5973 creatum.
1221 5917 1422 5974 Deinde
1464 5918 1695 5987 explicat
1722 5931 1828 5986 quo

1922 5136 2109 5191 ordine
2138 5145 2190 5188 et
2218 5135 2379 5190 modo
2409 5134 2675 5203 prmeipua
2706 5146 2929 5202 quicque
2951 5132 3055 5186 sint
3081 5140 3279 5187 creata.
3305 5132 3427 5189 Ric.
3454 5164 3527 5176 —

1921 5206 2189 5275 Quidquid
2212 5206 2449 5261 dixerint
2486 5204 2941 5275 Tertullianus_et
2970 5203 3100 5275 (ejus
3142 5204 3525 5270 adnotatores.

1924 5273 2271 5332 nihilominus
2298 5277 2450 5331 multi
2483 5275 2829 5346 inveniuntur
2857 5273 3114 5346 Ecclesiae
3141 5275 3392 5330 doctores
3434 5278 3529 5346 qui

1921 5349 2051 5403 illud
2098 5347 2294 5403 Genes.
2321 5349 2359 5401 l.
2397 5350 2447 5411 1,
2483 5345 2549 5400 In
2578 5347 2851 5416 principio,
2904 5345 2971 5400 de
3028 5345 3201 5400 Verbo
3249 5346 3346 5400 Dei
3376 5345 3523 5402 acci-

1923 5421 2104 5489 piunt;
2132 5421 2209 5477 sic
2227 5418 2473 5480 Basilius.
2494 5416 2826 5489 Ambrosius,
2851 5425 2953 5471 etc.
2983 5416 3087 5469 Alii
3107 5417 3271 5489 alium
3301 5432 3521 5489 sensium

1924 5487 2004 5543 his
2050 5492 2229 5545 verbis
2266 5491 2532 5552 tribuunt,
2568 5498 2625 5542 ut
2653 5488 2842 5542 videre
2880 5495 2962 5541 est
2989 5487 3126 5555 apud
3156 5488 3323 5543 Corn.
3356 5504 3388 5543 a
3416 5488 3523 5544 La-

1934 5561 2073 5632 pide,
2110 5564 2193 5615 vel
2222 5565 2270 5614 in
2293 5560 2439 5615 Cura.
2471 5561 2656 5629 compl.
2690 5559 2885 5628 Script.
2926 5560 3265 5632 sacrw._|£nn.

2006 5633 2079 5705 (c)
2113 5633 2190 5686 Ita
2233 5633 2537 5705 principium
2567 5633 2667 5685 sive
2691 5632 2914 5705 initium,
2926 5629 3387 5705 Aetc.__Verisimile
3414 5641 3517 5695 est,

1933 5716 1988 5759 ut
2016 5700 2174 5758 hanc
2218 5702 2657 5765 significationem
2698 5702 2935 5770 principii
2982 5700 3241 5755 indicaret
3286 5714 3475 5756 auctor
3503 5743 3519 5768 ,

1940 5786 2215 5845 propterea
2244 5774 2368 5829 alibi
2400 5775 2467 5826 ab
2492 5790 2557 5825 eo
2587 5774 2715 5845 verti
2748 5773 2919 5845 solere
2944 5812 2985 5845 ,Α
3006 5787 3129 5826 cum
3157 5772 3353 5845 dictam
3384 5774 3516 5827 scri-

1937 5841 2143 5915 pturam
2188 5845 2317 5899 citat
2343 5888 2355 5907 ,
2386 5847 2437 5898 in
2467 5843 2759 5915 primordio
2781 5844 2896 5911 fecit
2953 5841 3088 5896 Deus
3134 5843 3317 5896 caelum
3342 5853 3393 5915 et
3414 5853 3519 5895 ter-

1932 5913 2043 5971 ram
2068 5958 2081 5983 ,
2113 5917 2267 5972 sicuti
2308 5932 2485 5986 supra,
2522 5916 2609 5971 lib.
2639 5915 2701 5968 de
2738 5913 3015 5983 Baptismo,
3048 5928 3168 5984 cap.
3201 5916 3256 5978 3,
3282 5915 3335 5968 5.
3381 5914 3516 5970 Pan.
