4262 6490
721 407 834 469 215

2157 408 2616 468 TERTUIJJANI

3927 419 4033 477 916

733 542 872 581 rum.
903 525 1126 585 POSSum
1175 534 1230 582 et
1276 525 1434 582 aliter
1457 524 1538 598 (l)
1567 525 1882 597 principium
1936 523 2276 595 interpretari
2304 566 2319 590 ,
2349 526 2398 585 A
2428 526 2624 582 veteris
2679 526 2984 583 adhibendo
3039 529 3140 600 (5),
3170 529 3220 585 iu
3249 545 3355 602 quo
3404 532 3489 589 vel
3528 545 3594 588 eo
3619 534 3788 603 magis
3815 534 4022 591 debue-

733 636 839 674 non
868 621 936 674 ab
967 637 1024 674 re
1061 631 1235 676 tamen
1263 639 1275 675 :
1309 620 1384 692 (α)
1416 635 1537 674 nam
1565 629 1618 673 et
1642 619 1693 673 in
1741 633 1917 686 grata)
1951 619 2195 688 principii
2235 633 2327 670 vo-

730 712 980 767 cabulum
1007 755 1020 775 ,
1050 711 1189 783 quod
1221 720 1304 766 est
1333 728 1472 768 arxn
1499 757 1512 776 ,
1558 725 1663 766 non
1707 720 1912 765 lautum
1947 710 2324 772 ordinativum,

733 806 827 860 sed
846 815 899 860 ct
922 807 1296 876 potestativum
1319 807 1455 875 capit
1480 804 1850 875 principatum.
1885 802 1960 874 (Iv)
1981 801 2134 858 Unde
2159 811 2212 857 et
2229 818 2328 857 Αρ-

734 912 940 952 xusras
969 897 1042 969 (c)
1060 897 1245 953 dicunt
1291 896 1557 967 principes
1585 907 1640 952 et
1670 895 2031 967 magistratus.
2067 895 2208 964 Ergo
2236 910 2326 951 se-

735 989 966 1044 cumlum
990 990 1126 1044 lianc
1151 1004 1361 1060 quoque
1386 988 1853 1059 signiﬁcationem,
1882 986 2201 1058 principium
2233 1002 2329 1058 pro

737 1082 1036 1151 principatu
1066 1090 1118 1138 et
1147 1091 1409 1152 potestate
1449 1089 1709 1134 sumetur.
1751 1079 1804 1133 lu
1844 1078 2146 1149 principatu
2183 1078 2327 1135 enim

735 1180 790 1229 et
812 1173 862 1226 in
894 1179 1159 1243 potestate
1191 1171 1332 1227 Deus
1359 1171 1484 1227 fecit
1509 1171 1706 1227 caelum
1737 1179 1792 1226 et
1819 1179 2038 1226 terram.

1337 1265 1565 1322 CAPUT
1607 1263 1727 1321 XX.

807 1361 914 1416 Sed
941 1369 998 1416 ut
1021 1361 1152 1417 nihil
1181 1361 1326 1417 aliud
1354 1361 1616 1432 signiﬁcet
1644 1375 1818 1432 graeca
1847 1375 1976 1426 vox,
1998 1373 2156 1432 quam
2181 1359 2330 1430 prin-

739 1458 975 1528 cipium,
1006 1467 1062 1512 et
1099 1457 1416 1528 principium
1452 1456 1582 1510 nihil
1613 1455 1755 1510 aliud
1795 1456 1993 1526 capiat,
2033 1470 2194 1526 quam
2233 1455 2333 1509 ini-

738 1550 892 1615 tium,
950 1547 1207 1604 habemus
1236 1550 1396 1607 etiam
1431 1548 1574 1603 illam
1608 1549 1814 1603 initium
1854 1563 2147 1619 agnoscere
2170 1589 2186 1614 ,
2212 1559 2332 1618 qum

738 1640 872 1694 dicit
903 1657 915 1692 :
947 1638 1199 1694 Dominus
1239 1641 1464 1694 condidit
1512 1656 1590 1693 me
1636 1639 1714 1712 (2)
1743 1641 1943 1694 initium
1972 1640 2170 1694 viarum
2211 1656 2332 1694 sua-

737 1749 852 1785 rum
883 1733 934 1786 in
963 1750 1120 1801 opera
1144 1750 1257 1787 sua.
1287 1732 1342 1787 Si
1381 1734 1524 1787 enim
1571 1749 1665 1803 per
1712 1733 1966 1803 Sophiam
2016 1733 2111 1789 Dei
2151 1734 2333 1788 omnia

739 1825 879 1880 facta
911 1834 1037 1880 sunt
1063 1843 1078 1890 ;
1107 1837 1162 1881 et
1191 1826 1384 1883 caelum
1413 1842 1542 1897 ergo
1564 1835 1621 1881 et
1649 1835 1845 1881 terram
1877 1827 2017 1883 Deus
2044 1827 2246 1883 faciens
2279 1827 2332 1882 in

2432 629 2513 674 rat
2539 622 2747 675 ostendi
2791 623 2930 677 Deus
2959 639 3023 679 es
3055 625 3228 694 aliqua
3273 628 3492 682 materia
3527 630 3774 684 universa
3802 629 4023 694 fecisse,

2430 713 2571 782 quod
2619 713 2728 769 illic
2779 715 2943 770 etiam
2999 731 3094 786 per
3137 733 3297 787 quem
3349 721 3527 774 omnia
3575 720 3760 776 fecerit
3808 723 4025 778 revela-

2432 813 2545 858 tur:
2567 804 2648 876 (d)
2681 803 2741 859 In
2764 807 3131 877 principioerat
3153 825 3333 871 sermo,
3353 811 3403 864 in
3424 827 3530 881 quo
3558 813 3806 884 principio
3835 816 4027 868 scilicet

2433 895 2570 952 Deus
2595 898 2713 970 fecit
2737 899 2920 954 calum
2941 909 2985 954 et
3025 909 3230 956 terram.
3259 901 3326 956 Et
3354 921 3518 958 sermo
3543 916 3650 959 erat
3669 907 3810 976 apud
3839 906 4026 970 Deum,

2431 999 2480 1044 et
2522 989 2659 1044 Deus
2705 1001 2812 1045 erat
2838 1007 3025 1048 sermo.
3071 993 3258 1048 Omnia
3287 1014 3377 1066 per
3423 998 3591 1066 ipsum
3631 1004 3768 1069 facta
3793 1010 3910 1054 sunt
3937 1042 3952 1062 ,
3984 1012 4033 1054 et

2433 1085 2542 1139 sine
2567 1085 2657 1140 illo
2687 1088 2878 1158 factum
2894 1098 2966 1141 est
2997 1088 3127 1142 nihil
3141 1088 3319 1160 (Joan.
3354 1092 3390 1154 Ι,
3425 1091 3502 1160 1).
3532 1091 3664 1146 Cum
3685 1093 3845 1164 igitur
3873 1093 4034 1148 ethic

2433 1179 2801 1236 manifestatur
2828 1189 2884 1236 et
2909 1180 3102 1246 factor,
3149 1183 3200 1237 id
3251 1194 3332 1239 est
3365 1185 3545 1240 Deus:
3577 1196 3634 1241 et
3677 1187 3835 1252 facta,
3871 1187 3918 1241 id
3951 1196 4035 1246 est

2433 1271 2612 1325 omnia
2649 1289 2662 1324 :
2693 1281 2746 1325 et
2786 1287 2882 1342 per
2908 1288 3086 1342 quem,
3122 1274 3173 1328 id
3221 1284 3306 1329 est
3333 1290 3553 1340 sermo;
3584 1292 3766 1333 nonne
3791 1287 3845 1332 et
3893 1278 4036 1333 unde

2434 1362 2612 1416 omnia
2646 1362 2780 1418 facta
2826 1375 3009 1420 essent
3050 1380 3080 1420 a
3133 1365 3242 1421 Deo
3283 1383 3377 1435 per
3403 1383 3731 1433 sermonem,
3764 1371 4036 1440 exegisset

2435 1453 2570 1508 ordo
2599 1455 2857 1523 proﬁteri,
2883 1456 2927 1510 si
2955 1471 3020 1512 ex
3041 1456 3222 1528 aliquo
3247 1457 3381 1513 facta
3409 1460 3632 1515 essent?
3656 1461 3730 1515 Ita
3753 1460 3894 1530 quod
3924 1475 4034 1514 nou

2436 1545 2557 1610 fuit,
2585 1562 2690 1602 non
2718 1548 3180 1619 potuitScriptura
3211 1551 3471 1620 proﬁteri,
3504 1550 3571 1605 Et
3601 1567 3705 1606 non
3732 1552 4037 1622 proﬁtendo

2437 1640 2568 1696 satis
2596 1642 2838 1710 probavit
2869 1655 2974 1696 non
3003 1642 3170 1696 fuisse
3192 1685 3207 1708 ,
3241 1645 3361 1712 quia
3385 1643 3728 1714 proﬁteretur
3749 1645 3794 1699 si
3826 1645 4033 1700 fuisset.

3014 1732 3240 1791 CAPUT
3280 1735 3424 1791 XXI.

2511 1824 2672 1896 Ergo,
2707 1825 2902 1896 inquis,
2930 1825 2976 1881 si
3006 1836 3058 1881 tu
3105 1826 3224 1882 ideo
3255 1827 3570 1897 prejudicas
3608 1844 3672 1884 ex
3704 1829 3870 1883 nihilo
3899 1830 4038 1884 facta

741 1919 1028 1989 principio,
1055 1917 1104 1973 id
1133 1928 1215 1974 est
1250 1919 1402 1973 initio
1426 1962 1441 1984 ,
1471 1920 1523 1974 in
1549 1918 1748 1986 Sapliia
1775 1935 1871 1975 sua
1915 1921 2056 1976 fecit.
2094 1919 2332 1991 Denique
2362 1923 2410 1983 B
2438 1921 2638 1979 omnia.
2693 1920 2815 1989 quia
2859 1935 2966 1974 non
3013 1921 3081 1976 sit
3108 1920 3390 1977 manifeste
3432 1922 3658 1978 relatum
3698 1923 3766 1979 de
3813 1925 4041 1980 materia

709 2010 785 2066 .si
815 2012 1132 2083 principium
1161 2014 1439 2067 materiam
1462 2013 1803 2082 signiﬁcaret,
1836 2027 1941 2069 non
1968 2015 2040 2068 ita
2055 2014 2331 2083 Scriptura

740 2105 1098 2176 inscripsisset
1139 2105 1218 2178 (3)
1268 2125 1281 2161 :
1335 2105 1398 2159 In
1465 2107 1716 2177 principio
1787 2107 1923 2161 Deus
1951 2109 2110 2179 fecit,
2151 2107 2244 2164 sed
2272 2125 2336 2163 ea:

739 2197 1012 2265 principio.
1046 2196 1160 2252 Non
1185 2199 1327 2252 enim
1359 2200 1408 2252 in
1442 2200 1684 2261 materia,
1717 2199 1810 2262 sed
1838 2214 1901 2253 ex
1929 2199 2148 2253 materia
2179 2199 2336 2256 fecis-

740 2299 843 2343 set.
876 2289 951 2345 De
980 2288 1178 2361 Sophia
1205 2302 1384 2344 autem
1419 2291 1587 2360 potuit
1607 2290 1734 2354 dici,
1761 2291 1814 2343 in
1843 2291 2118 2362 principio.
2152 2291 2206 2345 In
2235 2289 2335 2346 So-

741 2384 864 2452 phia
891 2384 1032 2438 cnim
1068 2383 1240 2452 primo
1285 2383 1425 2447 fecit,
1483 2385 1533 2438 iu
1579 2398 1682 2454 qua
1731 2382 2016 2452 cogitando
2054 2393 2108 2438 et
2151 2382 2334 2454 dispo-

741 2476 919 2531 nendo
940 2477 1049 2547 jam
1079 2475 1316 2543 fecerat;
1351 2478 1602 2547 quoniam
1629 2477 1729 2532 etsi
1750 2493 1816 2532 ex
1843 2477 2064 2532 materia
2097 2477 2335 2536 facturus

744 2570 951 2636 fuisset,
978 2580 1103 2626 ante
1129 2572 1182 2627 in
1214 2571 1413 2641 Saphia
1447 2571 1731 2642 cogitando
1769 2581 1824 2628 et
1859 2572 2196 2642 disponendo
2220 2572 2332 2642 jam

742 2662 962 2718 fecerat.
989 2663 1249 2732 Quoniam
1279 2664 1380 2718 etsi
1411 2676 1525 2718 erat
1555 2665 1763 2719 initium
1807 2663 2010 2717 viarum
2062 2665 2162 2732 (4),
2211 2664 2332 2732 quia

744 2757 1002 2827 cogitatio
1033 2769 1087 2811 et
1116 2758 1398 2826 dispositio
1430 2757 1600 2827 prima
1629 2755 1842 2825 Sophia;
1887 2755 1944 2809 ﬁt
1987 2755 2228 2826 operatio
2264 2755 2334 2812 de

745 2851 979 2919 cogitatu
1003 2850 1140 2904 viam
1162 2848 1414 2918 operibus
1439 2850 1741 2915 instituens,
1770 2848 1906 2901 hanc
1929 2859 1979 2902 et
2004 2847 2128 2903 inde
2151 2857 2336 2903 aucto-

748 2940 960 2996 ritatem
976 2939 1270 3009 Scriptura:
1298 2941 1425 2995 mihi
1456 2939 1687 3006 vindico,
1713 2939 1853 3012 quod
1882 2951 1936 2995 et
1968 2939 2110 2995 Deus
2139 2941 2227 3010 qui
2259 2941 2337 2996 fe-

743 3037 837 3098 cit,
888 3043 941 3088 et
989 3049 1050 3089 ea
1094 3049 1213 3106 qua:
1258 3035 1381 3088 fecit
1426 3034 1758 3100 ostendens,
1809 3034 1952 3088 unde
1998 3035 2182 3088 fecerit
2229 3050 2334 3089 non

744 3126 968 3195 proinde
997 3135 1240 3183 testatur.
1268 3126 1399 3182 Nam
1429 3141 1554 3181 cum
1603 3127 1655 3180 in
1711 3127 1863 3181 omni
1888 3126 2200 3196 operatione
2235 3127 2336 3182 tria

743 3221 855 3276 sint
884 3221 1195 3290 principalia
1227 3238 1239 3273 :
1266 3222 1355 3291 qui
1387 3221 1531 3286 facit,
1559 3228 1614 3274 et
1635 3219 1777 3290 quod
1812 3221 1906 3286 ﬁt,
1930 3230 1984 3275 et
2009 3236 2074 3276 ex
2101 3237 2208 3291 quo
2237 3223 2291 3275 lit
2318 3238 2332 3286 ;

2440 2011 2762 2080 praecedenti
2821 2011 3017 2068 factum
3063 2014 3210 2084 quid,
3261 2014 3386 2070 vide
3431 2014 3502 2086 (e)
3544 2031 3612 2070 ne
3647 2016 3858 2072 diversa
3914 2031 4041 2087 pars

2439 2103 2560 2160 ideo
2585 2103 2869 2160 contendat
2893 2121 2957 2160 ex
2999 2107 3219 2161 materia
3248 2106 3424 2161 omnia
3457 2107 3590 2162 facta
3611 2151 3626 2176 ,
3660 2110 3782 2179 quia
3815 2108 4042 2178 proinde

2438 2212 2544 2252 non
2592 2206 2774 2268 aperte
2821 2197 3174 2268 signiﬁcatum
3215 2198 3307 2266 sit,
3337 2215 3401 2253 ex
3435 2201 3601 2255 nihilo
3647 2201 3772 2271 quid
3815 2201 4038 2255 factum.

2440 2290 2603 2346 Plane
2628 2293 2926 2362 retorqueri
2967 2293 3210 2361 quaedam
3237 2291 3390 2348 facile
3421 2305 3642 2364 possunt
3675 2313 3687 2348 :
3721 2310 3826 2350 nou
3857 2295 4040 2349 statim

2437 2394 2492 2439 et
2538 2400 2602 2438 ex
2647 2399 2802 2456 equo
2847 2383 3074 2449 admitti,
3109 2385 3199 2440 ubi
3226 2385 3507 2441 diversitas
3535 2403 3742 2444 caussa
3775 2397 3877 2441 est.
3910 2387 4042 2442 Dico

2437 2475 2605 2541 enim,
2630 2477 2730 2532 etsi
2755 2490 2858 2530 non
2885 2485 3070 2546 aperte
3083 2477 3357 2547 Scriptura
3393 2478 3751 2549 pronuntiavit
3777 2494 3842 2533 ex
3871 2477 4044 2533 nihilo

2439 2567 2575 2622 facta
2600 2569 2796 2633 omnia,
2821 2569 2957 2623 sicut
2984 2584 3084 2625 nec
3112 2585 3180 2624 es
3216 2570 3458 2632 materia,
3491 2586 3597 2624 non
3630 2579 3830 2624 tantam
3877 2569 4044 2626 fuisse

2438 2661 2812 2716 necessitatem
2836 2670 3020 2730 aperte
3039 2661 3369 2730 signiﬁcandi
3392 2661 3458 2715 de
3484 2661 3648 2715 nihilo
3674 2660 3810 2720 facta
3833 2661 4041 2726 omnia,

2437 2765 2633 2824 quanta
2671 2762 2836 2819 esset,
2865 2754 2910 2807 si
2949 2769 3017 2809 ex
3057 2753 3277 2809 materia
3311 2757 3445 2810 facta
3493 2755 3737 2809 fuissent.
3775 2754 4041 2822 Quoniam

2438 2847 2578 2918 quod
2608 2845 2662 2900 ﬁt
2691 2862 2756 2900 ex
2784 2845 2974 2908 nihilo,
3003 2861 3068 2900 eo
3097 2847 3211 2916 ipso
3236 2847 3361 2901 dum
3395 2863 3500 2901 non
3530 2848 3828 2903 ostenditur
3846 2863 3912 2901 ex
3939 2849 4043 2900 ali-

2438 2955 2546 3011 quo
2594 2938 2815 3002 factum,
2848 2938 3222 2994 manifestatur
3261 2955 3325 2994 ex
3383 2940 3552 2995 nihilo
3596 2943 3789 2994 l'actum
3823 2957 3836 2992 :
3868 2939 3938 3010 (ί)
3989 2950 4044 2994 et

2440 3049 2545 3090 non
2569 3035 2901 3105 periclitatur
2919 3049 2988 3090 ne
3013 3049 3076 3090 es
3093 3033 3273 3104 aliquo
3286 3035 3478 3088 factum
3501 3035 3854 3098 existimetur,
3870 3046 4044 3104 quan-

2438 3128 2508 3181 do
2534 3142 2638 3183 non
2662 3127 3059 3183 demonstretur
3084 3133 3274 3198 ex'quo
3305 3128 3372 3180 sit
3398 3126 3612 3181 factum.
3647 3125 3801 3193 Quod
3858 3136 4042 3179 autem

2439 3236 2505 3278 ex
2532 3220 2709 3289 aliquo
2735 3219 2812 3286 lit,
2841 3219 2943 3277 nisi
2973 3218 3073 3272 hoc
3102 3220 3272 3288 ipsum
3302 3229 3487 3288 aperte
3510 3217 3815 3273 declaratur
3845 3233 3907 3274 ex
3937 3217 4042 3271 ali-

746 3312 847 3366 tria
880 3313 1092 3366 nomina
1125 3321 1251 3366 sunt
1278 3310 1482 3369 edenda
1528 3313 1580 3366 in
1625 3311 1858 3382 legitima
1889 3315 2068 3381 operis
2108 3329 2331 3368 enarra.
2359 3312 2406 3372 C
2438 3329 2543 3386 quo
2571 3313 2790 3380 factum,
2820 3310 2948 3366 dum
2981 3311 3109 3366 illud
3133 3326 3200 3365 ex
3220 3325 3327 3380 quo
3349 3311 3544 3365 factum
3572 3311 3640 3364 sit
3669 3325 3777 3364 non
3803 3308 4043 3365 ostendi-

746 3404 933 3459 tione:
968 3417 1192 3473 persona
1215 3403 1453 3471 factoris,
1478 3405 1688 3474 species
1710 3404 1854 3470 facti,
1879 3403 2048 3460 forma
2075 3407 2333 3462 materie.

747 3497 804 3551 Si
855 3496 1077 3551 materia
1125 3510 1230 3550 non
1274 3496 1486 3562 cdetur,
1539 3497 1628 3552 ubi
1680 3505 1736 3551 et
1783 3511 1946 3568 opera
1990 3506 2046 3552 et
2088 3509 2338 3571 operator

743 3590 994 3656 edentur,
1040 3599 1264 3661 apparet
1301 3606 1364 3646 ex
1402 3591 1570 3647 nihilo
1607 3606 1730 3646 eum
1777 3591 2338 3661 operatum.'Proinde

747 3682 895 3737 enim
922 3681 1173 3738 ederetur
1196 3699 1260 3738 ex
1292 3698 1422 3754 quo,
1461 3683 1507 3738 si
1532 3698 1602 3738 ex
1632 3683 1812 3754 aliquo
1847 3684 2037 3741 fuisset
2061 3699 2334 3758 operatus.

749 3774 989 3846 Denique
1033 3774 1379 3845 Evangelium
1427 3785 1483 3830 ut
1519 3775 1948 3848 supplementum
1993 3780 2333 3837 instrumenti

2443 3420 2528 3464 tur
2557 3409 2659 3480 (6),
2692 3406 3076 3478 periclitabitur
3107 3405 3277 3476 primo
3305 3405 3469 3460 vidcri
3512 3422 3576 3460 ex
3621 3406 3788 3461 nihilo
3820 3407 4041 3475 factum,

2441 3505 2561 3575 quia
2593 3517 2698 3557 non
2725 3502 2902 3556 editur
2927 3516 2991 3556 ex
3019 3515 3126 3571 quo
3145 3500 3216 3554 sit
3247 3499 3462 3555 factum.
3494 3499 3720 3564 Dehinc,
3749 3501 3848 3556 etsi
3879 3516 3943 3556 ea
3974 3503 4046 3555 sit

2388 3660 2394 3665 _
2440 3598 2768 3662 conditione,
2793 3604 2850 3650 ut
2894 3611 3000 3650 non
3050 3595 3217 3663 possit
3260 3594 3430 3649 videri
3479 3610 3583 3648 non
3631 3610 3696 3649 ex
3727 3595 3904 3665 aliquo
3935 3595 4041 3667 (7),

2442 3689 2666 3761 proinde
2706 3686 3108 3761 periclitabitur,
3139 3701 3211 3740 ex
3260 3685 3366 3740 alio
3414 3685 3570 3756 longe
3617 3685 3814 3740 factum
3845 3687 4041 3752 videri,

2441 3796 2599 3854 quam
2625 3796 2690 3836 ex
2720 3794 2827 3852 quo
2864 3777 3062 3835 factum
3091 3785 3206 3842 est,
3235 3776 3360 3832 dum
3391 3791 3497 3832 non
3543 3778 3859 3849 proponitur
3898 3777 4043 3833 unde

1990 3915 2368 3976 LECTIONES
2406 3915 2817 3977 VARIANTES.

809 4051 883 4176 (1)
910 4056 1112 4102 Possunt
1135 4059 1186 4100 et
1207 4050 1348 4102 aliter
1367 4049 1520 4102 Seml.
1550 4051 1744 4104 Oberth.

832 4115 882 4176 2)
909 4113 1103 4176 Initium
1130 4115 1312 4176 viarum
1353 4129 1550 4165 suarum
1591 4117 1729 4168 abest

832 4115 882 4171 2)
909 4113 1103 4164 Initium
1130 4115 1312 4162 viarum
1353 4129 1550 4165 suarum
1591 4117 1729 4168 abest
1772 4129 1802 4165 a
1829 4116 1982 4168 Seml.
2009 4116 2202 4171 Oberlh.
2232 4120 2350 4170 Mss.

810 4121 882 4224 (2)
912 4121 1103 4184 Initium
1130 4121 1312 4184 viarum
1353 4129 1550 4186 suarum
1591 4121 1695 4166 abet

742 4188 836 4225 non
875 4175 1050 4240 iubent.
1073 4183 1225 4240 inquit
1246 4177 1442 4240 Junius.
1469 4186 1512 4225 ct
1531 4178 1695 4229 abesse

808 4240 859 4297 (3
907 4239 1243 4294 instruxisset.
1279 4239 1416 4288 sentt.
1443 4240 1606 4290 Obert.

810 4241 883 4363 μζ
911 4299 1226 4363 Ὸίςροηριιόο
1242 4304 1340 4360 jam
1361 4302 1579 4363 fecerat;

1713 4184 1890 4243 potest,
1917 4189 2012 4231 etc.

911 4299 1226 4366 Disiioneudo
1242 4304 1340 4366 jam
1361 4302 1579 4364 fecerat;
1606 4310 1659 4352 et
1679 4303 1752 4366 sic
1775 4309 1885 4354 erat
1908 4305 2094 4355 initium
2116 4308 2301 4356 viarum
2321 4345 2336 4366 ,

743 4425 961 4487 cogitatu
1000 4426 1123 4475 viam
1162 4428 1296 4489 operi

2454 4067 2578 4127 tem,
2601 4056 2810 4127 etenim
2833 4050 2948 4119 legit
2984 4052 3164 4104 Junius
3185 4057 3233 4103 et
3252 4049 3505 4105 lectionem
3526 4064 3664 4103 suam
3687 4050 3910 4118 pluribus
3934 4065 4044 4103 uer-

2455 4118 2528 4170 bis
2545 4117 2774 4180 defendit.
2881 4117 2896 4119 ⁷

2505 4181 2577 4242 (5)
2604 4180 2858 4242 Adhibeho
2881 4175 3023 4242 seml.
3051 4173 3245 4242 oberth.

2599 4243 2707 4293 Non
2728 4241 2860 4293 deest
2885 4240 3027 4290 Rlien.
3049 4239 3189 4290 seml.
3213 4237 3375 4292 Obert.

2604 4182 2858 4230 Adhibeho
2881 4182 3023 4228 sentt.
3051 4182 3245 4227 Oberth.

2599 4243 2707 4293 Non
2728 4241 2860 4293 deest
2885 4240 3027 4290 Rlien.
3049 4239 3189 4290 seml.
3213 4237 3375 4292 Obert.

2560 4182 2774 4371 )Videri
2797 4317 2859 4353 ex
2881 4303 3046 4367 aliquo
3063 4303 3205 4355 semt.
3227 4303 3392 4356 Obert.
3411 4310 3524 4356 Jun.
3545 4303 3638 4368 leg.
3665 4307 3720 4355 ut
3737 4315 3866 4354 nunc
3883 4305 4037 4367 possit

2527 4245 2556 4293 6

808 4243 859 4297 (3
908 4243 1243 4294 lnstruxisset.
1279 4243 1416 4288 sentt.
1443 4243 1606 4290 Obert.
2527 4245 2556 4293 6
2599 4243 2707 4293 Non
2728 4243 2896 4293 deestt

810 4243 883 4372 (4)
911 4299 1226 4364 Ὸίςιοοηριιόο
1242 4304 1340 4360 jam
1361 4302 1579 4373 fecerat;
1606 4310 1659 4352 et
1679 4303 1752 4352 sic
1775 4309 1885 4354 erat
1908 4305 2094 4355 initium
2116 4308 2301 4356 viarum
2321 4345 2336 4366 ,
2605 4305 2774 4355 Videri
2797 4317 2859 4353 ex
2881 4318 2896 4352 ε

744 4377 857 4431 quia
880 4365 1108 4431 cogitatio
1142 4371 1195 4412 et
1225 4365 1479 4431 dispositio
1511 4368 1662 4431 prima
1700 4365 1895 4431 Sophia
1927 4368 1991 4416 sit
2008 4370 2247 4431 operatio,
2271 4369 2338 4418 de.
2365 4411 2418 4431 π
2444 4369 2494 4421 vi
2531 4369 2604 4420 eri
2628 4382 2689 4421 ex
2716 4368 2896 4430 aliquo.

1301 4377 1479 4476 gosruo
1510 4378 1662 4440 prima
1700 4377 1895 4427 Sophia
1927 4377 1991 4439 sit
2008 4377 2338 4443 operatio,.de

1336 4440 1392 4476 us
1409 4434 1688 4479 instituens.
1712 4427 1850 4481 Hauc
1878 4431 2058 4482 etttnde
2082 4440 2340 4482 auctorita-
2365 4411 2421 4473 Ῑ)

2104 4557 2661 4619 COMMENTARIUS.

825 4702 900 4777 (ε)
933 4698 1069 4777 [your
1105 4709 1151 4755 et
1177 4700 1242 4777 in
1266 4710 1432 4777 στωςο
1469 4693 2236 4777 ρέηεξρξξσυοσαςωιιςηιηίμιοᾴ
2264 4703 2337 4750 est

747 4763 899 4847 ἀμίδ’.
935 4763 1288 4847 Consentium
1312 4763 1476 4847 etiam
1512 4763 1842 4847 Tertulliauo
1870 4765 1921 4847 in
1948 4765 2338 4847 signiﬁcatione

747 4833 881 4917 ἧοξή
909 4860 1004 4912 pro
1034 4844 1373 4917 principatu.
1403 4835 1743 4917 Xenophon.
1777 4835 1866 4917 liii.
1903 4833 1924 4888 I
2087 4836 2333 4917 Imperio,

747 4905 1084 4977 Arismmle's,
1123 4911 1328 4966 puum,
1359 4911 1396 4970 1,
1427 4920 1478 4962 et
1507 4908 1675 4970 Plato,
1710 4907 1772 4960 de
1803 4905 2102 4973 Republica.
2132 4905 2264 4964 I‘iut.

821 4991 900 5050 ib)
933 4986 1082 5041 Unde
1122 4995 1169 5038 et
1211 4994 1441 5053 ἄρχιντας
1489 4980 1661 5032 dicunt
1690 4977 2031 5053 principeset
2072 4982 2341 5052 magistra-

747 5048 864 5116 tns'.‘
897 5060 1008 5114 Hoc
1050 5048 1306 5110 adnotata
1365 5053 1620 5121 dignum.
1670 5048 1813 5118 quod
1888 5049 1973 5104 uhi
2043 5048 2212 5120 graece
2258 5061 2337 5106 est

746 5142 988 5202 ἄρχιντις,
1033 5141 1150 5182 eam
1183 5134 1366 5181 voc‘em
1397 5120 1448 5202 in
1477 5120 1821 5202 translatione
1847 5121 2230 5202 scripturarum
2258 5138 2343 5202 re-

748 5190 921 5259 tinere
947 5190 1114 5255 soleat
1140 5205 1348 5260 auct0r;
1373 5194 1526 5249 sicuti
1553 5207 1712 5262 supra
1735 5193 1850 5244 adv.
1883 5190 1916 5244 .1
1924 5192 2115 5255 aditus,
2139 5208 2256 5262 cap.
2283 5193 2336 5260 9,

747 5285 803 5328 et
837 5272 990 5335 infra,
1022 5273 1112 5325 lih.
1143 5268 1228 5334 III,
1261 5267 1379 5320 adv.
1413 5264 1577 5320 Marc.
1607 5264 1745 5316 Nam
1775 5272 1819 5316 et
1849 5270 2079 5331 ἄρχοντας
2108 5265 2338 5335 (inquit,

749 5344 939 5401 Isaiam
968 5344 1161 5406 citans,
1203 5355 1322 5408 cap.
1353 5337 1397 5408 1)
1441 5335 1783 5408 Sodomorum
1807 5336 2030 5408 appellat
2068 5337 2340 5390 archontas

747 5425 956 5470 vestros.
1005 5405 1155 5467 Item
1179 5405 1284 5465 libf
1317 5405 1386 5462 de
1423 5405 2040 5476 Resurrectioneicaruis,
2081 5422 2198 5476 cap.
2243 5408 2333 5474 20,

745 5488 912 5543 alium
945 5487 1116 5540 locum
1147 5483 1296 5543 Isaite
1329 5480 1411 5542 Ill,
1462 5480 1557 5551 sic)
1581 5477 1760 5551 vertit,
1804 5475 2077 5551 Venturum
2114 5475 2166 5532 in
2187 5480 2335 5551 judi-

744 5559 876 5611 cium
904 5572 1017 5609 curn
1059 5553 1355 5624 presbyteris
1376 5560 1420 5605 et
1449 5548 1774 5624 archontibus
1801 5547 2162 5624 populi._l_’au.

818 5630 892 5688 lc)
925 5618 1665 5689 Archontas'dicuntprincipes
1685 5630 1730 5672 et
1753 5619 1979 5691 magistr.
2011 5618 2126 5674 Non
2162 5622 2334 5691 potuit

748 5699 832 5753 vir
859 5696 1193 5767 antiquitatis
1223 5695 1425 5767 peritus
1464 5707 1569 5746 nou
1611 5694 1858 5767 emittere
1885 5689 1985 5767 hoc
2012 5689 2232 5767 verbum
2263 5693 2332 5748 de

746 5761 1152 5826 Atheniensium
1198 5761 1494 5835 regimine;
1540 5761 1678 5832 apud
1739 5761 1837 5835 hos
1879 5763 2019 5816 enim
2071 5765 2330 5835 moriente

749 5841 926 5896 Codro
963 5840 1199 5893 extincta
1231 5832 1310 5891 est
1353 5849 1536 5905 regum
1564 5832 1833 5886 successio
1854 5875 1868 5897 ,
1902 5848 2094 5902 resque
2122 5834 2330 5902 publica

744 5913 1030 5967 commissa
1059 5910 1155 5965 fuit
1185 5907 1502 5982 praetoribus
1545 5905 1773 5974 primum
1807 5907 2075 5975 perpetuis
2101 5921 2193 5962 seu
2222 5922 2333 5963 ma-

2475 4697 2750 4752 istratibus
2794 4697 2902 4768 qui,
2924 4695 3208 4752 archontes
3238 4695 3493 4767 appellati
3521 4703 3653 4768 sunt,
3691 4709 3919 4752 numero
3949 4697 4039 4753 15.

2486 4772 2616 4824 reati
2647 4767 2828 4839 postea
2875 4767 3196 4824 decennales
3222 4779 3428 4839 septeni
3457 4811 3471 4831 ,
3519 4783 3582 4823 ac
3626 4767 3842 4822 demum
3866 4770 4039 4824 annui

2441 4838 2715 4895 constituti
2743 4853 2886 4895 sunt.
2921 4840 3130 4894 Primus
3155 4840 3353 4897 archon
3395 4838 3493 4893 fuit
3525 4839 3735 4901 Medon,
3767 4848 3822 4895 ut
3851 4851 4037 4894 narrat

2444 4911 2734 4968 Pausanias
2762 4913 2813 4966 in
2845 4911 3112 4975 Achaicis,
3143 4911 3231 4981 qui
3262 4927 3382 4965 cum
3411 4911 3545 4981 pede
3573 4911 3742 4964 altero
3773 4923 3918 4964 esset
3943 4912 4039 4964 de-

2445 4983 2584 5046 bilis,
2615 4984 2776 5039 frater
2803 4984 2921 5048 cjus
2950 4983 3144 5037 Neleus
3172 4984 3468 5053 principem
3502 4984 3649 5053 illum
3673 4982 3841 5036 creari
3870 4983 4037 5036 Athe-

2447 5055 2527 5109 nis
2555 5070 2659 5108 non
2689 5069 2846 5122 posse
2873 5055 3146 5110 sustinuit.
3176 5053 3329 5121 Quod
3351 5052 3472 5108 eum
3511 5052 3576 5107 ad
3609 5053 3911 5120 Apollinem
3942 5053 4036 5107 de-

2446 5124 2608 5179 latum
2627 5134 2787 5184 esset.
2809 5125 3101 5182 secundum
3124 5123 3423 5179 Medontem
3440 5125 3820 5192 pronuntiavit.
3839 5123 3916 5178 Ls:
3942 5123 4034 5179 Pa.

2515 5194 2879 5252 CAP.XX.—-
2896 5196 2974 5266 (d)
3003 5195 3066 5250 In
3082 5196 3332 5266 principio
3345 5206 3452 5248 erat
3482 5205 3790 5266 sermo,etc.
3820 5193 3938 5249 Non
3953 5211 4039 5249 so-

2445 5267 2768 5338 lumauclori
2786 5267 2924 5322 istud
2942 5264 2997 5322 et
3018 5268 3076 5322 D.
3094 5264 3363 5338 Cypriano
3391 5267 3641 5321 usitatum
3669 5264 3784 5338 fuit.
3806 5275 4038 5338 utsermo

2446 5337 2536 5391 Dei
2565 5341 2912 5407 potiusquam
2936 5336 3156 5394 verbum
3188 5338 3280 5392 Dei
3319 5339 3680 5405 appellaretur
3712 5336 3870 5390 ﬁlius.
3907 5337 4036 5391 Hinc.

2442 5409 2566 5463 illttd
2597 5410 2752 5479 hujus
2781 5411 2872 5466 lib.
2895 5409 2936 5464 Il
2957 5411 3252 5464 Testimon.
3277 5409 3520 5465 aduersus
3545 5407 3699 5474 Jud.,
3727 5423 3776 5462 c.
3806 5411 3870 5464 3:
3891 5407 4037 5473 Quod

2441 5479 2670 5534 Christus
2710 5482 2841 5535 idem
2876 5484 2941 5536 sit
2983 5497 3147 5537 sermo
3190 5479 3306 5545 Dei,
3343 5482 3432 5535 ubi
3476 5480 3527 5534 id
3555 5480 3746 5550 probat
3779 5494 3844 5533 ex
3874 5480 4034 5534 variis

2439 5552 2740 5618 scripturis.
2775 5553 2907 5607 l’au.

2505 5623 2654 5678 CAP.
2685 5623 2825 5677 XXI.
2855 5655 2926 5664 —
2953 5623 3030 5693 (e)
3067 5622 3145 5677 Ne
3165 5621 3362 5677 diversa
3383 5638 3522 5691 pars.
3557 5621 3752 5689 Supra,
3801 5619 3954 5677 Unde
3991 5630 4034 5676 et

2435 5695 2631 5748 dirersu
2649 5713 2765 5758 pars
2779 5696 3092 5759 suspiciones
3117 5712 3236 5749 suas
3265 5695 3444 5761 ﬁdeire
3469 5702 3700 5746 conatur.
3735 5693 3852 5747 llic.

2510 5767 2571 5833 (f)
2609 5763 2674 5819 Et
2705 5783 2804 5819 non
2827 5765 3140 5835 periclitatur
3169 5783 3230 5819 ne
3258 5783 3321 5820 ex
3344 5765 3535 5833 aliquo,
3570 5773 3674 5817 etc.
3713 5764 3857 5820 lianc
3880 5763 4032 5817 Iocu-

2435 5837 2633 5891 tionem
2658 5853 2752 5906 per
2783 5839 3000 5892 verbum
3026 5837 3280 5906 periclitor
3299 5838 3458 5891 etiam
3481 5835 3605 5892 alibi
3643 5847 3886 5906 usurpat,
3914 5835 4034 5887 inii-

2435 5911 2634 5964 tationc
2681 5907 3125 5980 Grecorum,qui
3170 5909 3338 5966 verbo
3375 5910 3621 5962 κινδυνιῦω
3663 5912 3743 5962 sic
3786 5915 4026 5962 utuntur.
