4262 6490
226 363 334 418 217

1332 363 1534 420 LIBER
1592 360 1955 421 ADVERSUS
1995 364 2498 423 HERMOGENEM.

3429 363 3538 422 318

227 481 290 533 sit
317 479 538 535 factum.
570 477 666 545 Ila,
709 479 752 535 si
791 494 856 536 es
900 478 1067 534 nihilo
1096 479 1234 535 Deus
1273 491 1460 535 cuncta
1500 479 1690 534 fecisse
1718 495 1823 536 nou
1855 491 1903 549 Α
1933 480 2035 537 huc
2084 492 2199 537 erat
2272 483 2464 538 factum
2491 525 2504 547 ,
2565 495 2630 538 ex
2666 494 2773 554 quo
2801 490 3052 552 operatus
3096 479 3387 538 videretur.
3433 479 3538 538 Ita-

230 577 397 642 potuit
455 576 554 628 etsi
584 577 663 646 (I)
691 575 964 644 Scriptura
996 589 1101 629 non
1127 575 1409 645 adjecisset
1440 575 1585 629 illum
1599 589 1664 629 ex
1689 575 1830 629 nihi-

228 669 277 721 lo
306 665 501 723 fccisse
533 667 606 736 (ll
639 667 815 722 Much.
846 666 955 730 VII,
986 666 1124 738 28);
1153 683 1217 722 ex
1241 665 1460 721 materia
1489 681 1610 722 eum
1643 666 1834 722 fecisse

228 760 370 813 omni
407 759 568 813 modo
594 759 778 815 debuit
816 760 1072 826 edixisse,
1119 760 1162 813 si
1205 771 1259 814 et
1307 775 1370 815 ex
1402 759 1480 829 (ἢ)
1507 760 1727 814 materia
1757 759 1835 815 fe-

228 852 414 917 «isset,
449 853 572 922 quia
605 852 732 908 illud
767 853 817 906 in
851 863 1016 908 totum
1061 853 1288 908 habebat
1319 853 1576 924 intelligi,
1599 855 1699 910 etsi
1727 870 1832 909 non

230 947 625 1017 signiﬁcaretur
657 965 670 1002 :
717 959 773 1004 at
827 949 965 1004 istud
997 952 1046 1002 in
1070 950 1254 1012 dubio,
1285 949 1384 1004 nisi
1416 949 1827 1020 signiﬁcaretur.

827 1041 1056 1098 CAPUT
1095 1041 1262 1098 XXII.

301 1137 480 1204 Atque
526 1135 660 1189 adeo
703 1133 935 1203 Spiritus
983 1137 1214 1190 Sanetus
1246 1135 1382 1190 hanc
1409 1135 1698 1206 Scriptura
1723 1151 1836 1192 sua:

230 1230 492 1283 rationem
549 1231 846 1295 constituit,
899 1239 955 1283 ut
1004 1243 1124 1284 curn
1174 1229 1300 1300 quid
1332 1246 1397 1292 ex
1445 1229 1625 1299 aliquo
1665 1230 1753 1295 sit,
1783 1239 1838 1286 et

229 1321 368 1376 unde
397 1320 466 1374 sit
495 1320 711 1376 referat.
745 1321 820 1393 (a)
856 1320 1080 1375 Fruiicet
1106 1322 1208 1392 ('5),
1238 1321 1438 1392 inquit,
1469 1331 1602 1376 terra
1630 1323 1837 1376 herbam

227 1415 370 1482 freni,
402 1416 735 1467 semiuantem
759 1429 924 1468 semen
951 1415 1228 1469 secundum
1273 1431 1450 1485 genus,
1475 1424 1522 1468 et
1559 1414 1837 1468 secundum

227 1507 632 1568 similitudinem,
660 1518 706 1561 et
750 1507 944 1578 lignum
989 1509 1303 1576 fructuosum
1349 1506 1540 1576 faciens
1592 1507 1834 1574 fructum,

226 1599 375 1666 cujus
405 1613 574 1652 semen
603 1601 654 1651 in
680 1599 790 1662 ipso
815 1601 866 1652 in
907 1599 1312 1652 similitudinem.
1347 1599 1409 1652 Et
1431 1599 1622 1669 factum
1650 1610 1720 1654 est
1741 1602 1833 1659 sic,

228 1687 292 1742 Et
320 1690 566 1758 produxit
595 1699 727 1743 terra
753 1691 956 1744 herbam
979 1692 1100 1760 [mni
1125 1691 1452 1745 seminanlem
1473 1704 1639 1746 semen
1660 1708 1838 1746 secun-

225 1783 349 1834 dum
381 1800 563 1852 genus,
607 1793 654 1837 et
679 1786 871 1854 lignum
905 1786 1218 1854 fructuosum
1249 1784 1440 1854 faciens
1474 1789 1714 1856 fructum,
1748 1801 1836 1838 cu-

214 1875 306 1944 jus
328 1891 502 1928 semen
540 1877 592 1928 in
617 1877 726 1946 ipso
753 1877 805 1929 in
833 1876 1235 1930 similitudinem.
1268 1875 1332 1930 Et
1363 1890 1582 1931 rursus:
1610 1874 1677 1928 Et
1707 1876 1837 1930 dixit

1937 591 2041 646 que
2111 577 2248 630 sicut
2324 590 2385 630 ea
2465 590 2586 646 qua!
2652 577 2722 631 de
2810 575 2988 646 aliquo
3077 576 3280 645 prolata
3367 585 3540 644 sunt,

1938 667 2173 724 ostendit
2231 667 2371 722 unde
2436 668 2636 738 prolata
2693 668 2801 723 sint
2845 686 2859 722 :
2915 670 2985 723 ita
3034 683 3153 738 quae
3203 684 3307 724 non
3357 679 3540 726 osten-

1937 760 2014 816 dit
2058 761 2196 818 undc
2242 761 2445 830 prolata
2493 761 2621 826 sint,
2671 777 2737 817 ex
2780 761 2947 817 nihilo
2989 763 3191 832 prolata
3235 762 3538 819 conﬁrmat.

1939 852 2103 924 Igitur
2121 855 2173 906 iu
2203 854 2452 924 principio
2473 851 2613 908 Deus
2637 855 2754 925 fecit
2787 854 2966 908 caelum
2980 862 3028 907 et
3057 862 3243 908 terram
3293 852 3373 925 (d)
3403 853 3541 908 Ado-

1939 961 1999 1000 ro
2022 946 2312 1015 Scriptum
2343 945 2751 1016 plenitudinem,
2783 962 2884 1017 qua
2912 944 2990 1017 (6)
3021 945 3148 999 mihi
3181 954 3237 1001 et
3281 945 3540 1002 factorem

1939 1037 2245 1095 manifestat
2268 1049 2321 1095 et
2362 1043 2516 1096 facta.
2547 1039 2603 1095 In
2635 1041 2924 1112 Evangelio
2950 1056 3080 1097 vero
3103 1041 3333 1112 amplius
3357 1053 3409 1095 et
3437 1041 3540 1095 mi-

1940 1131 2166 1186 nistrum
2207 1143 2368 1202 atque
2398 1132 2470 1204 (e)
2500 1132 2762 1188 arbitrum
2813 1134 3038 1187 rectoris
3079 1132 3292 1187 invenio
3331 1145 3541 1187 sermo-

1941 1240 2084 1280 nem.
2120 1228 2198 1279 An
2242 1234 2420 1280 autem
2473 1226 2540 1281 de
2588 1226 2764 1295 aliqua
2809 1225 3104 1296 subjacenti
3151 1227 3372 1281 materia
3405 1225 3540 1279 facta

1940 1319 2048 1373 sint
2086 1318 2285 1384 omnia,
2326 1333 2586 1390 nusquam
2626 1317 2802 1373 adhuc
2842 1318 2967 1388 legi.
2998 1317 3269 1388 Scriptum
3298 1332 3417 1371 esse
3445 1318 3542 1370 do-

1939 1419 2057 1466 ceat
2088 1409 2435 1480 Hermogenis
2479 1409 2712 1467 officina.
2754 1410 2810 1466 Si
2862 1425 2968 1465 non
3015 1418 3100 1464 est
3146 1409 3440 1479 scriptum,
3471 1409 3539 1462 ti-

1941 1513 2083 1559 meat
2118 1503 2187 1576 (ι’)
2227 1519 2308 1559 νε
2354 1503 2480 1559 illud
2512 1546 2527 1571 ,
2578 1503 2952 1574 adjicientibus
2999 1511 3091 1559 aut
3136 1501 3542 1558 detrahentibus

1939 1593 2266 1652 destinatum
2307 1594 2491 1668 (Apoc.
2519 1594 2686 1660 XXII,
2721 1595 2806 1661 18,
2840 1594 2954 1666 I9).

2519 1689 2745 1746 CAPUT
2777 1689 2966 1745 XXIII.

2010 1781 2115 1838 Sed
2174 1798 2240 1836 es
2303 1782 2653 1851 sequentibus
2727 1793 3158 1854 argumentatur,
3219 1784 3340 1855 quia
3411 1783 3540 1839 scri-

1939 1884 2090 1946 ptum
2141 1874 2211 1928 sit
2264 1892 2276 1928 :
2341 1874 2498 1929 Terra
2553 1885 2723 1930 autem
2779 1887 2887 1930 erat
2945 1877 3209 1931 invisibilis
3264 1885 3312 1930 et
3350 1877 3543 1930 incom-

225 1966 363 2021 Deus
392 1983 410 2020 :
439 1967 514 2038 (b)
548 1967 840 2022 Producant
863 1984 1007 2038 aqua:
1027 1969 1252 2038 repentia
1279 1969 1565 2022 animarum
1582 1970 1826 2032 vivarum,
1861 1962 1906 2021 Β
1934 1971 2117 2040 posita.
2147 1968 2223 2042 (g)
2290 1967 2420 2024 Nam
2493 1980 2547 2024 et
2612 1980 2760 2024 terra:
2824 1970 2903 2043 (7)
2963 1986 3158 2025 nomen
3222 1969 3413 2039 redigit
3486 1970 3538 2023 in

223 2070 270 2114 et
291 2061 525 2114 volatilia
549 2062 773 2114 volantia
796 2078 948 2131 super
973 2073 1159 2116 terram
1190 2078 1277 2131 per
1301 2062 1671 2130 firmamentum
1694 2062 1830 2115 caeli.

225 2152 291 2206 Et
319 2155 517 2221 factum
543 2155 724 2208 estsic.
759 2149 821 2206 Et
845 2154 960 2222 fecit
989 2153 1122 2208 Deus
1143 2164 1275 2208 cetos
1305 2169 1534 2224 magnos,
1559 2163 1605 2206 et
1632 2168 1829 2208 omnem

221 2249 452 2300 animant
477 2247 779 2301 animalium
819 2251 1100 2316 repentium
1120 2289 1133 2311 ,
1163 2263 1277 2316 qua
1312 2247 1658 2314 produxerunt
1688 2263 1833 2316 aqua:

221 2341 505 2395 secundum
557 2355 715 2410 genus
759 2341 1003 2412 ipsorum.
1059 2343 1187 2397 Item
1241 2350 1362 2409 post
1408 2340 1558 2397 haec:
1593 2340 1656 2394 Et
1703 2339 1833 2394 dixit

224 2431 365 2485 Deus
391 2449 409 2484 :
433 2431 692 2486 Producat
737 2443 868 2484 terra
909 2434 1133 2489 animum
1159 2433 1400 2486 viventem
1439 2433 1712 2486 secundum
1747 2448 1834 2501 ge-

222 2543 341 2584 nus,
389 2525 745 2595 quadrupedia
786 2536 832 2578 et
873 2526 1115 2595 rcpentia,
1147 2535 1194 2580 et
1223 2525 1404 2579 bestias
1447 2533 1625 2589 terrm,
1653 2541 1833 2578 secun-

222 2618 344 2672 dum
377 2634 540 2687 genus
596 2618 820 2686 ipsorum
854 2617 1082 2687 (Cenes.,
1120 2635 1232 2687 cap.
1272 2618 1308 2682 I,
1341 2634 1389 2670 v.
1449 2617 1508 2672 II
1551 2627 1597 2672 et
1643 2618 1829 2688 καφ).

222 2709 272 2764 Si
307 2725 442 2779 ergo
472 2710 662 2778 exjam
698 2710 849 2764 factis
881 2711 1061 2774 rebus,
1091 2711 1223 2767 alias
1248 2725 1333 2766 res
1362 2711 1502 2766 Dens
1530 2710 1830 2780 proferens,

222 2803 462 2859 ostendit
498 2818 592 2871 per
613 2803 950 2872 prophetam,
988 2813 1040 2857 et
1072 2803 1201 2858 dicit
1227 2803 1351 2874 quid
1379 2803 1521 2858 unde
1555 2804 1834 2872 protulerit

226 2895 578 2965 (quamquam
603 2897 869 2965 possimus
923 2897 1062 2952 unde
1120 2898 1196 2969 (I)
1256 2898 1372 2952 illas
1418 2897 1651 2966 prolatas
1681 2897 1829 2950 aesti-

223 3003 372 3043 mare
408 2990 514 3059 (5).
564 2987 690 3042 dum
721 3005 787 3044 ne
823 3004 890 3044 ex
927 2989 1123 3054 nihilo;
1153 2990 1262 3056 jam
1307 2990 1449 3044 enim
1499 2990 1630 3042 facta
1679 2996 1834 3043 erant

222 3080 496 3150 quaedam,
521 3096 585 3135 ex
624 3081 814 3151 quibus
857 3082 1076 3151 prolatae
1129 3082 1296 3138 videri
1326 3083 1566 3152 possent)
1593 3099 1605 3136 :
1635 3083 1677 3137 si
1711 3091 1832 3136 tau-

223 3181 329 3225 tam
380 3187 565 3226 curam
614 3174 974 3228 instructionis
1021 3184 1216 3228 nostris
1268 3175 1551 3243 insumpsit
1601 3174 1832 3245 Spiritus

223 3277 467 3329 sanctus,
515 3276 573 3320 ut
610 3268 870 3325 sciremus
895 3267 1021 3338 quid
1068 3269 1209 3323 unde
1261 3269 1600 3337 processerit,
1655 3283 1832 3323 nonne

1938 2063 2214 2120 materiam
2247 2061 2350 2135 (8),
2381 2063 2503 2133 quia
2532 2073 2671 2117 terra
2698 2064 2768 2117 sit
2795 2079 2916 2134 quae
2947 2062 3081 2118 facta
3107 2071 3190 2119 est
3218 2078 3282 2117 cx
3330 2061 3438 2116 illa.
3473 2061 3542 2116 Et

1937 2167 2044 2211 erat
2097 2157 2148 2210 in
2182 2157 2281 2210 hoc
2325 2156 2523 2228 dirigit.
2567 2156 2717 2226 quasi
2765 2171 2886 2227 quas
2934 2171 3150 2226 semper
3194 2166 3339 2210 retro
3383 2155 3541 2209 fuerit

1937 2249 2117 2302 innata
2148 2256 2202 2301 et
2223 2245 2437 2302 infecta.
2472 2246 2552 2319 (b)
2578 2245 2862 2302 Invisibilis
2923 2257 3100 2302 autem
3130 2257 3184 2303 et
3215 2247 3382 2312 rudis,
3418 2247 3541 2316 quia

1937 2341 2222 2395 informem
2246 2348 2300 2394 et
2323 2338 2600 2394 confusam
2627 2349 2681 2393 et
2712 2338 3036 2394 inconditam
3076 2340 3190 2399 vult
3228 2339 3397 2393 fuisse
3426 2353 3543 2393 ma-

1938 2433 2145 2488 teriam.
2172 2431 2278 2486 Ilss
2299 2431 2514 2500 quidem
2545 2431 2824 2500 opiniones
2854 2430 2971 2500 ejus
3000 2430 3308 2500 singillatim
3344 2425 3422 2502 (9)
3457 2444 3543 2485 re-

1937 2525 2167 2590 vincam,
2209 2523 2304 2578 sed
2360 2523 2571 2578 interim
2628 2522 2752 2577 volo
2804 2524 2882 2577 sic
2925 2523 2972 2577 ei
3009 2522 3359 2590 respondere.
3386 2522 3543 2576 Puta-

1936 2633 2054 2672 mus
2079 2616 2195 2690 (I0)
2250 2616 2330 2671 his
2362 2608 2600 2670 articulis
2631 2615 2908 2670 materiam
2950 2615 3327 2672 demonstrari.
3381 2613 3543 2668 Num-

1936 2710 2060 2782 quid
2094 2721 2291 2773 tamen,
2323 2709 2446 2780 quia
2469 2717 2585 2763 erat
2609 2718 2734 2763 ante
2755 2708 2958 2775 omnia,
2986 2717 3041 2762 et
3065 2707 3170 2762 tale
3196 2706 3393 2777 aliquid
3421 2721 3542 2762 esse

1936 2821 1999 2860 ex
2023 2821 2083 2859 ea
2109 2803 2304 2858 factum
2330 2802 2602 2872 Scriptura
2632 2801 2920 2871 significat?
2949 2802 3143 2871 Atquin
3165 2801 3296 2855 nihil
3329 2800 3433 2855 tale
3464 2801 3538 2854 si-

1935 2898 2172 2967 gniﬁcat.
2202 2895 2384 2950 Fuerit
2424 2895 2549 2949 licet
2582 2895 2824 2959 materia,
2859 2903 3115 2962 quantum
3144 2893 3243 2948 sibi
3274 2894 3417 2958 licet,
3453 2891 3540 2948 vel

1937 2990 2112 3062 potius
2151 2987 2475 3058 Hermogeni
2509 3006 2523 3038 :
2559 2987 2730 3057 potuit
2776 2997 2830 3041 et
2869 2985 3032 3040 fuisse
3055 3029 3068 3050 ,
3100 2994 3154 3039 et
3179 2994 3356 3040 tamen
3405 2982 3539 3038 nihil

1939 3084 2077 3142 Deus
2103 3098 2167 3136 ex
2197 3081 2284 3136 illa
2313 3079 2529 3147 fecisse,
2559 3079 2644 3135 vel
2680 3079 2801 3149 quia
2830 3094 2935 3132 non
2966 3079 3192 3133 decebat
3234 3077 3397 3132 Deum
3436 3076 3538 3130 ali-

1935 3176 2089 3245 cujus
2113 3177 2344 3245 eguisse,
2369 3183 2516 3228 certe
2542 3172 2666 3244 quia
2696 3186 2795 3226 nec
2833 3169 3136 3226 ostenditur
3163 3169 3445 3240 quicquam
3473 3183 3540 3222 ex

1938 3273 2158 3328 materia
2196 3270 2401 3325 fecisse.
2431 3266 2560 3323 Siue
2600 3279 2788 3321 caussa
2829 3279 2959 3336 ergo
3002 3273 3166 3330 esset,
3198 3262 3392 3331 inquis.
3424 3258 3541 3320 Non

222 3359 454 3427 proinde
483 3375 580 3414 nos
606 3369 660 3412 et
691 3357 763 3429 (ι’)
795 3358 860 3412 de
888 3359 1028 3412 caelo
1068 3369 1122 3413 et
1150 3359 1216 3412 de
1248 3369 1386 3413 terra
1401 3369 1679 3429 computes
1701 3359 1826 3413 red-
1857 3361 1901 3422 C
1939 3366 2095 3435 plane
2139 3362 2276 3417 adeo
2320 3363 2438 3416 sine
2481 3374 2694 3415 caussa.
2723 3356 2855 3412 Nam
2906 3357 3004 3413 etsi
3036 3355 3266 3410 mundus
3307 3370 3412 3408 non
3459 3363 3542 3408 est

222 3451 472 3516 didisset,
520 3451 867 3517 signiﬁcando
898 3451 1038 3504 unde
1091 3466 1152 3505 ea
1201 3460 1347 3506 esset
1386 3461 1657 3520 operatus,
1685 3452 1728 3504 si
1758 3451 1827 3506 de

223 3545 401 3614 aliqua
426 3543 648 3598 materia
678 3544 826 3611 origo
855 3553 1125 3599 constaret
1156 3541 1407 3598 illorum?
1439 3552 1497 3597 ut
1525 3551 1674 3598 tanto
1709 3557 1825 3597 ma-

223 3637 300 3706 gis
329 3653 399 3691 ex
427 3636 597 3692 nihilo
623 3650 686 3692 ea
715 3635 984 3692 videretur
1025 3645 1296 3708 operatus,
1329 3645 1534 3707 quanto
1573 3634 1706 3690 nihil
1737 3633 1833 3689 ad.

1932 3457 2104 3513 factus
2152 3472 2216 3510 ex
2269 3456 2375 3519 illa,
2425 3453 2519 3509 sed
2576 3451 2794 3507 lucresis
2849 3449 2985 3505 facta
3031 3459 3149 3513 est,
3203 3459 3258 3503 et
3312 3447 3532 3518 quidem

1937 3553 2036 3608 hoc
2066 3547 2423 3620 impudentior
2447 3589 2463 3615 ,
2493 3546 2633 3620 quod
2669 3561 2773 3601 non
2801 3561 2868 3600 ex
2896 3544 3117 3602 materia
3151 3542 3284 3598 facta
3312 3551 3396 3598 est
3422 3540 3538 3599 lue-

1937 3649 2089 3712 resis,
2114 3645 2211 3702 sed
2243 3643 2518 3700 materiam
2544 3643 2714 3713 ipsam
2743 3640 2919 3713 potius
2945 3637 3168 3698 haeresis
3195 3635 3339 3692 fecit.

1453 3768 1835 3828 LECTIONES
1873 3759 2287 3824 VARIANTES.

293 3908 367 3978 ll)
387 3904 663 3978 βιείαεεεξ
679 3900 1041 3978 Saetabum.

387 3966 1067 4100 Ereti;i‘Iiieftfg'énngbgrlh.

315 4094 363 4154 t)
391 4092 532 4141 Unde
559 4091 688 4141 unde
714 4092 810 4154 ttiq.
841 4102 880 4139 η
899 4105 1019 4143 omo.
1046 4095 1148 4142 Lat.

315 4096 363 4154 t)
391 4096 532 4141 Unde
559 4096 688 4141 mule
714 4096 810 4153 ttiq.
841 4102 880 4139 η
899 4105 1019 4143 omo.
1046 4096 1148 4142 Lat.

290 4096 362 4222 ES)
387 4154 684 4207 Existimare
710 4152 814 4220 ltig.
839 4168 867 4205 e
890 4158 1000 4206 cod.
1029 4154 1222 4207 Divion.

2003 3902 2074 3975 (ﬁl
2099 3900 2220 3975 Quae
2238 3910 2400 3975 φυιςξ
2421 3891 2679 3975 elidat?
2693 3896 2815 3975 1393-

2005 3957 2078 4028 (7)
2099 3957 2159 4028 Et
2184 3964 2230 4028 in
2253 3968 2400 4028 terra:
2423 3959 2568 4008 Rhea.
2594 3957 2809 4028 conjicit.

2007 4019 2078 4094 (8)
2103 4025 2162 4094 In
2185 4023 2321 4094 deest
2344 4024 2494 4094 Frae-
2521 4019 2813 4088 ιἀτίευήίσ.

2006 4083 2078 4148 (9)
2099 4085 2357 4143 Sigillatim
2376 4083 2466 4136 alii

2007 4145 2110 4215 (10)
2137 4150 2376 4201 Putemus
2396 4145 2592 4214 conjicit
2610 4155 2724 4197 Jun.

1589 4255 2148 4316 COMMENTARIUS.

221 4377 340 4433 Non
368 4375 724 4448 periclitatur,
755 4374 855 4430 hoc
905 4383 1018 4441 est,
1051 4374 1221 4440 abest,
1253 4388 1381 4498 ετοιίὶ
1406 4381 1486 4427 est
1517 4372 1830 4443 periculum.

1389 4460 1514 4498 usu.

300 4518 460 4574 CAP.
488 4516 657 4573 XXII.
688 4515 849 4588 —(a)
885 4516 1316 4584 Fruticet,inquit,
1338 4460 1828 4588 agritﬂlierbamﬂlc.

221 4592 312 4648 Sic
336 4593 531 4646 iterum
549 4585 897 4658 legimustum
915 4589 1017 4650 hic,
1037 4599 1145 4642 tum
1169 4586 1471 4650 inlrac.29,
1495 4602 1559 4641 ex
1583 4585 1830 4640 admoni-

221 4666 370 4718 tione
387 4661 600 4724 Latinii,
617 4676 712 4731 pro
725 4677 790 4713 eo
801 4661 939 4731 quod
955 4659 1246 4720 Rhenanus
1259 4658 1626 4716 substituent.
1646 4658 1800 4729 fructi
1810 4687 1829 4698 -

1939 4383 2037 4426 suo
2064 4369 2114 4426 in
2144 4367 2458 4442 explicanda
2484 4366 2756 4434 Scriptura
2775 4367 2907 4439 jaeit
2937 4382 2967 4422 a
2993 4367 3186 4438 quibus
3219 4367 3540 4492 (Egepnlilum.

3224 4455 3300 4494 LE
3337 4455 3429 4494 γει.

2009 4511 2087 4584 (e)
2116 4512 2372 4584 Arbitrum
2423 4510 2648 4584 rectoris
2686 4509 2897 4584 invenio
2935 4525 3257 4584 serm_onem._
3295 4511 3544 4567 Scriben-

1938 4580 2088 4648 dum,
2118 4593 2174 4638 ut
2200 4593 2280 4638 est
2307 4583 2357 4636 itt
2387 4582 2574 4638 codice
2592 4581 2922 4647 Divionensi,
2952 4580 3210 4634 Arbitrum
3231 4580 3442 4651 factoris
3463 4587 3543 4639 in.

1936 4656 2080 4709 venio
2108 4671 2409 4711 sermonem.
2451 4653 2572 4711 th.

220 4739 361 4816 βιζειι
395 4732 564 4818 ἰδίως
584 4729 1135 4818 εὸεηθεῑεκίιυφργίξκ
1150 4745 1326 4818 ἕτεοὲ
1351 4735 1679 4818 digging?“
1704 4744 1824 4818 Si?!“
1849 4729 1902 4791 Ῑ)
2002 4746 2068 4818 (f)
2109 4745 2194 4800 Va:
2219 4746 2349 4818 illud
2376 4745 2748 4816 adjicieutibus,
2776 4753 2882 4800 etc.
2912 4742 3091 4818 Sacrae
3133 4745 3413 4818 scriptum
3445 4747 3540 4802 ad-

222 4800 432 4861 minare
459 4800 508 4857 et
539 4800 820 4858 fructicare
842 4800 1124 4870 signiﬁcet,
1149 4817 1253 4855 non
1301 4800 1624 4854 fructiﬁcare
1648 4842 1660 4860 ,

196 4877 388 4931 'ltmdo
440 4875 603 4930 etiam
661 4888 817 4929 voces
892 4873 1100 4929 heliraea
1169 4884 1223 4926 et
1288 4870 1548 4927 chaldea.
1607 4871 1825 4926 Rectius

216 4957 404 5009 autem
437 4945 601 5002 vertit
635 4955 822 5005 auctor
850 4946 1044 5017 lignum
1070 4947 1386 5017 fructuosum
1402 4957 1571 5017 ζει-ο,
1591 4957 1656 4996 eo
1681 4942 1825 5010 quod

219 5033 400 5088 graec
440 5025 524 5071 est
567 5023 807 5086 κέρτιμσν
839 5057 854 5083 ,
890 5012 1077 5087 ’ψιπηιί
1113 5014 1309 5068 latinus
1353 5012 1499 5068 LXX
1561 5014 1825 5082 interpres

221 5090 559 5162 ρονηίμεν-ιυηἶ
591 5088 728 5142 Part.

296 5154 380 5228 (bi
415 5158 711 5212 Producant
755 5173 901 5228 aqua
945 5157 1193 5225 repentia.
1246 5155 1454 5211 Putavit
1499 5156 1615 5211 sine
1657 5154 1825 5210 dubio

219 5233 418 5286 melius
448 5230 595 5286 reddi
649 5227 1072 5300 repentiatpxot-a
1099 5242 1257 5286 quam
1299 5227 1529 5300 reptilia,
1563 5227 1819 5300 ut_codex

219 5305 496 5370 vulgatus,
519 5296 842 5370 quamquam
870 5296 1060 5355 melius
1086 5307 1330 5370 putarem
1356 5296 1589 5370 reptilia.
1616 5296 1690 5352 Ls
1721 5299 1816 5353 Pa.

293 5369 372 5445 (e)
404 5372 480 5445 De
499 5369 624 5425 celo
648 5381 693 5424 et
719 5371 783 5425 de
815 5380 980 5445 terra,
997 5379 1105 5425 etc.
1139 5369 1192 5424 ld
1236 5380 1319 5445 cst
1345 5369 1573 5445 Spiritus
1595 5381 1820 5445 sanctus

216 5440 312 5516 qui
338 5444 462 5500 celi
489 5457 681 5516 arcana
709 5458 806 5497 nos
830 5442 1079 5516 docebat,
1107 5442 1413 5516 monuisset
1425 5441 1488 5493 de
1511 5440 1635 5516 caelo
1659 5457 1819 5516 aquo

215 5511 307 5574 res
340 5525 539 5570 creata:
570 5512 808 5568 luissent.
841 5513 983 5568 Idem
1024 5528 1236 5582 quoque
1278 5511 1506 5582 Spiritus
1548 5511 1820 5568 docuisset

216 5591 282 5642 de
308 5599 447 5640 terra
477 5601 541 5640 ex
571 5599 670 5653 qua
697 5597 1009 5643 crearentur
1036 5581 1055 5638 ἑ
1081 5585 1265 5652 sicque
1291 5581 1389 5638 nos
1412 5581 1480 5638 de
1509 5583 1647 5638 caelo
1673 5593 1726 5638 et
1749 5583 1818 5640 de

217 5671 364 5717 terra
387 5665 665 5724 compotes
685 5655 1018 5710 reddidisset.
1053 5655 1128 5709 LE
1151 5655 1248 5710 Pu.

293 5731 378 5800 (ti)
405 5728 576 5800 Adoro
594 5726 871 5795 Scriptura!
897 5727 1276 5800 plenitudinem.
1306 5724 1819 5800 Vencntionemali-

215 5797 383 5872 quam
413 5799 666 5872 tribuisse
704 5813 858 5853 sacro
902 5799 1085 5872 textui
1113 5810 1382 5854 auctorem
1417 5798 1577 5872 hunc,
1609 5797 1814 5872 nullum

221 5868 354 5946 puto
400 5872 516 5928 fore
565 5870 656 5940 qui
712 5879 888 5941 neget,
935 5869 1181 5941 quaedam
1223 5879 1402 5925 tamen
1449 5869 1709 5940 principia
1748 5868 1816 5925 de

1693 4814 1828 4870 (μεθ’

1930 4813 2059 4872 dere
2109 4818 2189 4870 vel
2221 4813 2506 4872 detrahere
2539 4832 2741 4871 summa
2771 4825 2914 4869 esset
2960 4813 3200 4870 audacia.
3234 4813 3431 4871 Verum
3472 4821 3538 4874 il-

1930 4890 2031 4944 lius
2059 4889 2449 4954 interpretatio.
2477 4900 2580 4942 non
2608 4902 2672 4940 ex
2713 4887 3126 4940 homnncionum
3153 4890 3400 4954 cerebro,
3435 4893 3532 4946 sed

1929 4976 1999 5014 ex
2033 4959 2284 5013 Ecclesiae
2316 4960 2521 5028 placitis
2571 4968 2627 5013 et
2671 4956 2769 5018 SS.
2813 4957 3028 5014 Patrum
3079 4958 3537 5017 lucubrationibus

1932 5040 2136 5086 tantum
2163 5031 2396 5085 eruenda
2439 5039 2541 5085 est.
2575 5029 2730 5096 Quod
2783 5029 2998 5098 adjicio,
3050 5038 3107 5082 ut
3157 5028 3533 5088 haereticorum

1931 5102 2212 5172 protervie
2265 5103 2453 5162 obvius
2502 5115 2800 5164 occurram,
2837 5100 2942 5172 qui
2993 5115 3058 5153 ex
3118 5100 3218 5152 hoc
3269 5101 3386 5154 loco
3434 5105 3531 5158 an-

1929 5169 2054 5244 quid
2079 5188 2269 5228 eruere
2296 5187 2452 5243 posse
2476 5172 2761 5228 crederent
2785 5169 2852 5225 ad
2885 5171 3188 5295 futuitatutl‘t‘
3193 5172 3526 5296 1ἒευιιξείἀὶιηιι.

3301 5258 3353 5296 ιι.

1996 5334 2503 5409 CAP.XXlIl.—-(g)
2531 5333 2669 5390 Nam
2699 5343 2744 5409 et
2773 5343 2920 5409 (01'le
2960 5347 3161 5409 nomen.
3190 5333 3426 5409 Propius
3448 5336 3532 5409 hic

1925 5409 2276 5480 Hermogenis
2306 5405 2544 5480 errorem
2574 5405 2928 5477 tangit,cujus
2948 5406 3205 5480 originem
3220 5420 3377 5480 eaeo
3406 5408 3532 5462 fuis-

1923 5476 2180 5542 sedocet.
2204 5478 2345 5551 quod
2393 5495 2486 5549 per
2511 5476 2678 5533 teme
2704 5492 2897 5533 nomen
2942 5477 3220 5551 materiam
3262 5476 3531 5549 designari

1921 5555 2187 5608 crederet.
2223 5547 2237 5551 ’
2395 5547 2405 5549 ⁷
3001 5547 3078 5603 Ls
3109 5547 3205 5602 Pu.
3388 5547 3405 5549 '
3483 5559 3487 5562 ‘

1993 5649 2075 5719 (b)
2093 5646 2364 5701 Invisibilis
2387 5655 2556 5700 autem
2582 5655 2626 5698 et
2645 5645 2802 5698 rudis.
2833 5643 3045 5697 Dixerat
3062 5641 3522 5719 mmlo,inromp_o-

1919 5715 2038 5785 sita,
2059 5715 2153 5788 pro
2178 5732 2243 5772 eo
2255 5719 2394 5788 quod
2420 5726 2502 5771 est
2523 5719 2580 5788 in
2601 5731 2776 5784 graeco
2793 5720 3229 5788 inirdaxst'mrroc,
3249 5715 3345 5788 hic
3370 5716 3514 5770 rudis

1917 5785 2132 5852 dicitur,
2165 5799 2222 5844 ut
2259 5785 2448 5843 Ovidio
2481 5788 2496 5841 Ι
2530 5787 2875 5858 Metamorph.
2902 5816 2974 5827 —
3020 5785 3184 5846 [ludis
3239 5787 3516 5858 indigesta-

1916 5879 2011 5935 que
2035 5862 2210 5918 moles.
2235 5859 2312 5916 Le.
2350 5859 2448 5916 Pu.
