4262 6490
717 364 827 429 919

1289 485 1517 543 CAPUT
1555 485 1746 543 XXIV.

790 579 1055 635 Revertor
1087 593 1229 635 nunc
1253 579 1318 633 ad
1366 580 1605 649 singulos
1631 579 1904 643 articulos,
1930 595 2025 650 per
2058 593 2193 651 quos
2220 594 2318 649 pu-

720 676 852 730 tavit
891 674 1240 745 significatam
1271 670 1393 729 esse
1420 675 1722 728 materiam.
1764 675 1827 728 Et
1854 674 2027 742 primo
2054 674 2121 727 de
2148 673 2321 727 nomi-

719 767 874 823 nibus
910 766 1280 836 expostulabo.
1335 765 1532 821 Horum
1595 767 1736 821 enim
1794 767 2020 821 alterum
2073 767 2316 836 legimus,

718 860 860 929 quod
906 869 989 914 est
1036 870 1195 914 terrae
1229 859 1498 915 :alterum
1538 876 1641 913 non
1691 859 2009 925 invenimus,
2053 859 2191 930 quod
2239 869 2321 914 est

720 952 979 1008 materiae.
1014 952 1209 1019 Quaero
1261 964 1408 1020 ergo,
1451 966 1571 1005 cum
1613 951 1849 1005 materiae
1881 950 2172 1004 nominatio
2215 965 2319 1005 nou

722 1054 899 1099 exSIet
930 1043 981 1097 in
1011 1042 1310 1111 Scriptura,
1335 1042 1604 1112 quomodo
1624 1044 1672 1097 ei
1701 1044 1861 1097 etiam
1897 1053 2052 1097 terrae
2078 1044 2320 1113 appella-

722 1138 797 1193 tio
820 1136 1257 1192 accommodetur
1302 1138 1353 1191 iu
1384 1137 1491 1191 alio
1526 1136 1636 1206 jam
1665 1152 1863 1208 genere
1891 1136 2200 1195 substantiae
2226 1154 2324 1191 uo-

722 1230 819 1285 ta?
857 1230 974 1299 Quo
1019 1231 1187 1299 magis
1227 1231 1464 1284 materiae
1499 1246 1711 1300 quoque
1756 1231 2047 1284 nominatio
2082 1231 2323 1287 extitisse

722 1320 998 1383 debuerat,
1026 1330 1312 1375 consecuta
1360 1321 1519 1374 etiam
1569 1331 1725 1375 teme
1778 1322 2212 1391 appellaliOnem,
2268 1332 2323 1378 ut

721 1415 915 1469 scirem
946 1425 1139 1469 terram
1165 1427 1451 1469 commune
1471 1430 1593 1469 cum
1619 1416 1838 1469 materia
1867 1430 1986 1471 esse
2015 1430 2229 1480 nomen,
2257 1433 2324 1474 ne

724 1506 851 1561 illud
899 1507 947 1563 ei
994 1508 1092 1562 soli
1146 1508 1457 1563 substantia:
1508 1508 1855 1572 vindicarem,
1896 1509 2047 1576 cujus
2091 1519 2143 1563 et
2188 1526 2327 1577 pro-

725 1599 920 1669 prium,
956 1600 1006 1653 in
1033 1615 1135 1669 qua
1168 1600 1333 1670 magis
1365 1609 1545 1657 notum
1573 1609 1655 1655 est
1701 1599 1809 1672 (l),
1859 1601 1938 1655 vel
1989 1617 2056 1655 ne
2103 1600 2224 1656 illud
2272 1604 2324 1658 in

725 1707 1117 1762 quamcumque
1147 1692 1304 1745 aliam
1333 1693 1589 1762 speciem,
1623 1707 1721 1747 nec
1754 1694 1937 1763 utique
1962 1694 2107 1749 omni
2154 1708 2210 1747 m.
2243 1704 2325 1748 te-

727 1784 821 1839 riie
853 1785 1252 1841 communicare
1288 1798 1497 1854 possem
1518 1825 1533 1844 .
1562 1785 1604 1839 si
1638 1785 1850 1840 vellem.
1886 1785 2018 1839 (lum
2048 1787 2189 1839 enim
2220 1799 2324 1840 non

2145 364 2608 425 TERTULLIANI

2349 488 2401 546 Λ
2428 501 2486 541 se
2520 504 2534 541 :
2570 488 2705 543 banc
2731 501 2860 543 vero
2901 497 3136 543 nostram
3167 486 3395 558 proinde
3433 497 3488 544 et
3533 487 3779 553 formam,
3807 497 3864 543 et
3903 501 4035 543 con-

3925 365 4033 425 εεο

2423 588 2662 649 spectum
2685 617 2700 639 .
2729 589 2782 634 et
2823 580 3024 634 cultum
3045 622 3059 646 ,
3091 596 3120 635 a
3162 580 3274 636 Deo
3302 589 3664 635 consecutam.
3698 580 3856 635 Aliud
3898 594 4033 650 ergo

2425 670 2615 725 factam
2663 687 2821 743 quam
2866 684 2980 728 erat
3024 688 3085 727 ea
3117 688 3182 728 ex
3227 689 3330 744 qua
3376 672 3511 727 facta
3539 682 3640 729 est.
3676 673 3843 727 Porro
3886 673 4034 727 aliud

2425 763 2582 830 facta,
2616 779 2721 820 nou
2774 766 2944 835 potuit
2987 781 3107 821 cum
3137 781 3199 821 ea
3230 765 3666 824 denominatione
3698 766 3779 838 (3)
3809 765 4031 831 sociari,

2424 873 2453 912 a
2485 858 2634 927 cujus
2677 860 2984 915 conditione
3029 858 3351 915 desciverat.
3401 858 3457 914 Si
3506 874 3699 915 nomen
3755 861 4034 930 preprium

2426 952 2662 1006 materiis:
2687 952 2829 1006 illius
2868 952 2964 1007 fuit
2994 963 3157 1018 terra,
3215 954 3331 1007 lucc
3372 968 3493 1024 qua:
3522 968 3626 1007 non
3670 962 3750 1006 est
3782 953 4031 1014 materia,

2425 1044 2566 1099 aliud
2613 1046 2816 1100 scilicet
2858 1048 2991 1101 facta
3015 1087 3031 1113 ,
3064 1056 3222 1101 terrae
3248 1061 3459 1115 quoque
3492 1060 3596 1100 non
3643 1046 3782 1114 capit
3833 1060 4035 1100 nomen

2425 1138 2676 1203 alienum,
2709 1148 2761 1193 et
2788 1148 2928 1193 statu
2954 1154 3051 1193 suo
3080 1137 3162 1211 (4)
3186 1148 3522 1195 extraneum.
3550 1137 3654 1193 Sed
3699 1137 3925 1191 materia
3956 1139 4035 1189 la-

2426 1241 2530 1293 Cta,
2558 1228 2611 1283 id
2642 1240 2722 1284 est
2751 1239 2889 1283 terra
2922 1228 3026 1302 (5),
3061 1228 3246 1283 habuit
3270 1244 3390 1283 cum
3440 1243 3534 1282 sua
3566 1229 3777 1298 origine
3808 1242 4037 1281 consor-

2428 1322 2558 1376 tium
2587 1322 2838 1386 nominis,
2868 1323 3004 1379 sicut
3036 1332 3087 1375 et
3108 1321 3337 1392 generis.
3375 1319 3489 1375 Non
3516 1322 3652 1375 adeo
3678 1320 3781 1392 (6).
3812 1318 3949 1374 Nam
3982 1328 4038 1372 et

2429 1424 2641 1478 testam,
2674 1414 2799 1469 licet
2826 1431 2890 1470 ex
2918 1415 3100 1485 argilla
3141 1412 3439 1469 confectam
3468 1412 3566 1483 (a),
3590 1412 3701 1482 jam
3727 1427 3833 1466 non
3865 1412 4033 1481 argil-

2428 1507 2533 1562 lam
2587 1508 2809 1569 vocabo.
2842 1507 2935 1562 sed
2990 1516 3177 1561 testam
3214 1524 3227 1560 :
3260 1507 3334 1578 (b)
3367 1514 3421 1560 et
3468 1505 3747 1569 electrum,
3798 1504 3926 1557 licet
3970 1519 4035 1557 ex

2430 1614 2563 1656 auro
2584 1609 2639 1654 et
2680 1608 2902 1669 argento
2931 1598 3269 1664 ftederatum,
3305 1596 3377 1671 (ε)
3413 1613 3510 1652 nec
3546 1605 3823 1667 argentum
3856 1606 4036 1649 tamen

2432 1708 2530 1748 nec
2574 1709 2761 1747 aurum
2816 1692 3121 1761 appellabo,
3176 1692 3259 1761 (ά)
3324 1690 3418 1745 sed
3470 1690 3833 1744 electrum:a
3882 1688 4040 1755 cujus

2432 1785 2616 1840 habitu
2646 1784 2771 1853 quid
2794 1783 2872 1856 (7)
2902 1784 3137 1847 divertit,
3163 1783 3362 1852 pariter
3387 1791 3439 1837 et
3467 1796 3497 1835 a
3528 1788 3714 1835 vocatu
3734 1779 3851 1847 ejus
3881 1792 4039 1832 rece-

725 1887 901 1933 exstat
945 1879 1215 1948 proprium
1253 1877 1568 1933 vocabulum
1618 1878 1733 1946 ejus
1778 1878 1853 1932 rei
1907 1878 1995 1932 cui
2046 1894 2331 1935 commune
2359 1887 2407 1947 B
2437 1877 2531 1939 dit,
2583 1876 2978 1947 appellationis.
3030 1876 3169 1931 sicut
3221 1886 3275 1929 et
3315 1873 3639 1929 conditionis
3684 1873 4037 1942 preprietutc.

727 1972 1046 2027 vocabulum
1094 1971 1449 2037 adscribitur,
1493 1979 1692 2041 quanto
1748 1986 1852 2024 non
1908 1981 2187 2042 comparet
2239 1974 2324 2028 cui

726 2062 1082 2126 adscribatur,
1113 2063 1430 2132 cuicumque
1457 2063 1544 2116 alii
1578 2063 1771 2131 poterit
1801 2063 2052 2117 adscribi.
2082 2064 2156 2118 Ita
2188 2064 2324 2119 Her-

726 2168 1015 2227 mogenes,
1051 2156 1150 2212 etsi
1188 2158 1465 2211 materiam
1497 2156 1805 2210 ostenderet
1845 2156 2192 2220 nominatam,
2227 2158 2318 2211 de-

725 2250 877 2305 heret
904 2249 1147 2304 eamdem
1199 2250 1427 2319 probare
1472 2259 1666 2303 terram
1716 2263 1930 2319 quoque
1980 2248 2327 2319 cognomina-

726 2350 857 2410 tam,
892 2350 949 2395 ut
974 2342 1041 2396 ita
1067 2350 1351 2411 utrumque
1381 2338 1454 2393 illi
1485 2339 1799 2398 vocabulum
1829 2340 2142 2396 vindicaret.

1321 2430 1549 2488 CAPUT
1576 2432 1739 2487 XXV.

800 2523 925 2580 Vult
970 2523 1129 2593 igitur
1154 2522 1287 2580 duas
1324 2525 1546 2594 proponi
1586 2534 1753 2579 terras
1787 2524 1837 2579 in
1878 2525 1975 2579 ista
2012 2525 2272 2595 scriptura
2307 2543 2321 2581 :

726 2630 909 2680 unam,
943 2632 1101 2685 quam
1136 2616 1187 2669 in
1237 2616 1498 2685 principio
1526 2615 1665 2670 Deus
1709 2615 1835 2671 fecit
1864 2633 1877 2679 ;
1927 2617 2083 2670 aliam
2106 2658 2121 2682 ,
2154 2630 2323 2673 mate-

729 2710 891 2771 riam,
924 2724 988 2763 ex
1017 2724 1119 2775 qua
1147 2707 1289 2771 fecit,
1332 2708 1397 2761 ile
1424 2723 1526 2776 qua
1569 2708 1767 2763 dictum
1813 2711 1883 2764 sit
1919 2728 1932 2762 :
1965 2709 2127 2764 Terra
2158 2723 2325 2767 autem

726 2813 832 2857 erat
861 2801 1125 2856 invisibilis
1170 2813 1214 2855 et
1246 2802 1407 2857 rudis.
1443 2802 1637 2870 Utique
1667 2803 1710 2857 si
1741 2818 1977 2872 quaeram
2007 2820 2070 2859 ex
2117 2804 2327 2861 duabus

725 2910 866 2966 quia,
899 2897 981 2951 cui
1012 2911 1203 2951 nomen
1252 2905 1409 2951 terrae
1442 2898 1851 2951 accommodare
1890 2896 2082 2952 debeat
2112 2898 2212 2968 (9.),
2246 2900 2327 2954 di-

727 2998 899 3050 cetur,
933 2989 1070 3045 lianc
1097 3006 1215 3060 quae
1246 2990 1378 3044 facta
1406 2991 1475 3045 sit
1499 3006 1561 3047 es
1597 2990 1684 3045 illa
1714 3007 1776 3046 ex
1803 3006 1903 3061 qua
1933 2991 2068 3048 facta
2099 3002 2201 3059 est,
2235 3011 2327 3047 vo-

725 3084 974 3138 cabulum
1016 3083 1310 3149 derivasse,
1339 3085 1460 3152 quia
1511 3085 1857 3139 verisimilius
1904 3088 1972 3139 sit
2014 3085 2083 3140 ab
2120 3088 2327 3157 origine

730 3176 970 3231 sobolem
1020 3177 1215 3244 potius,
1263 3192 1423 3245 quam
1469 3177 1728 3243 originem
1773 3193 1801 3231 a
1853 3178 2040 3232 sobole
2079 3180 2321 3233 vocitari.

730 3268 842 3323 Hoc
872 3269 914 3322 si
946 3268 1015 3322 ita
1043 3278 1143 3333 est,
1174 3268 1273 3321 alia
1307 3267 1459 3321 nobis
1481 3267 1783 3322 obvolvitur
1809 3271 2050 3337 qusestio,
2079 3284 2145 3323 an
2183 3284 2325 3325 com-
2351 3282 2396 3343 ρ

729 3369 874 3430 petat
901 3368 1097 3413 terram
1126 3358 1262 3413 banc
1286 3374 1447 3427 quam
1481 3360 1621 3417 Deus
1650 3358 1790 3421 fecit,
1822 3375 1887 3413 ex
1921 3360 2006 3414 illa
2032 3376 2097 3416 ex
2130 3376 2231 3431 qua
2258 3363 2332 3416 fe-

733 3455 828 3519 cit,
862 3462 1273 3523 cognomentum
1310 3452 1604 3508 derivasse.
1649 3454 1823 3508 Audio
1852 3454 1994 3508 enim
2027 3455 2164 3524 apud
2200 3455 2330 3510 Iler-

734 3559 1014 3617 mogsnem
1058 3555 1387 3615 ceterosque
1431 3546 1749 3599 materiarius
1792 3546 2096 3610 haereticos.
2131 3558 2329 3604 terram

739 3640 953 3712 quidem
986 3639 1130 3694 illam
1160 3637 1447 3694 informem
1477 3649 1531 3693 et
1554 3638 1876 3694 invisibilem
1897 3649 1951 3695 et
1980 3639 2168 3695 rudem
2202 3640 2331 3695 fuis-

2432 1971 2601 2038 Qudm
2658 1980 2837 2024 autem
2880 1970 3151 2026 transierit
3180 1968 3248 2023 de
3292 1976 3435 2022 statu
3466 1978 3621 2021 terra:
3650 1966 3814 2031 illius,
3848 1965 3900 2020 id
3947 1973 4030 2019 est

2430 2062 2689 2127 materiae,
2718 2064 2814 2120 ista
2848 2073 3008 2124 terra,
3043 2061 3125 2116 vel
3154 2076 3220 2115 eo
3248 2060 3420 2130 palam
3452 2070 3554 2124 est,
3580 2059 3721 2129 quod
3756 2059 3869 2112 lucc
3894 2058 4037 2125 apud

2429 2156 2679 2211 Genesim
2735 2155 3099 2211 testimonium
3154 2154 3276 2207 boni
3332 2153 3566 2221 accipit:
3614 2149 3681 2204 Et
3724 2150 3851 2204 vidit
3898 2148 4040 2204 Deus

2428 2251 2548 2320 quia
2570 2251 2753 2303 bonum
2784 2264 2802 2303 :
2832 2249 2917 2301 illa
2946 2256 3125 2302 autem
3163 2245 3300 2315 apud
3354 2246 3742 2315 Hermogenem
3793 2244 3843 2297 in
3887 2245 4043 2312 urigi-

2431 2358 2551 2398 uem
2605 2351 2659 2397 et
2706 2355 2951 2397 caussam
2981 2342 3243 2395 malorum
3295 2339 3597 2408 deputatur.
3636 2337 3939 2398 Postremo,
3995 2336 4039 2389 si

2430 2435 2549 2490 ideo
2575 2434 2689 2490 bac
2718 2445 2883 2499 terra,
2920 2436 3043 2505 quia
3081 2445 3130 2489 et
3162 2434 3271 2495 illa,
3299 2447 3396 2491 cur
3432 2448 3537 2487 non
3578 2440 3634 2486 et
3662 2431 3883 2486 materia
3917 2430 4033 2484 haec

2427 2530 2661 2600 queque,
2718 2530 2839 2600 quia
2898 2528 3027 2585 ills?
3057 2527 3169 2582 Imo
3202 2529 3312 2594 jam
3342 2536 3397 2582 et
3431 2526 3626 2581 malum
3668 2534 3723 2580 et
3752 2525 3959 2583 omnia.
3987 2525 4032 2578 si

2426 2636 2491 2675 ex
2516 2621 2733 2674 materia
2763 2628 3031 2684 constant,
3061 2629 3116 2673 et
3169 2627 3325 2673 terra
3356 2626 3411 2672 et
3438 2618 3675 2675 materia:
3717 2616 3901 2671 vocari
3943 2616 4039 2670 de-

2428 2713 2679 2769 buerunt.
2710 2712 2854 2765 Satis
2897 2712 2997 2764 ista
3042 2710 3111 2765 de
3156 2719 3315 2766 terra)
3362 2710 3579 2764 nomine
3612 2708 3825 2781 (inquo
3877 2720 4042 2763 matc-

2431 2808 2505 2861 ria
2540 2805 2615 2878 (8)
2660 2805 2895 2876 intelligi
2928 2805 3116 2874 voluit)
3158 2804 3299 2875 quod
3350 2820 3545 2860 nomen
3594 2805 3753 2858 unius
3779 2804 4037 2859 elementi

2428 2913 2616 2953 omnes
2646 2898 2840 2957 sciunt.
2876 2909 3060 2953 natura
3120 2900 3370 2965 primum,
3404 2895 3598 2951 deinde
3642 2896 3721 2967 (9)
3752 2894 4037 2963 Scriptura

2428 2992 2676 3059 docente,
2705 2990 2775 3063 (e)
2797 2991 2898 3045 nisi
2927 3002 2979 3045 et
3013 2990 3126 3063 (10)
3158 2990 3343 3045 Sileno
3367 2988 3443 3044 illi
3474 2988 3614 3058 apud
3629 2988 3824 3043 Midam
3854 3002 4037 3056 regem

2429 3083 2761 3137 adseveranti
2791 3083 2859 3137 de
2895 3083 3001 3138 alio
3026 3083 3176 3145 orbe.
3207 3080 3533 3136 credendum
3575 3090 3679 3146 est,
3712 3079 3779 3152 (f)
3817 3090 4041 3135 auctore

2431 3175 2798 3245 Theopompo.
2831 3175 2936 3230 Sed
2966 3184 3020 3229 et
3049 3174 3181 3228 deos
3210 3174 3408 3227 multos
3435 3173 3576 3227 idem
3610 3172 3795 3227 refert.

3000 3263 3227 3320 CAPUT
3270 3262 3461 3319 XXVI.

2508 3358 2674 3413 Nobis
2694 3367 2870 3413 autem
2898 3373 3038 3414 unus
3064 3358 3203 3413 Deus
3230 3367 3285 3411 et
3325 3372 3427 3410 una
3471 3362 3554 3411 est
3581 3364 3744 3419 terra,
3772 3367 3938 3425 quam
3990 3356 4041 3409 in

2436 3454 2696 3524 principio
2737 3454 2877 3509 Deus
2932 3452 3090 3519 fecit,
3138 3453 3293 3521 cujus
3323 3451 3567 3507 ordinem
3603 3449 3865 3513 incipiens
3906 3448 4045 3504 Scri-

2437 3556 2585 3616 plura
2634 3546 2944 3609 decurrere,
2977 3545 3149 3614 primo
3194 3544 3386 3598 factam
3433 3558 3551 3597 eam
3601 3541 3797 3607 edicit,
3841 3540 4042 3595 debinc

2435 3640 2745 3710 qualitatem
2806 3637 2972 3707 ipsius
3020 3634 3290 3701 edisserit,
3341 3635 3480 3690 sicut
3525 3642 3582 3690 et
3622 3633 3817 3690 ccelum
3866 3636 4044 3704 primo

1979 3779 2357 3840 LECTIONES
2394 3781 2484 3838 VA
2495 3779 2812 3837 RIAN'I‘ES.

796 3898 868 3960 (1)
889 3896 1065 3945 Notum
1092 3902 1168 3945 est
1204 3892 1399 3946 Οἰνεῖ-ιιι.
1433 3891 1584 3944 Seml.
1634 3901 1737 3957 post
1763 3893 1911 3946 Rhea.
1936 3907 2055 3947 sane
2081 3891 2330 3960 suspican-

735 3957 1107 4026 ternlegentlum
1131 3971 1235 4026 esse
1263 3972 1279 4008 :
1306 3964 1587 4026 notumlgst.

796 4023 867 4095 (2)
894 4015 1130 4095 omittitur
1153 4022 1331 4095 debeat
1349 4018 1481 4082 apud
1492 4018 1643 4093 Seml.
1658 4026 1701 4068 ct
1721 4015 1935 4095 Qbertli”
1956 4017 2238 4095 ortiaddunt
2262 4020 2325 4095 id.

730 4083 1037 4199 gitllilésllt’gil
1059 4098 1075 4133 :
1101 4097 1164 4132 ex
1186 4084 1392 4143 duobus,
1413 4094 1524 4144 qua:
1549 4086 1625 4131 cui
1665 4094 1845 4132 nomen
1882 4090 2030 4132 terrze
2063 4093 2329 4131 accommo-

765 4152 832 4197 ari
893 4163 919 4195 e
940 4156 1057 4197 )eat.

765 4152 832 4197 ari
857 4152 1057 4197 debeat.

796 4210 868 4273 (3)
893 4209 959 4273 Ea
979 4210 1043 4257 de
1068 4208 1429 4273 nomineseml.
1456 4205 1652 4261 Obert/t.

800 4273 870 4336 (l)
896 4272 955 4321 Et
977 4280 1133 4322 status
1155 4272 1228 4320 sui
1250 4272 1353 4321 Lat.

2693 3900 2829 3963 terra
2852 3891 2995 3963 se_ml.
3019 3889 3217 3963 Qbertlt.
3240 3953 3249 3963 .
3338 3962 3367 3963 η
3735 3950 3776 3963 ἢ
3874 3951 3924 3963 __

2517 3950 2567 4013 6)
2595 3956 2698 4004 Non
2722 3956 2867 4017 audio
2885 3952 3300 4006 PantelJ’arisiu.
3327 3962 3538 4015 tranet].
3565 3964 3661 4001 non
3685 3965 3713 4001 a
3735 3950 3849 4001 Deo
3866 3951 4043 4017 Rigalt.

2432 4015 2632 4073 Setnlrr,
2652 4015 2842 4068 (ibertlt.

2595 4082 2720 4191 guilt
2754 4088 3047 4191 ggnSFJnaln.
3074 4079 3177 4145 [τίς.
3198 4081 3260 4129 At
3278 4085 3391 4129 Jun.
3413 4077 3515 4141 qui.
3540 4075 3689 4128 Seml.
3714 4075 3865 4140 quod.

2596 4184 2605 4192 .
2644 4158 2666 4189 3
2696 4157 2764 4190 PII
2911 4159 2931 4190 ι
3008 4179 3019 4189 .

2596 4157 2845 4192 materiam
2872 4157 3019 4191 δι’πιι.

2500 4200 2571 4265 (θ’)
2596 4205 2670 4253 Di-
2692 4206 2806 4254 hinc
2826 4202 2970 4254 nlten.
2993 4200 3146 4254 Seml.

2500 4266 2601 4332 (ιο)
2627 4267 2728 4317 Nisi
2750 4268 2792 4316 si
2811 4266 2968 4318 addit.
2992 4265 3138 4318 Rhen.
3162 4264 3313 4317 Seml.

2095 4371 2666 4430 COMMENTARIUS.

805 4511 1144 4572 CAP.XXV.
1168 4541 1239 4551 —
1266 4509 1342 4582 (a)
1377 4508 1497 4562 lam
1525 4526 1624 4563 non
1645 4511 1882 4580 argillam
1906 4508 2325 4582 vocabo,sedtes-
2353 4508 2406 4568 D

738 4596 858 4640 tam.
880 4586 1085 4639 Etenim
1114 4584 1251 4652 ignis
1276 4580 1473 4649 argilla:
1497 4597 1688 4635 nomen
1709 4582 1965 4636 excussit.
1992 4580 2106 4636 llic.

814 4659 889 4721 (bi
924 4655 985 4711 Et
1015 4656 1253 4710 electrum
1285 4654 1397 4707 licet
1436 4669 1498 4706 ea:
1523 4669 1647 4705 auro
1673 4663 1717 4704 et
1764 4664 1973 4720 argento
2004 4652 2321 4723 (redemtum.

738 4728 961 4784 Conﬂati
996 4727 1267 4795 utriusque
1295 4724 1491 4778 metalli
1511 4723 1846 4780 confusione.
1865 4722 2087 4787 Plinius,
2118 4724 2206 4777 lib.
2235 4722 2324 4795 IX,

738 4798 964 4856 40:1Vec
990 4794 1352 4862 habent/inerit
1396 4796 1536 4860 vitia,
1560 4797 1803 4866 juvatque
1846 4795 2017 4848 ludere
2048 4794 2327 4865 impendio,

740 4882 788 4925 et
818 4872 965 4925 luxus
983 4868 1240 4935 geminare
1272 4865 1860 4935 niiscendo,iterutrtque
1898 4876 1944 4918 et
1988 4868 2099 4935 ipsa
2129 4865 2330 4919 adulte-

740 4887 788 4925 et
818 4887 965 4925 luxus
1015 4887 1240 4923 emmare
1272 4887 1547 4928 misceuao,
1581 4887 1860 4935 uerumth
1898 4887 1943 4918 et
1988 4887 2099 4935 ipsa
2129 4887 2330 4919 auum:-

738 4960 855 4996 rare
873 4887 1123 4994 adulleria
1166 4948 1397 5001 nature;
1423 4939 1549 4991 sicut
1592 4948 1856 5007 argentum
1892 4952 2018 4989 auro
2049 4936 2331 5007 confunde-

740 5030 816 5078 re,
867 5023 918 5065 ut
968 5013 1151 5065 electra
1201 5010 1365 5077 ﬁant;
1412 5008 1601 5062 addere
1648 5006 1726 5062 Itis
1776 5022 1901 5071 αντα,
1944 5018 1994 5060 ut
2040 5006 2328 5064 Corinthia.

745 5083 889 5139 Idem
931 5081 1023 5145 ait,
1054 5080 1376 5149 ubicumque
1402 5079 1583 5149 quinta
1633 5079 1835 5149 argenti
1865 5079 2038 5149 portio
2066 5088 2184 5145 est,
2216 5080 2331 5133 ele-

744 5167 915 5210 CIrum
949 5153 1147 5206 vocari.
1173 5151 1293 5206 th.

817 5225 891 5296 (c)
921 5223 1028 5277 Nec
1063 5235 1335 5296 (argentarii
1380 5232 1545 5296 tamen
1596 5237 1685 5275 nec
1726 5237 1905 5296 aurum
1930 5221 2218 5289 appellabo,
2245 5220 2334 5296 sed

744 5292 1001 5351 olearum.
1057 5292 1260 5348 litt-nim
1309 5292 1366 5346 lit
1406 5294 1611 5363 Species
1668 5294 1786 5345 novi
1838 5295 2096 5363 corporis,
2154 5304 2208 5349 ut
2263 5293 2336 5347 ait

744 5367 945 5434 Caius,
991 5366 1077 5420 liv.
1144 5363 1222 5417 VII
1265 5364 1328 5417 de
1372 5363 1577 5433 Adquit.
1629 5380 1730 5417 rer.
1780 5364 1917 5417 dom.
1992 5363 2074 5417 Fit
2121 5365 2334 5434 tertium

746 5439 893 5509 qnid.
934 5433 999 5491 ex
1036 5448 1261 5506 utroque
1311 5433 1611 5490 confusum.
1658 5434 1746 5491 Sic
1791 5435 1882 5489 lib.
1927 5436 2169 5489 adversus
2197 5433 2334 5488 Pra-

745 5526 913 5565 meum.
947 5509 1062 5563 llic.

841 5578 1393 5653 (il)rSed__eleclrum.
1462 5577 1683 5653 Plinius,
1741 5576 1833 5631 lib.
1905 5577 2121 5653 XXXIII
2178 5575 2331 5632 '"isl.

750 5650 951 5714 nat}!
988 5669 999 5702 :
1044 5670 1061 5703 ι
1100 5650 1251 5701 ()mni
1303 5664 1433 5704 auro
1478 5650 1615 5705 inest
1662 5657 1937 5717 argentum
1975 5669 1986 5703 :
2018 5650 2334 5716 ubicumque

751 5723 932 5788 quinta
960 5722 1159 5789 argenti
1184 5722 1357 5787 portio
1384 5730 1483 5778 eat.
1503 5721 1737 5775 electrum
1767 5731 2008 5781 vocatur,
2045 5722 2098 5773 lit
2129 5730 2180 5776 et
2206 5735 2332 5773 cura

753 5796 991 5846 claurum
1032 5803 1250 5861 argento
1296 5793 1502 5849 addito.
1538 5793 1991 5863 quotlsiquintam
2033 5793 2329 5863 portionem

756 5866 1003 5935 excessit,
1035 5864 1311 5922 incudibus
1353 5881 1456 5921 nou
1490 5864 1708 5920 resistit.
1749 5884 1767 5917 ›
1805 5866 1936 5919 ιἈι.

2507 4509 2585 4579 (c)
2613 4507 2730 4561 Nisi
2754 4518 2799 4561 et
2841 4506 3019 4562 Sileno
3044 4507 3121 4562 illi
3165 4508 3307 4579 apud
3346 4506 3566 4579 Midam,
3590 4516 3688 4562 etc.
3730 4505 3921 4563 Simile
3968 4516 4051 4564 est

2436 4577 2566 4636 illud
2598 4593 2756 4643 supra
2778 4594 2897 4647 cap.
2925 4580 2982 4642 2,
2999 4579 3091 4633 Iih.
3113 4581 3175 4632 de
3201 4578 3405 4635 Pallio:
3434 4577 3626 4633 Viderit
3640 4579 3685 4631 si
3706 4581 3820 4647 quis
3842 4580 4048 4647 uspiam

2430 4651 2565 4704 alius
2592 4650 2762 4717 (orbis
2784 4662 3019 4720 nempe),
3049 4650 3117 4704 ad
3153 4650 3414 4721 Meropas,
3445 4664 3501 4704 ut
3538 4650 3745 4705 Silenus
3766 4666 3928 4721 penes
3950 4669 4048 4705 au-

2431 4737 2509 4775 res
2554 4721 2710 4776 Mida:
2755 4722 2940 4784 blattit,
2990 4731 3135 4790 aptas
3184 4720 3307 4776 sane
3342 4721 3696 4792 grandioribus
3746 4720 3964 4792 fabulis;
3997 4731 4052 4776 et

2432 4793 2573 4862 quod
2605 4793 3039 4850 IlabClMIXllﬂUS
3066 4793 3259 4849 Tvrius
3289 4790 3453 4848 se'rm.
3494 4792 3566 4849 '50
3605 4792 3673 4863 (si
3703 4790 3866 4845 modo
3894 4803 4045 4848 recte

2433 4864 2627 4935 citatur
2662 4881 2689 4919 a
2731 4863 2963 4935 Gyraldo
3010 4864 3074 4917 de
3098 4865 3197 4917 diis
3221 4864 3522 4935 gentium),
3570 4863 3807 4917 Silenum
3852 4863 4051 4917 ebrium

2436 4934 2626 5005 laqueis
2670 4946 2715 4989 et
2765 4933 2981 4989 uinculis
3026 4933 3353 4989 constt-istum
3380 4933 3543 4989 Mida
3579 4934 3879 5003 pra'dixisse
3906 4938 4048 4989 varia

2436 5018 2479 5059 et
2509 5009 2724 5061 diversa.
2759 5005 2909 5061 Unde
2959 5006 3119 5060 etiam
3170 5006 3326 5061 facile
3394 5006 3649 5075 colligere
3692 5017 3775 5059 est
3830 5017 4045 5073 poetam

2434 5078 2712 5149 Virgilium
2760 5078 2972 5147 Eulogii!
3011 5077 3174 5130 Sileni
3220 5087 3591 5147 argumentum
3632 5079 3955 5149 sumpsisse,
3995 5085 4050 5132 et

2439 5149 2489 5201 in
2550 5149 2884 5215 proverbium
2936 5163 3151 5217 quoque
3194 5149 3409 5209 abiisse.
3459 5149 3657 5204 Silenis
3714 5147 4045 5203 Alcibiadeis

2440 5224 2608 5287 magis
2631 5221 2928 5281 ridiculum,
2963 5221 3105 5289 quali
3134 5222 3371 5286 nomine,
3396 5220 3465 5273 ob
3493 5220 3789 5289 grandiores
3819 5220 4043 5288 fabulas,

2441 5291 2729 5416 metatus
2777 5291 2970 5345 alicubi
3022 5290 3516 5347 Valentiuianorum
3572 5291 3784 5347 somnia
3860 5291 4048 5360 appel-

2460 5371 2531 5415 at.
2563 5371 2695 5417 ΡΑΙ.

2513 5436 2576 5503 (l')
2629 5436 2846 5487 Auctore
2888 5432 3234 5501 Theopompo.
3264 5432 3379 5489 Non
3410 5449 3549 5489 unus
3593 5432 3691 5487 fuit
3741 5431 4049 5500 TheOpom-

2441 5520 2539 5574 pus
2572 5522 2583 5555 ε
2620 5504 2755 5559 alter
2780 5505 2876 5559 fuit
2904 5506 3212 5567 historicus,
3241 5506 3378 5560 alter
3409 5515 3564 5575 poeta
3586 5503 3825 5559 comicus
3854 5506 3945 5572 qui
3977 5505 4048 5559 fa-

2442 5577 2577 5630 bulae
2630 5578 2859 5644 cuipiam
2918 5592 3112 5631 nomen
3170 5576 3333 5630 Sileni
3382 5578 3550 5631 dedit.
3581 5578 3660 5630 An
3709 5575 3849 5628 idem
3892 5576 4051 5631 fuerit

2440 5660 2593 5715 poeta
2624 5659 2677 5701 et
2710 5648 2995 5701 historicus
3038 5649 3299 5703 incertum
3340 5647 3534 5703 habeo.
3565 5647 3699 5701 Tota
3735 5656 3918 5702 autem
3962 5647 4048 5700 illa

2438 5719 2590 5772 Midae
2636 5719 2807 5774 fabula
2850 5735 2913 5772 ex
2942 5719 3289 5789 Theopompo
3317 5719 3539 5774 eruitur.
3573 5720 3907 5786 Quamquam
3970 5736 4051 5771 re-

2439 5806 2563 5844 νει-η
2608 5788 2875 5844 Silcnnsu
2918 5790 3053 5843 Mida
3109 5800 3296 5860 captus
3344 5792 3441 5844 fuit
3493 5792 3543 5844 in
3592 5790 3761 5845 bortis
3809 5790 4043 5847 iuuantis

2436 5877 2570 5933 quos
2594 5865 2646 5921 in
2676 5860 2984 5919 Macedonia
3014 5862 3266 5920 habebat.
3295 5863 3372 5920 Ls
3407 5862 3505 5917 Ps.
