4262 6490
248 362 342 419 99.1

1318 356 1521 415 LIBER
1560 355 1924 413 ADVERSUS
1961 352 2463 413 HERMOGENEM.

3449 348 3559 406 222

246 477 441 532 factum
471 475 709 548 professa
743 494 757 531 :
786 473 854 530 In
899 476 1152 545 principio
1181 477 1297 548 fecit
1325 475 1465 530 Deus
1500 475 1679 529 (celum
1700 516 1714 539 ,
1746 475 1838 530 de-
1872 475 1925 535 Λ
1952 473 2051 529 hoc
2086 473 2200 542 ipso
2227 473 2367 543 qttod
2395 480 2496 537 est,
2548 472 2707 528 etiam
2748 478 2856 525 erat
2893 469 3122 526 dicetur.
3168 467 3263 529 Cui
3294 469 3556 538 competit

246 571 369 626 hinc
397 570 810 638 dispositionem
837 571 952 640 ejus
971 569 1337 637 superinducil
1362 588 1375 622 :
1408 568 1486 640 (a)
1512 570 1575 623 Et
1596 569 1847 636 separavit

244 664 373 716 inter
406 681 591 732 aquom
623 680 737 732 qum
781 673 888 716 erat
935 665 1071 733 infra
1106 664 1476 729 [irritamentum
1505 660 1658 729 (Gen.
1692 662 1731 727 I,
1764 661 1840 731 7),

242 768 284 809 ct
308 772 423 825 qua!
450 773 603 824 super
643 758 1033 824 ﬁrtttttntcnlttnt,
1066 766 1114 809 et
1154 754 1346 808 vocavit
1393 753 1529 807 Deus
1557 756 1849 820 [irritatum-

242 860 346 902 tum
374 851 579 911 τωΙαηι,
612 849 784 919 ipsum
815 848 955 917 quod
990 849 1039 901 in
1072 847 1366 917 primordio
1418 845 1637 899 fecerat.
1670 846 1848 899 Proin-

240 942 305 995 tle
334 952 387 994 ct
415 943 483 997 de
509 943 722 995 homine
750 960 760 994 :
789 940 854 994 Et
877 943 996 1010 fecit
1022 940 1158 993 Deus
1184 938 1435 992 hominem
1456 939 1556 991 :ad
1578 939 1847 1007 imaginem

240 1037 335 1089 Dei
360 1037 481 1101 fecit
508 1034 821 1105 illum(lbid.
851 1032 1621 1101 37).Dehincqualitcrl‘eccrit
1640 1032 1841 1085 reddit:

240 1125 304 1179 Et
336 1128 489 1194 ﬁnxit
518 1126 652 1179 Deus
670 1127 921 1179 hominem
948 1126 1011 1179 de
1039 1127 1157 1179 limo
1190 1134 1356 1191 terrw,
1376 1134 1423 1178 et
1449 1125 1657 1194 adﬂavit
1686 1126 1735 1177 in
1762 1125 1848 1193 [a-

237 1218 359 1269 ciem
386 1218 500 1286 ejus
524 1218 705 1285 ﬂatum
728 1218 859 1281 vitat,
892 1227 936 1269 et
960 1220 1126 1287 factus
1164 1227 1233 1270 est
1262 1218 1410 1270 Immo
1438 1219 1488 1271 in
1522 1218 1745 1269 animum
1775 1217 1848 1269 vi-

237 1323 345 1360 vam
369 1304 527 1375 (Gen.
558 1308 622 1371 lI,
652 1308 730 1377 7).
758 1308 823 1363 Ει
856 1310 1036 1378 utique
1058 1311 1135 1363 sic
1163 1310 1315 1365 decet
1346 1312 1703 1364 narrationem
1744 1310 1845 1362 iui-

238 1415 313 1463 re,
347 1402 524 1469 primo
550 1399 785 1471 praebri,
820 1412 1001 1468 postea
1026 1404 1297 1472 prosequi,
1320 1404 1616 1463 nominare,
1651 1402 1846 1456 deinde

238 1491 575 1547 describere.
634 1493 886 1563 Alioquin
940 1510 1151 1559 vanum,
1187 1496 1228 1548 si
1274 1496 1391 1564 ejus
1433 1495 1508 1549 rei
1555 1494 1708 1563 cujus
1740 1496 1849 1550 utIl-

238 1585 340 1638 lam
374 1586 708 1655 praemiserat
748 1588 1113 1653 mentionem,
1145 1589 1193 1642 id
1223 1599 1305 1643 est
1351 1592 1587 1644 materia:
1614 1632 1628 1653 ,
1665 1605 1732 1644 ne
1760 1592 1840 1660 ip-

239 1693 356 1731 sum
386 1679 605 1746 quidem
634 1694 827 1733 nomen
853 1721 869 1744 ,
903 1680 1079 1734 subito
1109 1680 1332 1735 fortnam
1362 1693 1415 1736 et
1448 1682 1685 1736 habitum
1716 1700 1841 1752 pro-

237 1771 502 1839 mulgavit
533 1770 614 1843 (l)
640 1790 650 1823 :
680 1782 803 1827 ante
832 1783 1043 1826 enarrat
1073 1774 1244 1843 qualis
1269 1782 1442 1838 esset,
1478 1789 1635 1843 quam
1662 1791 1733 1828 an
1761 1790 1844 1829 cs-

1952 567 2121 636 prima
2168 566 2313 620 verbi
2357 565 2550 635 positio
2577 565 2627 619 in
2656 564 3050 627 definitionem,
3080 562 3323 631 ejusdem
3378 562 3542 617 etiam

1950 658 2238 712 declinatio
2268 658 2415 713 verbi
2445 657 2691 710 docurret
2723 657 2771 709 in
2806 655 3140 709 relationem.
3175 652 3309 717 Est,
3348 651 3545 707 delini-

1952 752 2111 806 tionis
2160 759 2353 819 caput;
2386 761 2527 814 emt,
2560 748 2802 802 relationi
2853 748 2974 801 facit
3032 745 3134 819 (9).
3168 747 3261 801 Hae
3297 756 3416 799 sunt
3468 761 3555 802 ar-

1950 846 2111 913 gutia».
2133 854 2185 897 et
2211 843 2533 896 sobtilitates
2556 842 2929 895 haereticorum
2949 882 2962 903 ,
2991 840 3389 910 simplicitatem
3414 852 3555 894 com-

1952 939 2189 995 munium
2237 938 2517 993 verborum
2570 945 2877 1005 torquentes
2926 936 2975 988 in
3016 933 3367 1003 quaestionem
3400 932 3543 1005 (10).

1952 1033 2136 1103 Magna
2179 1033 2383 1086 scilicet
2431 1030 2655 1100 quaestio
2693 1038 2805 1094 est,
2837 1030 2880 1085 si
2910 1039 3023 1083 erat
3053 1039 3192 1083 terra
3219 1071 3234 1095 ,
3266 1045 3384 1099 qum
3414 1031 3549 1083 facta

1950 1136 2049 1182 est.
2084 1126 2225 1181 Sane
2277 1124 2668 1182 discutiendum
2712 1139 2777 1177 an
2825 1124 2871 1177 ei
2912 1132 3177 1193 competat
3227 1122 3549 1177 invisibilem

1949 1231 2005 1276 et
2027 1220 2211 1274 rudem
2240 1218 2399 1273 fuisse
2428 1234 2543 1289 qua?
2576 1218 2707 1271 facta
2739 1228 2819 1272 est
2841 1260 2853 1282 ,
2879 1232 2944 1271 an
2971 1217 3017 1271 ei
3051 1232 3115 1271 ex
3145 1233 3244 1287 qua
3276 1216 3413 1271 facta
3441 1224 3544 1283 est,

1950 1323 2007 1368 ut
2034 1314 2273 1384 ejusdem
2307 1312 2375 1367 sit
2400 1322 2528 1374 erat,
2559 1312 2713 1380 cujus
2736 1320 2789 1365 et
2816 1311 2957 1379 quod
2985 1321 3099 1366 erat
3130 1310 3270 1383 (II).

2483 1407 2708 1463 CAPUT
2749 1403 2988 1461 XXVIII.

2020 1500 2214 1570 Atquin
2244 1513 2347 1553 non
2375 1508 2579 1553 tantum
2609 1499 2953 1567 probabimus
2976 1497 3133 1551 istum
3166 1495 3401 1551 habitum
3427 1493 3551 1550 huic

1950 1600 2105 1646 terra!
2135 1595 2483 1657 competisse,
2511 1592 2603 1645 sed
2623 1602 2673 1645 et
2694 1591 2767 1645 illi
2786 1591 2874 1643 alii
2901 1606 3005 1644 non
3032 1590 3375 1658 competisse.
3406 1586 3539 1641 Nam

1950 1685 1992 1738 si
2026 1684 2164 1737 nuda
2196 1683 2415 1737 materia
2470 1682 2583 1755 (Ιῖ)
2618 1683 2725 1737 Deo
2774 1682 3081 1752 subjaceltat
3104 1723 3119 1744 .
3155 1681 3300 1735 nullo
3346 1680 3552 1735 scilicet

1949 1776 2213 1830 elemento
2254 1778 2565 1831 obstruente
2596 1819 2610 1841 ,
2646 1777 2687 1829 si
2718 1774 2933 1845 quidem
2980 1774 3216 1829 nondum
3259 1773 3545 1843 quicquam

243 1874 369 1925 set;
406 1864 642 1917 ostendit
691 1865 910 1933 figuram
942 1865 1261 1930 deformati;
1298 1882 1493 1921 nomen
1540 1868 1840 1923 abscondit.
1872 1873 1920 1933 B
1949 1880 2063 1923 erat
2110 1878 2301 1937 praeter
2342 1868 2509 1937 ipsam
2550 1877 2603 1922 et
2646 1868 2807 1921 Deum
2838 1884 2853 1931 ;
2884 1866 3065 1937 utique
3106 1864 3386 1920 invisibilis
3417 1879 3540 1920 esse

239 1957 308 2009 At
335 1968 540 2026 quanto
569 1958 879 2012 credibilius
909 1958 1200 2015 secundum
1240 1976 1335 2014 nos
1362 1961 1477 2028 ejus
1506 1962 1579 2015 rei
1607 1962 1837 2032 disposi-

240 2052 441 2103 tionem
489 2050 762 2119 Scriptura
809 2051 1111 2121 sulijttnxit,
1140 2054 1290 2122 cujus
1336 2053 1722 2110 institutionem
1768 2057 1840 2109 si-

235 2143 452 2212 mulque
475 2144 893 2198 nominationem
936 2148 1214 2214 prauuisit.
1244 2146 1413 2216 Quam
1445 2148 1673 2217 tlcnique
1706 2150 1839 2203 intc-

232 2251 325 2305 ger
352 2250 544 2291 sensus
570 2248 653 2291 est
683 2256 697 2291 :
731 2236 795 2291 In
828 2240 1083 2308 principio
1124 2240 1262 2296 Deus
1304 2245 1419 2313 fecit
1456 2244 1633 2297 uelum
1659 2254 1707 2298 et
1734 2256 1837 2297 ter-

230 2346 341 2382 ram
359 2370 377 2394 ,
412 2340 546 2385 terra
563 2342 729 2387 autem
754 2344 859 2387 erat
885 2336 1148 2389 invisibilis
1171 2346 1213 2390 et
1234 2338 1375 2391 rudis
1401 2336 1554 2403 (Gen.
1588 2338 1601 2390 I
1630 2380 1643 2401 ,
1672 2340 1724 2403 I,
1754 2338 1834 2407 Ξ),

230 2438 390 2493 quam
442 2425 580 2480 Deus
634 2429 839 2483 scilicet
884 2430 1043 2495 fecit,
1086 2430 1152 2484 de
1224 2446 1327 2500 qua
1385 2432 1655 2500 Scriptura
1714 2448 1834 2487 cum

230 2516 467 2571 maxime
510 2517 753 2574 ediderat
780 2519 878 2592 ('2).
928 2521 1056 2575 Nam
1088 2530 1139 2575 et
1160 2532 1326 2575 autem
1360 2523 1529 2592 ipsum
1557 2565 1569 2586 ,
1600 2524 1742 2580 velut
1771 2525 1833 2577 li-

230 2606 352 2661 hula
403 2607 765 2677 conjunctivze
815 2612 1087 2680 particulae
1111 2614 1176 2669 ad
1201 2629 1503 2669 connexum
1544 2616 1834 2669 narrationi

232 2704 539 2771 Oppositum
589 2714 671 2756 est
703 2703 820 2775 (5).
882 2717 1011 2758 ἐντα
1064 2716 1257 2760 autem.
1310 2706 1422 2761 Hoc
1473 2708 1614 2761 enim
1668 2708 1833 2762 verbo

226 2798 522 2850 revertitur
567 2795 635 2850 ad
670 2812 787 2850 eam
836 2797 903 2853 de
941 2814 1042 2869 qua
1086 2814 1244 2867 supra
1278 2799 1522 2864 dixi-rat,
1555 2808 1610 2853 et
1656 2800 1835 2867 alligat

225 2900 469 2943 sensum.
506 2887 584 2959 (b)
620 2887 766 2942 Adeo
796 2888 946 2943 aufer
977 2889 1100 2943 hinc
1138 2903 1307 2943 autem
1333 2933 1348 2953 ,
1373 2901 1426 2945 et
1468 2891 1639 2944 soluta
1686 2906 1833 2947 com-

225 2994 360 3048 pago
401 2989 518 3044 est,
550 2990 605 3034 ut
634 2990 757 3035 tunc
796 2983 963 3051 possit
989 2982 1057 3037 de
1085 2983 1185 3037 alia
1219 2994 1356 3038 terra
1396 2983 1594 3038 dictum
1624 2984 1787 3039 videri
1814 3025 1829 3049 ,

229 3072 387 3127 Terra
413 3085 519 3128 erat
547 3075 811 3131 invisibilis
844 3087 887 3130 et
917 3078 1079 3133 rudis.

787 3169 1014 3227 CAPUT
1058 3170 1271 3225 XXVII.

1946 1976 2050 2015 non
2102 1968 2326 2027 poterat.
2378 1960 2511 2027 Quia
2554 1960 2652 2014 etsi
2696 1959 2942 2013 tenebras
2986 1958 3129 2013 volet
3159 1960 3210 2012 in
3244 1957 3544 2013 substantia

1946 2053 2108 2108 fuisse
2150 2053 2389 2106 materiae
2438 2050 2541 2122 (cui
2587 2051 2816 2107 articqu
2862 2049 3189 2119 respondere
3229 2047 3548 2102 debebimus

1944 2161 2041 2203 suo
2090 2144 2333 2212 ordine),
2364 2145 2523 2197 etiam
2574 2142 2775 2197 homini
2825 2142 3060 2197 tenebrae
3107 2140 3347 2195 visibiles
3397 2149 3543 2193 sunt.

1942 2238 2054 2294 Hoc
2075 2240 2216 2293 enim
2244 2239 2415 2303 ipsum
2447 2237 2588 2306 quod
2618 2245 2743 2291 sunt
2773 2235 3005 2291 tenebrie
3036 2276 3049 2299 ,
3081 2234 3310 2297 videtur,
3343 2231 3541 2287 nedum

1945 2332 2069 2385 lico.
2103 2330 2169 2384 Et
2201 2330 2383 2398 utique
2427 2330 2471 2383 si
2519 2328 2801 2383 invisibilis
2831 2338 3009 2392 esset,
3044 2327 3190 2382 nullo
3224 2325 3383 2381 modo
3413 2340 3542 2395 cog-

1941 2435 2252 2480 nosceretur
2280 2424 2508 2492 qualitas
2552 2424 2689 2491 ejus.
2738 2421 2894 2477 llnde
2938 2434 3066 2490 ergo
3110 2428 3421 2490 compertus
3455 2428 3540 2474 est

1940 2518 2304 2587 Hermogenes
2336 2514 2616 2569 informem
2643 2523 2695 2567 et
2716 2512 2991 2569 confusam
3007 2512 3401 2568 etincoudilatn
3424 2512 3540 2584 (15)

1940 2612 2080 2666 illam
2116 2612 2276 2664 fuisse
2300 2652 2314 2673 ,
2338 2625 2458 2679 ane
2485 2618 2541 2663 ut
2564 2608 2840 2662 invisibilis
2866 2607 3067 2661 latebat
3094 2624 3108 2661 :
3139 2605 3221 2678 (ά)
3250 2616 3337 2661 aut
3364 2607 3407 2660 si
3437 2606 3538 2665 hoc

1937 2720 1965 2757 a
2002 2704 2109 2758 Deo
2158 2703 2458 2758 revelatum
2504 2712 2585 2755 est
2608 2742 2624 2767 ,
2659 2701 2885 2771 probare
2932 2700 3111 2756 debet.
3157 2702 3245 2755 Sic
3270 2712 3321 2755 et
3351 2716 3417 2755 an
3446 2718 3540 2756 ru-

1935 2797 2018 2853 dis
2056 2796 2161 2852 dici
2212 2797 2447 2866 potuerit
2472 2838 2485 2857 .
2518 2795 2819 2864 expostulo.
2867 2795 3023 2849 Certe
3074 2798 3215 2849 enim
3248 2793 3379 2851 rude
3411 2795 3537 2850 illud

1936 2900 2020 2947 est
2071 2891 2213 2961 quod
2265 2888 2636 2959 imperfectum
2688 2898 2790 2942 est.
2840 2887 2997 2943 Certe
3029 2886 3399 2957 imperfectum
3431 2903 3536 2943 non

1936 2996 2109 3057 potest
2137 3001 2258 3041 esse
2282 3029 2297 3051 ,
2327 2986 2425 3039 nisi
2454 2984 2592 3053 quod
2642 2983 2838 3038 factum
2868 2992 2966 3037 est.
3002 2982 3153 3049 Quod
3180 2983 3320 3036 enim
3362 2982 3538 3037 minus

1936 3082 2129 3136 facturn
2179 3091 2296 3145 est,
2330 3079 2694 3147 imperfectum
2744 3088 2845 3132 est.
2905 3077 3101 3140 Certe,
3148 3077 3343 3148 inquis.
3393 3077 3536 3146 Ergo

1935 3176 2155 3230 materia
2187 3190 2305 3244 quae
2347 3172 2479 3226 facta
2511 3186 2615 3225 non
2644 3181 2757 3224 erat
2787 3171 2837 3225 in
2871 3181 3038 3225 totum
3072 3169 3381 3243 imperfecta
3412 3185 3534 3228 esse

296 3259 366 3327 (ελ)
398 3258 503 3314 Sed
554 3268 608 3313 tu
632 3264 913 3330 supercilia
948 3264 1026 3335 (4)
1054 3266 1243 3335 capitis
1267 3309 1281 3331 ,
1314 3275 1440 3320 nutu
1468 3266 1707 3336 (5)digiti
1731 3284 1823 3323 ac-
1853 3269 1897 3332 C
1932 3285 2036 3325 non
2090 3270 2277 3340 potuit.
2330 3270 2457 3340 Quae
2508 3265 2817 3334 imperfecta
2872 3280 2977 3319 non
3025 3265 3155 3330 fuit,
3186 3266 3345 3322 etiam
3377 3266 3527 3321 rndis

221 3352 605 3418 commodam,
642 3355 798 3407 altius
852 3356 1081 3421 tollens,
1128 3366 1183 3411 et
1232 3360 1378 3428 quasi
1422 3360 1821 3426 retrojactans:

223 3442 351 3497 Erat
382 3488 395 3508 ,
428 3446 604 3514 inquis
636 3445 715 3515 (6)
741 3487 755 3510 ,
786 3448 936 3514 quasi
954 3464 1166 3517 semper
1190 3450 1347 3504 fuerit
1369 3492 1381 3511 ,
1412 3450 1619 3505 scilicet
1648 3453 1825 3507 innata

220 3539 501 3595 el'infeeta
524 3581 538 3603 ,
569 3550 623 3596 et
661 3540 856 3595 idcirco
896 3542 1113 3596 materia
1161 3543 1446 3597 credenda.
1492 3546 1559 3597 At
1586 3560 1683 3615 ego
1710 3547 1825 3599 sine

222 3632 331 3687 ullo
353 3632 626 3692 lenocinio
654 3637 1103 3707 pronuntiationis
1128 3637 1443 3708 simpliciter
1462 3640 1820 3710 respondebo,

218 3725 283 3780 de
314 3728 464 3781 onmi
497 3744 555 3783 re
584 3745 740 3799 posse
777 3730 880 3784 dici
924 3741 1064 3795 erat,
1121 3731 1281 3783 etiam
1338 3731 1406 3785 de
1428 3746 1490 3786 ea
1516 3748 1637 3801 qua:
1665 3733 1820 3801 facta,

216 3834 334 3887 quae
366 3830 492 3874 nata
520 3822 628 3887 sit,
661 3837 779 3891 quae
806 3820 1092 3892 aliquando
1124 3837 1228 3875 non
1262 3820 1450 3886 fuerit,
1484 3833 1534 3878 et
1565 3840 1684 3893 qua:
1711 3840 1822 3879 ma-
1908 3822 1911 3825 ’

217 3914 348 3966 teria
404 3928 511 3967 non
554 3915 646 3970 sit.
694 3914 863 3969 Omne
909 3915 1051 3970 enim
1101 3914 1239 3984 quod
1282 3914 1437 3969 habet
1481 3929 1636 3983 esse,
1682 3916 1821 3972 unde

215 4004 413 4062 habeat
451 4007 576 4078 (7),
615 4007 730 4064 sive
781 4023 875 4079 per
909 4005 1287 4074 initium,sive
1332 4009 1451 4064 sine
1502 4009 1656 4063 initio
1698 4010 1814 4082 (8i.

1932 3379 2037 3417 non
2085 3361 2199 3417 fuit.
2254 3360 2465 3413 Initium
2513 3375 2617 3411 non
2667 3357 2869 3413 habens
2914 3357 3037 3427 quia
3089 3356 3229 3412 facta
3261 3372 3363 3409 non
3394 3357 3529 3423 fuit,

1928 3455 2098 3509 cernit
2141 3462 2193 3506 et
2237 3453 2559 3506 rudimento.
2606 3450 2739 3503 Inilii
2772 3450 2913 3503 enim
2944 3451 3194 3506 accidens
3251 3460 3334 3504 est
3380 3451 3526 3504 rndi-

1929 3555 2189 3599 mentum.
2222 3544 2386 3597 'l‘crra
2438 3558 2566 3595 vero
2604 3558 2724 3610 quae
2761 3541 2897 3596 facta
2933 3550 3051 3606 est,
3080 3543 3277 3596 meruit
3302 3552 3352 3598 et
3383 3544 3531 3597 rudis

1928 3637 2053 3693 dici.
2089 3637 2278 3693 Statim
2309 3637 2451 3691 enim
2485 3644 2539 3689 ut
2567 3635 2698 3691 facta
2726 3643 2841 3701 est,
2874 3634 3060 3690 habuit
3099 3634 3424 3706 imperfectae
3455 3637 3533 3691 lo-

1927 3748 2047 3787 cum
2075 3773 2089 3797 ,
2118 3742 2241 3787 ante
2285 3729 2688 3800 perfectionem.

2492 3819 2719 3874 CAPUT
2754 3818 2951 3874 XXIX.

1993 3920 2045 3976 Si
2089 3918 2301 3991 quidem
2340 3915 2515 3971 omnia
2547 3928 2706 3983 opera
2758 3927 2852 3966 sua
2890 3913 3027 3969 Deus
3054 3914 3243 3970 ordine
3273 3929 3528 3969 consumo

1925 4015 2131 4078 mavit,
2175 4013 2385 4069 incultis
2436 4009 2546 4083 (Id)
2597 4007 2772 4079 primo
2816 4007 3098 4065 elementis
3140 4008 3229 4082 (ε),
3273 4007 3533 4081 depalans

1455 4120 1844 4179 LECTIONES
1885 4124 2299 4183 VARIANTES.

276 4228 351 4293 (ι)
380 4229 614 4280 Habitum
662 4232 985 4297 promulgavit
1027 4240 1142 4297 ante
1180 4246 1191 4280 :
1229 4241 1431 4297 enarrat
1468 4235 1630 4297 qualia
1669 4247 1822 4297 esset,

211 4302 481 4360 antequam
503 4307 582 4360 τιηῄ
604 4303 742 4360 esset
762 4333 774 4355 ,
792 4295 1015 4360 ostendit
1043 4309 1053 4343 :
1081 4294 1285 4354 figuram
1325 4294 1598 4360 deformat,
1642 4294 1821 4350 nomen

212 4355 471 4426 abscondit
505 4370 517 4404 :
545 4357 676 4426 Jun;
693 4356 971 4426 inclementi.
998 4365 1170 4426 censet.

299 4418 350 4477 Ξ)
376 4416 618 4483 Edixcrat
640 4416 849 4483 Semler:
874 4420 1070 4483 Oberllt.

298 4483 351 4543 5)
378 4480 667 4543 Adpositum
691 4480 840 4533 Seml.
871 4482 1066 4533 Oberlh.

1993 4239 2061 4361 ξιξ)
2086 4240 2204 4290 Sine
2229 4242 2362 4314 abest
2387 4242 2537 4293 Scott.

2011 4305 2039 4351 9
2088 4303 2359 4353 “elationis
2382 4307 2501 4355 Jun.

2011 4303 2057 4355 9i
2088 4303 2359 4353 “elationis
2382 4307 2501 4355 Jun.

1988 4366 2085 4430 (IO)
2121 4366 2173 4415 ln
2198 4370 2516 4429 quaestionem
2543 4381 2767 4430 magnam
2792 4364 2943 4422 Scml.

1986 4429 2056 4489 (tl
2072 4434 2088 4491 )
2122 4437 2189 4478 Im
2211 4427 2389 4479 comes.
2416 4427 2705 4495 Suspicatur
2732 4427 2976 4483 Hallensis
3009 4428 3265 4496 legmdum
3298 4427 3437 4491 cujus
3459 4442 3523 4480 ex

1921 4503 2017 4552 quo
2043 4501 2164 4540 erat.

275 4541 349 4616 (LI).
374 4541 654 4604 Sopcrcilio
674 4544 823 4616 Sami.
864 4544 1059 4596 Obcrth.
1098 4545 1371 4610 Supcrcilio
1410 4556 1460 4599 ct
1496 4551 1668 4613 capitis
1700 4560 1819 4602 nutu
1846 4553 1897 4613 Ι)
1940 4541 1950 4552 ’
1986 4554 2085 4616 (12)
2115 4554 2164 4603 Si
2191 4554 2316 4603 nuda
2342 4556 2401 4603 sit
2432 4558 2652 4615 materia,
2692 4555 2802 4605 Deo
2840 4552 2983 4606 seml.
3005 4552 3201 4606 Oberth.
3228 4552 3279 4603 Si
3306 4552 3429 4603 nuda
3454 4556 3525 4605 sic

208 4604 381 4664 digitis
404 4610 769 4659 accommodato
804 4616 915 4658 Jun.

275 4666 349 4729 (ἒξ)
374 4666 437 4716 Ει
461 4678 582 4718 nutu
608 4670 758 4721 Scml.
788 4670 985 4722 Obertlt.
1014 4671 1192 4722 l’amel.

275 4726 351 4789 (6)
379 4728 549 4789 lnquit
570 4740 685 4782 Jun.

275 4792 349 4855 (7)
374 4790 545 4843 Habet
560 4794 713 4846 Seml.
734 4795 926 4847 Habeat
950 4797 1103 4847 Fran.

1924 4622 2089 4741 milia
2118 4678 2391 4741 inquietam
2418 4678 2566 4730 Scml.
2589 4680 2751 4730 Obert.
2778 4678 3015 4728 incultam
3039 4673 3217 4741 suspic.
3244 4677 3366 4727 Jun.

1982 4740 2084 4806 (Η)
2110 4740 2350 4792 Incultum
2373 4741 2480 4794 scil.
2507 4743 2739 4793 mundum
2764 4744 2885 4794 Jun.
2912 4742 3069 4792 minus
3096 4740 3232 4791 bene.

1583 4905 2147 4968 COMMENTARIUS.

478 5015 662 5093 XXVI.
699 5046 771 5057 --
803 5017 878 5089 (a)
911 5017 977 5093 ει
1001 5020 1254 5086 separavit
1293 5020 1423 5093 inter
1465 5037 1667 5089 aquam,
1700 5041 1813 5093 qua!

207 5098 316 5140 erat
330 5088 471 5163 infra
486 5088 879 5163 ﬁrmamentum.
899 5089 923 5143 l
932 5095 1046 5158 nfra
1058 5092 1279 5145 omnino
1295 5092 1379 5146 hic
1392 5088 1583 5160 accipit
1606 5088 1811 5163 auctor,

211 5176 304 5226 pro
325 5160 520 5234 subter,
568 5171 657 5213 aut
690 5161 805 5224 sub,
842 5177 1014 5230 neque
1046 5163 1187 5216 enim
1216 5164 1368 5217 aliter
1399 5165 1565 5233 accipi
1607 5160 1809 5234 potesti

208 5230 552 5303 quodgrace
572 5240 721 5303 (ᾔει,νό
745 5238 801 5295 ἦν
831 5239 1053 5289 ὑπεχέτω
1072 5242 1156 5291 τοῦ
1187 5230 1536 5303 περτὼμστρς)
1581 5230 1814 5293 maxime

208 5318 332 5374 cum
354 5301 484 5374 illud
507 5301 660 5355 Hebr.
688 5302 750 5366 Il,
788 5303 1137 5358 transferatur
1157 5301 1274 5359 :sub
1288 5306 1496 5374 pedibus
1518 5310 1645 5373 ejus,
1678 5312 1815 5365 sicut

210 5373 296 5427 hic
324 5375 393 5427 ab
425 5372 542 5425 aliis
571 5375 967 5440 interpretibus,
996 5377 1083 5430 sub
1116 5372 1453 5445 ﬁrmamento.
1489 5372 1620 5433 Plin.

281 5444 366 5527 (δ)
399 5445 860 5527 ΑιιρριαιιίηιΙιὶνςε
890 5444 1229 5527 ειυιοττιίεισ,Σ
1276 5448 1501 5527 ΙξηΙρΙιΓδ
1544 5452 1810 5527 interpre-

211 5516 377 5572 tatio.
436 5516 561 5584 quid
606 5516 864 5585 particula
896 5527 1061 5570 autem
1117 5519 1166 5570 in
1198 5520 1487 5585 Scripturis
1514 5516 1804 5577 sacris-ad-

207 5587 317 5642 dita
361 5588 640 5655 significet.
688 5588 988 5642 Adnotatur
1036 5600 1211 5643 autem
1240 5606 1269 5643 a
1304 5587 1563 5645 thenano
1610 5596 1802 5649 similis

209 5660 463 5732 locus,ex
489 5658 674 5732 lih.de
706 5658 987 5713 liesurrect.
1012 5662 1197 5723 carnis,
1224 5660 1377 5725 infra,
1411 5678 1530 5732 cap.
1567 5666 1630 5717 Ill
1667 5685 1677 5718 :
1718 5666 1800 5719 lto

209 5729 513 5781 rlit‘lbUlum
534 5773 547 5791 ,
579 5731 753 5789 homo,
786 5743 1129 5786 consertarum
1161 5729 1553 5788 substantiarum
1585 5736 1803 5792 duarum

206 5803 584 5871 quodammodo
628 5802 782 5862 ﬁbula
817 5813 906 5855 est.
958 5802 1086 5861 ΡΛΜ.

278 5872 434 5927 CAP.
456 5871 547 5926 XX
559 5871 644 5927 Vll
656 5904 743 5928 .—
756 5878 831 5946 (υ)
847 5874 953 5931 Sed
969 5887 1021 5929 tu
1036 5877 1307 5949 supercilia
1328 5878 1507 5951 capitis
1521 5889 1644 5934 nutu
1659 5881 1805 5952 digiti

1917 5030 2313 5082 accommodato.
2363 5030 2414 5083 In
2444 5028 2766 5084 editionihus
2790 5026 3098 5082 Rhenaniet
3122 5025 3306 5080 codice
3341 5024 3519 5079 Divin-

1918 5102 2066 5152 nonsi
2103 5101 2332 5169 legitur:
2370 5102 2474 5155 Sed
2501 5110 2553 5154 tu
2577 5101 2847 5171 supercilio
2874 5100 3055 5167 capitis
3109 5107 3154 5152 et
3206 5108 3331 5151 nutu
3370 5097 3517 5168 digiti

1916 5188 2086 5222 acrem
2097 5172 2297 5224 modulo
2316 5215 2327 5231 ,
2360 5182 2450 5223 etc.
2500 5173 2617 5227 IIIG.

1985 5242 2138 5296 CAP.
2158 5243 2200 5297 Χ
2214 5243 2471 5297 X\’|Il.—
2485 5244 2562 5313 (ά)
2580 5243 2677 5297 Aut
2689 5245 2733 5297 si
2748 5243 2841 5295 hoc
2857 5262 2885 5295 α
2905 5241 3007 5295 Deo
3022 5242 3293 5295 revelatum
3308 5250 3395 5313 est.
3411 5239 3511 5313 Lo-

1914 5327 2008 5364 cus
2051 5314 2391 5371 adnotaodus
2422 5312 2678 5370 adversus
2730 5315 3041 5375 haereticos,
3074 5326 3209 5381 quos
3237 5312 3508 5380 spiritales

1914 5385 2125 5452 quidam
2145 5395 2469 5453 nuncupant,
2488 5386 2897 5449 autexstaticos,
2920 5385 3007 5455 qui
3024 5382 3505 5455 etiam,Scriptura

1915 5467 2249 5524 Contempla.
2281 5459 2411 5515 solis
2444 5458 2857 5513 revelationibus
2899 5454 3172 5508 nitendum
3201 5454 3499 5509 tlocent:in

1906 5541 2132 5592 quonon
2163 5529 2485 5586 credendum
2518 5530 2620 5584 illis
2674 5529 2826 5582 docet
2871 5527 2957 5581 hic
2987 5537 3197 5591 auctor,
3248 5527 3348 5580 nisi
3375 5541 3500 5596 pro-

1909 5597 2032 5650 bent
2062 5600 2109 5651 id
2141 5616 2167 5651 a
2198 5602 2305 5654 Deo
2334 5601 2644 5654 revelatum.
2683 5599 2814 5653 Pan.

1979 5670 2053 5739 (ei
2088 5669 2343 5742 Depaluns
2370 5672 2742 5741 quodammodo
2774 5670 3036 5725 mundum.
3071 5670 3332 5737 Depolans
3353 5669 3499 5742 ,Al'toc

1906 5753 2013 5817 CSI.
2052 5739 2419 5817 manifestans.
2455 5744 2628 5817 palam
2685 5743 2996 5817 ostendens.
3052 5742 3303 5817 Adversus
3347 5739 3502 5817 alor-

1907 5816 2118 5871 cionam,
2167 5815 2255 5870 lib.
2295 5814 2353 5875 Υ,
2387 5811 2697 5883 Apostolum
2746 5824 2898 5867 vocat
2940 5814 3302 5881 depulnlorem
3328 5811 3495 5864 disci-

1907 5884 2064 5954 plina:
2092 5884 2311 5954 divinae,
2347 5886 2399 5941 id
2454 5894 2530 5942 cst
2575 5894 2940 5943 enut‘ratorcnt
2968 5926 2982 5954 ,
3014 5886 3494 5956 promumatorem-
