  <div class='ocr_page' id='page_1' title='image "/cluster/home/n/w/nwhite01/storage/ocr_20150623/2/hvd.32044015466741/129.png"; bbox 0 0 4262 6490; ppageno 0'>
   <div class='ocr_carea' id='block_1_1' title="bbox 746 362 853 423">
    <p class='ocr_par' dir='ltr' id='par_1_1' title="bbox 746 362 853 423">
     <span class='ocr_line' id='line_1_1' title="bbox 746 362 853 423; baseline 0.028 -3"><span class='ocrx_word' id='word_1_1' title='bbox 746 362 853 423; x_wconf 64' lang='grc'><strong>215</strong></span> 
     </span>
    </p>
   </div>
   <div class='ocr_carea' id='block_1_2' title="bbox 745 486 2335 574">
    <p class='ocr_par' dir='ltr' id='par_1_2' title="bbox 745 486 2335 574">
     <span class='ocr_line' id='line_1_2' title="bbox 745 486 2335 574; baseline 0.021 -39"><span class='ocrx_word' id='word_1_2' title='bbox 745 486 1141 552; x_wconf 77' lang='lat' dir='ltr'><strong>quodammodo</strong></span> <span class='ocrx_word' id='word_1_3' title='bbox 1187 496 1480 567; x_wconf 88' lang='lat' dir='ltr'><strong>mundum;</strong></span> <span class='ocrx_word' id='word_1_4' title='bbox 1530 500 1609 574; x_wconf 80' lang='grc' dir='ltr'><strong>(α)</strong></span> <span class='ocrx_word' id='word_1_5' title='bbox 1647 503 1841 563; x_wconf 78' lang='lat' dir='ltr'><strong>dehinc</strong></span> <span class='ocrx_word' id='word_1_6' title='bbox 1882 513 2154 567; x_wconf 79' lang='lat' dir='ltr'><strong>exornatis</strong></span> <span class='ocrx_word' id='word_1_7' title='bbox 2197 515 2335 571; x_wconf 90' lang='lat' dir='ltr'><strong>velut</strong></span> 
     </span>
    </p>
   </div>
   <div class='ocr_carea' id='block_1_3' title="bbox 745 577 2342 675">
    <p class='ocr_par' dir='ltr' id='par_1_3' title="bbox 745 577 2342 675">
     <span class='ocr_line' id='line_1_3' title="bbox 745 577 2342 675; baseline 0.02 -42"><span class='ocrx_word' id='word_1_8' title='bbox 745 577 1017 640; x_wconf 77' lang='lat' dir='ltr'><strong>dedimus.</strong></span> <span class='ocrx_word' id='word_1_9' title='bbox 1051 587 1182 644; x_wconf 88' lang='lat' dir='ltr'><strong>Nam</strong></span> <span class='ocrx_word' id='word_1_10' title='bbox 1222 600 1278 646; x_wconf 90' lang='lat' dir='ltr'><strong>et</strong></span> <span class='ocrx_word' id='word_1_11' title='bbox 1305 592 1484 651; x_wconf 93' lang='lat' dir='ltr'><strong>lumen</strong></span> <span class='ocrx_word' id='word_1_12' title='bbox 1549 614 1652 653; x_wconf 93' lang='lat' dir='ltr'><strong>non</strong></span> <span class='ocrx_word' id='word_1_13' title='bbox 1687 602 1866 656; x_wconf 73' lang='lat' dir='ltr'><strong>statim</strong></span> <span class='ocrx_word' id='word_1_14' title='bbox 1898 605 2184 675; x_wconf 89' lang='lat' dir='ltr'><strong>splendore</strong></span> <span class='ocrx_word' id='word_1_15' title='bbox 2212 612 2342 665; x_wconf 88' lang='lat' dir='ltr'><strong>solis</strong></span> 
     </span>
    </p>
   </div>
   <div class='ocr_carea' id='block_1_4' title="bbox 745 669 2339 756">
    <p class='ocr_par' dir='ltr' id='par_1_4' title="bbox 745 669 2339 756">
     <span class='ocr_line' id='line_1_4' title="bbox 745 669 2339 756; baseline 0.02 -31"><span class='ocrx_word' id='word_1_16' title='bbox 745 669 1010 743; x_wconf 88' lang='lat' dir='ltr'><strong>implevit,</strong></span> <span class='ocrx_word' id='word_1_17' title='bbox 1042 691 1095 733; x_wconf 90' lang='lat' dir='ltr'><strong>et</strong></span> <span class='ocrx_word' id='word_1_18' title='bbox 1121 683 1370 739; x_wconf 78' lang='lat' dir='ltr'><strong>tenebras</strong></span> <span class='ocrx_word' id='word_1_19' title='bbox 1415 702 1519 742; x_wconf 93' lang='lat' dir='ltr'><strong>non</strong></span> <span class='ocrx_word' id='word_1_20' title='bbox 1563 692 1740 746; x_wconf 90' lang='lat' dir='ltr'><strong>statim</strong></span> <span class='ocrx_word' id='word_1_21' title='bbox 1791 695 1985 750; x_wconf 88' lang='lat' dir='ltr'><strong>solatio</strong></span> <span class='ocrx_word' id='word_1_22' title='bbox 2033 698 2171 753; x_wconf 83' lang='lat' dir='ltr'><strong>hunc</strong></span> <span class='ocrx_word' id='word_1_23' title='bbox 2203 710 2339 756; x_wconf 85' lang='lat' dir='ltr'><strong>tem-</strong></span> 
     </span>
    </p>
   </div>
   <div class='ocr_carea' id='block_1_5' title="bbox 743 770 2338 865">
    <p class='ocr_par' dir='ltr' id='par_1_5' title="bbox 743 770 2338 865">
     <span class='ocr_line' id='line_1_5' title="bbox 743 770 2338 865; baseline 0.021 -47"><span class='ocrx_word' id='word_1_24' title='bbox 743 770 975 835; x_wconf 64' lang='lat' dir='ltr'><strong>peratit,</strong></span> <span class='ocrx_word' id='word_1_25' title='bbox 1004 780 1054 826; x_wconf 87' lang='lat' dir='ltr'><strong>et</strong></span> <span class='ocrx_word' id='word_1_26' title='bbox 1085 774 1278 830; x_wconf 69' lang='lat' dir='ltr'><strong>caelum</strong></span> <span class='ocrx_word' id='word_1_27' title='bbox 1308 794 1413 834; x_wconf 92' lang='lat' dir='ltr'><strong>non</strong></span> <span class='ocrx_word' id='word_1_28' title='bbox 1444 783 1620 837; x_wconf 82' lang='lat' dir='ltr'><strong>statim</strong></span> <span class='ocrx_word' id='word_1_29' title='bbox 1657 786 1923 850; x_wconf 83' lang='lat' dir='ltr'><strong>sideribus</strong></span> <span class='ocrx_word' id='word_1_30' title='bbox 1962 792 2236 865; x_wconf 80' lang='lat' dir='ltr'><strong>stellisque</strong></span> <span class='ocrx_word' id='word_1_31' title='bbox 2262 797 2338 851; x_wconf 90' lang='lat' dir='ltr'><strong>si-</strong></span> 
     </span>
    </p>
   </div>
   <div class='ocr_carea' id='block_1_6' title="bbox 743 862 2336 956">
    <p class='ocr_par' dir='ltr' id='par_1_6' title="bbox 743 862 2336 956">
     <span class='ocr_line' id='line_1_6' title="bbox 743 862 2336 956; baseline 0.021 -44"><span class='ocrx_word' id='word_1_32' title='bbox 743 862 917 929; x_wconf 77' lang='lat' dir='ltr'><strong>gnavit</strong></span> <span class='ocrx_word' id='word_1_33' title='bbox 940 902 955 927; x_wconf 95' lang='lat'><strong>,</strong></span> <span class='ocrx_word' id='word_1_34' title='bbox 985 874 1040 919; x_wconf 92' lang='lat' dir='ltr'><strong>et</strong></span> <span class='ocrx_word' id='word_1_35' title='bbox 1070 869 1233 922; x_wconf 91' lang='lat' dir='ltr'><strong>maria</strong></span> <span class='ocrx_word' id='word_1_36' title='bbox 1269 869 1345 943; x_wconf 91' lang='grc' dir='ltr'><strong>(ι)</strong></span> <span class='ocrx_word' id='word_1_37' title='bbox 1382 888 1485 927; x_wconf 94' lang='lat' dir='ltr'><strong>non</strong></span> <span class='ocrx_word' id='word_1_38' title='bbox 1519 877 1699 933; x_wconf 83' lang='lat' dir='ltr'><strong>statim</strong></span> <span class='ocrx_word' id='word_1_39' title='bbox 1730 879 1921 936; x_wconf 88' lang='lat' dir='ltr'><strong>bellnis</strong></span> <span class='ocrx_word' id='word_1_40' title='bbox 1947 862 2336 956; x_wconf 81' lang='lat' dir='ltr'><strong>ft&#39;cqneutavit,</strong></span> 
     </span>
    </p>
   </div>
   <div class='ocr_carea' id='block_1_7' title="bbox 741 955 2339 1039">
    <p class='ocr_par' dir='ltr' id='par_1_7' title="bbox 741 955 2339 1039">
     <span class='ocr_line' id='line_1_7' title="bbox 741 955 2339 1039; baseline 0.019 -31"><span class='ocrx_word' id='word_1_41' title='bbox 741 963 798 1009; x_wconf 89' lang='lat' dir='ltr'><strong>ct</strong></span> <span class='ocrx_word' id='word_1_42' title='bbox 824 955 992 1026; x_wconf 83' lang='lat' dir='ltr'><strong>ipsam</strong></span> <span class='ocrx_word' id='word_1_43' title='bbox 1038 969 1235 1018; x_wconf 88' lang='lat' dir='ltr'><strong>terram</strong></span> <span class='ocrx_word' id='word_1_44' title='bbox 1278 982 1382 1021; x_wconf 87' lang='lat' dir='ltr'><strong>non</strong></span> <span class='ocrx_word' id='word_1_45' title='bbox 1415 970 1593 1024; x_wconf 77' lang='lat' dir='ltr'><strong>statim</strong></span> <span class='ocrx_word' id='word_1_46' title='bbox 1635 974 1779 1028; x_wconf 89' lang='lat' dir='ltr'><strong>varia</strong></span> <span class='ocrx_word' id='word_1_47' title='bbox 1809 974 2155 1036; x_wconf 75' lang='lat' dir='ltr'><strong>fmcunditate</strong></span> <span class='ocrx_word' id='word_1_48' title='bbox 2182 981 2339 1039; x_wconf 86' lang='lat' dir='ltr'><strong>dota-</strong></span> 
     </span>
    </p>
   </div>
   <div class='ocr_carea' id='block_1_8' title="bbox 740 1047 2337 1134">
    <p class='ocr_par' dir='ltr' id='par_1_8' title="bbox 740 1047 2337 1134">
     <span class='ocr_line' id='line_1_8' title="bbox 740 1047 2337 1134; baseline 0.021 -33"><span class='ocrx_word' id='word_1_49' title='bbox 740 1047 818 1103; x_wconf 93' lang='lat' dir='ltr'><strong>vit</strong></span> <span class='ocrx_word' id='word_1_50' title='bbox 854 1066 869 1105; x_wconf 90' lang='lat'><strong>:</strong></span> <span class='ocrx_word' id='word_1_51' title='bbox 902 1052 996 1107; x_wconf 88' lang='lat' dir='ltr'><strong>scd</strong></span> <span class='ocrx_word' id='word_1_52' title='bbox 1039 1056 1212 1125; x_wconf 88' lang='lat' dir='ltr'><strong>primo</strong></span> <span class='ocrx_word' id='word_1_53' title='bbox 1242 1074 1361 1115; x_wconf 86' lang='lat' dir='ltr'><strong>esse</strong></span> <span class='ocrx_word' id='word_1_54' title='bbox 1390 1062 1439 1117; x_wconf 92' lang='lat' dir='ltr'><strong>ei</strong></span> <span class='ocrx_word' id='word_1_55' title='bbox 1481 1065 1704 1121; x_wconf 82' lang='lat' dir='ltr'><strong>contulit</strong></span> <span class='ocrx_word' id='word_1_56' title='bbox 1729 1084 1745 1131; x_wconf 82' lang='lat'><strong>;</strong></span> <span class='ocrx_word' id='word_1_57' title='bbox 1775 1069 1968 1128; x_wconf 79' lang='lat' dir='ltr'><strong>dehinc</strong></span> <span class='ocrx_word' id='word_1_58' title='bbox 2011 1090 2115 1130; x_wconf 92' lang='lat' dir='ltr'><strong>non</strong></span> <span class='ocrx_word' id='word_1_59' title='bbox 2161 1076 2213 1133; x_wconf 92' lang='lat' dir='ltr'><strong>in</strong></span> <span class='ocrx_word' id='word_1_60' title='bbox 2244 1094 2337 1134; x_wconf 87' lang='lat' dir='ltr'><strong>va-</strong></span> 
     </span>
    </p>
   </div>
   <div class='ocr_carea' id='block_1_9' title="bbox 740 1152 2339 1225">
    <p class='ocr_par' dir='ltr' id='par_1_9' title="bbox 740 1152 2339 1225">
     <span class='ocr_line' id='line_1_9' title="bbox 740 1152 2339 1225; baseline 0.02 -31"><span class='ocrx_word' id='word_1_61' title='bbox 740 1154 898 1198; x_wconf 89' lang='lat' dir='ltr'><strong>cuum</strong></span> <span class='ocrx_word' id='word_1_62' title='bbox 924 1160 1046 1204; x_wconf 89' lang='lat' dir='ltr'><strong>esse</strong></span> <span class='ocrx_word' id='word_1_63' title='bbox 1070 1152 1355 1221; x_wconf 87' lang='lat' dir='ltr'><strong>supplevit.</strong></span> <span class='ocrx_word' id='word_1_64' title='bbox 1385 1154 1472 1211; x_wconf 91' lang='lat' dir='ltr'><strong>Sic</strong></span> <span class='ocrx_word' id='word_1_65' title='bbox 1498 1160 1639 1213; x_wconf 90' lang='lat' dir='ltr'><strong>enim</strong></span> <span class='ocrx_word' id='word_1_66' title='bbox 1667 1170 1723 1217; x_wconf 90' lang='lat' dir='ltr'><strong>et</strong></span> <span class='ocrx_word' id='word_1_67' title='bbox 1776 1161 1978 1224; x_wconf 83' lang='lat' dir='ltr'><strong>Isaias:</strong></span> <span class='ocrx_word' id='word_1_68' title='bbox 2016 1166 2137 1223; x_wconf 74' lang='lat' dir='ltr'><strong>Non</strong></span> <span class='ocrx_word' id='word_1_69' title='bbox 2163 1170 2217 1223; x_wconf 83' lang='lat' dir='ltr'><strong>in</strong></span> <span class='ocrx_word' id='word_1_70' title='bbox 2248 1188 2339 1225; x_wconf 82' lang='lat' dir='ltr'><strong>ra-</strong></span> 
     </span>
    </p>
   </div>
   <div class='ocr_carea' id='block_1_10' title="bbox 739 1238 2337 1331">
    <p class='ocr_par' dir='ltr' id='par_1_10' title="bbox 739 1238 2337 1331">
     <span class='ocr_line' id='line_1_10' title="bbox 739 1238 2337 1331; baseline 0.022 -47"><span class='ocrx_word' id='word_1_71' title='bbox 739 1246 922 1301; x_wconf 84' lang='lat' dir='ltr'><strong>cuum,</strong></span> <span class='ocrx_word' id='word_1_72' title='bbox 950 1238 1044 1305; x_wconf 88' lang='lat' dir='ltr'><strong>ait,</strong></span> <span class='ocrx_word' id='word_1_73' title='bbox 1075 1242 1196 1312; x_wconf 81' lang='lat' dir='ltr'><strong>fecit</strong></span> <span class='ocrx_word' id='word_1_74' title='bbox 1237 1245 1403 1313; x_wconf 86' lang='lat' dir='ltr'><strong>illaut,</strong></span> <span class='ocrx_word' id='word_1_75' title='bbox 1438 1247 1513 1316; x_wconf 89' lang='lat' dir='ltr'><strong>(b)</strong></span> <span class='ocrx_word' id='word_1_76' title='bbox 1556 1255 1644 1303; x_wconf 82' lang='lat' dir='ltr'><strong>sed</strong></span> <span class='ocrx_word' id='word_1_77' title='bbox 1692 1252 1969 1309; x_wconf 80' lang='lat' dir='ltr'><strong>inhabitari</strong></span> <span class='ocrx_word' id='word_1_78' title='bbox 2018 1257 2122 1327; x_wconf 92' lang='lat' dir='ltr'><strong>(Is.</strong></span> <span class='ocrx_word' id='word_1_79' title='bbox 2172 1260 2337 1331; x_wconf 80' lang='lat' dir='ltr'><strong>XLV,</strong></span> 
     </span>
    </p>
   </div>
   <div class='ocr_carea' id='block_1_11' title="bbox 741 1324 2338 1426">
    <p class='ocr_par' dir='ltr' id='par_1_11' title="bbox 741 1324 2338 1426">
     <span class='ocr_line' id='line_1_11' title="bbox 741 1324 2338 1426; baseline 0.021 -47"><span class='ocrx_word' id='word_1_80' title='bbox 741 1324 857 1394; x_wconf 78' lang='grc'><strong>18).</strong></span> <span class='ocrx_word' id='word_1_81' title='bbox 893 1327 1082 1385; x_wconf 84' lang='lat' dir='ltr'><strong>Postea</strong></span> <span class='ocrx_word' id='word_1_82' title='bbox 1122 1348 1249 1405; x_wconf 79' lang='lat' dir='ltr'><strong>ergo</strong></span> <span class='ocrx_word' id='word_1_83' title='bbox 1289 1352 1447 1407; x_wconf 91' lang='lat' dir='ltr'><strong>quam</strong></span> <span class='ocrx_word' id='word_1_84' title='bbox 1494 1340 1632 1397; x_wconf 89' lang='lat' dir='ltr'><strong>facta</strong></span> <span class='ocrx_word' id='word_1_85' title='bbox 1673 1355 1788 1409; x_wconf 88' lang='lat' dir='ltr'><strong>est,</strong></span> <span class='ocrx_word' id='word_1_86' title='bbox 1823 1346 1994 1404; x_wconf 92' lang='lat' dir='ltr'><strong>futura</strong></span> <span class='ocrx_word' id='word_1_87' title='bbox 2026 1324 2184 1407; x_wconf 82' lang='lat' dir='ltr'><strong>etiam</strong></span> <span class='ocrx_word' id='word_1_88' title='bbox 2220 1324 2338 1426; x_wconf 52' lang='lat' dir='ltr'><strong>per;</strong></span> 
     </span>
    </p>
   </div>
   <div class='ocr_carea' id='block_1_12' title="bbox 738 1418 2336 1519">
    <p class='ocr_par' dir='ltr' id='par_1_12' title="bbox 738 1418 2336 1519">
     <span class='ocr_line' id='line_1_12' title="bbox 738 1418 2336 1519; baseline 0.019 -47"><span class='ocrx_word' id='word_1_89' title='bbox 738 1418 876 1475; x_wconf 89' lang='lat' dir='ltr'><strong>fecta</strong></span> <span class='ocrx_word' id='word_1_90' title='bbox 902 1464 916 1488; x_wconf 93' lang='lat'><strong>,</strong></span> <span class='ocrx_word' id='word_1_91' title='bbox 950 1422 1159 1481; x_wconf 91' lang='lat' dir='ltr'><strong>interim</strong></span> <span class='ocrx_word' id='word_1_92' title='bbox 1203 1440 1320 1484; x_wconf 91' lang='lat' dir='ltr'><strong>erat</strong></span> <span class='ocrx_word' id='word_1_93' title='bbox 1366 1431 1646 1491; x_wconf 78' lang='lat' dir='ltr'><strong>invisibilis</strong></span> <span class='ocrx_word' id='word_1_94' title='bbox 1690 1446 1745 1493; x_wconf 91' lang='lat' dir='ltr'><strong>et</strong></span> <span class='ocrx_word' id='word_1_95' title='bbox 1790 1442 1959 1497; x_wconf 90' lang='lat' dir='ltr'><strong>rudis.</strong></span> <span class='ocrx_word' id='word_1_96' title='bbox 2011 1442 2178 1501; x_wconf 82' lang='lat' dir='ltr'><strong>Rudis</strong></span> <span class='ocrx_word' id='word_1_97' title='bbox 2216 1450 2336 1519; x_wconf 85' lang='lat' dir='ltr'><strong>qni-</strong></span> 
     </span>
    </p>
   </div>
   <div class='ocr_carea' id='block_1_13' title="bbox 738 1510 2336 1601">
    <p class='ocr_par' dir='ltr' id='par_1_13' title="bbox 738 1510 2336 1601">
     <span class='ocr_line' id='line_1_13' title="bbox 738 1510 2336 1601; baseline 0.021 -34"><span class='ocrx_word' id='word_1_98' title='bbox 738 1510 894 1579; x_wconf 90' lang='lat' dir='ltr'><strong>dem,</strong></span> <span class='ocrx_word' id='word_1_99' title='bbox 930 1516 1031 1573; x_wconf 86' lang='lat' dir='ltr'><strong>ltoc</strong></span> <span class='ocrx_word' id='word_1_100' title='bbox 1057 1536 1272 1591; x_wconf 90' lang='lat' dir='ltr'><strong>quoque</strong></span> <span class='ocrx_word' id='word_1_101' title='bbox 1312 1524 1429 1596; x_wconf 85' lang='lat' dir='ltr'><strong>ipso</strong></span> <span class='ocrx_word' id='word_1_102' title='bbox 1458 1529 1598 1597; x_wconf 90' lang='lat' dir='ltr'><strong>quod</strong></span> <span class='ocrx_word' id='word_1_103' title='bbox 1642 1531 1953 1599; x_wconf 77' lang='lat' dir='ltr'><strong>invisibilis,</strong></span> <span class='ocrx_word' id='word_1_104' title='bbox 1988 1548 2042 1593; x_wconf 89' lang='grc' dir='ltr'><strong>ιιι</strong></span> <span class='ocrx_word' id='word_1_105' title='bbox 2077 1556 2173 1594; x_wconf 90' lang='lat' dir='ltr'><strong>nec</strong></span> <span class='ocrx_word' id='word_1_106' title='bbox 2202 1544 2336 1601; x_wconf 88' lang='lat' dir='ltr'><strong>visui</strong></span> 
     </span>
    </p>
   </div>
   <div class='ocr_carea' id='block_1_14' title="bbox 738 1610 2335 1700">
    <p class='ocr_par' dir='ltr' id='par_1_14' title="bbox 738 1610 2335 1700">
     <span class='ocr_line' id='line_1_14' title="bbox 738 1610 2335 1700; baseline 0.02 -39"><span class='ocrx_word' id='word_1_107' title='bbox 738 1610 1007 1680; x_wconf 82' lang='lat' dir='ltr'><strong>perfecta,</strong></span> <span class='ocrx_word' id='word_1_108' title='bbox 1041 1616 1200 1671; x_wconf 88' lang='lat' dir='ltr'><strong>simul</strong></span> <span class='ocrx_word' id='word_1_109' title='bbox 1230 1628 1369 1674; x_wconf 91' lang='lat' dir='ltr'><strong>etut</strong></span> <span class='ocrx_word' id='word_1_110' title='bbox 1409 1621 1478 1676; x_wconf 87' lang='lat' dir='ltr'><strong>de</strong></span> <span class='ocrx_word' id='word_1_111' title='bbox 1521 1624 1723 1695; x_wconf 89' lang='lat' dir='ltr'><strong>reliquo</strong></span> <span class='ocrx_word' id='word_1_112' title='bbox 1768 1630 2004 1687; x_wconf 91' lang='lat' dir='ltr'><strong>nondum</strong></span> <span class='ocrx_word' id='word_1_113' title='bbox 2056 1636 2335 1700; x_wconf 82' lang='lat' dir='ltr'><strong>instructa.</strong></span> 
     </span>
    </p>
   </div>
   <div class='ocr_carea' id='block_1_15' title="bbox 738 1699 2336 1793">
    <p class='ocr_par' dir='ltr' id='par_1_15' title="bbox 738 1699 2336 1793">
     <span class='ocr_line' id='line_1_15' title="bbox 738 1699 2336 1793; baseline 0.02 -39"><span class='ocrx_word' id='word_1_114' title='bbox 738 1699 1021 1760; x_wconf 88' lang='lat' dir='ltr'><strong>Invisibilis</strong></span> <span class='ocrx_word' id='word_1_115' title='bbox 1067 1722 1236 1776; x_wconf 86' lang='lat' dir='ltr'><strong>vero,</strong></span> <span class='ocrx_word' id='word_1_116' title='bbox 1280 1720 1336 1765; x_wconf 98' lang='grc' dir='ltr'><strong>ιιι</strong></span> <span class='ocrx_word' id='word_1_117' title='bbox 1398 1713 1571 1772; x_wconf 85' lang='lat' dir='ltr'><strong>adhuc</strong></span> <span class='ocrx_word' id='word_1_118' title='bbox 1615 1721 1802 1790; x_wconf 84' lang='lat' dir='ltr'><strong>aquis,</strong></span> <span class='ocrx_word' id='word_1_119' title='bbox 1840 1734 2108 1793; x_wconf 83' lang='lat' dir='ltr'><strong>tamquam</strong></span> <span class='ocrx_word' id='word_1_120' title='bbox 2158 1730 2336 1785; x_wconf 91' lang='lat' dir='ltr'><strong>tutmi-</strong></span> 
     </span>
    </p>
   </div>
   <div class='ocr_carea' id='block_1_16' title="bbox 737 1797 2335 1890">
    <p class='ocr_par' dir='ltr' id='par_1_16' title="bbox 737 1797 2335 1890">
     <span class='ocr_line' id='line_1_16' title="bbox 737 1797 2335 1890; baseline 0.019 -43"><span class='ocrx_word' id='word_1_121' title='bbox 737 1806 922 1849; x_wconf 84' lang='lat' dir='ltr'><strong>mento</strong></span> <span class='ocrx_word' id='word_1_122' title='bbox 954 1797 1035 1867; x_wconf 74' lang='lat'><strong>(‘2)</strong></span> <span class='ocrx_word' id='word_1_123' title='bbox 1075 1802 1321 1869; x_wconf 76' lang='lat' dir='ltr'><strong>genitalis</strong></span> <span class='ocrx_word' id='word_1_124' title='bbox 1360 1803 1601 1863; x_wconf 66' lang='lat' dir='ltr'><strong>humoris</strong></span> <span class='ocrx_word' id='word_1_125' title='bbox 1621 1854 1633 1875; x_wconf 87' lang='lat'><strong>,</strong></span> <span class='ocrx_word' id='word_1_126' title='bbox 1664 1812 1893 1869; x_wconf 90' lang='lat' dir='ltr'><strong>obducta</strong></span> <span class='ocrx_word' id='word_1_127' title='bbox 1924 1833 1936 1869; x_wconf 94' lang='lat'>:</span> <span class='ocrx_word' id='word_1_128' title='bbox 1970 1833 2072 1888; x_wconf 93' lang='lat' dir='ltr'><strong>qna</strong></span> <span class='ocrx_word' id='word_1_129' title='bbox 2124 1820 2292 1877; x_wconf 81' lang='lat' dir='ltr'><strong>forma</strong></span> <span class='ocrx_word' id='word_1_130' title='bbox 2319 1865 2335 1890; x_wconf 90' lang='lat'><strong>,</strong></span> 
     </span>
    </p>
   </div>
   <div class='ocr_carea' id='block_1_17' title="bbox 736 1887 2415 1977">
    <p class='ocr_par' dir='ltr' id='par_1_17' title="bbox 736 1887 2415 1977">
     <span class='ocr_line' id='line_1_17' title="bbox 736 1887 2415 1977; baseline 0.022 -38"><span class='ocrx_word' id='word_1_131' title='bbox 736 1887 897 1943; x_wconf 90' lang='lat' dir='ltr'><strong>etiam</strong></span> <span class='ocrx_word' id='word_1_132' title='bbox 946 1890 1139 1947; x_wconf 80' lang='lat' dir='ltr'><strong>adfinis</strong></span> <span class='ocrx_word' id='word_1_133' title='bbox 1181 1895 1301 1966; x_wconf 85' lang='lat' dir='ltr'><strong>ejus</strong></span> <span class='ocrx_word' id='word_1_134' title='bbox 1350 1913 1477 1953; x_wconf 89' lang='lat' dir='ltr'><strong>caro</strong></span> <span class='ocrx_word' id='word_1_135' title='bbox 1527 1913 1704 1957; x_wconf 89' lang='lat' dir='ltr'><strong>nostra</strong></span> <span class='ocrx_word' id='word_1_136' title='bbox 1756 1887 2086 1977; x_wconf 79' lang='lat' dir='ltr'><strong>producitur.</strong></span> <span class='ocrx_word' id='word_1_137' title='bbox 2118 1914 2252 1971; x_wconf 86' lang='lat' dir='ltr'><strong>Nam</strong></span> <span class='ocrx_word' id='word_1_138' title='bbox 2285 1930 2337 1974; x_wconf 92' lang='lat' dir='ltr'><strong>ct</strong></span> <span class='ocrx_word' id='word_1_139' title='bbox 2366 1914 2415 1975; x_wconf 89' lang='lat' dir='ltr'><strong>B</strong></span> 
     </span>
    </p>
   </div>
   <div class='ocr_carea' id='block_1_18' title="bbox 740 1976 2332 2080">
    <p class='ocr_par' dir='ltr' id='par_1_18' title="bbox 740 1976 2332 2080">
     <span class='ocr_line' id='line_1_18' title="bbox 740 1976 2332 2080; baseline 0.021 -48"><span class='ocrx_word' id='word_1_140' title='bbox 740 1976 907 2033; x_wconf 80' lang='lat' dir='ltr'><strong>David</strong></span> <span class='ocrx_word' id='word_1_141' title='bbox 938 1980 1007 2035; x_wconf 88' lang='lat' dir='ltr'><strong>ita</strong></span> <span class='ocrx_word' id='word_1_142' title='bbox 1034 1984 1179 2039; x_wconf 85' lang='lat' dir='ltr'><strong>canit</strong></span> <span class='ocrx_word' id='word_1_143' title='bbox 1206 2004 1219 2039; x_wconf 92' lang='lat'><strong>:</strong></span> <span class='ocrx_word' id='word_1_144' title='bbox 1249 1986 1459 2043; x_wconf 88' lang='lat' dir='ltr'><strong>Domini</strong></span> <span class='ocrx_word' id='word_1_145' title='bbox 1504 2003 1576 2046; x_wconf 86' lang='lat' dir='ltr'><strong>est</strong></span> <span class='ocrx_word' id='word_1_146' title='bbox 1624 1976 1763 2050; x_wconf 84' lang='lat' dir='ltr'><strong>terra</strong></span> <span class='ocrx_word' id='word_1_147' title='bbox 1799 2010 1847 2054; x_wconf 87' lang='lat' dir='ltr'><strong>et</strong></span> <span class='ocrx_word' id='word_1_148' title='bbox 1888 2004 2154 2071; x_wconf 85' lang='lat' dir='ltr'><strong>plenitudo</strong></span> <span class='ocrx_word' id='word_1_149' title='bbox 2197 2013 2332 2080; x_wconf 88' lang='lat' dir='ltr'><strong>ejus,</strong></span> 
     </span>
    </p>
   </div>
   <div class='ocr_carea' id='block_1_19' title="bbox 738 2071 2337 2173">
    <p class='ocr_par' dir='ltr' id='par_1_19' title="bbox 738 2071 2337 2173">
     <span class='ocr_line' id='line_1_19' title="bbox 738 2071 2337 2173; baseline 0.022 -48"><span class='ocrx_word' id='word_1_150' title='bbox 738 2071 872 2125; x_wconf 86' lang='lat' dir='ltr'><strong>orbis</strong></span> <span class='ocrx_word' id='word_1_151' title='bbox 894 2084 1041 2129; x_wconf 76' lang='lat' dir='ltr'><strong>term</strong></span> <span class='ocrx_word' id='word_1_152' title='bbox 1065 2076 1163 2148; x_wconf 79' lang='grc' dir='ltr'><strong>(ε),</strong></span> <span class='ocrx_word' id='word_1_153' title='bbox 1205 2089 1252 2133; x_wconf 84' lang='lat' dir='ltr'><strong>et</strong></span> <span class='ocrx_word' id='word_1_154' title='bbox 1283 2097 1453 2138; x_wconf 86' lang='lat' dir='ltr'><strong>omnes</strong></span> <span class='ocrx_word' id='word_1_155' title='bbox 1473 2086 1559 2155; x_wconf 85' lang='lat' dir='ltr'><strong>qui</strong></span> <span class='ocrx_word' id='word_1_156' title='bbox 1579 2088 1806 2146; x_wconf 86' lang='lat' dir='ltr'><strong>habitant</strong></span> <span class='ocrx_word' id='word_1_157' title='bbox 1834 2096 1884 2149; x_wconf 91' lang='lat' dir='ltr'><strong>in</strong></span> <span class='ocrx_word' id='word_1_158' title='bbox 1914 2097 2023 2151; x_wconf 88' lang='lat' dir='ltr'><strong>illa.</strong></span> <span class='ocrx_word' id='word_1_159' title='bbox 2044 2098 2072 2152; x_wconf 88' lang='grc'><em>1</em></span> <span class='ocrx_word' id='word_1_160' title='bbox 2080 2118 2167 2169; x_wconf 89' lang='lat' dir='ltr'><strong>pse</strong></span> <span class='ocrx_word' id='word_1_161' title='bbox 2184 2071 2337 2173; x_wconf 67' lang='lat' dir='ltr'><strong>super</strong></span> 
     </span>
    </p>
   </div>
   <div class='ocr_carea' id='block_1_20' title="bbox 735 2166 2335 2257">
    <p class='ocr_par' dir='ltr' id='par_1_20' title="bbox 735 2166 2335 2257">
     <span class='ocr_line' id='line_1_20' title="bbox 735 2166 2335 2257; baseline 0.022 -42"><span class='ocrx_word' id='word_1_162' title='bbox 735 2166 899 2219; x_wconf 88' lang='lat' dir='ltr'><strong>maria</strong></span> <span class='ocrx_word' id='word_1_163' title='bbox 930 2166 1163 2235; x_wconf 79' lang='lat' dir='ltr'><strong>fundavit</strong></span> <span class='ocrx_word' id='word_1_164' title='bbox 1191 2188 1301 2226; x_wconf 89' lang='lat' dir='ltr'><strong>eam</strong></span> <span class='ocrx_word' id='word_1_165' title='bbox 1324 2215 1337 2235; x_wconf 91' lang='lat'><strong>,</strong></span> <span class='ocrx_word' id='word_1_166' title='bbox 1366 2186 1411 2229; x_wconf 75' lang='lat' dir='ltr'><strong>et</strong></span> <span class='ocrx_word' id='word_1_167' title='bbox 1440 2194 1594 2247; x_wconf 86' lang='lat' dir='ltr'><strong>super</strong></span> <span class='ocrx_word' id='word_1_168' title='bbox 1616 2183 1840 2253; x_wconf 78' lang='lat' dir='ltr'><strong>ﬂumina</strong></span> <span class='ocrx_word' id='word_1_169' title='bbox 1886 2194 2194 2257; x_wconf 73' lang='lat' dir='ltr'><strong>prteparavit</strong></span> <span class='ocrx_word' id='word_1_170' title='bbox 2225 2212 2335 2251; x_wconf 84' lang='lat' dir='ltr'><strong>eam</strong></span> 
     </span>
    </p>
   </div>
   <div class='ocr_carea' id='block_1_21' title="bbox 736 2254 2333 2350">
    <p class='ocr_par' dir='ltr' id='par_1_21' title="bbox 736 2254 2333 2350">
     <span class='ocr_line' id='line_1_21' title="bbox 736 2254 2333 2350; baseline 0.023 -41"><span class='ocrx_word' id='word_1_171' title='bbox 736 2254 859 2325; x_wconf 88' lang='lat' dir='ltr'><strong>(Ps.</strong></span> <span class='ocrx_word' id='word_1_172' title='bbox 887 2258 1076 2322; x_wconf 80' lang='lat' dir='ltr'><strong>XXIII.</strong></span> <span class='ocrx_word' id='word_1_173' title='bbox 1102 2265 1144 2327; x_wconf 85' lang='grc' dir='ltr'><strong>Ι,</strong></span> <span class='ocrx_word' id='word_1_174' title='bbox 1161 2264 1240 2336; x_wconf 76' lang='lat'><strong>2).</strong></span> <span class='ocrx_word' id='word_1_175' title='bbox 1260 2267 1563 2341; x_wconf 75' lang='lat' dir='ltr'><strong>Segregatis</strong></span> <span class='ocrx_word' id='word_1_176' title='bbox 1584 2279 1724 2331; x_wconf 90' lang='lat' dir='ltr'><strong>enim</strong></span> <span class='ocrx_word' id='word_1_177' title='bbox 1750 2254 1901 2350; x_wconf 80' lang='lat' dir='ltr'><strong>aquis</strong></span> <span class='ocrx_word' id='word_1_178' title='bbox 1927 2284 1979 2337; x_wconf 92' lang='lat' dir='ltr'><strong>in</strong></span> <span class='ocrx_word' id='word_1_179' title='bbox 1997 2254 2333 2345; x_wconf 77' lang='lat' dir='ltr'><strong>curationem</strong></span> 
     </span>
    </p>
   </div>
   <div class='ocr_carea' id='block_1_22' title="bbox 738 2351 2336 2453">
    <p class='ocr_par' dir='ltr' id='par_1_22' title="bbox 738 2351 2336 2453">
     <span class='ocr_line' id='line_1_22' title="bbox 738 2351 2336 2453; baseline 0.026 -49"><span class='ocrx_word' id='word_1_180' title='bbox 738 2351 817 2422; x_wconf 78' lang='lat'><strong>(3)</strong></span> <span class='ocrx_word' id='word_1_181' title='bbox 845 2352 1079 2423; x_wconf 88' lang='lat' dir='ltr'><strong>sinutnu,</strong></span> <span class='ocrx_word' id='word_1_182' title='bbox 1103 2355 1181 2430; x_wconf 74' lang='grc' dir='ltr'>(ιι)</span> <span class='ocrx_word' id='word_1_183' title='bbox 1206 2366 1522 2421; x_wconf 83' lang='lat' dir='ltr'><strong>enticautior</strong></span> <span class='ocrx_word' id='word_1_184' title='bbox 1552 2368 1685 2423; x_wconf 67' lang='lat' dir='ltr'><strong>facta</strong></span> <span class='ocrx_word' id='word_1_185' title='bbox 1712 2386 1794 2429; x_wconf 88' lang='lat' dir='ltr'><strong>est</strong></span> <span class='ocrx_word' id='word_1_186' title='bbox 1822 2377 1967 2433; x_wconf 88' lang='lat' dir='ltr'><strong>arida</strong></span> <span class='ocrx_word' id='word_1_187' title='bbox 1987 2421 2000 2441; x_wconf 91' lang='lat'><strong>,</strong></span> <span class='ocrx_word' id='word_1_188' title='bbox 2031 2398 2151 2453; x_wconf 68' lang='lat' dir='ltr'><strong>qum</strong></span> <span class='ocrx_word' id='word_1_189' title='bbox 2180 2397 2336 2443; x_wconf 85' lang='lat' dir='ltr'><strong>ante-</strong></span> 
     </span>
    </p>
   </div>
   <div class='ocr_carea' id='block_1_23' title="bbox 738 2442 2332 2539">
    <p class='ocr_par' dir='ltr' id='par_1_23' title="bbox 738 2442 2332 2539">
     <span class='ocr_line' id='line_1_23' title="bbox 738 2442 2332 2539; baseline 0.026 -41"><span class='ocrx_word' id='word_1_190' title='bbox 738 2442 839 2500; x_wconf 85' lang='lat' dir='ltr'><strong>bac</strong></span> <span class='ocrx_word' id='word_1_191' title='bbox 866 2450 1018 2517; x_wconf 85' lang='lat' dir='ltr'><strong>aquis</strong></span> <span class='ocrx_word' id='word_1_192' title='bbox 1057 2454 1351 2522; x_wconf 83' lang='lat' dir='ltr'><strong>tegebatur.</strong></span> <span class='ocrx_word' id='word_1_193' title='bbox 1388 2458 1594 2519; x_wconf 78' lang='lat' dir='ltr'><strong>Exinde</strong></span> <span class='ocrx_word' id='word_1_194' title='bbox 1632 2466 1807 2539; x_wconf 85' lang='lat' dir='ltr'><strong>itaque</strong></span> <span class='ocrx_word' id='word_1_195' title='bbox 1837 2482 1891 2526; x_wconf 91' lang='lat' dir='ltr'><strong>et</strong></span> <span class='ocrx_word' id='word_1_196' title='bbox 1920 2442 2143 2531; x_wconf 75' lang='lat' dir='ltr'><strong>visibilis</strong></span> <span class='ocrx_word' id='word_1_197' title='bbox 2164 2480 2332 2538; x_wconf 81' lang='lat' dir='ltr'><strong>effici-</strong></span> 
     </span>
    </p>
   </div>
   <div class='ocr_carea' id='block_1_24' title="bbox 737 2541 2334 2646">
    <p class='ocr_par' dir='ltr' id='par_1_24' title="bbox 737 2541 2334 2646">
     <span class='ocr_line' id='line_1_24' title="bbox 737 2541 2334 2646; baseline 0.026 -55"><span class='ocrx_word' id='word_1_198' title='bbox 737 2546 843 2599; x_wconf 88' lang='lat' dir='ltr'><strong>tur.</strong></span> <span class='ocrx_word' id='word_1_199' title='bbox 874 2541 1087 2599; x_wconf 88' lang='lat' dir='ltr'><strong>dicenle</strong></span> <span class='ocrx_word' id='word_1_200' title='bbox 1133 2546 1279 2603; x_wconf 82' lang='lat' dir='ltr'><strong>Deo:</strong></span> <span class='ocrx_word' id='word_1_201' title='bbox 1315 2551 1659 2628; x_wconf 74' lang='lat' dir='ltr'><strong>Congrcgetur</strong></span> <span class='ocrx_word' id='word_1_202' title='bbox 1704 2578 1837 2634; x_wconf 85' lang='lat' dir='ltr'><strong>aqua</strong></span> <span class='ocrx_word' id='word_1_203' title='bbox 1882 2568 1936 2620; x_wconf 90' lang='lat' dir='ltr'><strong>in</strong></span> <span class='ocrx_word' id='word_1_204' title='bbox 1978 2577 2334 2646; x_wconf 70' lang='lat' dir='ltr'><strong>congregatio-</strong></span> 
     </span>
    </p>
   </div>
   <div class='ocr_carea' id='block_1_25' title="bbox 736 2634 2333 2734">
    <p class='ocr_par' dir='ltr' id='par_1_25' title="bbox 736 2634 2333 2734">
     <span class='ocr_line' id='line_1_25' title="bbox 736 2634 2333 2734; baseline 0.025 -50"><span class='ocrx_word' id='word_1_205' title='bbox 736 2646 848 2686; x_wconf 89' lang='lat' dir='ltr'><strong>nem</strong></span> <span class='ocrx_word' id='word_1_206' title='bbox 914 2634 993 2707; x_wconf 71' lang='grc'><strong>(4)</strong></span> <span class='ocrx_word' id='word_1_207' title='bbox 1035 2654 1219 2706; x_wconf 90' lang='lat' dir='ltr'><strong>unam,</strong></span> <span class='ocrx_word' id='word_1_208' title='bbox 1252 2652 1299 2696; x_wconf 86' lang='lat' dir='ltr'><strong>et</strong></span> <span class='ocrx_word' id='word_1_209' title='bbox 1338 2646 1570 2703; x_wconf 86' lang='lat' dir='ltr'><strong>videatur</strong></span> <span class='ocrx_word' id='word_1_210' title='bbox 1612 2654 1777 2708; x_wconf 85' lang='lat' dir='ltr'><strong>arida.</strong></span> <span class='ocrx_word' id='word_1_211' title='bbox 1841 2634 2098 2715; x_wconf 47' lang='lat' dir='ltr'><strong>Videntur:</strong></span> <span class='ocrx_word' id='word_1_212' title='bbox 2128 2634 2333 2734; x_wconf 64' lang='lat' dir='ltr'><strong>inquit,</strong></span> 
     </span>
    </p>
   </div>
   <div class='ocr_carea' id='block_1_26' title="bbox 735 2728 2335 2817">
    <p class='ocr_par' dir='ltr' id='par_1_26' title="bbox 735 2728 2335 2817">
     <span class='ocr_line' id='line_1_26' title="bbox 735 2728 2335 2817; baseline 0.024 -38"><span class='ocrx_word' id='word_1_213' title='bbox 735 2739 862 2789; x_wconf 87' lang='lat' dir='ltr'><strong>non,</strong></span> <span class='ocrx_word' id='word_1_214' title='bbox 899 2728 1011 2795; x_wconf 78' lang='lat' dir='ltr'><strong>ﬁat.</strong></span> <span class='ocrx_word' id='word_1_215' title='bbox 1040 2729 1317 2789; x_wconf 85' lang='lat' dir='ltr'><strong>Jamcnitu</strong></span> <span class='ocrx_word' id='word_1_216' title='bbox 1356 2738 1489 2796; x_wconf 85' lang='lat' dir='ltr'><strong>faeta</strong></span> <span class='ocrx_word' id='word_1_217' title='bbox 1521 2754 1657 2809; x_wconf 88' lang='lat' dir='ltr'><strong>erat,</strong></span> <span class='ocrx_word' id='word_1_218' title='bbox 1705 2748 1778 2817; x_wconf 88' lang='lat' dir='ltr'><strong>(e)</strong></span> <span class='ocrx_word' id='word_1_219' title='bbox 1809 2752 1901 2806; x_wconf 85' lang='lat' dir='ltr'><strong>sed</strong></span> <span class='ocrx_word' id='word_1_220' title='bbox 1935 2754 2213 2814; x_wconf 81' lang='lat' dir='ltr'><strong>invisibilis</strong></span> <span class='ocrx_word' id='word_1_221' title='bbox 2245 2777 2335 2816; x_wconf 89' lang='lat' dir='ltr'><strong>us-</strong></span> 
     </span>
    </p>
   </div>
   <div class='ocr_carea' id='block_1_27' title="bbox 735 2823 2338 2919">
    <p class='ocr_par' dir='ltr' id='par_1_27' title="bbox 735 2823 2338 2919">
     <span class='ocr_line' id='line_1_27' title="bbox 735 2823 2338 2919; baseline 0.027 -52"><span class='ocrx_word' id='word_1_222' title='bbox 735 2830 840 2884; x_wconf 87' lang='lat' dir='ltr'><strong>que</strong></span> <span class='ocrx_word' id='word_1_223' title='bbox 872 2826 996 2874; x_wconf 91' lang='lat' dir='ltr'><strong>tnuc</strong></span> <span class='ocrx_word' id='word_1_224' title='bbox 1029 2823 1195 2879; x_wconf 79' lang='lat' dir='ltr'><strong>videri</strong></span> <span class='ocrx_word' id='word_1_225' title='bbox 1242 2830 1561 2887; x_wconf 76' lang='lat' dir='ltr'><strong>sustinebat.</strong></span> <span class='ocrx_word' id='word_1_226' title='bbox 1604 2838 1763 2893; x_wconf 79' lang='lat' dir='ltr'><strong>Arida</strong></span> <span class='ocrx_word' id='word_1_227' title='bbox 1803 2853 1981 2899; x_wconf 90' lang='lat' dir='ltr'><strong>autem</strong></span> <span class='ocrx_word' id='word_1_228' title='bbox 2003 2887 2015 2910; x_wconf 94' lang='lat'><strong>,</strong></span> <span class='ocrx_word' id='word_1_229' title='bbox 2048 2854 2191 2919; x_wconf 91' lang='lat' dir='ltr'><strong>quod</strong></span> <span class='ocrx_word' id='word_1_230' title='bbox 2221 2865 2338 2909; x_wconf 90' lang='lat' dir='ltr'><strong>erat</strong></span> 
     </span>
    </p>
   </div>
   <div class='ocr_carea' id='block_1_28' title="bbox 737 2907 2334 3003">
    <p class='ocr_par' dir='ltr' id='par_1_28' title="bbox 737 2907 2334 3003">
     <span class='ocr_line' id='line_1_28' title="bbox 737 2907 2334 3003; baseline 0.026 -40"><span class='ocrx_word' id='word_1_231' title='bbox 737 2907 908 2965; x_wconf 89' lang='lat' dir='ltr'><strong>futura</strong></span> <span class='ocrx_word' id='word_1_232' title='bbox 940 2930 1003 2968; x_wconf 76' lang='lat' dir='ltr'><strong>ev</strong></span> <span class='ocrx_word' id='word_1_233' title='bbox 1035 2916 1269 2975; x_wconf 87' lang='lat' dir='ltr'><strong>divortio</strong></span> <span class='ocrx_word' id='word_1_234' title='bbox 1300 2922 1381 2994; x_wconf 85' lang='lat'><strong>(5)</strong></span> <span class='ocrx_word' id='word_1_235' title='bbox 1424 2925 1664 2986; x_wconf 89' lang='lat' dir='ltr'><strong>humoris</strong></span> <span class='ocrx_word' id='word_1_236' title='bbox 1687 2973 1702 2997; x_wconf 95' lang='lat'><strong>,</strong></span> <span class='ocrx_word' id='word_1_237' title='bbox 1736 2944 1912 2992; x_wconf 87' lang='lat' dir='ltr'><strong>tamen</strong></span> <span class='ocrx_word' id='word_1_238' title='bbox 1961 2907 2122 3001; x_wconf 62' lang='lat' dir='ltr'><strong>terra.</strong></span> <span class='ocrx_word' id='word_1_239' title='bbox 2160 2946 2223 2999; x_wconf 84' lang='lat' dir='ltr'><strong>Et</strong></span> <span class='ocrx_word' id='word_1_240' title='bbox 2251 2964 2334 3003; x_wconf 69' lang='grc' dir='ltr'><strong>νου</strong></span> 
     </span>
    </p>
   </div>
   <div class='ocr_carea' id='block_1_29' title="bbox 735 3005 2337 3112">
    <p class='ocr_par' dir='ltr' id='par_1_29' title="bbox 735 3005 2337 3112">
     <span class='ocr_line' id='line_1_29' title="bbox 735 3005 2337 3112; baseline 0.027 -57"><span class='ocrx_word' id='word_1_241' title='bbox 735 3005 865 3059; x_wconf 81' lang='lat' dir='ltr'><strong>cavit</strong></span> <span class='ocrx_word' id='word_1_242' title='bbox 898 3006 1032 3063; x_wconf 82' lang='lat' dir='ltr'><strong>Dens</strong></span> <span class='ocrx_word' id='word_1_243' title='bbox 1057 3013 1262 3068; x_wconf 87' lang='lat' dir='ltr'><strong>aridam</strong></span> <span class='ocrx_word' id='word_1_244' title='bbox 1288 3028 1503 3083; x_wconf 87' lang='lat' dir='ltr'><strong>terram,</strong></span> <span class='ocrx_word' id='word_1_245' title='bbox 1538 3039 1641 3079; x_wconf 89' lang='lat' dir='ltr'><strong>non</strong></span> <span class='ocrx_word' id='word_1_246' title='bbox 1688 3032 1985 3088; x_wconf 88' lang='lat' dir='ltr'><strong>materiam.</strong></span> <span class='ocrx_word' id='word_1_247' title='bbox 2016 3036 2103 3092; x_wconf 85' lang='lat' dir='ltr'><strong>Sic</strong></span> <span class='ocrx_word' id='word_1_248' title='bbox 2132 3050 2185 3094; x_wconf 89' lang='lat' dir='ltr'><strong>ct</strong></span> <span class='ocrx_word' id='word_1_249' title='bbox 2214 3058 2337 3112; x_wconf 83' lang='lat' dir='ltr'><strong>pcr-</strong></span> 
     </span>
    </p>
   </div>
   <div class='ocr_carea' id='block_1_30' title="bbox 736 3096 2333 3201">
    <p class='ocr_par' dir='ltr' id='par_1_30' title="bbox 736 3096 2333 3201">
     <span class='ocr_line' id='line_1_30' title="bbox 736 3096 2333 3201; baseline 0.024 -48"><span class='ocrx_word' id='word_1_250' title='bbox 736 3096 1019 3157; x_wconf 84' lang='lat' dir='ltr'><strong>fectionem</strong></span> <span class='ocrx_word' id='word_1_251' title='bbox 1066 3116 1248 3175; x_wconf 87' lang='lat' dir='ltr'><strong>postea</strong></span> <span class='ocrx_word' id='word_1_252' title='bbox 1294 3124 1629 3181; x_wconf 84' lang='lat' dir='ltr'><strong>consecuta,</strong></span> <span class='ocrx_word' id='word_1_253' title='bbox 1659 3118 1855 3178; x_wconf 84' lang='lat' dir='ltr'><strong>desiuit</strong></span> <span class='ocrx_word' id='word_1_254' title='bbox 1909 3127 2058 3184; x_wconf 89' lang='lat' dir='ltr'><strong>rudis</strong></span> <span class='ocrx_word' id='word_1_255' title='bbox 2108 3132 2289 3190; x_wconf 78' lang='lat' dir='ltr'><strong>baberi</strong></span> <span class='ocrx_word' id='word_1_256' title='bbox 2317 3178 2333 3201; x_wconf 94' lang='lat'><strong>,</strong></span> 
     </span>
    </p>
   </div>
   <div class='ocr_carea' id='block_1_31' title="bbox 734 3199 2340 3297">
    <p class='ocr_par' dir='ltr' id='par_1_31' title="bbox 734 3199 2340 3297">
     <span class='ocr_line' id='line_1_31' title="bbox 734 3199 2340 3297; baseline 0.024 -52"><span class='ocrx_word' id='word_1_257' title='bbox 734 3204 856 3246; x_wconf 91' lang='lat' dir='ltr'><strong>cum</strong></span> <span class='ocrx_word' id='word_1_258' title='bbox 893 3199 1199 3260; x_wconf 79' lang='lat' dir='ltr'><strong>pronuntiat</strong></span> <span class='ocrx_word' id='word_1_259' title='bbox 1251 3200 1389 3258; x_wconf 82' lang='lat' dir='ltr'><strong>Deus</strong></span> <span class='ocrx_word' id='word_1_260' title='bbox 1423 3219 1438 3258; x_wconf 74' lang='grc' dir='ltr'>ε</span> <span class='ocrx_word' id='word_1_261' title='bbox 1464 3206 1547 3276; x_wconf 81' lang='grc'><strong>(6)</strong></span> <span class='ocrx_word' id='word_1_262' title='bbox 1574 3207 1800 3267; x_wconf 82' lang='lat' dir='ltr'><strong>Fruticet</strong></span> <span class='ocrx_word' id='word_1_263' title='bbox 1826 3225 1961 3272; x_wconf 82' lang='lat' dir='ltr'><strong>terra</strong></span> <span class='ocrx_word' id='word_1_264' title='bbox 1989 3221 2193 3278; x_wconf 85' lang='lat' dir='ltr'><strong>herbam</strong></span> <span class='ocrx_word' id='word_1_265' title='bbox 2218 3199 2340 3297; x_wconf 74' lang='lat' dir='ltr'><strong>[mni</strong></span> 
     </span>
    </p>
   </div>
   <div class='ocr_carea' id='block_1_32' title="bbox 2168 396 2634 461">
    <p class='ocr_par' dir='ltr' id='par_1_32' title="bbox 2168 396 2634 461">
     <span class='ocr_line' id='line_1_32' title="bbox 2168 396 2634 461; baseline 0.019 -8"><span class='ocrx_word' id='word_1_266' title='bbox 2168 396 2634 461; x_wconf 77' lang='lat' dir='ltr'><strong>TERTULLMNI</strong></span> 
     </span>
    </p>
   </div>
   <div class='ocr_carea' id='block_1_33' title="bbox 3944 439 4049 496">
    <p class='ocr_par' dir='ltr' id='par_1_33' title="bbox 3944 439 4049 496">
     <span class='ocr_line' id='line_1_33' title="bbox 3944 439 4049 496; baseline 0.019 -2"><span class='ocrx_word' id='word_1_267' title='bbox 3944 439 4049 496; x_wconf 67' lang='grc' dir='ltr'><strong>εει</strong></span> 
     </span>
    </p>
   </div>
   <div class='ocr_carea' id='block_1_34' title="bbox 2368 517 4048 608">
    <p class='ocr_par' dir='ltr' id='par_1_34' title="bbox 2368 517 4048 608">
     <span class='ocr_line' id='line_1_34' title="bbox 2368 517 4048 608; baseline 0.02 -33"><span class='ocrx_word' id='word_1_268' title='bbox 2368 517 2419 576; x_wconf 80' lang='grc' dir='ltr'>Α</span> <span class='ocrx_word' id='word_1_269' title='bbox 2448 522 2690 589; x_wconf 64' lang='lat' dir='ltr'><strong>praedixit</strong></span> <span class='ocrx_word' id='word_1_270' title='bbox 2720 526 3039 587; x_wconf 81' lang='lat' dir='ltr'><strong>invisibilem</strong></span> <span class='ocrx_word' id='word_1_271' title='bbox 3068 541 3123 589; x_wconf 88' lang='lat' dir='ltr'><strong>et</strong></span> <span class='ocrx_word' id='word_1_272' title='bbox 3148 534 3365 605; x_wconf 85' lang='lat' dir='ltr'><strong>rudem,</strong></span> <span class='ocrx_word' id='word_1_273' title='bbox 3394 540 3442 596; x_wconf 89' lang='lat' dir='ltr'><strong>ei</strong></span> <span class='ocrx_word' id='word_1_274' title='bbox 3470 551 3521 597; x_wconf 91' lang='lat' dir='ltr'><strong>et</strong></span> <span class='ocrx_word' id='word_1_275' title='bbox 3550 542 3811 603; x_wconf 79' lang='lat' dir='ltr'><strong>visionem</strong></span> <span class='ocrx_word' id='word_1_276' title='bbox 3862 551 4048 608; x_wconf 48' lang='lat' dir='ltr'><strong>reddi.</strong></span> 
     </span>
    </p>
   </div>
   <div class='ocr_carea' id='block_1_35' title="bbox 2446 613 4045 701">
    <p class='ocr_par' dir='ltr' id='par_1_35' title="bbox 2446 613 4045 701">
     <span class='ocr_line' id='line_1_35' title="bbox 2446 613 4045 701; baseline 0.021 -34"><span class='ocrx_word' id='word_1_277' title='bbox 2446 613 2521 669; x_wconf 91' lang='lat' dir='ltr'><strong>dit</strong></span> <span class='ocrx_word' id='word_1_278' title='bbox 2550 626 2602 670; x_wconf 88' lang='lat' dir='ltr'><strong>et</strong></span> <span class='ocrx_word' id='word_1_279' title='bbox 2634 618 3041 687; x_wconf 74' lang='lat' dir='ltr'><strong>perfectionem.</strong></span> <span class='ocrx_word' id='word_1_280' title='bbox 3076 626 3189 681; x_wconf 84' lang='lat' dir='ltr'><strong>Non</strong></span> <span class='ocrx_word' id='word_1_281' title='bbox 3220 630 3320 685; x_wconf 87' lang='lat' dir='ltr'><strong>alia</strong></span> <span class='ocrx_word' id='word_1_282' title='bbox 3348 643 3526 690; x_wconf 83' lang='lat' dir='ltr'><strong>autem</strong></span> <span class='ocrx_word' id='word_1_283' title='bbox 3558 641 3783 694; x_wconf 88' lang='lat' dir='ltr'><strong>materia</strong></span> <span class='ocrx_word' id='word_1_284' title='bbox 3811 654 3931 698; x_wconf 91' lang='lat' dir='ltr'><strong>crat</strong></span> <span class='ocrx_word' id='word_1_285' title='bbox 3959 646 4045 701; x_wconf 89' lang='lat' dir='ltr'><strong>in-</strong></span> 
     </span>
    </p>
   </div>
   <div class='ocr_carea' id='block_1_36' title="bbox 2444 708 4048 803">
    <p class='ocr_par' dir='ltr' id='par_1_36' title="bbox 2444 708 4048 803">
     <span class='ocr_line' id='line_1_36' title="bbox 2444 708 4048 803; baseline 0.022 -45"><span class='ocrx_word' id='word_1_286' title='bbox 2444 708 2669 764; x_wconf 80' lang='lat' dir='ltr'><strong>visibilis</strong></span> <span class='ocrx_word' id='word_1_287' title='bbox 2699 722 2753 766; x_wconf 91' lang='lat' dir='ltr'><strong>et</strong></span> <span class='ocrx_word' id='word_1_288' title='bbox 2782 713 2947 769; x_wconf 89' lang='lat' dir='ltr'><strong>rudis.</strong></span> <span class='ocrx_word' id='word_1_289' title='bbox 2977 716 3118 788; x_wconf 75' lang='lat' dir='ltr'><strong>Ergo</strong></span> <span class='ocrx_word' id='word_1_290' title='bbox 3151 721 3230 793; x_wconf 90' lang='lat'><strong>(7)</strong></span> <span class='ocrx_word' id='word_1_291' title='bbox 3266 727 3485 781; x_wconf 85' lang='lat' dir='ltr'><strong>materia</strong></span> <span class='ocrx_word' id='word_1_292' title='bbox 3512 731 3618 785; x_wconf 90' lang='lat' dir='ltr'><strong>erit</strong></span> <span class='ocrx_word' id='word_1_293' title='bbox 3648 743 3830 803; x_wconf 89' lang='lat' dir='ltr'><strong>postea</strong></span> <span class='ocrx_word' id='word_1_294' title='bbox 3860 738 4048 793; x_wconf 82' lang='lat' dir='ltr'><strong>visibi-</strong></span> 
     </span>
    </p>
   </div>
   <div class='ocr_carea' id='block_1_37' title="bbox 2444 798 4050 891">
    <p class='ocr_par' dir='ltr' id='par_1_37' title="bbox 2444 798 4050 891">
     <span class='ocr_line' id='line_1_37' title="bbox 2444 798 4050 891; baseline 0.021 -38"><span class='ocrx_word' id='word_1_295' title='bbox 2444 798 2509 853; x_wconf 88' lang='lat' dir='ltr'><strong>lis</strong></span> <span class='ocrx_word' id='word_1_296' title='bbox 2534 812 2589 856; x_wconf 91' lang='lat' dir='ltr'><strong>et</strong></span> <span class='ocrx_word' id='word_1_297' title='bbox 2616 803 2870 870; x_wconf 79' lang='lat' dir='ltr'><strong>perfecta.</strong></span> <span class='ocrx_word' id='word_1_298' title='bbox 2901 808 3036 869; x_wconf 83' lang='lat' dir='ltr'><strong>Volo</strong></span> <span class='ocrx_word' id='word_1_299' title='bbox 3060 813 3238 884; x_wconf 84' lang='lat' dir='ltr'><strong>itaque</strong></span> <span class='ocrx_word' id='word_1_300' title='bbox 3265 816 3449 874; x_wconf 90' lang='lat' dir='ltr'><strong>videre</strong></span> <span class='ocrx_word' id='word_1_301' title='bbox 3475 798 3752 879; x_wconf 88' lang='lat' dir='ltr'><strong>materiam</strong></span> <span class='ocrx_word' id='word_1_302' title='bbox 3779 842 3794 891; x_wconf 91' lang='lat'><strong>;</strong></span> <span class='ocrx_word' id='word_1_303' title='bbox 3820 828 4050 887; x_wconf 85' lang='lat' dir='ltr'><strong>visibilis</strong></span> 
     </span>
    </p>
   </div>
   <div class='ocr_carea' id='block_1_38' title="bbox 2442 894 4047 991">
    <p class='ocr_par' dir='ltr' id='par_1_38' title="bbox 2442 894 4047 991">
     <span class='ocr_line' id='line_1_38' title="bbox 2442 894 4047 991; baseline 0.021 -44"><span class='ocrx_word' id='word_1_304' title='bbox 2442 894 2585 949; x_wconf 89' lang='lat' dir='ltr'><strong>cnim</strong></span> <span class='ocrx_word' id='word_1_305' title='bbox 2613 896 2748 953; x_wconf 90' lang='lat' dir='ltr'><strong>facta</strong></span> <span class='ocrx_word' id='word_1_306' title='bbox 2780 910 2881 956; x_wconf 80' lang='lat' dir='ltr'><strong>est.</strong></span> <span class='ocrx_word' id='word_1_307' title='bbox 2916 902 3046 959; x_wconf 83' lang='lat' dir='ltr'><strong>Volo</strong></span> <span class='ocrx_word' id='word_1_308' title='bbox 3072 917 3128 962; x_wconf 91' lang='lat' dir='ltr'><strong>et</strong></span> <span class='ocrx_word' id='word_1_309' title='bbox 3155 909 3445 978; x_wconf 79' lang='lat' dir='ltr'><strong>perfectam</strong></span> <span class='ocrx_word' id='word_1_310' title='bbox 3470 929 3589 970; x_wconf 90' lang='lat' dir='ltr'><strong>eam</strong></span> <span class='ocrx_word' id='word_1_311' title='bbox 3621 932 4047 991; x_wconf 79' lang='lat' dir='ltr'><strong>recognoscere,</strong></span> 
     </span>
    </p>
   </div>
   <div class='ocr_carea' id='block_1_39' title="bbox 2444 992 4044 1088">
    <p class='ocr_par' dir='ltr' id='par_1_39' title="bbox 2444 992 4044 1088">
     <span class='ocr_line' id='line_1_39' title="bbox 2444 992 4044 1088; baseline 0.019 -46"><span class='ocrx_word' id='word_1_312' title='bbox 2444 999 2503 1043; x_wconf 88' lang='grc' dir='ltr'><strong>ιιι</strong></span> <span class='ocrx_word' id='word_1_313' title='bbox 2528 1006 2592 1046; x_wconf 79' lang='lat' dir='ltr'><strong>cx</strong></span> <span class='ocrx_word' id='word_1_314' title='bbox 2623 992 2710 1047; x_wconf 91' lang='lat' dir='ltr'><strong>illa</strong></span> <span class='ocrx_word' id='word_1_315' title='bbox 2750 995 2913 1052; x_wconf 90' lang='lat' dir='ltr'><strong>etiam</strong></span> <span class='ocrx_word' id='word_1_316' title='bbox 2962 998 3090 1056; x_wconf 79' lang='lat' dir='ltr'><strong>fumi</strong></span> <span class='ocrx_word' id='word_1_317' title='bbox 3138 1002 3360 1060; x_wconf 88' lang='lat' dir='ltr'><strong>herbam</strong></span> <span class='ocrx_word' id='word_1_318' title='bbox 3386 1049 3401 1073; x_wconf 96' lang='lat'><strong>,</strong></span> <span class='ocrx_word' id='word_1_319' title='bbox 3432 1018 3484 1063; x_wconf 92' lang='lat' dir='ltr'><strong>et</strong></span> <span class='ocrx_word' id='word_1_320' title='bbox 3528 1024 3595 1065; x_wconf 74' lang='lat' dir='ltr'><strong>ex</strong></span> <span class='ocrx_word' id='word_1_321' title='bbox 3640 1011 3726 1067; x_wconf 83' lang='lat' dir='ltr'><strong>illa</strong></span> <span class='ocrx_word' id='word_1_322' title='bbox 3751 1014 4044 1088; x_wconf 74' lang='lat' dir='ltr'><strong>decerpant</strong></span> 
     </span>
    </p>
   </div>
   <div class='ocr_carea' id='block_1_40' title="bbox 2444 1082 4047 1167">
    <p class='ocr_par' dir='ltr' id='par_1_40' title="bbox 2444 1082 4047 1167">
     <span class='ocr_line' id='line_1_40' title="bbox 2444 1082 4047 1167; baseline 0.019 -31"><span class='ocrx_word' id='word_1_323' title='bbox 2444 1082 2641 1153; x_wconf 80' lang='lat' dir='ltr'><strong>lignum</strong></span> <span class='ocrx_word' id='word_1_324' title='bbox 2674 1088 3003 1148; x_wconf 85' lang='lat' dir='ltr'><strong>fructuosum</strong></span> <span class='ocrx_word' id='word_1_325' title='bbox 3032 1094 3112 1165; x_wconf 87' lang='lat'><strong>(8)</strong></span> <span class='ocrx_word' id='word_1_326' title='bbox 3138 1112 3153 1160; x_wconf 89' lang='lat'><strong>;</strong></span> <span class='ocrx_word' id='word_1_327' title='bbox 3185 1105 3240 1152; x_wconf 87' lang='lat' dir='ltr'><strong>et</strong></span> <span class='ocrx_word' id='word_1_328' title='bbox 3265 1112 3331 1153; x_wconf 81' lang='lat' dir='ltr'><strong>ex</strong></span> <span class='ocrx_word' id='word_1_329' title='bbox 3364 1100 3452 1155; x_wconf 91' lang='lat' dir='ltr'><strong>illa</strong></span> <span class='ocrx_word' id='word_1_330' title='bbox 3480 1103 3733 1160; x_wconf 88' lang='lat' dir='ltr'><strong>animalia</strong></span> <span class='ocrx_word' id='word_1_331' title='bbox 3775 1109 3893 1163; x_wconf 84' lang='lat' dir='ltr'><strong>usui</strong></span> <span class='ocrx_word' id='word_1_332' title='bbox 3920 1082 4047 1167; x_wconf 81' lang='lat' dir='ltr'><strong>meo</strong></span> 
     </span>
    </p>
   </div>
   <div class='ocr_carea' id='block_1_41' title="bbox 2442 1174 4048 1266">
    <p class='ocr_par' dir='ltr' id='par_1_41' title="bbox 2442 1174 4048 1266">
     <span class='ocr_line' id='line_1_41' title="bbox 2442 1174 4048 1266; baseline 0.017 -38"><span class='ocrx_word' id='word_1_333' title='bbox 2442 1174 2785 1234; x_wconf 83' lang='lat' dir='ltr'><strong>famulentur.</strong></span> <span class='ocrx_word' id='word_1_334' title='bbox 2835 1180 2943 1238; x_wconf 80' lang='lat' dir='ltr'><strong>Sed</strong></span> <span class='ocrx_word' id='word_1_335' title='bbox 2995 1188 3215 1242; x_wconf 86' lang='lat' dir='ltr'><strong>materia</strong></span> <span class='ocrx_word' id='word_1_336' title='bbox 3276 1190 3493 1258; x_wconf 88' lang='lat' dir='ltr'><strong>quidem</strong></span> <span class='ocrx_word' id='word_1_337' title='bbox 3542 1209 3854 1266; x_wconf 85' lang='lat' dir='ltr'><strong>nusquam:</strong></span> <span class='ocrx_word' id='word_1_338' title='bbox 3902 1208 4048 1255; x_wconf 88' lang='lat' dir='ltr'><strong>terra</strong></span> 
     </span>
    </p>
   </div>
   <div class='ocr_carea' id='block_1_42' title="bbox 2443 1270 4047 1361">
    <p class='ocr_par' dir='ltr' id='par_1_42' title="bbox 2443 1270 4047 1361">
     <span class='ocr_line' id='line_1_42' title="bbox 2443 1270 4047 1361; baseline 0.016 -42"><span class='ocrx_word' id='word_1_339' title='bbox 2443 1281 2573 1321; x_wconf 92' lang='lat' dir='ltr'><strong>vero</strong></span> <span class='ocrx_word' id='word_1_340' title='bbox 2595 1310 2609 1334; x_wconf 96' lang='lat'><strong>,</strong></span> <span class='ocrx_word' id='word_1_341' title='bbox 2640 1270 2756 1325; x_wconf 81' lang='lat' dir='ltr'><strong>lrec</strong></span> <span class='ocrx_word' id='word_1_342' title='bbox 2790 1271 2909 1343; x_wconf 86' lang='lat'><strong>(9),</strong></span> <span class='ocrx_word' id='word_1_343' title='bbox 2940 1274 2989 1330; x_wconf 90' lang='lat' dir='ltr'><strong>id</strong></span> <span class='ocrx_word' id='word_1_344' title='bbox 3032 1286 3116 1331; x_wconf 89' lang='lat' dir='ltr'><strong>est</strong></span> <span class='ocrx_word' id='word_1_345' title='bbox 3160 1292 3363 1334; x_wconf 91' lang='lat' dir='ltr'><strong>coram.</strong></span> <span class='ocrx_word' id='word_1_346' title='bbox 3400 1281 3549 1339; x_wconf 86' lang='lat' dir='ltr'><strong>llauc</strong></span> <span class='ocrx_word' id='word_1_347' title='bbox 3577 1285 3734 1341; x_wconf 86' lang='lat' dir='ltr'><strong>video</strong></span> <span class='ocrx_word' id='word_1_348' title='bbox 3754 1328 3769 1351; x_wconf 92' lang='lat'><strong>,</strong></span> <span class='ocrx_word' id='word_1_349' title='bbox 3790 1286 3889 1342; x_wconf 88' lang='lat' dir='ltr'><strong>hac</strong></span> <span class='ocrx_word' id='word_1_350' title='bbox 3920 1305 4047 1361; x_wconf 90' lang='lat' dir='ltr'><strong>per-</strong></span> 
     </span>
    </p>
   </div>
   <div class='ocr_carea' id='block_1_43' title="bbox 2442 1360 4048 1453">
    <p class='ocr_par' dir='ltr' id='par_1_43' title="bbox 2442 1360 4048 1453">
     <span class='ocr_line' id='line_1_43' title="bbox 2442 1360 4048 1453; baseline 0.014 -37"><span class='ocrx_word' id='word_1_351' title='bbox 2442 1360 2610 1422; x_wconf 89' lang='lat' dir='ltr'><strong>fruor,</strong></span> <span class='ocrx_word' id='word_1_352' title='bbox 2640 1378 2703 1416; x_wconf 79' lang='lat' dir='ltr'><strong>ex</strong></span> <span class='ocrx_word' id='word_1_353' title='bbox 2743 1379 2851 1434; x_wconf 92' lang='lat' dir='ltr'><strong>quo</strong></span> <span class='ocrx_word' id='word_1_354' title='bbox 2880 1367 3165 1426; x_wconf 84' lang='lat' dir='ltr'><strong>invisibilis</strong></span> <span class='ocrx_word' id='word_1_355' title='bbox 3192 1382 3247 1427; x_wconf 90' lang='lat' dir='ltr'><strong>et</strong></span> <span class='ocrx_word' id='word_1_356' title='bbox 3289 1373 3438 1430; x_wconf 91' lang='lat' dir='ltr'><strong>rudis</strong></span> <span class='ocrx_word' id='word_1_357' title='bbox 3465 1391 3587 1433; x_wconf 88' lang='lat' dir='ltr'><strong>csse</strong></span> <span class='ocrx_word' id='word_1_358' title='bbox 3615 1378 3812 1449; x_wconf 90' lang='lat' dir='ltr'><strong>desiit,</strong></span> <span class='ocrx_word' id='word_1_359' title='bbox 3844 1360 4048 1453; x_wconf 86' lang='lat' dir='ltr'><strong>dequa</strong></span> 
     </span>
    </p>
   </div>
   <div class='ocr_carea' id='block_1_44' title="bbox 2441 1456 4049 1550">
    <p class='ocr_par' dir='ltr' id='par_1_44' title="bbox 2441 1456 4049 1550">
     <span class='ocr_line' id='line_1_44' title="bbox 2441 1456 4049 1550; baseline 0.016 -42"><span class='ocrx_word' id='word_1_360' title='bbox 2441 1456 2878 1515; x_wconf 80' lang='lat' dir='ltr'><strong>manifestissime</strong></span> <span class='ocrx_word' id='word_1_361' title='bbox 2925 1462 3127 1521; x_wconf 84' lang='lat' dir='ltr'><strong>Isaias:</strong></span> <span class='ocrx_word' id='word_1_362' title='bbox 3160 1464 3285 1521; x_wconf 80' lang='lat' dir='ltr'><strong>Htec</strong></span> <span class='ocrx_word' id='word_1_363' title='bbox 3327 1470 3452 1524; x_wconf 83' lang='lat' dir='ltr'><strong>dicit</strong></span> <span class='ocrx_word' id='word_1_364' title='bbox 3492 1470 3745 1529; x_wconf 77' lang='lat' dir='ltr'><strong>Dominus</strong></span> <span class='ocrx_word' id='word_1_365' title='bbox 3781 1478 3866 1545; x_wconf 88' lang='lat' dir='ltr'><strong>qui</strong></span> <span class='ocrx_word' id='word_1_366' title='bbox 3926 1478 4049 1550; x_wconf 75' lang='lat' dir='ltr'><strong>fecit</strong></span> 
     </span>
    </p>
   </div>
   <div class='ocr_carea' id='block_1_45' title="bbox 2440 1550 4046 1635">
    <p class='ocr_par' dir='ltr' id='par_1_45' title="bbox 2440 1550 4046 1635">
     <span class='ocr_line' id='line_1_45' title="bbox 2440 1550 4046 1635; baseline 0.015 -32"><span class='ocrx_word' id='word_1_367' title='bbox 2440 1552 2622 1605; x_wconf 71' lang='lat' dir='ltr'><strong>rte/nm</strong></span> <span class='ocrx_word' id='word_1_368' title='bbox 2650 1550 2748 1623; x_wconf 92' lang='lat' dir='ltr'><strong>(Is.</strong></span> <span class='ocrx_word' id='word_1_369' title='bbox 2783 1553 2945 1621; x_wconf 73' lang='lat' dir='ltr'><strong>XLV,</strong></span> <span class='ocrx_word' id='word_1_370' title='bbox 2982 1557 3086 1628; x_wconf 88' lang='lat' dir='ltr'><strong>l8).</strong></span> <span class='ocrx_word' id='word_1_371' title='bbox 3121 1559 3225 1616; x_wconf 88' lang='lat' dir='ltr'><strong>Iste</strong></span> <span class='ocrx_word' id='word_1_372' title='bbox 3254 1560 3397 1618; x_wconf 89' lang='lat' dir='ltr'><strong>Deus</strong></span> <span class='ocrx_word' id='word_1_373' title='bbox 3416 1566 3505 1635; x_wconf 92' lang='lat' dir='ltr'><strong>qui</strong></span> <span class='ocrx_word' id='word_1_374' title='bbox 3527 1565 3919 1625; x_wconf 87' lang='lat' dir='ltr'><strong>demonstravit</strong></span> <span class='ocrx_word' id='word_1_375' title='bbox 3942 1583 4046 1627; x_wconf 87' lang='lat' dir='ltr'><strong>ter-</strong></span> 
     </span>
    </p>
   </div>
   <div class='ocr_carea' id='block_1_46' title="bbox 2442 1646 4045 1722">
    <p class='ocr_par' dir='ltr' id='par_1_46' title="bbox 2442 1646 4045 1722">
     <span class='ocr_line' id='line_1_46' title="bbox 2442 1646 4045 1722; baseline 0.015 -25"><span class='ocrx_word' id='word_1_376' title='bbox 2442 1658 2554 1698; x_wconf 85' lang='lat' dir='ltr'><strong>ram</strong></span> <span class='ocrx_word' id='word_1_377' title='bbox 2586 1687 2601 1711; x_wconf 95' lang='lat'><strong>,</strong></span> <span class='ocrx_word' id='word_1_378' title='bbox 2629 1655 2682 1701; x_wconf 93' lang='lat' dir='ltr'><strong>et</strong></span> <span class='ocrx_word' id='word_1_379' title='bbox 2730 1646 2853 1704; x_wconf 89' lang='lat' dir='ltr'><strong>fecit</strong></span> <span class='ocrx_word' id='word_1_380' title='bbox 2895 1649 3063 1705; x_wconf 89' lang='lat' dir='ltr'><strong>illam.</strong></span> <span class='ocrx_word' id='word_1_381' title='bbox 3110 1651 3274 1711; x_wconf 88' lang='lat' dir='ltr'><strong>Certe</strong></span> <span class='ocrx_word' id='word_1_382' title='bbox 3320 1657 3567 1714; x_wconf 87' lang='lat' dir='ltr'><strong>eamdem</strong></span> <span class='ocrx_word' id='word_1_383' title='bbox 3615 1661 4045 1722; x_wconf 86' lang='lat' dir='ltr'><strong>demonstravit.</strong></span> 
     </span>
    </p>
   </div>
   <div class='ocr_carea' id='block_1_47' title="bbox 2440 1741 4047 1828">
    <p class='ocr_par' dir='ltr' id='par_1_47' title="bbox 2440 1741 4047 1828">
     <span class='ocr_line' id='line_1_47' title="bbox 2440 1741 4047 1828; baseline 0.016 -40"><span class='ocrx_word' id='word_1_384' title='bbox 2440 1750 2599 1804; x_wconf 91' lang='lat' dir='ltr'><strong>quam</strong></span> <span class='ocrx_word' id='word_1_385' title='bbox 2648 1746 2703 1794; x_wconf 93' lang='lat' dir='ltr'><strong>et</strong></span> <span class='ocrx_word' id='word_1_386' title='bbox 2750 1741 2898 1798; x_wconf 86' lang='lat' dir='ltr'><strong>fecit.</strong></span> <span class='ocrx_word' id='word_1_387' title='bbox 2928 1742 3211 1811; x_wconf 83' lang='lat' dir='ltr'><strong>Quomodo</strong></span> <span class='ocrx_word' id='word_1_388' title='bbox 3254 1748 3690 1809; x_wconf 85' lang='lat' dir='ltr'><strong>demonstravit?</strong></span> <span class='ocrx_word' id='word_1_389' title='bbox 3736 1756 3930 1828; x_wconf 89' lang='lat' dir='ltr'><strong>Utique</strong></span> <span class='ocrx_word' id='word_1_390' title='bbox 3957 1760 4047 1814; x_wconf 88' lang='lat' dir='ltr'><strong>di-</strong></span> 
     </span>
    </p>
   </div>
   <div class='ocr_carea' id='block_1_48' title="bbox 2440 1827 4049 1920">
    <p class='ocr_par' dir='ltr' id='par_1_48' title="bbox 2440 1827 4049 1920">
     <span class='ocr_line' id='line_1_48' title="bbox 2440 1827 4049 1920; baseline 0.016 -40"><span class='ocrx_word' id='word_1_391' title='bbox 2440 1827 2613 1884; x_wconf 86' lang='lat' dir='ltr'><strong>cendo</strong></span> <span class='ocrx_word' id='word_1_392' title='bbox 2637 1845 2655 1883; x_wconf 91' lang='lat'><strong><em>:</em></strong></span> <span class='ocrx_word' id='word_1_393' title='bbox 2689 1828 2933 1887; x_wconf 85' lang='lat' dir='ltr'><strong>Videntur</strong></span> <span class='ocrx_word' id='word_1_394' title='bbox 2953 1836 3119 1890; x_wconf 81' lang='lat' dir='ltr'><strong>arida.</strong></span> <span class='ocrx_word' id='word_1_395' title='bbox 3152 1837 3330 1907; x_wconf 85' lang='lat' dir='ltr'><strong>Quare</strong></span> <span class='ocrx_word' id='word_1_396' title='bbox 3358 1840 3530 1898; x_wconf 88' lang='lat' dir='ltr'><strong>videri</strong></span> <span class='ocrx_word' id='word_1_397' title='bbox 3572 1844 3721 1915; x_wconf 87' lang='lat' dir='ltr'><strong>jubet</strong></span> <span class='ocrx_word' id='word_1_398' title='bbox 3742 1889 3759 1914; x_wconf 96' lang='lat'><strong>,</strong></span> <span class='ocrx_word' id='word_1_399' title='bbox 3788 1848 3892 1903; x_wconf 91' lang='lat' dir='ltr'><strong>nisi</strong></span> <span class='ocrx_word' id='word_1_400' title='bbox 3921 1851 4049 1920; x_wconf 89' lang='lat' dir='ltr'><strong>quia</strong></span> 
     </span>
    </p>
   </div>
   <div class='ocr_carea' id='block_1_49' title="bbox 2444 1923 4046 2005">
    <p class='ocr_par' dir='ltr' id='par_1_49' title="bbox 2444 1923 4046 2005">
     <span class='ocr_line' id='line_1_49' title="bbox 2444 1923 4046 2005; baseline 0.015 -32"><span class='ocrx_word' id='word_1_401' title='bbox 2444 1928 2591 1974; x_wconf 88' lang='lat' dir='ltr'><strong>retro</strong></span> <span class='ocrx_word' id='word_1_402' title='bbox 2620 1936 2725 1976; x_wconf 92' lang='lat' dir='ltr'><strong>non</strong></span> <span class='ocrx_word' id='word_1_403' title='bbox 2749 1923 3073 1982; x_wconf 83' lang='lat' dir='ltr'><strong>videbatur?</strong></span> <span class='ocrx_word' id='word_1_404' title='bbox 3101 1940 3154 1984; x_wconf 90' lang='lat' dir='ltr'><strong>ut</strong></span> <span class='ocrx_word' id='word_1_405' title='bbox 3182 1932 3226 1985; x_wconf 87' lang='lat' dir='ltr'><strong>si</strong></span> <span class='ocrx_word' id='word_1_406' title='bbox 3257 1947 3469 2005; x_wconf 88' lang='lat' dir='ltr'><strong>quoquc</strong></span> <span class='ocrx_word' id='word_1_407' title='bbox 3490 1949 3609 1989; x_wconf 87' lang='lat' dir='ltr'><strong>eam</strong></span> <span class='ocrx_word' id='word_1_408' title='bbox 3628 1954 3731 1991; x_wconf 82' lang='lat' dir='ltr'><strong>non</strong></span> <span class='ocrx_word' id='word_1_409' title='bbox 3752 1939 3805 1991; x_wconf 87' lang='lat' dir='ltr'><strong>in</strong></span> <span class='ocrx_word' id='word_1_410' title='bbox 3825 1956 4046 1997; x_wconf 79' lang='lat' dir='ltr'><strong>vacuum</strong></span> 
     </span>
    </p>
   </div>
   <div class='ocr_carea' id='block_1_50' title="bbox 2442 2014 4047 2100">
    <p class='ocr_par' dir='ltr' id='par_1_50' title="bbox 2442 2014 4047 2100">
     <span class='ocr_line' id='line_1_50' title="bbox 2442 2014 4047 2100; baseline 0.012 -31"><span class='ocrx_word' id='word_1_411' title='bbox 2442 2014 2656 2069; x_wconf 82' lang='lat' dir='ltr'><strong>fecisset</strong></span> <span class='ocrx_word' id='word_1_412' title='bbox 2684 2018 2926 2073; x_wconf 72' lang='lat' dir='ltr'><strong>faciendo</strong></span> <span class='ocrx_word' id='word_1_413' title='bbox 2952 2021 3239 2094; x_wconf 79' lang='lat' dir='ltr'><strong>visibilem,</strong></span> <span class='ocrx_word' id='word_1_414' title='bbox 3268 2032 3323 2079; x_wconf 91' lang='lat' dir='ltr'><strong>et</strong></span> <span class='ocrx_word' id='word_1_415' title='bbox 3356 2026 3427 2079; x_wconf 87' lang='lat' dir='ltr'><strong>ita</strong></span> <span class='ocrx_word' id='word_1_416' title='bbox 3454 2026 3676 2083; x_wconf 83' lang='lat' dir='ltr'><strong>habilem</strong></span> <span class='ocrx_word' id='word_1_417' title='bbox 3711 2030 3933 2100; x_wconf 68' lang='lat' dir='ltr'><strong>(10).Et</strong></span> <span class='ocrx_word' id='word_1_418' title='bbox 3964 2034 4047 2089; x_wconf 90' lang='lat' dir='ltr'><strong>sic</strong></span> 
     </span>
    </p>
   </div>
   <div class='ocr_carea' id='block_1_51' title="bbox 2440 2109 4039 2192">
    <p class='ocr_par' dir='ltr' id='par_1_51' title="bbox 2440 2109 4039 2192">
     <span class='ocr_line' id='line_1_51' title="bbox 2440 2109 4039 2192; baseline 0.014 -33"><span class='ocrx_word' id='word_1_419' title='bbox 2440 2120 2537 2175; x_wconf 90' lang='lat' dir='ltr'><strong>per</strong></span> <span class='ocrx_word' id='word_1_420' title='bbox 2578 2109 2757 2163; x_wconf 84' lang='lat' dir='ltr'><strong>omnia</strong></span> <span class='ocrx_word' id='word_1_421' title='bbox 2811 2112 3065 2181; x_wconf 87' lang='lat' dir='ltr'><strong>probatur</strong></span> <span class='ocrx_word' id='word_1_422' title='bbox 3114 2116 3268 2170; x_wconf 87' lang='lat' dir='ltr'><strong>nobis</strong></span> <span class='ocrx_word' id='word_1_423' title='bbox 3308 2118 3445 2173; x_wconf 78' lang='lat' dir='ltr'><strong>lianc</strong></span> <span class='ocrx_word' id='word_1_424' title='bbox 3515 2136 3677 2192; x_wconf 80' lang='lat' dir='ltr'><strong>quam</strong></span> <span class='ocrx_word' id='word_1_425' title='bbox 3720 2122 4039 2189; x_wconf 90' lang='lat' dir='ltr'><strong>incolimus.</strong></span> 
     </span>
    </p>
   </div>
   <div class='ocr_carea' id='block_1_52' title="bbox 2439 2198 4051 2281">
    <p class='ocr_par' dir='ltr' id='par_1_52' title="bbox 2439 2198 4051 2281">
     <span class='ocr_line' id='line_1_52' title="bbox 2439 2198 4051 2281; baseline 0.014 -32"><span class='ocrx_word' id='word_1_426' title='bbox 2439 2198 2683 2253; x_wconf 80' lang='lat' dir='ltr'><strong>eamdem</strong></span> <span class='ocrx_word' id='word_1_427' title='bbox 2730 2210 2786 2256; x_wconf 93' lang='lat' dir='ltr'><strong>et</strong></span> <span class='ocrx_word' id='word_1_428' title='bbox 2837 2202 3031 2259; x_wconf 85' lang='lat' dir='ltr'><strong>factam</strong></span> <span class='ocrx_word' id='word_1_429' title='bbox 3074 2220 3195 2262; x_wconf 87' lang='lat' dir='ltr'><strong>esse</strong></span> <span class='ocrx_word' id='word_1_430' title='bbox 3237 2222 3267 2262; x_wconf 92' lang='lat' dir='ltr'><strong>a</strong></span> <span class='ocrx_word' id='word_1_431' title='bbox 3317 2209 3427 2265; x_wconf 85' lang='lat' dir='ltr'><strong>Deo</strong></span> <span class='ocrx_word' id='word_1_432' title='bbox 3475 2222 3529 2267; x_wconf 92' lang='lat' dir='ltr'><strong>et</strong></span> <span class='ocrx_word' id='word_1_433' title='bbox 3573 2227 3889 2281; x_wconf 70' lang='lat' dir='ltr'><strong>osmnsam,</strong></span> <span class='ocrx_word' id='word_1_434' title='bbox 3946 2232 4051 2272; x_wconf 86' lang='lat' dir='ltr'><strong>nec</strong></span> 
     </span>
    </p>
   </div>
   <div class='ocr_carea' id='block_1_53' title="bbox 2439 2290 4049 2379">
    <p class='ocr_par' dir='ltr' id='par_1_53' title="bbox 2439 2290 4049 2379">
     <span class='ocr_line' id='line_1_53' title="bbox 2439 2290 4049 2379; baseline 0.015 -36"><span class='ocrx_word' id='word_1_435' title='bbox 2439 2290 2598 2347; x_wconf 74' lang='lat' dir='ltr'><strong>aliam</strong></span> <span class='ocrx_word' id='word_1_436' title='bbox 2625 2293 2789 2350; x_wconf 86' lang='lat' dir='ltr'><strong>fuisse</strong></span> <span class='ocrx_word' id='word_1_437' title='bbox 2813 2298 2996 2353; x_wconf 89' lang='lat' dir='ltr'><strong>rudem</strong></span> <span class='ocrx_word' id='word_1_438' title='bbox 3024 2309 3076 2354; x_wconf 91' lang='lat' dir='ltr'><strong>ct</strong></span> <span class='ocrx_word' id='word_1_439' title='bbox 3104 2300 3435 2359; x_wconf 87' lang='lat' dir='ltr'><strong>invisibilem</strong></span> <span class='ocrx_word' id='word_1_440' title='bbox 3453 2347 3469 2371; x_wconf 95' lang='lat'><strong>,</strong></span> <span class='ocrx_word' id='word_1_441' title='bbox 3497 2321 3657 2375; x_wconf 89' lang='lat' dir='ltr'><strong>quam</strong></span> <span class='ocrx_word' id='word_1_442' title='bbox 3680 2324 3799 2379; x_wconf 71' lang='lat' dir='ltr'><strong>qua:</strong></span> <span class='ocrx_word' id='word_1_443' title='bbox 3825 2321 3877 2366; x_wconf 89' lang='lat' dir='ltr'><strong>et</strong></span> <span class='ocrx_word' id='word_1_444' title='bbox 3912 2312 4049 2367; x_wconf 87' lang='lat' dir='ltr'><strong>facta</strong></span> 
     </span>
    </p>
   </div>
   <div class='ocr_carea' id='block_1_54' title="bbox 2439 2393 4051 2461">
    <p class='ocr_par' dir='ltr' id='par_1_54' title="bbox 2439 2393 4051 2461">
     <span class='ocr_line' id='line_1_54' title="bbox 2439 2393 4051 2461; baseline 0.014 -25"><span class='ocrx_word' id='word_1_445' title='bbox 2439 2394 2494 2437; x_wconf 91' lang='lat' dir='ltr'><strong>et</strong></span> <span class='ocrx_word' id='word_1_446' title='bbox 2520 2394 2732 2441; x_wconf 89' lang='lat' dir='ltr'><strong>ostensa</strong></span> <span class='ocrx_word' id='word_1_447' title='bbox 2761 2398 2875 2454; x_wconf 86' lang='lat' dir='ltr'><strong>est;</strong></span> <span class='ocrx_word' id='word_1_448' title='bbox 2901 2400 3058 2461; x_wconf 78' lang='lat' dir='ltr'><strong>atque</strong></span> <span class='ocrx_word' id='word_1_449' title='bbox 3096 2393 3191 2460; x_wconf 90' lang='lat' dir='ltr'><strong>ita,</strong></span> <span class='ocrx_word' id='word_1_450' title='bbox 3210 2404 3344 2449; x_wconf 68' lang='lat' dir='ltr'><strong>terra</strong></span> <span class='ocrx_word' id='word_1_451' title='bbox 3370 2407 3539 2452; x_wconf 82' lang='lat' dir='ltr'><strong>autem</strong></span> <span class='ocrx_word' id='word_1_452' title='bbox 3568 2409 3679 2453; x_wconf 83' lang='lat' dir='ltr'><strong>erat</strong></span> <span class='ocrx_word' id='word_1_453' title='bbox 3706 2400 3976 2457; x_wconf 75' lang='lat' dir='ltr'><strong>invisibilis</strong></span> <span class='ocrx_word' id='word_1_454' title='bbox 4000 2413 4051 2459; x_wconf 89' lang='lat' dir='ltr'><strong>et</strong></span> 
     </span>
    </p>
   </div>
   <div class='ocr_carea' id='block_1_55' title="bbox 2440 2476 4044 2564">
    <p class='ocr_par' dir='ltr' id='par_1_55' title="bbox 2440 2476 4044 2564">
     <span class='ocr_line' id='line_1_55' title="bbox 2440 2476 4044 2564; baseline 0.013 -36"><span class='ocrx_word' id='word_1_455' title='bbox 2440 2476 2601 2544; x_wconf 88' lang='lat' dir='ltr'><strong>rudis,</strong></span> <span class='ocrx_word' id='word_1_456' title='bbox 2620 2479 2685 2533; x_wconf 90' lang='lat' dir='ltr'><strong>ad</strong></span> <span class='ocrx_word' id='word_1_457' title='bbox 2714 2495 2831 2535; x_wconf 89' lang='lat' dir='ltr'><strong>eam</strong></span> <span class='ocrx_word' id='word_1_458' title='bbox 2860 2483 3258 2556; x_wconf 88' lang='lat' dir='ltr'><strong>pertinetquam</strong></span> <span class='ocrx_word' id='word_1_459' title='bbox 3278 2486 3416 2542; x_wconf 85' lang='lat' dir='ltr'><strong>Deus</strong></span> <span class='ocrx_word' id='word_1_460' title='bbox 3430 2503 3553 2544; x_wconf 92' lang='lat' dir='ltr'><strong>cum</strong></span> <span class='ocrx_word' id='word_1_461' title='bbox 3582 2492 3723 2547; x_wconf 64' lang='lat' dir='ltr'><strong>caelo</strong></span> <span class='ocrx_word' id='word_1_462' title='bbox 3747 2494 4044 2564; x_wconf 85' lang='lat' dir='ltr'><strong>separavit.</strong></span> 
     </span>
    </p>
   </div>
   <div class='ocr_carea' id='block_1_56' title="bbox 3020 2576 3461 2636">
    <p class='ocr_par' dir='ltr' id='par_1_56' title="bbox 3020 2576 3461 2636">
     <span class='ocr_line' id='line_1_56' title="bbox 3020 2576 3461 2636; baseline 0.014 -6"><span class='ocrx_word' id='word_1_463' title='bbox 3020 2576 3249 2633; x_wconf 75' lang='lat' dir='ltr'><strong>CAPUT</strong></span> <span class='ocrx_word' id='word_1_464' title='bbox 3285 2578 3461 2636; x_wconf 78' lang='lat' dir='ltr'><strong>XXX.</strong></span> 
     </span>
    </p>
   </div>
   <div class='ocr_carea' id='block_1_57' title="bbox 2510 2665 4051 2750">
    <p class='ocr_par' dir='ltr' id='par_1_57' title="bbox 2510 2665 4051 2750">
     <span class='ocr_line' id='line_1_57' title="bbox 2510 2665 4051 2750; baseline 0.01 -29"><span class='ocrx_word' id='word_1_465' title='bbox 2510 2665 2599 2721; x_wconf 88' lang='lat' dir='ltr'><strong>Sic</strong></span> <span class='ocrx_word' id='word_1_466' title='bbox 2621 2675 2675 2722; x_wconf 91' lang='lat' dir='ltr'><strong>et</strong></span> <span class='ocrx_word' id='word_1_467' title='bbox 2699 2670 2975 2739; x_wconf 87' lang='lat' dir='ltr'><strong>sequentia</strong></span> <span class='ocrx_word' id='word_1_468' title='bbox 3004 2671 3367 2740; x_wconf 83' lang='lat' dir='ltr'><strong>conjecturam</strong></span> <span class='ocrx_word' id='word_1_469' title='bbox 3397 2675 3753 2750; x_wconf 78' lang='lat' dir='ltr'><strong>Hermogenis</strong></span> <span class='ocrx_word' id='word_1_470' title='bbox 3776 2678 4051 2736; x_wconf 87' lang='lat' dir='ltr'><strong>instruere</strong></span> 
     </span>
    </p>
   </div>
   <div class='ocr_carea' id='block_1_58' title="bbox 2442 2758 4054 2841">
    <p class='ocr_par' dir='ltr' id='par_1_58' title="bbox 2442 2758 4054 2841">
     <span class='ocr_line' id='line_1_58' title="bbox 2442 2758 4054 2841; baseline 0.01 -29"><span class='ocrx_word' id='word_1_471' title='bbox 2442 2758 2764 2815; x_wconf 84' lang='lat' dir='ltr'><strong>videbuntur</strong></span> <span class='ocrx_word' id='word_1_472' title='bbox 2790 2780 2803 2817; x_wconf 90' lang='lat'>:</span> <span class='ocrx_word' id='word_1_473' title='bbox 2831 2759 2896 2815; x_wconf 82' lang='lat' dir='ltr'><strong>Et</strong></span> <span class='ocrx_word' id='word_1_474' title='bbox 2914 2763 3129 2818; x_wconf 64' lang='lat' dir='ltr'><strong>tenebrae</strong></span> <span class='ocrx_word' id='word_1_475' title='bbox 3146 2783 3301 2837; x_wconf 81' lang='lat' dir='ltr'><strong>super</strong></span> <span class='ocrx_word' id='word_1_476' title='bbox 3347 2767 3605 2839; x_wconf 78' lang='lat' dir='ltr'><strong>abyssum,</strong></span> <span class='ocrx_word' id='word_1_477' title='bbox 3641 2780 3686 2825; x_wconf 91' lang='lat' dir='ltr'><strong>et</strong></span> <span class='ocrx_word' id='word_1_478' title='bbox 3715 2772 3927 2841; x_wconf 79' lang='lat' dir='ltr'><strong>spiritus</strong></span> <span class='ocrx_word' id='word_1_479' title='bbox 3959 2772 4054 2828; x_wconf 87' lang='lat' dir='ltr'><strong>Dei</strong></span> 
     </span>
    </p>
   </div>
   <div class='ocr_carea' id='block_1_59' title="bbox 2438 2855 4052 2931">
    <p class='ocr_par' dir='ltr' id='par_1_59' title="bbox 2438 2855 4052 2931">
     <span class='ocr_line' id='line_1_59' title="bbox 2438 2855 4052 2931; baseline 0.011 -25"><span class='ocrx_word' id='word_1_480' title='bbox 2438 2868 2591 2922; x_wconf 83' lang='lat' dir='ltr'><strong>super</strong></span> <span class='ocrx_word' id='word_1_481' title='bbox 2613 2870 2773 2922; x_wconf 81' lang='lat' dir='ltr'><strong>aquas</strong></span> <span class='ocrx_word' id='word_1_482' title='bbox 2799 2855 3055 2925; x_wconf 77' lang='lat' dir='ltr'><strong>ferebatur</strong></span> <span class='ocrx_word' id='word_1_483' title='bbox 3080 2855 3291 2926; x_wconf 79' lang='lat' dir='ltr'><strong>(Gen.l,</strong></span> <span class='ocrx_word' id='word_1_484' title='bbox 3314 2858 3395 2931; x_wconf 74' lang='lat'><strong>2);</strong></span> <span class='ocrx_word' id='word_1_485' title='bbox 3428 2864 3577 2931; x_wconf 83' lang='lat' dir='ltr'><strong>quasi</strong></span> <span class='ocrx_word' id='word_1_486' title='bbox 3604 2872 3657 2918; x_wconf 91' lang='lat' dir='ltr'><strong>et</strong></span> <span class='ocrx_word' id='word_1_487' title='bbox 3689 2864 3771 2919; x_wconf 75' lang='lat' dir='ltr'><strong>Ita:</strong></span> <span class='ocrx_word' id='word_1_488' title='bbox 3807 2864 4052 2923; x_wconf 78' lang='lat' dir='ltr'><strong>confusa:</strong></span> 
     </span>
    </p>
   </div>
   <div class='ocr_carea' id='block_1_60' title="bbox 2441 2946 4051 3029">
    <p class='ocr_par' dir='ltr' id='par_1_60' title="bbox 2441 2946 4051 3029">
     <span class='ocr_line' id='line_1_60' title="bbox 2441 2946 4051 3029; baseline 0.009 -28"><span class='ocrx_word' id='word_1_489' title='bbox 2441 2946 2777 3013; x_wconf 63' lang='lat' dir='ltr'><strong>substantiae,</strong></span> <span class='ocrx_word' id='word_1_490' title='bbox 2789 2950 3036 3009; x_wconf 87' lang='lat' dir='ltr'><strong>massalis</strong></span> <span class='ocrx_word' id='word_1_491' title='bbox 3058 2951 3196 3007; x_wconf 90' lang='lat' dir='ltr'><strong>illius</strong></span> <span class='ocrx_word' id='word_1_492' title='bbox 3210 2954 3689 3027; x_wconf 75' lang='lat' dir='ltr'><strong>mulisargumenta</strong></span> <span class='ocrx_word' id='word_1_493' title='bbox 3705 2960 4051 3029; x_wconf 84' lang='lat' dir='ltr'><strong>portendant.</strong></span> 
     </span>
    </p>
   </div>
   <div class='ocr_carea' id='block_1_61' title="bbox 2441 3042 4047 3125">
    <p class='ocr_par' dir='ltr' id='par_1_61' title="bbox 2441 3042 4047 3125">
     <span class='ocr_line' id='line_1_61' title="bbox 2441 3042 4047 3125; baseline 0.009 -31"><span class='ocrx_word' id='word_1_494' title='bbox 2441 3042 2639 3110; x_wconf 79' lang='lat' dir='ltr'><strong>Atquin</strong></span> <span class='ocrx_word' id='word_1_495' title='bbox 2668 3043 2980 3114; x_wconf 78' lang='lat' dir='ltr'><strong>singillatim</strong></span> <span class='ocrx_word' id='word_1_496' title='bbox 3008 3044 3271 3103; x_wconf 90' lang='lat' dir='ltr'><strong>definiens</strong></span> <span class='ocrx_word' id='word_1_497' title='bbox 3300 3050 3552 3106; x_wconf 84' lang='lat' dir='ltr'><strong>tenebras</strong></span> <span class='ocrx_word' id='word_1_498' title='bbox 3572 3094 3588 3118; x_wconf 94' lang='lat'><strong>,</strong></span> <span class='ocrx_word' id='word_1_499' title='bbox 3619 3053 3875 3125; x_wconf 83' lang='lat' dir='ltr'><strong>abyssum</strong></span> <span class='ocrx_word' id='word_1_500' title='bbox 3895 3096 3913 3122; x_wconf 94' lang='lat'><strong>,</strong></span> <span class='ocrx_word' id='word_1_501' title='bbox 3943 3055 4047 3125; x_wconf 79' lang='lat' dir='ltr'><strong>spi-</strong></span> 
     </span>
    </p>
   </div>
   <div class='ocr_carea' id='block_1_62' title="bbox 2441 3132 4052 3208">
    <p class='ocr_par' dir='ltr' id='par_1_62' title="bbox 2441 3132 4052 3208">
     <span class='ocr_line' id='line_1_62' title="bbox 2441 3132 4052 3208; baseline 0.007 -21"><span class='ocrx_word' id='word_1_502' title='bbox 2441 3132 2599 3187; x_wconf 89' lang='lat' dir='ltr'><strong>rinun</strong></span> <span class='ocrx_word' id='word_1_503' title='bbox 2651 3134 2777 3199; x_wconf 90' lang='lat' dir='ltr'><strong>Dei,</strong></span> <span class='ocrx_word' id='word_1_504' title='bbox 2809 3149 2975 3205; x_wconf 88' lang='lat' dir='ltr'><strong>aquas</strong></span> <span class='ocrx_word' id='word_1_505' title='bbox 3000 3177 3013 3200; x_wconf 95' lang='lat'><strong>,</strong></span> <span class='ocrx_word' id='word_1_506' title='bbox 3045 3136 3178 3191; x_wconf 78' lang='lat' dir='ltr'><strong>nillil</strong></span> <span class='ocrx_word' id='word_1_507' title='bbox 3243 3138 3525 3195; x_wconf 91' lang='lat' dir='ltr'><strong>confusum</strong></span> <span class='ocrx_word' id='word_1_508' title='bbox 3553 3184 3567 3208; x_wconf 93' lang='lat'><strong>,</strong></span> <span class='ocrx_word' id='word_1_509' title='bbox 3601 3158 3703 3200; x_wconf 91' lang='lat' dir='ltr'><strong>nec</strong></span> <span class='ocrx_word' id='word_1_510' title='bbox 3755 3144 3807 3199; x_wconf 94' lang='lat' dir='ltr'><strong>in</strong></span> <span class='ocrx_word' id='word_1_511' title='bbox 3853 3143 4052 3200; x_wconf 86' lang='lat' dir='ltr'><strong>confu-</strong></span> 
     </span>
    </p>
   </div>
   <div class='ocr_carea' id='block_1_63' title="bbox 2442 3227 4054 3308">
    <p class='ocr_par' dir='ltr' id='par_1_63' title="bbox 2442 3227 4054 3308">
     <span class='ocr_line' id='line_1_63' title="bbox 2442 3227 4054 3308; baseline 0.009 -28"><span class='ocrx_word' id='word_1_512' title='bbox 2442 3227 2595 3281; x_wconf 88' lang='lat' dir='ltr'><strong>si0ne</strong></span> <span class='ocrx_word' id='word_1_513' title='bbox 2623 3227 2888 3282; x_wconf 87' lang='lat' dir='ltr'><strong>incertum</strong></span> <span class='ocrx_word' id='word_1_514' title='bbox 2916 3230 3172 3286; x_wconf 66' lang='lat' dir='ltr'><strong>aestimari</strong></span> <span class='ocrx_word' id='word_1_515' title='bbox 3201 3230 3327 3288; x_wconf 87' lang='lat' dir='ltr'><strong>facit</strong></span> <span class='ocrx_word' id='word_1_516' title='bbox 3375 3243 3482 3289; x_wconf 86' lang='lat' dir='ltr'><strong>tam</strong></span> <span class='ocrx_word' id='word_1_517' title='bbox 3509 3234 3680 3291; x_wconf 89' lang='lat' dir='ltr'><strong>divisa</strong></span> <span class='ocrx_word' id='word_1_518' title='bbox 3708 3237 3827 3308; x_wconf 80' lang='grc' dir='ltr'><strong>(Η)</strong></span> <span class='ocrx_word' id='word_1_519' title='bbox 3858 3239 4054 3295; x_wconf 84' lang='lat' dir='ltr'><strong>relatio</strong></span> 
     </span>
    </p>
   </div>
   <div class='ocr_carea' id='block_1_64' title="bbox 735 3287 2345 3400">
    <p class='ocr_par' dir='ltr' id='par_1_64' title="bbox 735 3287 2340 3400">
     <span class='ocr_line' id='line_1_64' title="bbox 735 3287 2340 3375; baseline 0.023 -37"><span class='ocrx_word' id='word_1_520' title='bbox 735 3287 1063 3343; x_wconf 69' lang='lat' dir='ltr'><strong>seminantur:</strong></span> <span class='ocrx_word' id='word_1_521' title='bbox 1090 3308 1257 3348; x_wconf 83' lang='lat' dir='ltr'><strong>semen</strong></span> <span class='ocrx_word' id='word_1_522' title='bbox 1285 3299 1565 3354; x_wconf 85' lang='lat' dir='ltr'><strong>secundum</strong></span> <span class='ocrx_word' id='word_1_523' title='bbox 1592 3320 1775 3371; x_wconf 83' lang='lat' dir='ltr'><strong>genus,</strong></span> <span class='ocrx_word' id='word_1_524' title='bbox 1811 3319 1858 3362; x_wconf 83' lang='lat' dir='ltr'><strong>et</strong></span> <span class='ocrx_word' id='word_1_525' title='bbox 1882 3316 2160 3370; x_wconf 82' lang='lat' dir='ltr'><strong>secundant</strong></span> <span class='ocrx_word' id='word_1_526' title='bbox 2200 3321 2340 3375; x_wconf 91' lang='lat' dir='ltr'><strong>simi-</strong></span> 
     </span>
     <span class='ocr_line' id='line_1_65' title="bbox 741 3376 1754 3400; baseline 0 0"><span class='ocrx_word' id='word_1_527' title='bbox 741 3376 917 3400; x_wconf 46' lang='grc' dir='ltr'><strong>Ιξι--.1ῗη</strong></span> <span class='ocrx_word' id='word_1_528' title='bbox 939 3397 997 3400; x_wconf 50' lang='grc' dir='ltr'><strong>-.η</strong></span> <span class='ocrx_word' id='word_1_529' title='bbox 1095 3392 1107 3400; x_wconf 84' lang='grc'>.</span> <span class='ocrx_word' id='word_1_530' title='bbox 1135 3385 1164 3400; x_wconf 78' lang='lat' dir='ltr'><strong>s-</strong></span> <span class='ocrx_word' id='word_1_531' title='bbox 1376 3390 1394 3400; x_wconf 63' lang='grc' dir='ltr'><strong><em>Α</em></strong></span> <span class='ocrx_word' id='word_1_532' title='bbox 1746 3398 1754 3400; x_wconf 36' lang='grc' dir='ltr'><em>Α</em></span> 
     </span>
    </p>
   </div>
   <div class='ocr_carea' id='block_1_65' title="bbox 2441 3287 4053 3400">
    <p class='ocr_par' dir='ltr' id='par_1_65' title="bbox 2443 3287 4053 3400">
     <span class='ocr_line' id='line_1_66' title="bbox 3383 3287 4051 3308; baseline 0.009 -20"><span class='ocrx_word' id='word_1_533' title='bbox 3383 3287 3387 3288; x_wconf 30' lang='grc' dir='ltr'><em>ν</em></span> <span class='ocrx_word' id='word_1_534' title='bbox 3452 3287 3480 3289; x_wconf 61' lang='lat'><strong>_,</strong></span> <span class='ocrx_word' id='word_1_535' title='bbox 3517 3287 3679 3291; x_wconf 35' lang='grc' dir='ltr'><strong>νη-..</strong></span> <span class='ocrx_word' id='word_1_536' title='bbox 3711 3287 3824 3308; x_wconf 56' lang='lat'><strong>,_-,</strong></span> <span class='ocrx_word' id='word_1_537' title='bbox 3860 3287 4051 3295; x_wconf 74' lang='lat'><strong>------.-</strong></span> 
     </span>
     <span class='ocr_line' id='line_1_67' title="bbox 2443 3320 4053 3400; baseline 0.009 -28"><span class='ocrx_word' id='word_1_538' title='bbox 2443 3327 2713 3374; x_wconf 86' lang='lat' dir='ltr'><strong>certorum</strong></span> <span class='ocrx_word' id='word_1_539' title='bbox 2742 3330 2797 3375; x_wconf 91' lang='lat' dir='ltr'><strong>et</strong></span> <span class='ocrx_word' id='word_1_540' title='bbox 2822 3320 3197 3378; x_wconf 90' lang='lat' dir='ltr'><strong>distinctornm</strong></span> <span class='ocrx_word' id='word_1_541' title='bbox 3244 3325 3654 3384; x_wconf 89' lang='lat' dir='ltr'><strong>elementorum.</strong></span> <span class='ocrx_word' id='word_1_542' title='bbox 3690 3329 3802 3385; x_wconf 86' lang='lat' dir='ltr'><strong>Hoc</strong></span> <span class='ocrx_word' id='word_1_543' title='bbox 3829 3330 4053 3400; x_wconf 86' lang='lat' dir='ltr'><strong>quidem</strong></span> 
     </span>
    </p>
   </div>
   <div class='ocr_carea' id='block_1_66' title="bbox 736 3376 2339 3476">
    <p class='ocr_par' dir='ltr' id='par_1_66' title="bbox 736 3376 2339 3476">
     <span class='ocr_line' id='line_1_68' title="bbox 736 3376 2339 3476; baseline 0.023 -46"><span class='ocrx_word' id='word_1_544' title='bbox 736 3376 1000 3435; x_wconf 86' lang='lat' dir='ltr'><strong>fitudinent</strong></span> <span class='ocrx_word' id='word_1_545' title='bbox 1021 3425 1035 3447; x_wconf 95' lang='lat'><strong>,</strong></span> <span class='ocrx_word' id='word_1_546' title='bbox 1060 3392 1107 3437; x_wconf 84' lang='lat' dir='ltr'><strong>et</strong></span> <span class='ocrx_word' id='word_1_547' title='bbox 1127 3385 1321 3454; x_wconf 74' lang='lat' dir='ltr'><strong>lignum</strong></span> <span class='ocrx_word' id='word_1_548' title='bbox 1366 3390 1686 3458; x_wconf 73' lang='lat' dir='ltr'><strong>fructuosum</strong></span> <span class='ocrx_word' id='word_1_549' title='bbox 1727 3398 1919 3463; x_wconf 81' lang='lat' dir='ltr'><strong>faciens</strong></span> <span class='ocrx_word' id='word_1_550' title='bbox 1948 3406 2172 3476; x_wconf 84' lang='lat' dir='ltr'><strong>fructum</strong></span> <span class='ocrx_word' id='word_1_551' title='bbox 2199 3453 2213 3476; x_wconf 86' lang='lat'><strong>,</strong></span> <span class='ocrx_word' id='word_1_552' title='bbox 2247 3429 2339 3466; x_wconf 84' lang='lat' dir='ltr'><strong>cn-</strong></span> 
     </span>
    </p>
   </div>
   <div class='ocr_carea' id='block_1_67' title="bbox 731 3470 2339 3562">
    <p class='ocr_par' dir='ltr' id='par_1_67' title="bbox 731 3470 2339 3562">
     <span class='ocr_line' id='line_1_69' title="bbox 731 3470 2339 3562; baseline 0.024 -39"><span class='ocrx_word' id='word_1_553' title='bbox 731 3470 819 3541; x_wconf 75' lang='lat' dir='ltr'><strong>ius</strong></span> <span class='ocrx_word' id='word_1_554' title='bbox 848 3489 1017 3528; x_wconf 88' lang='lat' dir='ltr'><strong>semen</strong></span> <span class='ocrx_word' id='word_1_555' title='bbox 1066 3477 1118 3531; x_wconf 91' lang='lat' dir='ltr'><strong>in</strong></span> <span class='ocrx_word' id='word_1_556' title='bbox 1164 3478 1277 3550; x_wconf 83' lang='lat' dir='ltr'><strong>ipso</strong></span> <span class='ocrx_word' id='word_1_557' title='bbox 1324 3482 1376 3536; x_wconf 87' lang='lat' dir='ltr'><strong>in</strong></span> <span class='ocrx_word' id='word_1_558' title='bbox 1419 3486 1821 3546; x_wconf 85' lang='lat' dir='ltr'><strong>simifitudinent.</strong></span> <span class='ocrx_word' id='word_1_559' title='bbox 1870 3495 1995 3552; x_wconf 85' lang='lat' dir='ltr'><strong>Item</strong></span> <span class='ocrx_word' id='word_1_560' title='bbox 2022 3516 2041 3554; x_wconf 91' lang='lat'><strong><em>:</em></strong></span> <span class='ocrx_word' id='word_1_561' title='bbox 2078 3500 2339 3562; x_wconf 76' lang='lat' dir='ltr'><strong>Producat</strong></span> 
     </span>
    </p>
   </div>
   <div class='ocr_carea' id='block_1_68' title="bbox 736 3568 2331 3665">
    <p class='ocr_par' dir='ltr' id='par_1_68' title="bbox 736 3568 2331 3665">
     <span class='ocr_line' id='line_1_70' title="bbox 736 3568 2331 3665; baseline 0.022 -48"><span class='ocrx_word' id='word_1_562' title='bbox 736 3571 870 3617; x_wconf 85' lang='lat' dir='ltr'><strong>terra</strong></span> <span class='ocrx_word' id='word_1_563' title='bbox 896 3568 1122 3621; x_wconf 89' lang='lat' dir='ltr'><strong>animant</strong></span> <span class='ocrx_word' id='word_1_564' title='bbox 1143 3572 1304 3626; x_wconf 82' lang='lat' dir='ltr'><strong>vivam</strong></span> <span class='ocrx_word' id='word_1_565' title='bbox 1333 3578 1614 3634; x_wconf 84' lang='lat' dir='ltr'><strong>secundum</strong></span> <span class='ocrx_word' id='word_1_566' title='bbox 1647 3600 1807 3654; x_wconf 75' lang='lat' dir='ltr'><strong>genus</strong></span> <span class='ocrx_word' id='word_1_567' title='bbox 1832 3630 1843 3649; x_wconf 88' lang='lat'><strong>,</strong></span> <span class='ocrx_word' id='word_1_568' title='bbox 1869 3598 1917 3642; x_wconf 88' lang='lat' dir='ltr'><strong>et</strong></span> <span class='ocrx_word' id='word_1_569' title='bbox 1943 3593 2297 3665; x_wconf 68' lang='lat' dir='ltr'><strong>quadrupedia</strong></span> <span class='ocrx_word' id='word_1_570' title='bbox 2316 3642 2331 3663; x_wconf 90' lang='lat'><strong>,</strong></span> 
     </span>
    </p>
   </div>
   <div class='ocr_carea' id='block_1_69' title="bbox 737 3657 2339 3755">
    <p class='ocr_par' dir='ltr' id='par_1_69' title="bbox 737 3657 2339 3755">
     <span class='ocr_line' id='line_1_71' title="bbox 737 3657 2339 3755; baseline 0.026 -50"><span class='ocrx_word' id='word_1_571' title='bbox 737 3661 785 3708; x_wconf 88' lang='lat' dir='ltr'><strong>et</strong></span> <span class='ocrx_word' id='word_1_572' title='bbox 812 3657 1067 3727; x_wconf 73' lang='lat' dir='ltr'><strong>tepentia.</strong></span> <span class='ocrx_word' id='word_1_573' title='bbox 1098 3668 1144 3713; x_wconf 86' lang='lat' dir='ltr'><strong>et</strong></span> <span class='ocrx_word' id='word_1_574' title='bbox 1174 3662 1356 3719; x_wconf 88' lang='lat' dir='ltr'><strong>bestias</strong></span> <span class='ocrx_word' id='word_1_575' title='bbox 1388 3676 1536 3723; x_wconf 78' lang='lat' dir='ltr'><strong>terra:</strong></span> <span class='ocrx_word' id='word_1_576' title='bbox 1576 3676 1852 3730; x_wconf 86' lang='lat' dir='ltr'><strong>secundum</strong></span> <span class='ocrx_word' id='word_1_577' title='bbox 1882 3697 2059 3749; x_wconf 88' lang='lat' dir='ltr'><strong>genus.</strong></span> <span class='ocrx_word' id='word_1_578' title='bbox 2096 3684 2339 3755; x_wconf 84' lang='lat' dir='ltr'><strong>Implevit</strong></span> 
     </span>
    </p>
   </div>
   <div class='ocr_carea' id='block_1_70' title="bbox 737 3744 2335 3842">
    <p class='ocr_par' dir='ltr' id='par_1_70' title="bbox 737 3744 2335 3842">
     <span class='ocr_line' id='line_1_72' title="bbox 737 3744 2335 3842; baseline 0.024 -43"><span class='ocrx_word' id='word_1_579' title='bbox 737 3744 900 3817; x_wconf 77' lang='lat' dir='ltr'><strong>igitur</strong></span> <span class='ocrx_word' id='word_1_580' title='bbox 928 3750 1171 3809; x_wconf 88' lang='lat' dir='ltr'><strong>ordinem</strong></span> <span class='ocrx_word' id='word_1_581' title='bbox 1221 3770 1375 3812; x_wconf 87' lang='lat' dir='ltr'><strong>suum</strong></span> <span class='ocrx_word' id='word_1_582' title='bbox 1422 3762 1697 3835; x_wconf 76' lang='lat' dir='ltr'><strong>Scriptura</strong></span> <span class='ocrx_word' id='word_1_583' title='bbox 1727 3744 1927 3827; x_wconf 79' lang='lat' dir='ltr'><strong>divina.</strong></span> <span class='ocrx_word' id='word_1_584' title='bbox 1977 3775 2147 3842; x_wconf 78' lang='lat' dir='ltr'><strong>Quam</strong></span> <span class='ocrx_word' id='word_1_585' title='bbox 2176 3744 2335 3837; x_wconf 46' lang='lat' dir='ltr'><strong>&#39;cnint</strong></span> 
     </span>
    </p>
   </div>
   <div class='ocr_carea' id='block_1_71' title="bbox 2442 3413 4056 3490">
    <p class='ocr_par' dir='ltr' id='par_1_71' title="bbox 2442 3413 4056 3490">
     <span class='ocr_line' id='line_1_73' title="bbox 2442 3413 4056 3490; baseline 0.009 -25"><span class='ocrx_word' id='word_1_586' title='bbox 2442 3413 2701 3483; x_wconf 81' lang='lat' dir='ltr'><strong>amplius,</strong></span> <span class='ocrx_word' id='word_1_587' title='bbox 2733 3428 2855 3469; x_wconf 92' lang='lat' dir='ltr'><strong>cum</strong></span> <span class='ocrx_word' id='word_1_588' title='bbox 2914 3415 3049 3471; x_wconf 89' lang='lat' dir='ltr'><strong>situs</strong></span> <span class='ocrx_word' id='word_1_589' title='bbox 3094 3420 3342 3488; x_wconf 88' lang='lat' dir='ltr'><strong>proprios</strong></span> <span class='ocrx_word' id='word_1_590' title='bbox 3366 3420 3447 3475; x_wconf 88' lang='lat' dir='ltr'><strong>eis</strong></span> <span class='ocrx_word' id='word_1_591' title='bbox 3476 3420 3773 3490; x_wconf 85' lang='lat' dir='ltr'><strong>adscribit,</strong></span> <span class='ocrx_word' id='word_1_592' title='bbox 3798 3424 4056 3480; x_wconf 84' lang='lat' dir='ltr'><strong>tenebras</strong></span> 
     </span>
    </p>
   </div>
   <div class='ocr_carea' id='block_1_72' title="bbox 2440 3506 4047 3586">
    <p class='ocr_par' dir='ltr' id='par_1_72' title="bbox 2440 3506 4047 3586">
     <span class='ocr_line' id='line_1_74' title="bbox 2440 3506 4047 3586; baseline 0.009 -28"><span class='ocrx_word' id='word_1_593' title='bbox 2440 3520 2605 3575; x_wconf 79' lang='lat' dir='ltr'><strong>super</strong></span> <span class='ocrx_word' id='word_1_594' title='bbox 2632 3506 2882 3577; x_wconf 77' lang='lat' dir='ltr'><strong>abyssum</strong></span> <span class='ocrx_word' id='word_1_595' title='bbox 2916 3549 2931 3573; x_wconf 96' lang='lat'><strong>,</strong></span> <span class='ocrx_word' id='word_1_596' title='bbox 2964 3508 3210 3579; x_wconf 90' lang='lat' dir='ltr'><strong>spiritum</strong></span> <span class='ocrx_word' id='word_1_597' title='bbox 3240 3526 3403 3581; x_wconf 89' lang='lat' dir='ltr'><strong>super</strong></span> <span class='ocrx_word' id='word_1_598' title='bbox 3431 3528 3598 3585; x_wconf 87' lang='lat' dir='ltr'><strong>aquas</strong></span> <span class='ocrx_word' id='word_1_599' title='bbox 3618 3554 3634 3578; x_wconf 92' lang='lat'><strong>,</strong></span> <span class='ocrx_word' id='word_1_600' title='bbox 3669 3516 3879 3586; x_wconf 76' lang='lat' dir='ltr'><strong>negavit</strong></span> <span class='ocrx_word' id='word_1_601' title='bbox 3908 3532 4047 3573; x_wconf 91' lang='lat' dir='ltr'><strong>con-</strong></span> 
     </span>
    </p>
   </div>
   <div class='ocr_carea' id='block_1_73' title="bbox 2441 3595 4051 3673">
    <p class='ocr_par' dir='ltr' id='par_1_73' title="bbox 2441 3595 4051 3673">
     <span class='ocr_line' id='line_1_75' title="bbox 2441 3595 4051 3673; baseline 0.01 -24"><span class='ocrx_word' id='word_1_602' title='bbox 2441 3595 2706 3653; x_wconf 86' lang='lat' dir='ltr'><strong>fusionem</strong></span> <span class='ocrx_word' id='word_1_603' title='bbox 2748 3599 3189 3665; x_wconf 84' lang='lat' dir='ltr'><strong>substantiarum,</strong></span> <span class='ocrx_word' id='word_1_604' title='bbox 3209 3618 3437 3673; x_wconf 89' lang='lat' dir='ltr'><strong>quarum</strong></span> <span class='ocrx_word' id='word_1_605' title='bbox 3482 3604 3909 3665; x_wconf 85' lang='lat' dir='ltr'><strong>demonstrando</strong></span> <span class='ocrx_word' id='word_1_606' title='bbox 3934 3610 4051 3664; x_wconf 85' lang='lat' dir='ltr'><strong>dis-</strong></span> 
     </span>
    </p>
   </div>
   <div class='ocr_carea' id='block_1_74' title="bbox 2441 3688 4046 3758">
    <p class='ocr_par' dir='ltr' id='par_1_74' title="bbox 2441 3688 4046 3758">
     <span class='ocr_line' id='line_1_76' title="bbox 2441 3688 4046 3758; baseline 0.009 -17"><span class='ocrx_word' id='word_1_607' title='bbox 2441 3688 2761 3758; x_wconf 90' lang='lat' dir='ltr'><strong>positionem</strong></span> <span class='ocrx_word' id='word_1_608' title='bbox 2784 3732 2799 3753; x_wconf 93' lang='lat'><strong>,</strong></span> <span class='ocrx_word' id='word_1_609' title='bbox 2831 3688 3223 3746; x_wconf 85' lang='lat' dir='ltr'><strong>demonstravit</strong></span> <span class='ocrx_word' id='word_1_610' title='bbox 3269 3695 3430 3748; x_wconf 88' lang='lat' dir='ltr'><strong>ctiam</strong></span> <span class='ocrx_word' id='word_1_611' title='bbox 3470 3695 3895 3754; x_wconf 87' lang='lat' dir='ltr'><strong>distinctionem.</strong></span> <span class='ocrx_word' id='word_1_612' title='bbox 3932 3700 4046 3755; x_wconf 83' lang='lat' dir='ltr'><strong>Va-</strong></span> 
     </span>
    </p>
   </div>
   <div class='ocr_carea' id='block_1_75' title="bbox 2441 3781 4048 3862">
    <p class='ocr_par' dir='ltr' id='par_1_75' title="bbox 2441 3781 4048 3862">
     <span class='ocr_line' id='line_1_77' title="bbox 2441 3781 4048 3862; baseline 0.009 -27"><span class='ocrx_word' id='word_1_613' title='bbox 2441 3781 2720 3837; x_wconf 89' lang='lat' dir='ltr'><strong>nissimum</strong></span> <span class='ocrx_word' id='word_1_614' title='bbox 2750 3781 2868 3853; x_wconf 76' lang='lat' dir='ltr'><strong>(i2)</strong></span> <span class='ocrx_word' id='word_1_615' title='bbox 2897 3781 3128 3856; x_wconf 90' lang='lat' dir='ltr'><strong>denique</strong></span> <span class='ocrx_word' id='word_1_616' title='bbox 3158 3785 3251 3858; x_wconf 71' lang='grc' dir='ltr'><strong>(ί).</strong></span> <span class='ocrx_word' id='word_1_617' title='bbox 3277 3796 3334 3841; x_wconf 92' lang='grc' dir='ltr'><strong>ιιι</strong></span> <span class='ocrx_word' id='word_1_618' title='bbox 3359 3788 3583 3844; x_wconf 87' lang='lat' dir='ltr'><strong>materia</strong></span> <span class='ocrx_word' id='word_1_619' title='bbox 3629 3804 3751 3862; x_wconf 69' lang='lat' dir='ltr'><strong>qua:</strong></span> <span class='ocrx_word' id='word_1_620' title='bbox 3796 3789 4048 3849; x_wconf 84' lang='lat' dir='ltr'><strong>informis</strong></span> 
     </span>
    </p>
   </div>
   <div class='ocr_carea' id='block_1_76' title="bbox 1973 3890 2805 3957">
    <p class='ocr_par' dir='ltr' id='par_1_76' title="bbox 1973 3890 2805 3957">
     <span class='ocr_line' id='line_1_78' title="bbox 1973 3890 2805 3957; baseline 0.007 -10"><span class='ocrx_word' id='word_1_621' title='bbox 1973 3890 2356 3957; x_wconf 80' lang='lat' dir='ltr'><strong>LECTIONES</strong></span> <span class='ocrx_word' id='word_1_622' title='bbox 2400 3898 2805 3955; x_wconf 75' lang='lat' dir='ltr'><strong>VARIANTES.</strong></span> 
     </span>
    </p>
   </div>
   <div class='ocr_carea' id='block_1_77' title="bbox 832 3982 1670 4049">
    <p class='ocr_par' dir='ltr' id='par_1_77' title="bbox 832 3982 1670 4049">
     <span class='ocr_line' id='line_1_79' title="bbox 832 3982 1670 4049; baseline 0.024 -20"><span class='ocrx_word' id='word_1_623' title='bbox 832 3982 875 4049; x_wconf 68' lang='grc' dir='ltr'>ι)</span> <span class='ocrx_word' id='word_1_624' title='bbox 901 3982 1157 4049; x_wconf 58' lang='lat' dir='ltr'><strong>Materiam</strong></span> <span class='ocrx_word' id='word_1_625' title='bbox 1184 3986 1327 4041; x_wconf 80' lang='lat' dir='ltr'><strong>nhen.</strong></span> <span class='ocrx_word' id='word_1_626' title='bbox 1352 3992 1479 4046; x_wconf 87' lang='lat' dir='ltr'><strong>ntale</strong></span> <span class='ocrx_word' id='word_1_627' title='bbox 1496 3994 1670 4049; x_wconf 83' lang='lat' dir='ltr'><strong>edidit.</strong></span> 
     </span>
    </p>
   </div>
   <div class='ocr_carea' id='block_1_78' title="bbox 827 4044 1374 4106">
    <p class='ocr_par' dir='ltr' id='par_1_78' title="bbox 827 4044 1374 4106">
     <span class='ocr_line' id='line_1_80' title="bbox 827 4044 1374 4106; baseline 0.02 -13"><span class='ocrx_word' id='word_1_628' title='bbox 827 4044 878 4106; x_wconf 73' lang='grc' dir='ltr'><strong>Ξ)</strong></span> <span class='ocrx_word' id='word_1_629' title='bbox 900 4045 1200 4101; x_wconf 82' lang='lat' dir='ltr'><strong>Monimento</strong></span> <span class='ocrx_word' id='word_1_630' title='bbox 1224 4051 1374 4104; x_wconf 84' lang='lat' dir='ltr'><strong>Rhen.</strong></span> 
     </span>
    </p>
   </div>
   <div class='ocr_carea' id='block_1_79' title="bbox 802 4106 1554 4170">
    <p class='ocr_par' dir='ltr' id='par_1_79' title="bbox 802 4106 1554 4170">
     <span class='ocr_line' id='line_1_81' title="bbox 802 4106 1554 4170; baseline 0.02 -15"><span class='ocrx_word' id='word_1_631' title='bbox 802 4106 872 4170; x_wconf 75' lang='grc'><strong>(5)</strong></span> <span class='ocrx_word' id='word_1_632' title='bbox 901 4108 1200 4162; x_wconf 65' lang='lat' dir='ltr'><strong>navaliorum</strong></span> <span class='ocrx_word' id='word_1_633' title='bbox 1221 4118 1381 4166; x_wconf 77' lang='lat' dir='ltr'><strong>sinuin</strong></span> <span class='ocrx_word' id='word_1_634' title='bbox 1408 4116 1554 4170; x_wconf 83' lang='lat' dir='ltr'><strong>nheu.</strong></span> 
     </span>
    </p>
   </div>
   <div class='ocr_carea' id='block_1_80' title="bbox 828 4170 1537 4239">
    <p class='ocr_par' dir='ltr' id='par_1_80' title="bbox 828 4170 1537 4239">
     <span class='ocr_line' id='line_1_82' title="bbox 828 4170 1537 4239; baseline 0.021 -21"><span class='ocrx_word' id='word_1_635' title='bbox 828 4170 873 4239; x_wconf 52' lang='grc' dir='ltr'><strong>ξ)</strong></span> <span class='ocrx_word' id='word_1_636' title='bbox 907 4170 959 4239; x_wconf 90' lang='lat' dir='ltr'><strong>l_n</strong></span> <span class='ocrx_word' id='word_1_637' title='bbox 980 4181 1364 4239; x_wconf 74' lang='lat' dir='ltr'><strong>congregatione</strong></span> <span class='ocrx_word' id='word_1_638' title='bbox 1393 4180 1537 4233; x_wconf 75' lang='lat' dir='ltr'><strong>Ithen.</strong></span> 
     </span>
    </p>
   </div>
   <div class='ocr_carea' id='block_1_81' title="bbox 826 4234 1558 4299">
    <p class='ocr_par' dir='ltr' id='par_1_81' title="bbox 826 4234 1558 4299">
     <span class='ocr_line' id='line_1_83' title="bbox 826 4234 1558 4299; baseline 0.023 -18"><span class='ocrx_word' id='word_1_639' title='bbox 826 4234 876 4299; x_wconf 72' lang='lat' dir='ltr'><strong>ii)</strong></span> <span class='ocrx_word' id='word_1_640' title='bbox 901 4234 1021 4299; x_wconf 49' lang='lat' dir='ltr'><strong>itm.</strong></span> <span class='ocrx_word' id='word_1_641' title='bbox 1048 4234 1197 4299; x_wconf 49' lang='lat' dir='ltr'><strong>legit}</strong></span> <span class='ocrx_word' id='word_1_642' title='bbox 1229 4254 1289 4291; x_wconf 75' lang='lat' dir='ltr'><strong>ex</strong></span> <span class='ocrx_word' id='word_1_643' title='bbox 1316 4242 1558 4297; x_wconf 85' lang='lat' dir='ltr'><strong>devortio.</strong></span> 
     </span>
    </p>
   </div>
   <div class='ocr_carea' id='block_1_82' title="bbox 812 4292 1370 4358">
    <p class='ocr_par' dir='ltr' id='par_1_82' title="bbox 812 4292 1370 4358">
     <span class='ocr_line' id='line_1_84' title="bbox 812 4292 1370 4358; baseline 0.018 -15"><span class='ocrx_word' id='word_1_644' title='bbox 812 4292 881 4358; x_wconf 77' lang='grc'><strong>(6)</strong></span> <span class='ocrx_word' id='word_1_645' title='bbox 907 4292 1189 4351; x_wconf 71' lang='lat' dir='ltr'><strong>Fructificet</strong></span> <span class='ocrx_word' id='word_1_646' title='bbox 1218 4304 1370 4355; x_wconf 75' lang='lat' dir='ltr'><strong>Paris.</strong></span> 
     </span>
    </p>
   </div>
   <div class='ocr_carea' id='block_1_83' title="bbox 808 4358 1698 4423">
    <p class='ocr_par' dir='ltr' id='par_1_83' title="bbox 808 4358 1698 4423">
     <span class='ocr_line' id='line_1_85' title="bbox 808 4358 1698 4423; baseline 0.018 -17"><span class='ocrx_word' id='word_1_647' title='bbox 808 4358 882 4423; x_wconf 90' lang='lat'><strong>(7)</strong></span> <span class='ocrx_word' id='word_1_648' title='bbox 914 4361 1015 4411; x_wconf 80' lang='lat' dir='ltr'><strong>Vel.</strong></span> <span class='ocrx_word' id='word_1_649' title='bbox 1042 4366 1152 4412; x_wconf 83' lang='lat' dir='ltr'><strong>cod.</strong></span> <span class='ocrx_word' id='word_1_650' title='bbox 1189 4366 1375 4417; x_wconf 80' lang='lat' dir='ltr'><strong>Wonw.</strong></span> <span class='ocrx_word' id='word_1_651' title='bbox 1399 4367 1565 4421; x_wconf 87' lang='lat' dir='ltr'><strong>inserit</strong></span> <span class='ocrx_word' id='word_1_652' title='bbox 1589 4385 1698 4423; x_wconf 79' lang='lat' dir='ltr'><strong>nec.</strong></span> 
     </span>
    </p>
   </div>
   <div class='ocr_carea' id='block_1_84' title="bbox 807 4423 2337 4514">
    <p class='ocr_par' dir='ltr' id='par_1_84' title="bbox 807 4423 2337 4514">
     <span class='ocr_line' id='line_1_86' title="bbox 807 4423 2337 4514; baseline 0.02 -43"><span class='ocrx_word' id='word_1_653' title='bbox 807 4423 875 4487; x_wconf 85' lang='lat'><strong>(8)</strong></span> <span class='ocrx_word' id='word_1_654' title='bbox 900 4423 1049 4476; x_wconf 80' lang='lat' dir='ltr'><strong>Ithen.</strong></span> <span class='ocrx_word' id='word_1_655' title='bbox 1076 4425 1226 4478; x_wconf 85' lang='lat' dir='ltr'><strong>Seml.</strong></span> <span class='ocrx_word' id='word_1_656' title='bbox 1253 4428 1441 4494; x_wconf 78' lang='lat' dir='ltr'><strong>lignum</strong></span> <span class='ocrx_word' id='word_1_657' title='bbox 1465 4432 1705 4499; x_wconf 89' lang='lat' dir='ltr'><strong>fructum,</strong></span> <span class='ocrx_word' id='word_1_658' title='bbox 1729 4447 1778 4489; x_wconf 89' lang='lat' dir='ltr'><strong>et</strong></span> <span class='ocrx_word' id='word_1_659' title='bbox 1804 4453 1864 4491; x_wconf 77' lang='lat' dir='ltr'><strong>ex</strong></span> <span class='ocrx_word' id='word_1_660' title='bbox 1893 4442 1989 4493; x_wconf 87' lang='lat' dir='ltr'><strong>illa.</strong></span> <span class='ocrx_word' id='word_1_661' title='bbox 2011 4443 2162 4498; x_wconf 79' lang='lat' dir='ltr'><strong>Ithen.</strong></span> <span class='ocrx_word' id='word_1_662' title='bbox 2187 4448 2337 4514; x_wconf 67' lang='lat' dir='ltr'><strong>conii-</strong></span> 
     </span>
    </p>
   </div>
   <div class='ocr_carea' id='block_1_85' title="bbox 2444 4012 4057 4088">
    <p class='ocr_par' dir='ltr' id='par_1_85' title="bbox 2444 4012 4057 4088">
     <span class='ocr_line' id='line_1_87' title="bbox 2444 4012 4057 4088; baseline 0.008 -24"><span class='ocrx_word' id='word_1_663' title='bbox 2444 4012 2601 4088; x_wconf 82' lang='lat' dir='ltr'><strong>ciebat</strong></span> <span class='ocrx_word' id='word_1_664' title='bbox 2622 4014 2741 4088; x_wconf 70' lang='lat' dir='ltr'><strong>ligni</strong></span> <span class='ocrx_word' id='word_1_665' title='bbox 2763 4014 3076 4088; x_wconf 61' lang='lat' dir='ltr'><strong>fructttmtat</strong></span> <span class='ocrx_word' id='word_1_666' title='bbox 3102 4018 3252 4088; x_wconf 69' lang='lat' dir='ltr'><strong>Fran.</strong></span> <span class='ocrx_word' id='word_1_667' title='bbox 3278 4025 3326 4070; x_wconf 79' lang='lat' dir='ltr'><strong>et</strong></span> <span class='ocrx_word' id='word_1_668' title='bbox 3356 4018 3526 4088; x_wconf 72' lang='lat' dir='ltr'><strong>Paris.</strong></span> <span class='ocrx_word' id='word_1_669' title='bbox 3553 4021 3716 4088; x_wconf 74' lang='lat' dir='ltr'><strong>legunt</strong></span> <span class='ocrx_word' id='word_1_670' title='bbox 3742 4024 3929 4087; x_wconf 81' lang='lat' dir='ltr'><strong>lignum</strong></span> <span class='ocrx_word' id='word_1_671' title='bbox 3955 4025 4057 4077; x_wconf 85' lang='lat' dir='ltr'><strong>fru—</strong></span> 
     </span>
    </p>
   </div>
   <div class='ocr_carea' id='block_1_86' title="bbox 2444 4074 4058 4188">
    <p class='ocr_par' dir='ltr' id='par_1_86' title="bbox 2444 4074 4058 4188">
     <span class='ocr_line' id='line_1_88' title="bbox 2444 4074 4058 4188; baseline 0.009 -62"><span class='ocrx_word' id='word_1_672' title='bbox 2444 4074 2880 4188; x_wconf 52' lang='lat' dir='ltr'><strong>ctuosumfaciens</strong></span> <span class='ocrx_word' id='word_1_673' title='bbox 2901 4079 3141 4143; x_wconf 83' lang='lat' dir='ltr'><strong>fructum;</strong></span> <span class='ocrx_word' id='word_1_674' title='bbox 3170 4080 3278 4148; x_wconf 80' lang='lat' dir='ltr'><strong>Rig.</strong></span> <span class='ocrx_word' id='word_1_675' title='bbox 3301 4095 3416 4135; x_wconf 70' lang='lat' dir='ltr'><strong>vero</strong></span> <span class='ocrx_word' id='word_1_676' title='bbox 3459 4074 3648 4150; x_wconf 61' lang='lat' dir='ltr'><strong>lignu&#39;t&#39;u</strong></span> <span class='ocrx_word' id='word_1_677' title='bbox 3673 4074 3987 4140; x_wconf 51' lang='lat' dir='ltr'><strong>fructuosum</strong></span> <span class='ocrx_word' id='word_1_678' title='bbox 4005 4074 4058 4141; x_wconf 68' lang='lat' dir='ltr'><strong>ct</strong></span> 
     </span>
     <span class='ocr_line' id='line_1_89' title="bbox 2447 4152 2644 4188; baseline 0 0"><span class='ocrx_word' id='word_1_679' title='bbox 2447 4152 2510 4188; x_wconf 84' lang='lat' dir='ltr'><strong>ex</strong></span> <span class='ocrx_word' id='word_1_680' title='bbox 2534 4154 2560 4188; x_wconf 89' lang='lat' dir='ltr'><strong>a</strong></span> <span class='ocrx_word' id='word_1_681' title='bbox 2583 4155 2644 4188; x_wconf 80' lang='lat' dir='ltr'><strong>ta.</strong></span> 
     </span>
    </p>
   </div>
   <div class='ocr_carea' id='block_1_87' title="bbox 2447 4152 2644 4191">
    <p class='ocr_par' dir='ltr' id='par_1_87' title="bbox 2447 4152 2644 4191">
     <span class='ocr_line' id='line_1_90' title="bbox 2447 4152 2644 4191; baseline -0.005 -1"><span class='ocrx_word' id='word_1_682' title='bbox 2447 4152 2510 4191; x_wconf 73' lang='lat' dir='ltr'><strong>CX</strong></span> <span class='ocrx_word' id='word_1_683' title='bbox 2534 4152 2644 4189; x_wconf 68' lang='lat' dir='ltr'><strong>alia.</strong></span> 
     </span>
    </p>
   </div>
   <div class='ocr_carea' id='block_1_88' title="bbox 2529 4202 3255 4259">
    <p class='ocr_par' dir='ltr' id='par_1_88' title="bbox 2529 4202 3255 4259">
     <span class='ocr_line' id='line_1_91' title="bbox 2529 4202 3255 4259; baseline 0.011 -9"><span class='ocrx_word' id='word_1_684' title='bbox 2529 4204 2582 4259; x_wconf 82' lang='lat'><strong>9)</strong></span> <span class='ocrx_word' id='word_1_685' title='bbox 2602 4202 2692 4253; x_wconf 85' lang='lat' dir='ltr'><strong>Hic</strong></span> <span class='ocrx_word' id='word_1_686' title='bbox 2712 4212 2857 4255; x_wconf 76' lang='lat' dir='ltr'><strong>rran.</strong></span> <span class='ocrx_word' id='word_1_687' title='bbox 2891 4204 3045 4256; x_wconf 82' lang='lat' dir='ltr'><strong>Paris.</strong></span> <span class='ocrx_word' id='word_1_688' title='bbox 3077 4204 3255 4258; x_wconf 84' lang='lat' dir='ltr'><strong>ramel.</strong></span> 
     </span>
    </p>
   </div>
   <div class='ocr_carea' id='block_1_89' title="bbox 2536 4265 3226 4320">
    <p class='ocr_par' dir='ltr' id='par_1_89' title="bbox 2536 4265 3226 4320">
     <span class='ocr_line' id='line_1_92' title="bbox 2536 4265 3226 4320; baseline 0.006 -4"><span class='ocrx_word' id='word_1_689' title='bbox 2536 4266 2614 4320; x_wconf 82' lang='lat'><strong>10)</strong></span> <span class='ocrx_word' id='word_1_690' title='bbox 2640 4265 2703 4316; x_wconf 82' lang='lat' dir='ltr'><strong>Et</strong></span> <span class='ocrx_word' id='word_1_691' title='bbox 2724 4266 3040 4317; x_wconf 82' lang='lat' dir='ltr'><strong>habitabilem</strong></span> <span class='ocrx_word' id='word_1_692' title='bbox 3070 4269 3226 4320; x_wconf 84' lang='lat' dir='ltr'><strong>Latin.</strong></span> 
     </span>
    </p>
   </div>
   <div class='ocr_carea' id='block_1_90' title="bbox 2537 4327 3401 4385">
    <p class='ocr_par' dir='ltr' id='par_1_90' title="bbox 2537 4327 3401 4385">
     <span class='ocr_line' id='line_1_93' title="bbox 2537 4327 3401 4385; baseline 0.007 -8"><span class='ocrx_word' id='word_1_693' title='bbox 2537 4327 2613 4385; x_wconf 86' lang='lat' dir='ltr'><strong>l1)</strong></span> <span class='ocrx_word' id='word_1_694' title='bbox 2639 4327 2847 4379; x_wconf 83' lang='lat' dir='ltr'><strong>Diversa</strong></span> <span class='ocrx_word' id='word_1_695' title='bbox 2869 4330 2991 4380; x_wconf 82' lang='lat' dir='ltr'><strong>Jun.</strong></span> <span class='ocrx_word' id='word_1_696' title='bbox 3015 4344 3080 4383; x_wconf 81' lang='lat' dir='ltr'><strong>ea:</strong></span> <span class='ocrx_word' id='word_1_697' title='bbox 3101 4330 3211 4383; x_wconf 88' lang='lat' dir='ltr'><strong>cod.</strong></span> <span class='ocrx_word' id='word_1_698' title='bbox 3244 4332 3401 4385; x_wconf 78' lang='lat' dir='ltr'><strong>Yatic.</strong></span> 
     </span>
    </p>
   </div>
   <div class='ocr_carea' id='block_1_91' title="bbox 2534 4392 4056 4465">
    <p class='ocr_par' dir='ltr' id='par_1_91' title="bbox 2534 4392 4056 4465">
     <span class='ocr_line' id='line_1_94' title="bbox 2534 4392 4056 4465; baseline 0.007 -24"><span class='ocrx_word' id='word_1_699' title='bbox 2534 4392 2607 4465; x_wconf 58' lang='lat' dir='ltr'><strong>lg)</strong></span> <span class='ocrx_word' id='word_1_700' title='bbox 2637 4392 2935 4465; x_wconf 62' lang='lat' dir='ltr'><strong>Yanitimum</strong></span> <span class='ocrx_word' id='word_1_701' title='bbox 2951 4393 3098 4446; x_wconf 75' lang='lat' dir='ltr'><strong>Rhea.</strong></span> <span class='ocrx_word' id='word_1_702' title='bbox 3114 4395 3235 4447; x_wconf 82' lang='lat' dir='ltr'><strong>Jun.</strong></span> <span class='ocrx_word' id='word_1_703' title='bbox 3258 4394 3411 4449; x_wconf 86' lang='lat' dir='ltr'><strong>Semf.</strong></span> <span class='ocrx_word' id='word_1_704' title='bbox 3427 4397 3511 4464; x_wconf 82' lang='lat' dir='ltr'><strong>qui</strong></span> <span class='ocrx_word' id='word_1_705' title='bbox 3530 4396 3650 4461; x_wconf 84' lang='lat' dir='ltr'><strong>quid</strong></span> <span class='ocrx_word' id='word_1_706' title='bbox 3670 4410 3891 4465; x_wconf 63' lang='lat' dir='ltr'><strong>graecum</strong></span> <span class='ocrx_word' id='word_1_707' title='bbox 3904 4402 4056 4453; x_wconf 86' lang='lat' dir='ltr'><strong>latere</strong></span> 
     </span>
    </p>
   </div>
   <div class='ocr_carea' id='block_1_92' title="bbox 2440 4454 2734 4521">
    <p class='ocr_par' dir='ltr' id='par_1_92' title="bbox 2440 4454 2734 4521">
     <span class='ocr_line' id='line_1_95' title="bbox 2440 4454 2734 4521; baseline 0.003 -15"><span class='ocrx_word' id='word_1_708' title='bbox 2440 4454 2734 4521; x_wconf 84' lang='lat' dir='ltr'><strong>suspicatur.</strong></span> 
     </span>
    </p>
   </div>
   <div class='ocr_carea' id='block_1_93' title="bbox 2508 4204 2530 4453">
    <p class='ocr_par' dir='ltr' id='par_1_93' title="bbox 2508 4204 2530 4453">
     <span class='ocr_line' id='line_1_96' title="bbox 2508 4204 2530 4453; baseline 0 0"><span class='ocrx_word' id='word_1_709' title='bbox 2508 4204 2530 4453; x_wconf 66' lang='grc' dir='ltr'><em>Ξ</em></span> 
     </span>
    </p>
   </div>
   <div class='ocr_carea' id='block_1_94' title="bbox 2097 4572 2653 4638">
    <p class='ocr_par' dir='ltr' id='par_1_94' title="bbox 2097 4572 2653 4638">
     <span class='ocr_line' id='line_1_97' title="bbox 2097 4572 2653 4638; baseline 0.018 -12"><span class='ocrx_word' id='word_1_710' title='bbox 2097 4572 2653 4638; x_wconf 73' lang='lat' dir='ltr'><strong>COMMENTARIUS.</strong></span> 
     </span>
    </p>
   </div>
   <div class='ocr_carea' id='block_1_95' title="bbox 745 4666 2425 4755">
    <p class='ocr_par' dir='ltr' id='par_1_95' title="bbox 745 4666 2425 4755">
     <span class='ocr_line' id='line_1_98' title="bbox 745 4666 2425 4755; baseline 0.02 -36"><span class='ocrx_word' id='word_1_711' title='bbox 745 4681 871 4755; x_wconf 57' lang='lat' dir='ltr'><strong>quc.</strong></span> <span class='ocrx_word' id='word_1_712' title='bbox 906 4666 1323 4755; x_wconf 42' lang='grc' dir='ltr'>Ξειιειειειιςιιτιιιιξ</span> <span class='ocrx_word' id='word_1_713' title='bbox 1350 4675 1682 4755; x_wconf 61' lang='lat' dir='ltr'><strong>Ter-tulliano</strong></span> <span class='ocrx_word' id='word_1_714' title='bbox 1707 4690 1789 4737; x_wconf 91' lang='lat' dir='ltr'><strong>est</strong></span> <span class='ocrx_word' id='word_1_715' title='bbox 1826 4686 2131 4755; x_wconf 72' lang='lat' dir='ltr'><strong>propalare.</strong></span> <span class='ocrx_word' id='word_1_716' title='bbox 2165 4689 2341 4748; x_wconf 63' lang='lat' dir='ltr'><strong>Busa.</strong></span> <span class='ocrx_word' id='word_1_717' title='bbox 2374 4691 2425 4752; x_wconf 91' lang='lat' dir='ltr'><strong>D</strong></span> 
     </span>
    </p>
   </div>
   <div class='ocr_carea' id='block_1_96' title="bbox 819 4738 2341 4817">
    <p class='ocr_par' dir='ltr' id='par_1_96' title="bbox 819 4738 2341 4817">
     <span class='ocr_line' id='line_1_99' title="bbox 819 4738 2341 4817; baseline 0.018 -26"><span class='ocrx_word' id='word_1_718' title='bbox 912 4739 1023 4817; x_wconf 76' lang='lat' dir='ltr'><strong>l’._X</strong></span> <span class='ocrx_word' id='word_1_719' title='bbox 1032 4740 1098 4817; x_wconf 42' lang='lat' dir='ltr'><strong>X‘l</strong></span> <span class='ocrx_word' id='word_1_720' title='bbox 1107 4738 1155 4797; x_wconf 15' lang='lat' dir='ltr'><strong>XV</strong></span> <span class='ocrx_word' id='word_1_721' title='bbox 1179 4747 1327 4815; x_wconf 89' lang='lat' dir='ltr'><strong>—(a)</strong></span> <span class='ocrx_word' id='word_1_722' title='bbox 1345 4745 1540 4803; x_wconf 86' lang='lat' dir='ltr'><strong>Dehinc</strong></span> <span class='ocrx_word' id='word_1_723' title='bbox 1552 4755 1808 4807; x_wconf 69' lang='lat' dir='ltr'><strong>exornatis</strong></span> <span class='ocrx_word' id='word_1_724' title='bbox 1824 4738 1956 4811; x_wconf 54' lang='lat' dir='ltr'><strong>befurt</strong></span> 
     </span>
    </p>
   </div>
   <div class='ocr_carea' id='block_1_97' title="bbox 749 4808 2339 4899">
    <p class='ocr_par' dir='ltr' id='par_1_97' title="bbox 749 4808 2339 4899">
     <span class='ocr_line' id='line_1_100' title="bbox 749 4808 2339 4899; baseline 0.016 -37"><span class='ocrx_word' id='word_1_725' title='bbox 749 4808 801 4864; x_wconf 90' lang='lat' dir='ltr'><strong>in</strong></span> <span class='ocrx_word' id='word_1_726' title='bbox 825 4810 918 4890; x_wconf 82' lang='lat' dir='ltr'><strong>lib.</strong></span> <span class='ocrx_word' id='word_1_727' title='bbox 950 4813 1013 4899; x_wconf 76' lang='lat' dir='ltr'><strong>de</strong></span> <span class='ocrx_word' id='word_1_728' title='bbox 1040 4808 1430 4899; x_wconf 45' lang='lat' dir='ltr'><strong>Carnis-return</strong></span> <span class='ocrx_word' id='word_1_729' title='bbox 1450 4837 1463 4873; x_wconf 89' lang='lat'><strong>:</strong></span> <span class='ocrx_word' id='word_1_730' title='bbox 1486 4822 1601 4899; x_wconf 70' lang='lat' dir='ltr'><strong>ille</strong></span> <span class='ocrx_word' id='word_1_731' title='bbox 1617 4826 1837 4899; x_wconf 82' lang='lat' dir='ltr'><strong>materia</strong></span> <span class='ocrx_word' id='word_1_732' title='bbox 1855 4831 2027 4894; x_wconf 78' lang='lat' dir='ltr'><strong>petitis</strong></span> <span class='ocrx_word' id='word_1_733' title='bbox 2040 4833 2339 4899; x_wconf 66' lang='lat' dir='ltr'><strong>subiacent.</strong></span> 
     </span>
    </p>
   </div>
   <div class='ocr_carea' id='block_1_98' title="bbox 746 4883 2346 4966">
    <p class='ocr_par' dir='ltr' id='par_1_98' title="bbox 746 4883 2346 4966">
     <span class='ocr_line' id='line_1_101' title="bbox 746 4883 2346 4966; baseline 0.018 -35"><span class='ocrx_word' id='word_1_734' title='bbox 746 4883 883 4966; x_wconf 47' lang='lat' dir='ltr'><strong>q‘nit,</strong></span> <span class='ocrx_word' id='word_1_735' title='bbox 902 4885 1270 4966; x_wconf 64' lang='lat' dir='ltr'><strong>\‘Qltttt_t:t_lti_llo</strong></span> <span class='ocrx_word' id='word_1_736' title='bbox 1297 4883 2027 4966; x_wconf 44' lang='lat' dir='ltr'><strong>universitatemdedicatam:</strong></span> 
     </span>
    </p>
   </div>
   <div class='ocr_carea' id='block_1_99' title="bbox 749 4951 2343 5032">
    <p class='ocr_par' dir='ltr' id='par_1_99' title="bbox 749 4951 2343 5032">
     <span class='ocr_line' id='line_1_102' title="bbox 749 4951 2343 5032; baseline 0.017 -27"><span class='ocrx_word' id='word_1_737' title='bbox 749 4951 920 5032; x_wconf 44' lang='lat' dir='ltr'><strong>(furno</strong></span> <span class='ocrx_word' id='word_1_738' title='bbox 944 4956 1153 5032; x_wconf 55' lang='lat' dir='ltr'><strong>Christi:</strong></span> <span class='ocrx_word' id='word_1_739' title='bbox 1193 4958 1393 5015; x_wconf 90' lang='lat' dir='ltr'><strong>lterum</strong></span> <span class='ocrx_word' id='word_1_740' title='bbox 1424 4964 1487 5018; x_wconf 87' lang='lat' dir='ltr'><strong>de</strong></span> <span class='ocrx_word' id='word_1_741' title='bbox 1506 4964 1688 5021; x_wconf 82' lang='lat' dir='ltr'><strong>Carnis</strong></span> <span class='ocrx_word' id='word_1_742' title='bbox 1736 4985 1924 5025; x_wconf 85' lang='lat' dir='ltr'><strong>resurr.</strong></span> <span class='ocrx_word' id='word_1_743' title='bbox 1961 4951 2133 5029; x_wconf 49' lang='lat' dir='ltr'><strong>et&#39;lib.</strong></span> <span class='ocrx_word' id='word_1_744' title='bbox 2162 4974 2182 5031; x_wconf 92' lang='grc'><strong>1</strong></span> <span class='ocrx_word' id='word_1_745' title='bbox 2225 4977 2343 5032; x_wconf 78' lang='lat' dir='ltr'><strong>ade.</strong></span> 
     </span>
    </p>
   </div>
   <div class='ocr_carea' id='block_1_100' title="bbox 751 5020 1263 5085">
    <p class='ocr_par' dir='ltr' id='par_1_100' title="bbox 751 5020 1263 5085">
     <span class='ocr_line' id='line_1_103' title="bbox 751 5020 1263 5085; baseline 0.016 -10"><span class='ocrx_word' id='word_1_746' title='bbox 751 5020 1089 5080; x_wconf 76' lang='lat' dir='ltr'><strong>Marcionem.</strong></span> <span class='ocrx_word' id='word_1_747' title='bbox 1125 5029 1263 5085; x_wconf 76' lang='lat' dir='ltr'><strong>Pali.</strong></span> 
     </span>
    </p>
   </div>
   <div class='ocr_carea' id='block_1_101' title="bbox 823 5119 2346 5208">
    <p class='ocr_par' dir='ltr' id='par_1_101' title="bbox 823 5119 2346 5208">
     <span class='ocr_line' id='line_1_104' title="bbox 823 5119 2346 5208; baseline 0.016 -38"><span class='ocrx_word' id='word_1_748' title='bbox 823 5119 841 5208; x_wconf 70' lang='grc' dir='ltr'>ς</span> <span class='ocrx_word' id='word_1_749' title='bbox 852 5120 903 5208; x_wconf 79' lang='lat' dir='ltr'><strong>b)</strong></span> <span class='ocrx_word' id='word_1_750' title='bbox 931 5120 1038 5174; x_wconf 87' lang='lat' dir='ltr'><strong>Sed</strong></span> <span class='ocrx_word' id='word_1_751' title='bbox 1060 5122 1354 5208; x_wconf 77' lang='lat' dir='ltr'><strong>inhabitari.</strong></span> <span class='ocrx_word' id='word_1_752' title='bbox 1372 5126 1686 5208; x_wconf 71' lang='lat' dir='ltr'><strong>Adverbum</strong></span> <span class='ocrx_word' id='word_1_753' title='bbox 1704 5136 1858 5190; x_wconf 88' lang='lat' dir='ltr'><strong>vertit</strong></span> <span class='ocrx_word' id='word_1_754' title='bbox 1880 5136 2008 5192; x_wconf 90' lang='lat' dir='ltr'><strong>illud</strong></span> <span class='ocrx_word' id='word_1_755' title='bbox 2022 5137 2171 5195; x_wconf 70' lang='lat' dir='ltr'><strong>Isaia:</strong></span> <span class='ocrx_word' id='word_1_756' title='bbox 2186 5138 2346 5208; x_wconf 79' lang='lat' dir='ltr'><strong>XLV,</strong></span> 
     </span>
    </p>
   </div>
   <div class='ocr_carea' id='block_1_102' title="bbox 750 5191 1993 5266">
    <p class='ocr_par' dir='ltr' id='par_1_102' title="bbox 750 5191 1993 5266">
     <span class='ocr_line' id='line_1_105' title="bbox 750 5191 1993 5266; baseline 0.015 -22"><span class='ocrx_word' id='word_1_757' title='bbox 750 5191 881 5244; x_wconf 73' lang='grc' dir='ltr'><strong>ἀλ&gt;ἀ</strong></span> <span class='ocrx_word' id='word_1_758' title='bbox 907 5202 1232 5249; x_wconf 66' lang='grc' dir='ltr'><strong>κατοικεῖσθαι</strong></span> <span class='ocrx_word' id='word_1_759' title='bbox 1256 5212 1352 5266; x_wconf 92' lang='lat' dir='ltr'><strong>pro</strong></span> <span class='ocrx_word' id='word_1_760' title='bbox 1372 5209 1425 5252; x_wconf 88' lang='lat' dir='ltr'><strong>ut</strong></span> <span class='ocrx_word' id='word_1_761' title='bbox 1446 5199 1829 5260; x_wconf 88' lang='lat' dir='ltr'><strong>inhabitaretur.</strong></span> <span class='ocrx_word' id='word_1_762' title='bbox 1858 5191 1993 5263; x_wconf 72' lang='lat' dir='ltr'><strong>Pu.</strong></span> 
     </span>
    </p>
   </div>
   <div class='ocr_carea' id='block_1_103' title="bbox 824 5284 2343 5367">
    <p class='ocr_par' dir='ltr' id='par_1_103' title="bbox 824 5284 2343 5367">
     <span class='ocr_line' id='line_1_106' title="bbox 824 5284 2343 5367; baseline 0.014 -30"><span class='ocrx_word' id='word_1_763' title='bbox 824 5285 895 5367; x_wconf 71' lang='lat' dir='ltr'><strong>(e)</strong></span> <span class='ocrx_word' id='word_1_764' title='bbox 938 5284 1089 5341; x_wconf 86' lang='lat' dir='ltr'><strong>Orbis</strong></span> <span class='ocrx_word' id='word_1_765' title='bbox 1110 5298 1259 5367; x_wconf 57' lang='lat' dir='ltr'><strong>terrm</strong></span> <span class='ocrx_word' id='word_1_766' title='bbox 1275 5302 1323 5345; x_wconf 86' lang='lat' dir='ltr'><strong>et</strong></span> <span class='ocrx_word' id='word_1_767' title='bbox 1343 5310 1515 5350; x_wconf 83' lang='lat' dir='ltr'><strong>omnes</strong></span> <span class='ocrx_word' id='word_1_768' title='bbox 1534 5298 1624 5367; x_wconf 86' lang='lat' dir='ltr'><strong>qui</strong></span> <span class='ocrx_word' id='word_1_769' title='bbox 1655 5299 1882 5355; x_wconf 87' lang='lat' dir='ltr'><strong>habitant</strong></span> <span class='ocrx_word' id='word_1_770' title='bbox 1907 5305 1959 5357; x_wconf 89' lang='lat' dir='ltr'><strong>in</strong></span> <span class='ocrx_word' id='word_1_771' title='bbox 1988 5320 2064 5357; x_wconf 79' lang='lat' dir='ltr'><strong>ea.</strong></span> <span class='ocrx_word' id='word_1_772' title='bbox 2090 5303 2343 5361; x_wconf 82' lang='lat' dir='ltr'><strong>Veterem</strong></span> 
     </span>
    </p>
   </div>
   <div class='ocr_carea' id='block_1_104' title="bbox 751 5354 2346 5443">
    <p class='ocr_par' dir='ltr' id='par_1_104' title="bbox 751 5354 2346 5443">
     <span class='ocr_line' id='line_1_107' title="bbox 751 5354 2346 5443; baseline 0.014 -36"><span class='ocrx_word' id='word_1_773' title='bbox 751 5354 1087 5443; x_wconf 53' lang='lat' dir='ltr'><strong>Palinurum</strong></span> <span class='ocrx_word' id='word_1_774' title='bbox 1112 5359 1404 5443; x_wconf 78' lang='lat' dir='ltr'><strong>editiOnetu</strong></span> <span class='ocrx_word' id='word_1_775' title='bbox 1426 5354 1609 5443; x_wconf 53' lang='lat' dir='ltr'><strong>vera&#39;m</strong></span> <span class='ocrx_word' id='word_1_776' title='bbox 1632 5384 1774 5443; x_wconf 87' lang='lat' dir='ltr'><strong>esse,</strong></span> <span class='ocrx_word' id='word_1_777' title='bbox 1796 5354 1959 5443; x_wconf 79' lang='lat' dir='ltr'><strong>quam</strong></span> <span class='ocrx_word' id='word_1_778' title='bbox 1986 5354 2151 5429; x_wconf 78' lang='lat' dir='ltr'><strong>edidit</strong></span> <span class='ocrx_word' id='word_1_779' title='bbox 2173 5374 2346 5431; x_wconf 84' lang='lat' dir='ltr'><strong>Faber</strong></span> 
     </span>
    </p>
   </div>
   <div class='ocr_carea' id='block_1_105' title="bbox 753 5427 2347 5517">
    <p class='ocr_par' dir='ltr' id='par_1_105' title="bbox 753 5427 2347 5517">
     <span class='ocr_line' id='line_1_108' title="bbox 753 5427 2347 5517; baseline 0.013 -35"><span class='ocrx_word' id='word_1_780' title='bbox 753 5428 804 5482; x_wconf 92' lang='lat' dir='ltr'><strong>in</strong></span> <span class='ocrx_word' id='word_1_781' title='bbox 848 5427 1107 5517; x_wconf 57' lang='lat' dir='ltr'><strong>Psalterio</strong></span> <span class='ocrx_word' id='word_1_782' title='bbox 1146 5434 1496 5517; x_wconf 42' lang='lat' dir='ltr'><strong>quintnplii-i:</strong></span> <span class='ocrx_word' id='word_1_783' title='bbox 1529 5440 1611 5517; x_wconf 84' lang='lat' dir='ltr'><strong>vel</strong></span> <span class='ocrx_word' id='word_1_784' title='bbox 1632 5514 1640 5517; x_wconf 74' lang='lat'><strong><em>_</em></strong></span> <span class='ocrx_word' id='word_1_785' title='bbox 1662 5427 1784 5517; x_wconf 72' lang='lat' dir='ltr'><strong>hinc</strong></span> <span class='ocrx_word' id='word_1_786' title='bbox 1807 5427 1959 5513; x_wconf 70' lang='lat' dir='ltr'><strong>patet</strong></span> <span class='ocrx_word' id='word_1_787' title='bbox 1979 5427 2251 5517; x_wconf 25' lang='lat' dir='ltr'><strong>(eam—que</strong></span> <span class='ocrx_word' id='word_1_788' title='bbox 2279 5447 2347 5502; x_wconf 94' lang='lat' dir='ltr'><strong>ad</strong></span> 
     </span>
    </p>
   </div>
   <div class='ocr_carea' id='block_1_106' title="bbox 752 5498 2347 5587">
    <p class='ocr_par' dir='ltr' id='par_1_106' title="bbox 752 5498 2347 5587">
     <span class='ocr_line' id='line_1_109' title="bbox 752 5498 2347 5587; baseline 0.015 -36"><span class='ocrx_word' id='word_1_789' title='bbox 752 5498 975 5587; x_wconf 70' lang='lat' dir='ltr'><strong>verbum</strong></span> <span class='ocrx_word' id='word_1_790' title='bbox 1016 5498 1299 5587; x_wconf 77' lang='lat' dir='ltr'><strong>ex_gr:cca</strong></span> <span class='ocrx_word' id='word_1_791' title='bbox 1340 5498 1488 5562; x_wconf 81' lang='lat' dir='ltr'><strong>LXX</strong></span> <span class='ocrx_word' id='word_1_792' title='bbox 1556 5498 1865 5587; x_wconf 57' lang='lat' dir='ltr'><strong>ubilegitt&#39;tr</strong></span> <span class='ocrx_word' id='word_1_793' title='bbox 1892 5498 2347 5587; x_wconf 51' lang='lat' dir='ltr'><strong>a.&#39;als;-q,&quot;e&#39;i&#39;i.6§</strong></span> 
     </span>
    </p>
   </div>
   <div class='ocr_carea' id='block_1_107' title="bbox 751 5570 2345 5659">
    <p class='ocr_par' dir='ltr' id='par_1_107' title="bbox 751 5570 2345 5659">
     <span class='ocr_line' id='line_1_110' title="bbox 751 5570 2345 5659; baseline 0.015 -39"><span class='ocrx_word' id='word_1_794' title='bbox 751 5570 1034 5659; x_wconf 69' lang='lat' dir='ltr'><strong>utrobique</strong></span> <span class='ocrx_word' id='word_1_795' title='bbox 1064 5570 1217 5659; x_wconf 44' lang='lat' dir='ltr'><strong>at.er</strong></span> <span class='ocrx_word' id='word_1_796' title='bbox 1243 5591 1339 5646; x_wconf 91' lang='lat' dir='ltr'><strong>pro</strong></span> <span class='ocrx_word' id='word_1_797' title='bbox 1364 5595 1431 5631; x_wconf 83' lang='lat' dir='ltr'><strong>eo</strong></span> <span class='ocrx_word' id='word_1_798' title='bbox 1456 5580 1597 5659; x_wconf 79' lang='lat' dir='ltr'><strong>quod</strong></span> <span class='ocrx_word' id='word_1_799' title='bbox 1617 5584 1681 5659; x_wconf 71' lang='grc' dir='ltr'><strong>β,</strong></span> <span class='ocrx_word' id='word_1_800' title='bbox 1714 5570 2111 5659; x_wconf 65' lang='lat' dir='ltr'><strong>Hieronymus,</strong></span> <span class='ocrx_word' id='word_1_801' title='bbox 2132 5570 2345 5644; x_wconf 27' lang='lat' dir='ltr'><strong>in&#39;utrva-</strong></span> 
     </span>
    </p>
   </div>
   <div class='ocr_carea' id='block_1_108' title="bbox 749 5641 2337 5724">
    <p class='ocr_par' dir='ltr' id='par_1_108' title="bbox 749 5641 2337 5724">
     <span class='ocr_line' id='line_1_111' title="bbox 749 5641 2337 5724; baseline 0.014 -31"><span class='ocrx_word' id='word_1_802' title='bbox 749 5656 852 5723; x_wconf 71' lang='lat' dir='ltr'><strong>que</strong></span> <span class='ocrx_word' id='word_1_803' title='bbox 876 5641 1098 5724; x_wconf 42' lang='lat' dir='ltr'><strong>editLex</strong></span> <span class='ocrx_word' id='word_1_804' title='bbox 1133 5641 1345 5703; x_wconf 69' lang='lat' dir='ltr'><strong>held-ma</strong></span> <span class='ocrx_word' id='word_1_805' title='bbox 1374 5660 1430 5724; x_wconf 83' lang='lat' dir='ltr'><strong>et</strong></span> <span class='ocrx_word' id='word_1_806' title='bbox 1473 5641 1748 5711; x_wconf 76' lang='lat' dir='ltr'><strong>cltaldaica</strong></span> <span class='ocrx_word' id='word_1_807' title='bbox 1769 5699 1784 5724; x_wconf 94' lang='lat'><strong>,</strong></span> <span class='ocrx_word' id='word_1_808' title='bbox 1818 5660 1869 5712; x_wconf 88' lang='lat' dir='ltr'><strong>in</strong></span> <span class='ocrx_word' id='word_1_809' title='bbox 1898 5641 2078 5722; x_wconf 18' lang='lat' dir='ltr'><strong>eoi,“th</strong></span> <span class='ocrx_word' id='word_1_810' title='bbox 2099 5641 2225 5716; x_wconf 70' lang='lat' dir='ltr'><strong>nios</strong></span> <span class='ocrx_word' id='word_1_811' title='bbox 2256 5661 2337 5715; x_wconf 74' lang='lat' dir='ltr'><strong>bis</strong></span> 
     </span>
    </p>
   </div>
   <div class='ocr_carea' id='block_1_109' title="bbox 748 5712 2345 5792">
    <p class='ocr_par' dir='ltr' id='par_1_109' title="bbox 748 5712 2345 5792">
     <span class='ocr_line' id='line_1_112' title="bbox 748 5712 2345 5792; baseline 0.014 -29"><span class='ocrx_word' id='word_1_812' title='bbox 748 5712 801 5765; x_wconf 86' lang='lat' dir='ltr'><strong>in</strong></span> <span class='ocrx_word' id='word_1_813' title='bbox 830 5728 963 5765; x_wconf 72' lang='lat' dir='ltr'><strong>eum.</strong></span> <span class='ocrx_word' id='word_1_814' title='bbox 995 5714 1121 5792; x_wconf 67' lang='grc' dir='ltr'><strong>βενε</strong></span> <span class='ocrx_word' id='word_1_815' title='bbox 1167 5728 1345 5792; x_wconf 82' lang='lat' dir='ltr'><strong>autem</strong></span> <span class='ocrx_word' id='word_1_816' title='bbox 1392 5721 1596 5791; x_wconf 78' lang='lat' dir='ltr'><strong>legatur</strong></span> <span class='ocrx_word' id='word_1_817' title='bbox 1640 5712 1783 5781; x_wconf 40' lang='lat' dir='ltr'><strong>eum,</strong></span> <span class='ocrx_word' id='word_1_818' title='bbox 1806 5712 2185 5792; x_wconf 25' lang='lat' dir='ltr'><strong>Tertulliani-iv:</strong></span> <span class='ocrx_word' id='word_1_819' title='bbox 2201 5712 2345 5786; x_wconf 72' lang='lat' dir='ltr'><strong>orbis</strong></span> 
     </span>
    </p>
   </div>
   <div class='ocr_carea' id='block_1_110' title="bbox 750 5784 2341 5871">
    <p class='ocr_par' dir='ltr' id='par_1_110' title="bbox 750 5784 2341 5871">
     <span class='ocr_line' id='line_1_113' title="bbox 750 5784 2341 5871; baseline 0.013 -35"><span class='ocrx_word' id='word_1_820' title='bbox 750 5791 896 5837; x_wconf 81' lang='lat' dir='ltr'><strong>terra:</strong></span> <span class='ocrx_word' id='word_1_821' title='bbox 918 5826 932 5845; x_wconf 85' lang='lat'><strong>,</strong></span> <span class='ocrx_word' id='word_1_822' title='bbox 966 5784 1080 5867; x_wconf 75' lang='lat' dir='ltr'><strong>sive</strong></span> <span class='ocrx_word' id='word_1_823' title='bbox 1104 5801 1225 5843; x_wconf 89' lang='lat' dir='ltr'><strong>cum</strong></span> <span class='ocrx_word' id='word_1_824' title='bbox 1275 5791 1419 5857; x_wconf 88' lang='lat' dir='ltr'><strong>aliis,</strong></span> <span class='ocrx_word' id='word_1_825' title='bbox 1442 5784 1587 5849; x_wconf 61' lang='lat' dir='ltr'><strong>brbis</strong></span> <span class='ocrx_word' id='word_1_826' title='bbox 1625 5784 1927 5871; x_wconf 75' lang='lat' dir='ltr'><strong>terrarum,</strong></span> <span class='ocrx_word' id='word_1_827' title='bbox 1952 5784 2172 5871; x_wconf 87' lang='lat' dir='ltr'><strong>perinde</strong></span> <span class='ocrx_word' id='word_1_828' title='bbox 2221 5815 2303 5858; x_wconf 81' lang='lat' dir='ltr'><strong>est</strong></span> <span class='ocrx_word' id='word_1_829' title='bbox 2325 5845 2341 5869; x_wconf 90' lang='lat'><strong>,</strong></span> 
     </span>
    </p>
   </div>
   <div class='ocr_carea' id='block_1_111' title="bbox 749 5854 2340 5946">
    <p class='ocr_par' dir='ltr' id='par_1_111' title="bbox 749 5854 2340 5946">
     <span class='ocr_line' id='line_1_114' title="bbox 749 5854 2340 5946; baseline 0.014 -38"><span class='ocrx_word' id='word_1_830' title='bbox 749 5869 871 5946; x_wconf 49' lang='lat' dir='ltr'><strong>t‘ta‘nt</strong></span> <span class='ocrx_word' id='word_1_831' title='bbox 920 5854 1106 5946; x_wconf 74' lang='lat' dir='ltr'><strong>unican</strong></span> <span class='ocrx_word' id='word_1_832' title='bbox 1126 5875 1225 5916; x_wconf 78' lang='lat' dir='ltr'><strong>vox</strong></span> <span class='ocrx_word' id='word_1_833' title='bbox 1254 5854 1426 5936; x_wconf 64' lang='lat' dir='ltr'><strong>graeca</strong></span> <span class='ocrx_word' id='word_1_834' title='bbox 1459 5873 1706 5937; x_wconf 65' lang='grc' dir='ltr'><strong>οἰκουμένη</strong></span> <span class='ocrx_word' id='word_1_835' title='bbox 1738 5870 1806 5927; x_wconf 88' lang='lat' dir='ltr'><strong>ad</strong></span> <span class='ocrx_word' id='word_1_836' title='bbox 1840 5854 2119 5946; x_wconf 65' lang='lat' dir='ltr'><strong>utrubique</strong></span> <span class='ocrx_word' id='word_1_837' title='bbox 2145 5884 2229 5931; x_wconf 81' lang='lat' dir='ltr'><strong>est</strong></span> <span class='ocrx_word' id='word_1_838' title='bbox 2256 5854 2340 5930; x_wconf 57' lang='lat' dir='ltr'><strong>in:</strong></span> 
     </span>
    </p>
   </div>
   <div class='ocr_carea' id='block_1_112' title="bbox 746 5922 1202 5985">
    <p class='ocr_par' dir='ltr' id='par_1_112' title="bbox 746 5922 1202 5985">
     <span class='ocr_line' id='line_1_115' title="bbox 746 5922 1202 5985; baseline 0.013 -6"><span class='ocrx_word' id='word_1_839' title='bbox 746 5922 1019 5985; x_wconf 81' lang='lat' dir='ltr'><strong>differens.</strong></span> <span class='ocrx_word' id='word_1_840' title='bbox 1065 5928 1202 5985; x_wconf 81' lang='grc' dir='ltr'>ΡΑιι.</span> 
     </span>
    </p>
   </div>
   <div class='ocr_carea' id='block_1_113' title="bbox 2524 4694 4052 4775">
    <p class='ocr_par' dir='ltr' id='par_1_113' title="bbox 2524 4694 4052 4775">
     <span class='ocr_line' id='line_1_116' title="bbox 2524 4694 4052 4775; baseline 0.011 -26"><span class='ocrx_word' id='word_1_841' title='bbox 2524 4695 2607 4768; x_wconf 67' lang='grc' dir='ltr'>(ιιι</span> <span class='ocrx_word' id='word_1_842' title='bbox 2641 4694 2964 4775; x_wconf 68' lang='lat' dir='ltr'><strong>Emicatttior</strong></span> <span class='ocrx_word' id='word_1_843' title='bbox 2989 4702 3131 4772; x_wconf 76' lang='lat' dir='ltr'><strong>facta</strong></span> <span class='ocrx_word' id='word_1_844' title='bbox 3154 4710 3231 4757; x_wconf 87' lang='lat' dir='ltr'><strong>est</strong></span> <span class='ocrx_word' id='word_1_845' title='bbox 3252 4703 3421 4759; x_wconf 84' lang='lat' dir='ltr'><strong>arida.</strong></span> <span class='ocrx_word' id='word_1_846' title='bbox 3450 4703 3541 4761; x_wconf 90' lang='lat' dir='ltr'><strong>Sic</strong></span> <span class='ocrx_word' id='word_1_847' title='bbox 3571 4705 3711 4763; x_wconf 89' lang='lat' dir='ltr'><strong>libro</strong></span> <span class='ocrx_word' id='word_1_848' title='bbox 3738 4704 3810 4764; x_wconf 90' lang='lat' dir='ltr'><strong>de</strong></span> <span class='ocrx_word' id='word_1_849' title='bbox 3838 4707 4052 4775; x_wconf 81' lang='lat' dir='ltr'><strong>Anima,</strong></span> 
     </span>
    </p>
   </div>
   <div class='ocr_carea' id='block_1_114' title="bbox 2448 4770 3654 4845">
    <p class='ocr_par' dir='ltr' id='par_1_114' title="bbox 2448 4770 3654 4845">
     <span class='ocr_line' id='line_1_117' title="bbox 2448 4770 3654 4845; baseline 0.01 -24"><span class='ocrx_word' id='word_1_850' title='bbox 2448 4776 2507 4821; x_wconf 88' lang='lat' dir='ltr'><strong>ut</strong></span> <span class='ocrx_word' id='word_1_851' title='bbox 2544 4770 2827 4838; x_wconf 82' lang='lat' dir='ltr'><strong>probabiles</strong></span> <span class='ocrx_word' id='word_1_852' title='bbox 2851 4770 3033 4841; x_wconf 76' lang='lat' dir='ltr'><strong>cuique</strong></span> <span class='ocrx_word' id='word_1_853' title='bbox 3052 4775 3345 4832; x_wconf 88' lang='lat' dir='ltr'><strong>emicarent.</strong></span> <span class='ocrx_word' id='word_1_854' title='bbox 3394 4775 3618 4833; x_wconf 82' lang='lat' dir='ltr'><strong>Ovidius</strong></span> <span class='ocrx_word' id='word_1_855' title='bbox 3638 4819 3654 4845; x_wconf 91' lang='lat'><strong>,</strong></span> 
     </span>
    </p>
   </div>
   <div class='ocr_carea' id='block_1_115' title="bbox 2603 4882 3921 4956">
    <p class='ocr_par' dir='ltr' id='par_1_115' title="bbox 2603 4882 3921 4956">
     <span class='ocr_line' id='line_1_118' title="bbox 2603 4882 3921 4956; baseline 0.008 -21"><span class='ocrx_word' id='word_1_856' title='bbox 2603 4882 2811 4935; x_wconf 84' lang='lat' dir='ltr'><strong>Emicuit</strong></span> <span class='ocrx_word' id='word_1_857' title='bbox 2830 4897 3119 4952; x_wconf 86' lang='lat' dir='ltr'><strong>summaque</strong></span> <span class='ocrx_word' id='word_1_858' title='bbox 3136 4886 3295 4939; x_wconf 87' lang='lat' dir='ltr'><strong>locum</strong></span> <span class='ocrx_word' id='word_1_859' title='bbox 3316 4890 3409 4942; x_wconf 88' lang='lat' dir='ltr'><strong>sibi</strong></span> <span class='ocrx_word' id='word_1_860' title='bbox 3431 4890 3559 4956; x_wconf 76' lang='lat' dir='ltr'><strong>legit</strong></span> <span class='ocrx_word' id='word_1_861' title='bbox 3579 4894 3631 4944; x_wconf 86' lang='lat' dir='ltr'><strong>tn</strong></span> <span class='ocrx_word' id='word_1_862' title='bbox 3646 4906 3779 4945; x_wconf 76' lang='lat' dir='ltr'><strong>arce.</strong></span> <span class='ocrx_word' id='word_1_863' title='bbox 3804 4892 3921 4946; x_wconf 78' lang='lat' dir='ltr'><strong>Rm.</strong></span> 
     </span>
    </p>
   </div>
   <div class='ocr_carea' id='block_1_116' title="bbox 2526 4986 4047 5067">
    <p class='ocr_par' dir='ltr' id='par_1_116' title="bbox 2526 4986 4047 5067">
     <span class='ocr_line' id='line_1_119' title="bbox 2526 4986 4047 5067; baseline 0.012 -26"><span class='ocrx_word' id='word_1_864' title='bbox 2526 4986 2603 5060; x_wconf 88' lang='lat' dir='ltr'><strong>(e)</strong></span> <span class='ocrx_word' id='word_1_865' title='bbox 2637 4988 2743 5043; x_wconf 86' lang='lat' dir='ltr'><strong>Sed</strong></span> <span class='ocrx_word' id='word_1_866' title='bbox 2770 4990 3047 5067; x_wconf 60' lang='lat' dir='ltr'><strong>invisibilis</strong></span> <span class='ocrx_word' id='word_1_867' title='bbox 3075 5009 3230 5067; x_wconf 87' lang='lat' dir='ltr'><strong>usque</strong></span> <span class='ocrx_word' id='word_1_868' title='bbox 3251 5005 3370 5052; x_wconf 80' lang='lat' dir='ltr'><strong>tunc</strong></span> <span class='ocrx_word' id='word_1_869' title='bbox 3408 4998 3572 5054; x_wconf 77' lang='lat' dir='ltr'><strong>videri</strong></span> <span class='ocrx_word' id='word_1_870' title='bbox 3593 5000 3901 5057; x_wconf 72' lang='lat' dir='ltr'><strong>sustinebat.</strong></span> <span class='ocrx_word' id='word_1_871' title='bbox 3932 5002 4047 5060; x_wconf 81' lang='lat' dir='ltr'><strong>Hoc</strong></span> 
     </span>
    </p>
   </div>
   <div class='ocr_carea' id='block_1_117' title="bbox 2451 5062 3133 5130">
    <p class='ocr_par' dir='ltr' id='par_1_117' title="bbox 2451 5062 3133 5130">
     <span class='ocr_line' id='line_1_120' title="bbox 2451 5062 3133 5130; baseline 0.006 -16"><span class='ocrx_word' id='word_1_872' title='bbox 2451 5069 2535 5115; x_wconf 85' lang='lat' dir='ltr'><strong>est</strong></span> <span class='ocrx_word' id='word_1_873' title='bbox 2558 5100 2573 5123; x_wconf 92' lang='lat'><strong>,</strong></span> <span class='ocrx_word' id='word_1_874' title='bbox 2606 5062 2970 5130; x_wconf 77' lang='lat' dir='ltr'><strong>exspectabat.</strong></span> <span class='ocrx_word' id='word_1_875' title='bbox 3014 5062 3133 5121; x_wconf 81' lang='lat' dir='ltr'><strong>Rm.</strong></span> 
     </span>
    </p>
   </div>
   <div class='ocr_carea' id='block_1_118' title="bbox 2523 5153 4052 5235">
    <p class='ocr_par' dir='ltr' id='par_1_118' title="bbox 2523 5153 4052 5235">
     <span class='ocr_line' id='line_1_121' title="bbox 2523 5153 4052 5235; baseline 0.012 -30"><span class='ocrx_word' id='word_1_876' title='bbox 2523 5153 2677 5235; x_wconf 53' lang='lat' dir='ltr'><strong>CAP.</strong></span> <span class='ocrx_word' id='word_1_877' title='bbox 2951 5158 3016 5230; x_wconf 87' lang='lat' dir='ltr'><strong>(f&#39;)</strong></span> <span class='ocrx_word' id='word_1_878' title='bbox 3042 5157 3380 5235; x_wconf 79' lang='lat' dir='ltr'><strong>Vanissimurn</strong></span> <span class='ocrx_word' id='word_1_879' title='bbox 3391 5162 4052 5235; x_wconf 69' lang='lat' dir='ltr'><strong>datique.etc.Vatic.Mss.</strong></span> 
     </span>
    </p>
   </div>
   <div class='ocr_carea' id='block_1_119' title="bbox 2452 5225 4049 5308">
    <p class='ocr_par' dir='ltr' id='par_1_119' title="bbox 2452 5225 4049 5308">
     <span class='ocr_line' id='line_1_122' title="bbox 2452 5225 4049 5308; baseline 0.009 -29"><span class='ocrx_word' id='word_1_880' title='bbox 2452 5225 2574 5279; x_wconf 90' lang='lat' dir='ltr'><strong>cod.</strong></span> <span class='ocrx_word' id='word_1_881' title='bbox 2608 5233 2663 5279; x_wconf 89' lang='lat' dir='ltr'><strong>et</strong></span> <span class='ocrx_word' id='word_1_882' title='bbox 2699 5226 2874 5281; x_wconf 79' lang='lat' dir='ltr'><strong>Editio</strong></span> <span class='ocrx_word' id='word_1_883' title='bbox 2905 5225 3104 5308; x_wconf 66' lang='lat' dir='ltr'><strong>legunt,</strong></span> <span class='ocrx_word' id='word_1_884' title='bbox 3150 5233 3470 5308; x_wconf 68' lang='lat' dir='ltr'><strong>conuiuium,</strong></span> <span class='ocrx_word' id='word_1_885' title='bbox 3495 5225 3755 5308; x_wconf 22' lang='lat' dir='ltr'><strong>sed-quia</strong></span> <span class='ocrx_word' id='word_1_886' title='bbox 3782 5253 4049 5308; x_wconf 85' lang='lat' dir='ltr'><strong>nusquam</strong></span> 
     </span>
    </p>
   </div>
   <div class='ocr_carea' id='block_1_120' title="bbox 2451 5303 4053 5376">
    <p class='ocr_par' dir='ltr' id='par_1_120' title="bbox 2451 5303 4053 5376">
     <span class='ocr_line' id='line_1_123' title="bbox 2451 5303 4053 5376; baseline 0.007 -24"><span class='ocrx_word' id='word_1_887' title='bbox 2451 5310 2571 5352; x_wconf 79' lang='lat' dir='ltr'><strong>eam</strong></span> <span class='ocrx_word' id='word_1_888' title='bbox 2602 5312 2786 5353; x_wconf 89' lang='lat' dir='ltr'><strong>vocem</strong></span> <span class='ocrx_word' id='word_1_889' title='bbox 2813 5303 3019 5376; x_wconf 85' lang='lat' dir='ltr'><strong>reperi,</strong></span> <span class='ocrx_word' id='word_1_890' title='bbox 3049 5304 3225 5373; x_wconf 86' lang='lat' dir='ltr'><strong>placet</strong></span> <span class='ocrx_word' id='word_1_891' title='bbox 3251 5304 3463 5375; x_wconf 72' lang='lat' dir='ltr'><strong>vulgata</strong></span> <span class='ocrx_word' id='word_1_892' title='bbox 3495 5303 3674 5362; x_wconf 82' lang='lat' dir='ltr'><strong>lectio.</strong></span> <span class='ocrx_word' id='word_1_893' title='bbox 3697 5307 3843 5376; x_wconf 86' lang='lat' dir='ltr'><strong>Quas</strong></span> <span class='ocrx_word' id='word_1_894' title='bbox 3868 5303 4053 5365; x_wconf 80' lang='lat' dir='ltr'><strong>autem</strong></span> 
     </span>
    </p>
   </div>
   <div class='ocr_carea' id='block_1_121' title="bbox 2453 5374 4055 5449">
    <p class='ocr_par' dir='ltr' id='par_1_121' title="bbox 2453 5374 4055 5449">
     <span class='ocr_line' id='line_1_124' title="bbox 2453 5374 4055 5449; baseline 0.01 -29"><span class='ocrx_word' id='word_1_895' title='bbox 2453 5381 2595 5449; x_wconf 52' lang='lat' dir='ltr'><strong>mos</strong></span> <span class='ocrx_word' id='word_1_896' title='bbox 2613 5380 2766 5449; x_wconf 79' lang='lat' dir='ltr'><strong>vo_c_at</strong></span> <span class='ocrx_word' id='word_1_897' title='bbox 2783 5374 3003 5449; x_wconf 67' lang='lat' dir='ltr'><strong>species,</strong></span> <span class='ocrx_word' id='word_1_898' title='bbox 3024 5376 3200 5449; x_wconf 75' lang='lat' dir='ltr'><strong>paulo</strong></span> <span class='ocrx_word' id='word_1_899' title='bbox 3212 5386 3330 5449; x_wconf 87' lang='lat' dir='ltr'><strong>post</strong></span> <span class='ocrx_word' id='word_1_900' title='bbox 3350 5374 3555 5448; x_wconf 62' lang='lat' dir='ltr'><strong>formas</strong></span> <span class='ocrx_word' id='word_1_901' title='bbox 3574 5374 3734 5445; x_wconf 71' lang='lat' dir='ltr'><strong>dicit,</strong></span> <span class='ocrx_word' id='word_1_902' title='bbox 3745 5395 3920 5449; x_wconf 85' lang='lat' dir='ltr'><strong>quare</strong></span> <span class='ocrx_word' id='word_1_903' title='bbox 3945 5397 4055 5436; x_wconf 90' lang='lat' dir='ltr'><strong>non</strong></span> 
     </span>
    </p>
   </div>
   <div class='ocr_carea' id='block_1_122' title="bbox 2452 5438 4054 5522">
    <p class='ocr_par' dir='ltr' id='par_1_122' title="bbox 2452 5438 4054 5522">
     <span class='ocr_line' id='line_1_125' title="bbox 2452 5438 4054 5522; baseline 0.011 -31"><span class='ocrx_word' id='word_1_904' title='bbox 2452 5438 2655 5522; x_wconf 67' lang='lat' dir='ltr'><strong>arridet</strong></span> <span class='ocrx_word' id='word_1_905' title='bbox 2677 5438 2852 5522; x_wconf 61' lang='grc' dir='ltr'><strong>γτιιίιὲἶ</strong></span> <span class='ocrx_word' id='word_1_906' title='bbox 2875 5444 2996 5497; x_wconf 90' lang='lat' dir='ltr'><strong>eod.</strong></span> <span class='ocrx_word' id='word_1_907' title='bbox 3020 5438 3166 5522; x_wconf 76' lang='lat' dir='ltr'><strong>varia</strong></span> <span class='ocrx_word' id='word_1_908' title='bbox 3189 5438 3378 5522; x_wconf 61' lang='lat' dir='ltr'><strong>lectio,</strong></span> <span class='ocrx_word' id='word_1_909' title='bbox 3404 5449 3624 5522; x_wconf 78' lang='lat' dir='ltr'><strong>formam</strong></span> <span class='ocrx_word' id='word_1_910' title='bbox 3644 5493 3659 5514; x_wconf 90' lang='lat'><strong>,</strong></span> <span class='ocrx_word' id='word_1_911' title='bbox 3686 5438 3742 5506; x_wconf 46' lang='lat' dir='ltr'><strong>e&#39;t</strong></span> <span class='ocrx_word' id='word_1_912' title='bbox 3764 5438 4054 5522; x_wconf 68' lang='lat' dir='ltr'><strong>legendum</strong></span> 
     </span>
    </p>
   </div>
   <div class='ocr_carea' id='block_1_123' title="bbox 2453 5509 4053 5607">
    <p class='ocr_par' dir='ltr' id='par_1_123' title="bbox 2453 5509 4053 5607">
     <span class='ocr_line' id='line_1_126' title="bbox 2453 5509 4053 5607; baseline 0.008 -43"><span class='ocrx_word' id='word_1_913' title='bbox 2453 5509 2802 5607; x_wconf 48' lang='lat' dir='ltr'><strong>cttmkatinio</strong></span> <span class='ocrx_word' id='word_1_914' title='bbox 2842 5515 3249 5607; x_wconf 49' lang='lat' dir='ltr'><strong>interrogative,</strong></span> <span class='ocrx_word' id='word_1_915' title='bbox 3285 5518 3348 5574; x_wconf 89' lang='lat' dir='ltr'><strong>Si</strong></span> <span class='ocrx_word' id='word_1_916' title='bbox 3365 5509 3469 5607; x_wconf 69' lang='lat' dir='ltr'><strong>non</strong></span> <span class='ocrx_word' id='word_1_917' title='bbox 3507 5509 3764 5607; x_wconf 56' lang='lat' dir='ltr'><strong>habebat,</strong></span> <span class='ocrx_word' id='word_1_918' title='bbox 3808 5509 4053 5607; x_wconf 53' lang='lat' dir='ltr'><strong>agnosci-</strong></span> 
     </span>
    </p>
   </div>
   <div class='ocr_carea' id='block_1_124' title="bbox 2452 5582 4044 5655">
    <p class='ocr_par' dir='ltr' id='par_1_124' title="bbox 2452 5582 4044 5655">
     <span class='ocr_line' id='line_1_127' title="bbox 2452 5582 4044 5655; baseline 0.011 -22"><span class='ocrx_word' id='word_1_919' title='bbox 2452 5589 2551 5635; x_wconf 81' lang='lat' dir='ltr'><strong>tur.</strong></span> <span class='ocrx_word' id='word_1_920' title='bbox 2586 5582 2720 5638; x_wconf 71' lang='lat' dir='ltr'><strong>Pu.</strong></span> <span class='ocrx_word' id='word_1_921' title='bbox 2753 5613 2822 5655; x_wconf 66' lang='grc' dir='ltr'><strong>-ς</strong></span> <span class='ocrx_word' id='word_1_922' title='bbox 2850 5582 3113 5643; x_wconf 75' lang='lat' dir='ltr'><strong>llallcnsis</strong></span> <span class='ocrx_word' id='word_1_923' title='bbox 3133 5588 3309 5644; x_wconf 89' lang='lat' dir='ltr'><strong>editor</strong></span> <span class='ocrx_word' id='word_1_924' title='bbox 3329 5629 3344 5655; x_wconf 94' lang='lat'><strong>,</strong></span> <span class='ocrx_word' id='word_1_925' title='bbox 3373 5596 3476 5644; x_wconf 85' lang='lat' dir='ltr'><strong>sub</strong></span> <span class='ocrx_word' id='word_1_926' title='bbox 3507 5582 3762 5648; x_wconf 80' lang='lat' dir='ltr'><strong>Rbenani</strong></span> <span class='ocrx_word' id='word_1_927' title='bbox 3807 5582 4044 5651; x_wconf 60' lang='lat' dir='ltr'><strong>lectione</strong></span> 
     </span>
    </p>
   </div>
   <div class='ocr_carea' id='block_1_125' title="bbox 2446 5654 4037 5735">
    <p class='ocr_par' dir='ltr' id='par_1_125' title="bbox 2446 5654 4037 5735">
     <span class='ocr_line' id='line_1_128' title="bbox 2446 5654 4037 5735; baseline 0.012 -32"><span class='ocrx_word' id='word_1_928' title='bbox 2446 5667 2606 5735; x_wconf 82' lang='lat' dir='ltr'><strong>quam</strong></span> <span class='ocrx_word' id='word_1_929' title='bbox 2641 5658 2754 5724; x_wconf 88' lang='lat' dir='ltr'><strong>ipse</strong></span> <span class='ocrx_word' id='word_1_930' title='bbox 2794 5654 3397 5735; x_wconf 57' lang='lat' dir='ltr'><strong>.l_un_insqt_te_tuenturl</strong></span> <span class='ocrx_word' id='word_1_931' title='bbox 3422 5662 3590 5735; x_wconf 83' lang='lat' dir='ltr'><strong>latere</strong></span> <span class='ocrx_word' id='word_1_932' title='bbox 3618 5665 3746 5732; x_wconf 83' lang='lat' dir='ltr'><strong>quid</strong></span> <span class='ocrx_word' id='word_1_933' title='bbox 3794 5680 4037 5735; x_wconf 73' lang='lat' dir='ltr'><strong>gnectun</strong></span> 
     </span>
    </p>
   </div>
   <div class='ocr_carea' id='block_1_126' title="bbox 2448 5726 4089 5792">
    <p class='ocr_par' dir='ltr' id='par_1_126' title="bbox 2448 5726 4089 5792">
     <span class='ocr_line' id='line_1_129' title="bbox 2448 5726 4089 5792; baseline 0.009 -16"><span class='ocrx_word' id='word_1_934' title='bbox 2448 5726 2786 5792; x_wconf 88' lang='lat' dir='ltr'><strong>suspicatur:</strong></span> <span class='ocrx_word' id='word_1_935' title='bbox 2820 5727 2978 5785; x_wconf 78' lang='lat' dir='ltr'><strong>index</strong></span> <span class='ocrx_word' id='word_1_936' title='bbox 3006 5726 3308 5787; x_wconf 28' lang='lat' dir='ltr'><strong>’latiuitatis</strong></span> <span class='ocrx_word' id='word_1_937' title='bbox 3355 5726 3736 5792; x_wconf 76' lang='lat' dir='ltr'><strong>Tertullianeae</strong></span> <span class='ocrx_word' id='word_1_938' title='bbox 3780 5726 3847 5791; x_wconf 50' lang='lat' dir='ltr'><strong>a&#39;d</strong></span> <span class='ocrx_word' id='word_1_939' title='bbox 3901 5736 4040 5792; x_wconf 82' lang='lat' dir='ltr'><strong>banc</strong></span> <span class='ocrx_word' id='word_1_940' title='bbox 4088 5788 4089 5791; x_wconf 44' lang='grc' dir='ltr'><strong>η</strong></span> 
     </span>
    </p>
   </div>
   <div class='ocr_carea' id='block_1_127' title="bbox 2449 5803 4042 5873">
    <p class='ocr_par' dir='ltr' id='par_1_127' title="bbox 2449 5803 4042 5873">
     <span class='ocr_line' id='line_1_130' title="bbox 2449 5803 4042 5873; baseline 0.011 -26"><span class='ocrx_word' id='word_1_941' title='bbox 2449 5809 2650 5873; x_wconf 74' lang='lat' dir='ltr'><strong>vocem</strong></span> <span class='ocrx_word' id='word_1_942' title='bbox 2683 5812 2800 5851; x_wconf 84' lang='lat' dir='ltr'><strong>eam</strong></span> <span class='ocrx_word' id='word_1_943' title='bbox 2839 5803 3275 5873; x_wconf 4' lang='lat' dir='ltr'><strong>esseqantiquam</strong></span> <span class='ocrx_word' id='word_1_944' title='bbox 3326 5816 3506 5860; x_wconf 92' lang='lat' dir='ltr'><strong>monet</strong></span> <span class='ocrx_word' id='word_1_945' title='bbox 3529 5846 3546 5870; x_wconf 96' lang='lat'><strong>,</strong></span> <span class='ocrx_word' id='word_1_946' title='bbox 3578 5823 3611 5860; x_wconf 92' lang='lat' dir='ltr'><strong>a</strong></span> <span class='ocrx_word' id='word_1_947' title='bbox 3639 5823 3769 5863; x_wconf 77' lang='lat' dir='ltr'><strong>vano</strong></span> <span class='ocrx_word' id='word_1_948' title='bbox 3800 5806 4002 5864; x_wconf 81' lang='lat' dir='ltr'><strong>dictam</strong></span> <span class='ocrx_word' id='word_1_949' title='bbox 4027 5851 4042 5873; x_wconf 90' lang='lat'><strong>.</strong></span> 
     </span>
    </p>
   </div>
   <div class='ocr_carea' id='block_1_128' title="bbox 2448 5867 4043 5946">
    <p class='ocr_par' dir='ltr' id='par_1_128' title="bbox 2448 5867 4043 5946">
     <span class='ocr_line' id='line_1_131' title="bbox 2448 5867 4043 5946; baseline 0.011 -29"><span class='ocrx_word' id='word_1_950' title='bbox 2448 5867 2825 5946; x_wconf 66' lang='lat' dir='ltr'><strong>aedesignare</strong></span> <span class='ocrx_word' id='word_1_951' title='bbox 2846 5871 2990 5946; x_wconf 84' lang='lat' dir='ltr'><strong>t|t_|nt|</strong></span> <span class='ocrx_word' id='word_1_952' title='bbox 3016 5867 3348 5946; x_wconf 77' lang='lat' dir='ltr'><strong>magnopere</strong></span> <span class='ocrx_word' id='word_1_953' title='bbox 3376 5875 3444 5933; x_wconf 90' lang='lat' dir='ltr'><strong>ad</strong></span> <span class='ocrx_word' id='word_1_954' title='bbox 3466 5867 3755 5937; x_wconf 84' lang='lat' dir='ltr'><strong>vanitatem</strong></span> <span class='ocrx_word' id='word_1_955' title='bbox 3780 5867 4043 5937; x_wconf 79' lang='lat' dir='ltr'><strong>idolorum</strong></span> 
     </span>
    </p>
   </div>
   <div class='ocr_carea' id='block_1_129' title="bbox 2447 5936 3015 5997">
    <p class='ocr_par' dir='ltr' id='par_1_129' title="bbox 2447 5936 3015 5997">
     <span class='ocr_line' id='line_1_132' title="bbox 2447 5936 3015 5997; baseline 0.009 -4"><span class='ocrx_word' id='word_1_956' title='bbox 2447 5936 2610 5995; x_wconf 87' lang='lat' dir='ltr'><strong>debet</strong></span> <span class='ocrx_word' id='word_1_957' title='bbox 2642 5937 2848 5995; x_wconf 83' lang='lat' dir='ltr'><strong>referri.</strong></span> <span class='ocrx_word' id='word_1_958' title='bbox 2864 5936 3015 5997; x_wconf 72' lang='lat' dir='ltr'><strong>Eno-</strong></span> 
     </span>
    </p>
   </div>
  </div>
