4262 6490
196 390 303 449 2⁸19

1292 391 1492 450 LIBER
1535 394 1572 449 Α
1586 391 1902 452 DVERSUS
1941 393 2436 453 HERMOGENEM.

3401 398 3508 456 9.30

195 515 307 569 caeli
326 523 374 570 et
402 514 502 587 ipsi
526 512 757 585 peribunt
786 508 903 585 (Ps.
955 510 1040 577 Cl,
1071 511 1163 579 26,
1193 510 1309 582 27).
1342 512 1474 567 Nam
1503 512 1602 567 etsi
1634 522 1796 566 nmta-
1829 513 1881 572 Α
1908 514 2200 582 corporalis
2227 524 2314 567 aut
2339 515 2691 583 incorporalis
2721 513 2798 584 (7)
2827 514 2895 569 sit
2922 530 3140 572 necesse
3166 516 3283 585 est(
3294 525 3349 571 ut
3380 532 3503 571 eon-

195 608 263 662 bit
293 610 377 677 (l)
402 608 519 662 illo:
546 609 677 663 velut
707 608 1055 677 opertorium,
1088 618 1135 661 et
1162 606 1526 671 mutabuntur;
1565 606 1658 661 sed
1684 623 1801 661 mu-

196 701 318 763 tari,
348 702 529 768 perire
551 710 634 755 est
663 702 887 771 pristino
913 700 1097 765 statui,
1131 716 1290 767 quem
1320 699 1400 771 (2)
1435 699 1561 753 dum
1592 709 1799 754 mutan-

196 800 302 858 tur,
327 794 603 847 amittunt.
630 792 707 864 (ιι)
739 793 804 847 Et
830 792 992 847 stella:
1025 792 1225 863 quidem
1255 795 1320 846 de
1362 792 1488 846 cato
1532 803 1701 858 ruent,
1733 794 1801 846 si-

199 898 281 940 cut
306 888 383 957 (ὁ)
408 888 494 955 [ici
518 888 689 947 arbor.
735 903 850 940 cum
887 886 1058 940 valido
1101 899 1355 959 commota
1394 896 1577 949 vento,
1620 900 1801 939 acerna

196 995 289 1033 sua
332 979 523 1031 amittit
578 979 783 1048 (Apoc.
840 976 927 1043 Vl,
974 978 1088 1046 15).
1139 976 1339 1031 Montes
1372 993 1487 1031 vero
1542 987 1800 1047 tamquam

196 1090 310 1126 cera
349 1072 628 1140 liquescant
672 1088 702 1124 a
742 1080 1014 1139 conspectu
1066 1068 1271 1124 Domini
1303 1069 1419 1139 (Ps.
1458 1068 1663 1133 XCVII,
1692 1070 1746 1138 5)
1781 1084 1801 1123 :

198 1182 322 1220 cum
378 1166 657 1220 surrexerit
726 1165 933 1219 scilicet
978 1163 1301 1232 confringere
1350 1172 1538 1216 terram
1600 1160 1699 1232 (Is.
1734 1160 1797 1227 Il,

197 1259 308 1331 I9).
335 1260 445 1315 Sed
494 1268 549 1313 ct
594 1259 823 1327 paludes,
872 1256 1063 1325 inquit,
1109 1255 1423 1325 arefaciem;
1480 1263 1525 1308 et
1579 1262 1801 1320 qurerent

196 1370 404 1424 aqimm,
461 1368 552 1406 nec
582 1353 830 1406 invenient
869 1351 970 1417 (Is.
1000 1350 1137 1414 XCI,
1170 1352 1268 1415 l7;
1302 1348 1463 1414 XCII,
1494 1350 1585 1420 15)
1611 1366 1624 1401 :
1650 1350 1802 1402 etiam

197 1462 335 1499 mare
366 1446 613 1499 hactenus
655 1442 733 1516 (3)
779 1442 871 1515 (c).
911 1444 1231 1511 Qttaeomnia
1254 1443 1353 1497 etsi
1377 1442 1514 1497 alter
1540 1442 1803 1511 putaverit

194 1538 511 1607 Spiritaliter
542 1536 963 1605 interpretanda,
1006 1552 1109 1589 non
1143 1544 1321 1590 tamen
1353 1536 1551 1604 poterit
1587 1534 1800 1590 auferre

195 1632 485 1686 veritatem
536 1631 605 1685 ita
657 1629 979 1693 futurorum,
1009 1626 1279 1697 quomodo
1326 1629 1525 1696 scripta
1567 1636 1709 1680 sunt.
1744 1626 1801 1683 Si

199 1742 313 1795 ipim
340 1724 490 1778 enim
523 1721 707 1793 ﬁgura:
743 1730 884 1785 sunt,
918 1736 981 1774 ex
1021 1719 1183 1774 rebus
1209 1720 1628 1774 consistentibus
1672 1720 1803 1773 ﬁant

195 1831 419 1873 necesse
450 1825 555 1877 est,
606 1831 709 1869 non
762 1830 829 1869 ex
884 1812 1197 1867 vacantibus
1232 1830 1245 1865 :
1276 1812 1396 1879 quia
1449 1810 1578 1865 nihil
1630 1820 1802 1879 potest

1904 606 2088 660 cedam
2124 606 2333 660 interim
2365 623 2485 663 esse
2505 607 2704 677 aliquid
2736 610 3069 678 incorporale
3100 608 3167 664 de
3193 609 3509 663 substantiis

1904 698 2197 764 dumtaxat,
2238 714 2356 754 cum
2404 702 2517 770 ipsa
2547 702 2842 756 substantia
2897 717 3089 771 corpus
3121 703 3190 755 sit
3221 704 3294 756 rei
3328 703 3510 768 cujus-

1903 800 2031 863 que)
2073 802 2216 847 certe
2257 803 2375 861 post
2418 793 2697 864 corporale
2745 804 2799 848 et
2847 794 3181 864 incorporale
3219 795 3350 849 nihil
3395 804 3509 849 ter-

1907 886 2063 941 tium.
2095 887 2206 956 Age
2238 901 2378 941 nunc
2406 892 2478 941 sit
2503 899 2556 941 et
2603 888 2842 954 tertium,
2869 888 3008 958 quod
3060 890 3144 943 illa
3200 898 3342 943 recta
3374 888 3511 943 ratio

1906 976 2331 1047 llermogeniana
2376 980 2721 1048 compererit,
2777 995 2897 1049 quae
2954 996 3126 1050 neque
3169 980 3508 1049 corporalem

1906 1085 2082 1139 neque
2113 1071 2504 1137 incorporalem
2548 1074 2824 1127 materiam
2860 1075 2981 1129 facit
3011 1092 3023 1128 :
3055 1076 3140 1129 ubi
3190 1077 3312 1129 cst?
3353 1075 3513 1144 quale

1905 1166 2026 1217 est?
2059 1166 2182 1232 quid
2216 1167 2474 1221 vocatur?
2511 1166 2636 1236 quid
2674 1167 3039 1224 describitur?
3087 1169 3211 1241 quid
3261 1170 3513 1241 intelligi-

1907 1258 2032 1310 tur?
2066 1257 2294 1313 Tautum
2338 1258 2438 1313 hoc
2468 1260 2607 1314 ratio
2658 1261 3001 1329 renuntiavit,
3036 1278 3135 1318 nec
3173 1264 3508 1333 corporalem

1906 1350 2184 1404 materiam
2215 1366 2311 1406 nec
2343 1352 2754 1419 incorporalem.

2444 1445 2671 1501 CAPUT
2724 1446 2968 1502 XXXVI.

1980 1536 2083 1591 Sed
2118 1550 2243 1591 cecc
2272 1539 2603 1592 contrarimn
2633 1540 2867 1608 subjicit,
2896 1550 2985 1595 aut
3029 1540 3129 1594 alia
3164 1539 3392 1597 fortasse
3428 1559 3512 1599 ra-

1907 1629 1983 1684 tio
2009 1631 2056 1683 ei
2094 1631 2348 1693 occurrit,
2384 1647 2448 1684 ex
2493 1641 2641 1700 parte
2669 1635 3008 1703 corporalem
3058 1638 3369 1692 rcnuntians
3400 1654 3513 1693 ma-

1908 1725 2116 1789 teriam,
2146 1737 2200 1780 et
2234 1741 2298 1780 ex
2330 1738 2482 1796 parte
2518 1728 2928 1798 incorporalem.
2967 1728 3086 1785 Jam
3125 1747 3255 1802 ergo
3280 1750 3346 1789 ne
3378 1748 3509 1788 neu-

1907 1826 2046 1870 trum
2077 1818 2165 1881 sit,
2200 1827 2484 1888 utrumque
2519 1821 2740 1874 materia
2772 1823 3041 1877 censenda
3072 1824 3193 1878 est?
3226 1825 3343 1880 Erit
3369 1828 3510 1882 enim

192 1909 275 1962 alii
302 1906 715 1961 similitudinem
749 1904 818 1959 de
848 1920 947 1958 suo
981 1913 1233 1973 prmstarc
1263 1902 1365 1972 (4),
1400 1903 1498 1956 nisi
1529 1904 1598 1956 sit
1622 1902 1796 1971 ipsum
1828 1915 1875 1974 Β
1904 1912 2200 1977 corporalis
2236 1920 2289 1966 et
2334 1912 2685 1981 incorporalis
2740 1915 3000 1971 adversus
3059 1921 3509 1975 reuuntiationcm

194 2000 334 2071 quod
386 2000 482 2053 tali
535 1998 885 2053 similitudine
938 2006 1172 2067 przestct.
1230 1994 1489 2049 Revertor
1527 1996 1685 2065 igitur
1732 1996 1799 2050 ad

190 2106 462 2153 caussam,
494 2088 837 2145 deﬁnientcm
880 2087 1061 2143 omnia
1096 2103 1161 2141 cx
1194 2084 1358 2140 nihilo
1385 2086 1546 2147 edita,
1577 2086 1627 2140 in
1659 2085 1800 2140 nihi-

194 2185 297 2239 lum
326 2194 674 2254 perventura.
712 2181 796 2235 Ex
823 2190 1029 2236 mterno
1058 2180 1222 2241 enim,
1254 2178 1302 2232 id
1344 2187 1425 2232 est
1454 2194 1519 2231 ex
1553 2178 1795 2243 materia,

192 2278 321 2333 nihil
357 2278 501 2331 Deus
532 2274 795 2330 interibile
827 2273 1059 2333 fecisset.
1087 2286 1185 2326 nec
1208 2286 1278 2325 ex
1309 2269 1599 2339 majoribus
1623 2269 1799 2322 mino-

192 2387 245 2425 ra
275 2368 640 2431 condidisset,
670 2367 753 2422 cui
784 2366 951 2435 magis
976 2372 1237 2433 congruat
1266 2379 1328 2417 ex
1363 2361 1661 2417 minoribus
1690 2377 1800 2415 ma-

188 2465 301 2532 jora
331 2461 654 2531 producere,
689 2459 738 2513 id
770 2468 851 2513 est
876 2473 940 2513 ex
976 2456 1229 2511 intcribili
1267 2466 1551 2517 aeternum,
1576 2455 1719 2525 quod
1746 2466 1797 2511 et

191 2554 338 2609 carni
393 2564 592 2608 nosme
639 2551 940 2620 pollicetur,
967 2549 1121 2618 cujus
1147 2546 1361 2601 virtutis
1413 2555 1467 2601 et
1517 2546 1799 2617 potestatis

191 2661 298 2700 sure
332 2645 417 2715 (5)
441 2644 585 2697 hunc
607 2642 716 2713 jant
758 2641 1118 2695 arrhabonem
1171 2639 1341 2693 voluit
1368 2639 1417 2693 in
1449 2639 1603 2693 nobis
1631 2638 1801 2694 collo-

190 2755 367 2805 casse,
395 2749 452 2791 ut
486 2736 769 2793 credamus
800 2734 959 2790 etiam
993 2734 1139 2788 illum
1172 2733 1575 2787 universitatem
1614 2747 1683 2787 ex
1712 2734 1796 2786 ni-

191 2834 298 2887 hilo
350 2832 501 2886 velut
551 2840 874 2894 emortuam,
903 2844 1021 2896 qua:
1068 2829 1271 2883 scilicet
1319 2844 1425 2883 non
1455 2839 1571 2884 erat
1607 2828 1709 2900 (6),
1744 2827 1797 2882 in

192 2925 295 2982 hoc
324 2934 387 2979 ut
404 2933 574 2990 esset,
602 2925 910 2977 suscitasse.

746 3014 973 3072 CAPUT
1021 3013 1239 3071 XXXV.

264 3115 343 3170 De
372 3122 573 3169 crctcro
600 3126 729 3166 vero
756 3118 895 3164 statu
937 3108 1197 3172 materiai,
1230 3107 1330 3162 etsi
1381 3122 1485 3161 non
1518 3118 1601 3163 est
1626 3120 1796 3164 retra-

188 3210 472 3273 claudum,
505 3208 651 3273 prius
677 3206 819 3261 enim
857 3212 973 3259 erat
1016 3212 1072 3256 ut
1098 3216 1215 3256 eam
1240 3215 1360 3256 esse
1387 3213 1678 3270 constaret,
1711 3213 1792 3258 ta-

187 3319 311 3359 men
355 3317 419 3359 ac
459 3302 502 3355 si
544 3302 863 3362 constiterit,
897 3296 1297 3368 persequendus
1340 3305 1423 3351 est
1468 3296 1646 3352 ordo:
1686 3316 1793 3370 quo

190 3397 363 3467 magis
391 3410 512 3450 eam
543 3410 648 3448 non
679 3407 801 3448 esse
834 3400 1073 3452 constet,
1101 3390 1253 3458 cujus
1281 3405 1379 3445 nec
1414 3391 1651 3461 reliquus
1685 3404 1795 3447 sta-
1820 3360 1864 3423 Ο

191 3498 275 3542 tus
315 3488 601 3551 consistat,
633 3483 791 3539 simul
836 3492 893 3536 ut
933 3481 1341 3535 contrarietatcs
1380 3496 1506 3535 suas
1543 3498 1797 3552 agnoscat

190 3582 589 3651 Hermogenes.
636 3578 838 3643 Prima,
869 3576 1073 3646 inquit,
1108 3573 1240 3630 facie
1286 3573 1496 3629 videtur
1525 3577 1677 3633 nobis
1708 3580 1793 3634 in-

188 3676 493 3744 corporalis
543 3687 663 3729 esse
715 3672 935 3726 materia
988 3686 1001 3723 :
1048 3666 1311 3738 exquisita
1366 3676 1544 3724 autem
1591 3672 1795 3728 ratione

189 3780 363 3833 recta,
394 3765 668 3822 invenitur
696 3777 871 3834 neque
904 3761 1198 3831 corporalis
1218 3801 1231 3825 ,
1267 3774 1439 3828 neque
1485 3759 1797 3834 incorpora-

188 3860 275 3915 Iis.
305 3860 441 3929 Qua:
489 3866 570 3913 est
613 3858 713 3912 ista
757 3858 895 3911 ratio
920 3862 1085 3913 recta.
1114 3866 1235 3922 qua:
1264 3850 1395 3905 nihil
1440 3854 1570 3906 recti
1598 3869 1796 3910 renun-

189 3955 308 4021 tiat,
341 3952 393 4007 id
422 3961 505 4007 est
530 3949 661 4005 nihil
686 3948 854 4006 certi?
873 3946 984 4002 Nisi
1015 3945 1171 4001 fallor
1194 3942 1360 4009 enim,
1387 3947 1564 4000 omnis
1591 3963 1677 4002 res
1703 3960 1794 4005 aut

1906 2013 2067 2057 recta:
2094 2004 2315 2058 rationis
2346 2004 2424 2075 (8)
2456 2005 2623 2071 illius,
2651 2008 2807 2075 plane
2836 2011 3095 2064 rationem
3138 2026 3241 2065 non
3289 2014 3513 2067 redden-

1907 2098 1974 2152 tis
2018 2099 2295 2152 sentcnti:c
2326 2114 2457 2163 suae,
2505 2098 2645 2154 sicut
2693 2116 2790 2155 nec
2834 2101 2937 2156 alia
2986 2103 3182 2158 reddit.
3217 2105 3508 2175 (Iorporale

1904 2191 2047 2245 enim
2080 2194 2315 2245 materia:
2346 2193 2460 2246 vult
2481 2207 2622 2257 esse,
2652 2193 2720 2249 de
2743 2210 2849 2264 quo
2870 2212 3095 2264 corpora
3122 2197 3351 2253 edantur
3376 2216 3390 2253 :
3423 2200 3505 2255 in-

1902 2286 2184 2354 corporale
2203 2302 2353 2352 vero,
2376 2288 2703 2343 inconditum
2728 2303 2930 2345 motum
2960 2293 3090 2361 ejus.
3130 2292 3184 2349 Si
3212 2296 3380 2360 enim,
3413 2298 3507 2365 ait,

1903 2392 2101 2447 corpus
2126 2379 2493 2433 tantummodo
2510 2391 2673 2446 esset,
2695 2381 2824 2436 nihil
2846 2384 2893 2437 ei
2923 2384 3259 2455 incorporale
3280 2403 3510 2458 appare-

1904 2480 2006 2533 ret,
2031 2470 2081 2525 id
2105 2481 2185 2525 est
2206 2481 2404 2525 motus.
2423 2472 2476 2525 Si
2503 2488 2629 2526 vero
2654 2473 2704 2527 in
2726 2482 2893 2529 totum
2924 2476 3276 2546 incorporalis
3297 2478 3507 2545 fuisset,

1904 2562 2106 2615 nullum
2152 2577 2348 2631 corpus
2387 2578 2455 2617 ex
2491 2578 2552 2618 ea
2599 2564 2772 2619 ﬁeret.
2808 2565 2890 2636 (ά)
2919 2564 3129 2631 Quanto
3156 2566 3271 2623 have
3316 2571 3514 2625 rectior

1902 2654 2071 2711 ratio!
2103 2654 2201 2707 nisi
2243 2654 2384 2724 quod
2416 2655 2459 2707 si
2487 2666 2591 2709 tam
2622 2666 2796 2711 rectas
2826 2658 2991 2713 lineas
3014 2658 3186 2726 ducis,
3226 2660 3511 2733 llerniogc-

1902 2759 2020 2809 nes,
2062 2761 2222 2815 quam
2273 2746 2407 2800 ratio
2443 2746 2540 2800 ista
2575 2746 2676 2818 (9),
2712 2748 2880 2816 pictor
2922 2759 2975 2804 te
3003 2751 3218 2807 bardior
3258 2769 3363 2809 non
3405 2764 3508 2810 cst.

1901 2836 2032 2905 Quis
2058 2838 2199 2893 enim
2239 2838 2333 2892 tibi
2368 2838 2616 2894 concedit
2646 2853 2848 2895 mounn
2890 2843 2941 2896 in
2974 2846 3265 2899 sel-undam
3302 2860 3509 2916 partem

1901 2931 2215 2986 substantia:
2255 2930 2547 3000 deputare?
2592 2946 2717 2986 eum
2764 2933 3099 2989 substantiva
3155 2951 3242 2991 res
3274 2954 3378 2993 non
3407 2940 3500 3006 sit,

1900 3022 2021 3092 quia
2054 3038 2152 3077 nec
2175 3023 2499 3093 corporalis;
2528 3023 2620 3078 sed
2647 3025 2901 3080 accidens
2932 3028 2974 3081 si
3004 3028 3163 3094 forte,
3192 3029 3506 3087 substantia:

1899 3116 2241 3183 eticorporis,
2275 3122 2330 3169 ut
2349 3126 2522 3180 actus,
2554 3124 2604 3170 et
2636 3117 2843 3185 pulsus,
2888 3127 2944 3172 ut
2994 3119 3194 3189 lapsus,
3226 3134 3283 3177 ut
3321 3138 3502 3191 casus,

1902 3208 1974 3262 ita
2017 3218 2071 3264 et
2100 3218 2296 3263 motus.
2329 3208 2463 3264 Nam
2512 3211 2627 3266 sive
2670 3226 2699 3264 a
2740 3212 3032 3283 semetipso
3060 3216 3184 3283 quid
3237 3229 3504 3287 movetur,

1899 3311 2052 3355 actus
2081 3302 2198 3371 ejus
2224 3310 2308 3357 est
2343 3313 2541 3366 motus,
2570 3312 2718 3359 certe
2756 3320 2879 3373 pars
2911 3305 3227 3364 substantia:
3276 3327 3382 3365 non
3427 3321 3511 3367 est

1898 3394 2037 3449 sicut
2065 3403 2118 3447 tu
2147 3404 2350 3449 motum
2372 3393 2726 3450 substantiam
2766 3395 2896 3452 facis
2922 3399 3162 3455 materiai
3195 3402 3509 3473 incorpora-

1899 3485 2025 3539 lem.
2050 3485 2240 3540 Onmia
2273 3486 2504 3555 denique
2539 3497 2843 3552 moventur,
2881 3499 2974 3543 aut
3013 3506 3042 3543 a
3092 3494 3416 3563 semetipsis,
3449 3506 3509 3550 ut

1898 3576 2176 3642 animalia;
2205 3587 2294 3630 aut
2321 3579 2389 3631 ab
2414 3578 2552 3643 aliis,
2595 3577 2664 3651 (e)
2692 3588 2743 3632 ut
2778 3580 3083 3636 inanimalia
3127 3584 3242 3655 (l0)
3276 3603 3288 3640 :
3324 3596 3503 3643 tanten

1905 3684 2005 3724 nec
2035 3668 2332 3735 hominem,
2374 3685 2472 3724 nec
2502 3671 2732 3739 lapidem
2765 3681 2820 3726 et
2849 3676 3187 3744 corporalem
3230 3688 3284 3733 et
3325 3680 3507 3734 incor-

1901 3760 2136 3832 poralem
2170 3761 2430 3827 dicemus,
2474 3762 2597 3830 quia
2635 3772 2689 3817 ct
2726 3778 2927 3833 corpus
2963 3765 3158 3823 habeat
3196 3780 3250 3824 et
3275 3783 3505 3839 motum,

1898 3850 1993 3908 sed
2019 3869 2176 3906 unam
2208 3853 2459 3907 omnibus
2493 3853 2720 3909 formam
2748 3855 2915 3911 solius
2944 3861 3358 3929 corporalitatis,
3385 3880 3507 3936 qua:

1910 3945 2223 4002 Subslautitn
2258 3958 2346 3999 res
2371 3955 2453 4001 est
2487 3962 2501 4000 :
2535 3946 2707 4016 siqua
2738 3946 3094 4020 incorporalia
3121 3953 3171 4025 (1
3192 3957 3241 4025 l)
3290 3956 3370 4012 eis
3411 3956 3508 4015 ad-

1464 4042 1849 4101 LECTIONES
1888 4041 2302 4101 VARIANTES.

250 4146 323 4208 (l)
356 4145 421 4196 Et
450 4143 529 4208 sic
548 4141 777 4208 mutabit.
795 4141 917 4208 Jun.

275 4200 328 4267 2)
355 4209 480 4267 Quae
504 4207 620 4253 dum
645 4202 793 4254 Semt.
833 4200 1028 4252 obertlt.

275 4212 328 4282 2)
355 4212 480 4267 Quae
504 4212 620 4253 dum
645 4212 793 4254 Semt.
833 4212 1028 4252 ooerm.
1268 4263 1279 4274 .

251 4212 328 4335 (ὅ)
358 4271 495 4335 mare
521 4267 749 4335 Oceanus
775 4274 923 4315 Fran.
942 4260 1132 4335 Prunel.
1153 4266 1465 4335 Paris._Post
1485 4277 1593 4317 vero
1610 4261 1800 4316 Rhena-

183 4325 322 4394 η’·ὶηξ
357 4329 529 4394 Rigalt.
556 4336 713 4381 servat
737 4328 987 4394 hactenus
997 4341 1012 4394 Δε
1034 4325 1103 4377 ita
1126 4340 1293 4394 omna
1316 4328 1567 4390 deinceps.

252 4387 325 4505 (tl
355 4387 673 4505 potest
696 4389 1124 4441 adsimilitudinem
1160 4390 1223 4440 de
1262 4404 1353 4441 suo
1388 4387 1623 4454 prmStare
1648 4387 1799 4441 Rhea.

252 4474 303 4505 tt”
331 4497 343 4505 .
477 4470 501 4505 r
561 4492 574 4505 ρ

182 4458 343 4514 Semt.
373 4458 574 4509 Oberlh.

252 4508 323 4585 (5)
354 4521 583 4570 Virtutes
620 4524 673 4566 et
702 4520 974 4579 potestates
1008 4527 1123 4565 suas
1176 4512 1327 4567 Blten.
1369 4509 1562 4566 Pamel.
1604 4508 1798 4565 Obcrth.

184 4585 393 4636 Virtute
418 4589 475 4633 et
498 4587 745 4646 potestate
767 4592 855 4628 sua
877 4588 991 4628 Jun.

1968 4139 2039 4197 (6)
2067 4136 2171 4186 Erit
2193 4131 2345 4188 Rhea.
2364 4136 2515 4189 Semt.

1969 4200 2171 4270 (ῃιρμυ
2195 4198 2350 4270 rei-ba
2376 4198 2545 4270 nttim_a
2580 4199 2752 4270 desunt
2798 4201 2950 4270 Rhl’tt.
2995 4209 3042 4270 et
3069 4206 3353 4265 sequacibus
3375 4210 3500 4269 ejns.

1968 4257 2040 4336 (β)
2074 4257 2272 4336 I’aoiet.
2307 4262 2460 4311 Frau.
2488 4261 2651 4336 Puris.
2682 4266 2856 4329 Rigalt.
2877 4265 2948 4316 sic
3002 4257 3162 4331 legunt
3181 4283 3199 4330 ;
3237 4270 3324 4321 alii
3355 4257 3500 4334 unde,

1905 4333 2319 4386 reciprocationis,
2347 4333 2683 4386 reparationis.

1982 4387 2053 4450 (9)
2073 4386 2264 4457 Βυιρρηί
2291 4388 2407 4457 satis
2431 4386 2580 4457 Rlien.
2610 4388 2761 4457 Semt.
2790 4397 2839 4457 et
2876 4389 3075 4457 pberth.
3103 4390 3177 4457 ret
3215 4395 3502 4449 mendorwn

1906 4448 2209 4516 seqnaozgalii
2227 4451 2682 4516 ratiocinantes/im.
2714 4451 2851 4516 llatio
2874 4454 2967 4516 ista
2989 4460 3067 4504 est
3088 4454 3191 4507 alii.

1972 4509 2075 4576 '(IO)
2102 4512 2367 4576 Inanimata
2390 4509 2580 4576 Ruunt.
2607 4526 2634 4563 e
2656 4514 2747 4576 cod
2799 4515 2951 4576 ratio.

1827 4557 1880 4617 D
1973 4557 2017 4639 ii
2031 4557 2076 4639 ἰ)
2099 4557 2526 4637 aestimasti;
2546 4557 2925 4628 scipionia:

1558 4675 2120 4735 COMMENTARIUS.

259 4780 343 4855 (ε)
381 4779 447 4855 Et
474 4775 865 4855 stellle‘qnidem
907 4773 971 4855 de
998 4774 1124 4828 cmlo
1153 4784 1317 4836 ruent,
1347 4774 1493 4855 sicut.
1629 4775 1797 4855 arbor.

183 4844 504 4910 Verbahaec
530 4866 599 4904 ex
630 4844 950 4919 Apocalypsi
973 4856 1253 4916 desumpta
1268 4856 1410 4911 sunt,
1444 4844 1529 4899 tibi
1559 4846 1636 4899 sic
1664 4844 1799 4914 legi-

184 4937 277 4982 tur
296 4948 311 4983 :
331 4929 415 4980 xci
441 4932 485 4979 οἱ
512 4925 702 4991 ἀστέρες
728 4926 811 4976 τοῦ
838 4922 1036 4988 οὗρσινθῧ
1064 4926 1233 4972 iaceas)
1262 4922 1326 4979 ιὶς
1356 4927 1443 4975 eis
1464 4928 1569 4989 νῦν,
1592 4923 1651 4976 ὡς
1680 4925 1803 4971 auxit

177 5008 367 5070 βάλλῃ
413 5005 521 5055 uti;
564 4999 778 5053 clerico,-
806 4994 953 5049 αὕτη
982 4994 1073 5070 bird
1108 4996 1318 5070 μεγάλρυ
1347 4995 1524 5057 ἀνιμου
1552 4996 1765 5056 σειομὲνη
1786 5029 1801 5051 ,

181 5060 293 5125 hoc
349 5079 456 5133 est,
518 5076 564 5119 et
633 5065 791 5117 stella:
840 5063 903 5114 de
956 5061 1079 5113 cwlo
1136 5060 1443 5125 ceciderunt,
1491 5065 1619 5112 sicut
1676 5063 1803 5124 [iens

180 5141 371 5212 objicit
440 5154 643 5209 grossae
712 5150 828 5212 sitos
874 5148 988 5184 cum
1039 5148 1069 5183 α
1107 5148 1301 5212 magno
1335 5143 1481 5184 vento
1552 5141 1795 5182 movetur.

180 5202 369 5268 Porro
387 5202 569 5265 613,0“
590 5208 777 5276 graecis
812 5212 935 5257 sunt
961 5202 1303 5276 quos_Latiui
1333 5217 1547 5271 grossos
1580 5210 1789 5276 vocant,

181 5285 292 5339 hoc
324 5290 414 5337 Cal.
440 5282 526 5335 tlci
549 5271 783 5333 nondum
813 5286 1050 5328 maturas.
1081 5271 1443 5328 Tcrtullianus
1469 5287 1564 5341 pro
1594 5271 1795 5341 gressis

179 5356 381 5419 vertit,
406 5354 587 5406 acerbo
608 5366 700 5404 sua
734 5364 752 5401 :
779 5345 944 5402 editio
973 5342 1195 5419 Vulgata
1225 5344 1401 5419 habet
1427 5360 1629 5419 grossOs
1652 5359 1792 5419 suos,

177 5437 267 5484 est
322 5411 506 5481 autem
552 5421 739 5478 eadem
784 5411 1177 5489 propemodum
1222 5411 1796 5489 interpretatio,_quud

178 5499 357 5556 vertit
420 5486 802 5551 Tertullianns'.
871 5486 1004 5542 Nam
1073 5488 1201 5542 nihil
1253 5488 1395 5541 aliud
1468 5495 1549 5539 est
1607 5486 1797 5538 δλυννον

178 5572 305 5627 sive
356 5583 599 5635 gressus.
641 5578 797 5633 quam
841 5563 973 5614 licus
1001 5557 1138 5635 dura
1176 5559 1351 5635 adhuc
1392 5567 1550 5625 atque
1579 5558 1793 5609 acerba.

178 5629 512 5697 Theodorus
541 5629 683 5692 om
710 5635 759 5687 in
791 5648 953 5702 opere
994 5629 1059 5684 de
1090 5632 1287 5700 plantis
1313 5635 1501 5683 ιλυνῡον
1528 5638 1681 5681 vocat
1701 5642 1795 5681 ca—

177 5716 461 5786 pt'tlieunt.
495 5710 669 5786 ιζιῑεδμ.

254 5784 351 5854 (b)
405 5782 516 5836 Fili
564 5782 713 5834 arbor
757 5775 938 5831 acerba
985 5792 1079 5831 sua
1118 5773 1325 5827 amittit.
1369 5771 1600 5895 Groslios
1651 5783 1798 5824 suos.

1548 5856 1617 5895 IG.

1548 5856 1617 5896 IG.

254 5926 341 6003 (ς)
367 5924 434 5982 Et
457 5927 572 6001 jam
595 5937 734 5981 atare
750 5922 1011 5979 hactenus.
1036 5916 1151 5975 Hoc
1172 5924 1277 5986 est,
1296 5913 1414 5973 Non
1432 5914 1535 5972 erit
1549 5910 1802 5985 amplius.

2210 4775 2326 4865 ,μάθ’
2344 4775 2951 4865 7cmloLNusquamJiet.
2978 4780 3066 4836 Sic
3094 4782 3186 4837 lib.
3217 4784 3280 4865 de
3306 4784 3500 4855 Pallio,

1906 4845 2166 4900 Hactenus
2218 4847 2462 4903 Sodoma.
2516 4848 2633 4902 Illo.
2683 4845 2756 4889 5-—
2810 4845 2981 4905 Etiam
3054 4871 3193 4909 mare
3240 4845 3500 4915 hactenus:

1904 4917 2006 4997 Alii
2052 4932 2148 4998 pro
2184 4918 2425 4998 hactenus
2456 4920 2649 4998 habent
2677 4920 2938 4998 Oceanus,
2958 4938 3150 4980 sensus
3182 4937 3306 4981 tunc
3337 4943 3500 4998 esset,

1908 4990 2070 5043 etiam
2093 4988 2339 5044 Oceanus
2368 4992 2429 5044 iis
2456 4991 2756 5056 deerit,sed
2788 5009 2894 5048 non
2927 4994 3164 5051 insolens
3188 5013 3247 5051 ea
3281 5015 3383 5053 vox
3417 4988 3500 5057 est

1910 5060 2526 5186 [iactepnsI'I‘ertulliauo,
2551 5080 2653 5133 qua
2680 5067 2845 5119 utitur
2876 5082 2992 5135 pro,
3025 5069 3132 5132 iam
3158 5085 3257 5122 non
3286 5082 3378 5138 est,
3411 5083 3504 5129 aut

1910 5144 2020 5185 erit.
2100 5148 2129 5186 ε
2205 5149 2254 5186 n.

1908 5144 2020 5185 ενιι.
2054 5144 2129 5187 LE
2163 5144 2254 5186 I’Il.

1974 5224 2129 5278 CAP.
2154 5222 2393 5278 XXXVI.
2419 5255 2486 5263 —
2513 5225 2592 5295 (ἀ)
2627 5227 2828 5292 Quanto
2856 5230 2962 5281 Iiwc
2988 5231 3172 5284 rectior
3201 5234 3328 5287 ratio
3346 5234 3371 5286 ?
3400 5235 3499 5289 nisi

1898 5296 2031 5361 quod
2126 5306 2228 5347 lani
2255 5297 2587 5369 rectaslineas
2605 5300 2767 5363 (lucis,
2793 5297 3156 5369 Hermogenes.
3185 5303 3281 5357 Ubi
3309 5315 3467 5360 estalt
3488 5338 3502 5349 -

1901 5367 2128 5445 netanda
2158 5386 2167 5434 ι
2193 5365 2504 5420 roverhialis
2536 5368 2780 5430 l'ormnla,
2811 5386 2839 5423 a
2872 5365 3133 5445 pictorum
3161 5383 3296 5441 arte,
3326 5379 3499 5445 qualis

1900 5449 2015 5520 erat
2045 5438 2408 5520 lrlrrmogcnes
2443 5448 2701 5520 mutilata,
2728 5438 2887 5520 rectos
2915 5444 3074 5498 lineas
3106 5438 3309 5515 ducere,
3346 5438 3498 5520 'qua-

1902 5507 1967 5561 lis
1990 5519 2069 5562 est
2092 5512 2251 5563 etiam
2280 5510 2386 5573 illa,
2414 5510 2547 5562 ultra
2581 5510 2783 5565 lineam.
2819 5515 2951 5568 Ihm.

1976 5602 2051 5677 (ιζ)
2080 5600 2149 5677 Ut
2174 5601 2494 5677 inaninmlia.
2528 5601 2710 5677 Vatic.
2729 5604 2849 5677 Cod.
2894 5606 3017 5660 Mss.
3058 5608 3339 5664 inanimato
3364 5654 3377 5677 ,
3407 5611 3500 5668 sed

1907 5672 2214 5748 illmlnolui
2263 5675 2713 5748 imm_utare,qnod
2759 5676 2942 5748 eadem
2995 5683 3335 5748 reperiantur
3366 5672 3500 5737 intra

1905 5760 2020 5812 cap.
2054 5742 2234 5808 XCIV,
2268 5755 2321 5800 et
2348 5742 2609 5814 ejusmodi
2660 5745 2915 5803 obsoletis
2958 5742 3178 5805 vocibus
3210 5752 3285 5807 uti
3332 5754 3505 5811 snleat

1905 5815 2311 5942 anctoannalis
2351 5826 2434 5872 est
2458 5817 2619 5873 etiam
2663 5817 2774 5889 illa,
2808 5823 3203 5893 corporatitatis,
3236 5832 3290 5879 et
3339 5824 3504 5881 incor-

1909 5902 2053 5942 uora.
2132 5902 2225 5942 Mt.

1907 5902 2053 5959 pora.
2086 5902 2225 5944 ru.
