4262 6490
742 366 849 425 2'27

2166 360 2623 419 TIEIITULLMN

3942 363 4049 422 2‘28

738 487 908 556 genita
947 500 1079 548 sum,
1127 481 1392 537 dicentem
1428 496 1442 536 :
1495 486 1551 535 ut
1594 478 1783 534 credas
1825 476 2075 549 abyssum
2127 491 2339 548 quoque
2370 480 2416 538 Α
2445 487 2526 531 set
2556 479 2658 549 (ti).
2692 491 2811 548 quin
2836 490 2936 531 non
2970 486 3121 533 erant
3154 476 3311 543 facta,
3332 477 3376 533 si
3410 478 3617 537 tierent.
3650 478 3813 551 Igitur
3838 491 3895 536 nt
3919 498 4053 536 con-

739 579 994 647 genitam,
1029 576 1078 629 id
1130 585 1211 629 est
1258 574 1473 635 lactant,
1508 574 1627 642 quin
1656 583 1709 625 et
1760 570 1901 625 ﬁlius
1946 572 2189 635 litcimus,
2217 571 2341 625 licet

741 685 1082 738 generemus.
1119 667 1255 721 'tVihil
1291 668 1512 720 interest
1557 665 1690 719 facta
1722 680 1787 718 an
1833 676 1952 718 nata
1984 665 2053 718 sit
2093 664 2335 735 abyssns,

738 758 865 813 dum
895 759 1101 812 initium
1130 758 1285 813 detur
1312 758 1408 823 illi,
1440 757 1581 827 qutid
1625 772 1728 810 non
1780 757 1994 811 daretur
2030 758 2071 810 si
2106 759 2340 813 materiae

738 850 977 917 subjecta
1009 861 1151 904 esset
1182 848 1287 921 (I).
1317 849 1389 903 De
1423 848 1657 902 tenebris
1681 864 1806 901 vero
1828 849 1940 917 ipse
1974 850 2224 902 Dominus
2248 865 2341 918 per

738 940 972 995 Isaiam:
1029 940 1141 1012 Ego
1188 941 1278 1010 qui
1315 941 1492 993 struxi
1547 940 1709 993 lucem
1731 950 1775 993 et
1818 941 1911 1010 feci
1960 942 2187 994 tenebras
2238 941 2337 1012 (ls.

737 1031 901 1097 XLV,
940 1034 1016 1103 7).
1054 1036 1125 1088 De
1172 1033 1362 1103 spiritu
1406 1050 1557 1103 teque
1590 1035 1754 1087 Amos
1792 1033 1929 1099 :Qui
1978 1036 2162 1087 solidat
2209 1037 2341 1102 toni:

737 1137 905 1182 truum
931 1138 976 1181 et
998 1128 1168 1181 condit
1194 1128 1451 1198 spiritum,
1476 1138 1521 1181 et
1541 1131 1807 1181 annuntiat
1838 1128 1890 1180 in
1934 1128 2159 1181 homines
2188 1130 2339 1182 Clit-i-

735 1231 869 1275 stum
896 1236 1041 1275 suum
1074 1222 1273 1291 (Amos,
1320 1220 1410 1282 IV,
1448 1220 1532 1290 l5)
1567 1240 1577 1273 :
1608 1234 1727 1280 eum
1777 1221 2021 1288 spiritum
2066 1221 2337 1277 Conditum

735 1315 1049 1379 ostendens,
1083 1316 1170 1384 qui
1231 1317 1280 1369 in
1326 1324 1499 1369 terras
1547 1314 1790 1369 conditas
1842 1316 2214 1385 deputabatur,
2248 1318 2339 1385 qui

735 1422 900 1478 sopor
926 1424 1090 1478 aquas
1115 1405 1405 1474 ferebatur,
1440 1407 1679 1472 librator,
1698 1416 1750 1461 et
1778 1407 2022 1469 adllator,
2056 1418 2110 1461 et
2138 1410 2341 1462 anima-

736 1508 822 1553 tor
867 1500 1229 1553 universitatis
1282 1517 1294 1553 :
1348 1513 1476 1564 non,
1528 1507 1585 1551 ut
1630 1497 1844 1567 quidam
1902 1507 2106 1568 potant,
2166 1502 2339 1570 ipsum

737 1594 904 1648 Deum
933 1592 1219 1663 signiﬁcari
1248 1592 1513 1661 spiritum,
1539 1591 1660 1660 quia
1692 1593 1829 1649 Deus
1857 1594 2096 1660 spiritus.
2133 1597 2213 1661 (a)
2237 1594 2340 1649 Ne-

735 1701 840 1756 que
870 1690 1010 1740 emm
1048 1700 1198 1754 aqme
1241 1685 1523 1740 Dominum
1540 1683 1817 1740 rsu51inere
1859 1686 2202 1748 stillicerent;
2246 1685 2340 1739 sed

736 1793 857 1831 eum
905 1778 1151 1847 spiritum
1182 1776 1313 1831 dicit
1351 1777 1419 1829 de
1457 1793 1562 1845 qun
1589 1778 1749 1831 etiam
1784 1778 1922 1829 venti
1964 1779 2337 1845 constiterunt,

2444 573 2676 634 cludam,
2724 582 2815 626 ant
2859 574 3135 628 materiam
3185 581 3312 627 tunc
3364 574 3680 643 signiﬁcavit
3732 576 3939 646 Moyses
3970 576 4049 647 (7)

2444 681 2562 720 cum
2596 667 2780 724 scribit
2806 685 2817 719 :
2846 666 2909 720 Et
2938 668 3154 721 tenebra:
3183 684 3336 737 super
3355 670 3613 737 abyssum,
3643 679 3689 722 et
3718 670 3926 737 spiritus
3958 668 4053 722 Dei

2442 774 2595 827 super
2623 775 2782 827 aquas
2810 758 3063 827 ferebatur
3093 778 3106 811 :
3136 768 3230 813 aut
3264 771 3388 813 cum
3418 760 3499 812 Ine
3544 762 3755 829 species
3805 760 3932 814 alibi
3964 776 4054 830 po-

2444 861 2558 905 stea
2588 852 3024 907 demonstrantur
3055 852 3207 905 facta:
3228 868 3256 904 a
3288 853 3415 917 Deo,
3444 851 3746 907 debuerunt
3776 854 4050 923 serpiede-

2445 947 2733 999 monstrari
2759 961 2826 1000 ex
2870 944 3110 1007 materia,
3146 960 3303 1014 quam
3349 943 3560 1015 Moyses
3589 946 3946 1013 praemiserat,
3978 945 4056 998 Ia-

2443 1048 2543 1092 ctae
2594 1053 2608 1090 :
2659 1048 2748 1091 aut
2800 1039 2844 1091 si
2906 1038 3115 1106 species
3168 1038 3316 1101 istas,
3363 1048 3417 1092 et
3475 1054 3579 1091 non
3637 1039 3915 1094 materiam
3976 1040 4051 1092 si-

2442 1130 2713 1199 gniﬁcavit
2780 1129 3035 1201 Moyses,
3085 1129 3171 1183 ubi
3248 1130 3473 1185 materia
3548 1129 3912 1187 demonstrata
3987 1131 4057 1186 sit

2444 1239 2647 1293 quaero.

3016 1315 3241 1372 CAPUT
3272 1314 3514 1371 XXXIII.

2516 1406 2620 1462 Sed
2651 1407 2778 1461 dum
2812 1408 2953 1462 illam
2982 1406 3347 1477 Hermogenes
3376 1410 3513 1462 inter
3548 1408 3756 1463 colores
3789 1424 3915 1464 suos
3968 1410 4053 1464 in-

2445 1500 2593 1552 venit
2621 1500 2785 1569 (inter
2840 1500 3146 1569 Scriptores
3201 1503 3343 1555 enim
3381 1500 3470 1553 Dei
3520 1500 3763 1554 invenire
3803 1518 3909 1555 non
3960 1518 4057 1570 po-

2446 1592 2545 1644 tuit
2576 1589 2653 1660 (8)
2683 1631 2699 1656 ,
2741 1590 2868 1644 satis
2896 1601 2976 1645 cst
3000 1592 3138 1659 quod
3167 1592 3342 1649 omnis
3375 1600 3431 1645 et
3456 1590 3590 1645 facta
3622 1608 3651 1645 a
3682 1593 3791 1646 Deo
3819 1603 4052 1658 constat,

2445 1690 2501 1735 et
2535 1698 2601 1736 ex
2626 1683 2845 1736 materia
2884 1698 2991 1735 non
3035 1691 3245 1737 constat
3277 1700 3289 1735 :
3324 1698 3441 1751 quae
3467 1684 3630 1737 etiam
3657 1683 3700 1736 si
3734 1685 3939 1748 fuisset,
3975 1686 4054 1753 ip-

2444 1790 2557 1829 sam
2581 1788 2791 1845 quoque
2817 1791 2844 1828 ιι
2879 1776 2985 1829 Deo
3034 1774 3228 1829 lactant
3266 1774 3703 1840 credidissemus,
3749 1778 3871 1844 quia
3920 1776 4055 1829 nihil

743 1880 799 1924 ιιι
827 1871 900 1924 ait
944 1885 1037 1938 per
1067 1870 1259 1923 Isaiam
1296 1886 1309 1923 :
1337 1868 1471 1935 Quia
1497 1870 1707 1938 spiritus
1756 1886 1786 1921 u
1814 1887 1889 1923 me
1920 1871 2070 1924 exivit
2094 1882 2137 1923 et
2159 1872 2339 1940 flatum
2369 1880 2417 1939 B
2448 1868 2684 1921 innatum
2730 1878 2922 1937 praeter
2971 1869 3132 1923 Deum
3184 1869 3612 1937 pt‘tescribeittes,
3660 1868 4050 1924 obtineremus.

738 1978 939 2017 omnem
965 1978 1055 2033 ego
1090 1964 1186 2032 feci
1217 1960 1316 2030 (Is.
1349 1958 1508 2027 LVII,
1539 1960 1653 2031 26).
1684 1960 1813 2015 Item
1842 1965 1907 2014 de
1946 1962 2097 2031 aquis
2142 1964 2330 2017 eadem

733 2055 978 2125 Sophia:
1023 2053 1089 2106 Et
1134 2070 1249 2106 cum
1287 2054 1462 2120 firmos
1509 2052 1721 2122 portebat
1766 2054 1930 2122 fontes
1974 2055 2049 2122 (‘2)
2075 2056 2183 2121 ejus
2223 2070 2337 2123 qua:

735 2148 828 2200 sub
850 2146 973 2200 caelo
1005 2157 1098 2211 est,
1127 2162 1216 2215 ego
1246 2161 1384 2200 erum
1414 2145 1686 2198 modulans
1716 2162 1829 2198 cum
1857 2147 1965 2215 ipso
1984 2145 2163 2215 (Prov.
2198 2146 2331 2213 VIII,

735 2239 827 2303 98,
861 2237 975 2310 ‘29).
1006 2237 1137 2293 Cum
1187 2254 1314 2308 ergo
1352 2247 1406 2291 et
1449 2254 1541 2292 eas
1582 2238 1788 2307 species
1814 2239 2102 2307 probamus
2146 2256 2176 2294 a
2225 2241 2333 2296 Deo

737 2334 924 2395 factas,
952 2332 1053 2387 etsi
1099 2333 1149 2384 in
1188 2330 1382 2386 Genesi
1431 2329 1800 2383 tantummodo
1850 2332 2192 2385 nominantur
2219 2334 2334 2388 sine

734 2425 1081 2481 Isctitationis
1122 2422 1415 2489 mentione,
1451 2422 1862 2491 respondebitur
1904 2424 2129 2477 fortasse
2156 2440 2219 2477 ex
2250 2425 2332 2481 di-

733 2533 893 2575 verso
922 2535 937 2574 :
970 2519 1135 2573 Plane
1174 2518 1338 2571 factas
1366 2533 1480 2583 eas,
1530 2517 1626 2571 sed
1667 2533 1732 2571 ex
1778 2517 1998 2571 materia
2027 2535 2039 2570 :
2074 2527 2129 2569 ut
2166 2520 2335 2588 stylus

733 2613 947 2681 quidem
992 2610 1196 2682 Moysi,
1231 2607 1294 2662 Et
1340 2610 1554 2661 tenebra:
1586 2626 1736 2678 ευμεν
1762 2609 2028 2678 abyssum,
2055 2619 2100 2663 et
2127 2612 2334 2677 spiritus

734 2701 831 2757 Dei
873 2719 1024 2773 super
1052 2719 1212 2773 aquas
1240 2701 1523 2772 ferebatur,
1559 2711 1834 2755 materiam
1893 2712 2047 2754 sonet
2076 2718 2090 2754 :
2122 2713 2332 2757 caetera:

734 2802 866 2850 vero
893 2796 1204 2865 Scriptores,
1234 2808 1351 2863 quae
1371 2810 1435 2848 ex
1465 2794 1685 2847 materia
1709 2792 1858 2850 laetae
1881 2793 1988 2847 sint
2010 2792 2086 2865 (5)
2104 2796 2331 2863 species,

744 2891 796 2943 in
821 2889 1063 2958 diSpcrso
1078 2886 1629 2956 demonstrent.Ergo
1646 2888 1781 2940 sicut
1805 2895 1945 2940 terra
1975 2887 2042 2941 de
2073 2896 2231 2951 terra,
2262 2888 2332 2941 ita

736 2996 791 3039 et
818 2984 1041 3054 abyssns
1066 2998 1129 3037 ex
1153 2983 1369 3052 abysso,
1395 2990 1449 3035 et
1471 2982 1705 3036 tenebrae
1730 2996 1795 3033 ex
1826 2980 2081 3046 tenebris,
2107 2992 2160 3035 et
2179 2982 2334 3049 spiri-

733 3088 818 3132 tus
840 3086 892 3130 et
918 3091 1071 3146 aqua:
1114 3091 1181 3129 ex
1225 3073 1415 3142 spiritu
1462 3083 1515 3127 et
1563 3072 1714 3142 aquis
1752 3073 1828 3141 (4)
1858 3073 2229 3127 constiterunt.
2268 3075 2334 3129 Et

730 3170 870 3224 sicut
894 3182 1056 3237 supra
1085 3166 1338 3230 diximus,
1372 3182 1474 3220 non
1508 3168 1679 3235 potuit
1701 3165 1940 3220 informis
1964 3166 2129 3223 fuisse
2158 3179 2329 3223 mate-

2440 1960 2495 2013 In
2531 1960 2669 2014 hunc
2686 1976 2852 2029 usque
2874 1961 3157 2014 articulum
3185 1962 3427 2015 locusest
3443 1962 3769 2024 retractanti,
3789 1962 3963 2016 donec
3984 1961 4053 2014 ad

2438 2053 2740 2123 Scripturas
2759 2065 3043 2122 provocata
3060 2053 3274 2108 deﬁciat
3288 2054 3546 2108 exhibitio
3560 2055 4058 2125 materiaeJSxpedi-

2439 2158 2489 2200 ta
2507 2163 2711 2200 summa
2727 2159 2840 2200 est:
2863 2147 2995 2201 nihil
3018 2147 3231 2200 invenio
3258 2150 3453 2202 tactum
3475 2150 3600 2205 nihil
3619 2164 3683 2203 ex
3712 2148 3901 2209 nihilo.
3926 2152 4051 2219 quia

2438 2239 2579 2308 quod
2598 2239 2792 2293 factum
2813 2240 3045 2304 invenio,
3067 2255 3172 2293 non
3191 2239 3349 2295 fuisse
3365 2255 3651 2309 cognosco.
3683 2241 3903 2296 Etiamsi
3921 2243 4051 2312 quid

2437 2349 2504 2388 ex
2534 2334 2711 2401 aliquo
2736 2331 2929 2387 factum
2962 2344 3066 2399 est,
3094 2349 3163 2388 ex
3196 2334 3335 2386 Iacto
3379 2334 3539 2388 habet
3580 2350 3821 2398 censum,
3869 2345 3928 2390 ut
3981 2353 4050 2393 ex

2440 2434 2579 2480 terra
2601 2427 2785 2491 herba,
2805 2438 2857 2482 et
2880 2429 3103 2492 fructus,
3124 2438 3174 2482 et
3196 2427 3446 2498 pecudes,
3470 2438 3523 2483 et
3547 2432 3792 2499 liguratio
3816 2431 4049 2487 hominis

2438 2521 2624 2589 ipsius,
2686 2529 2741 2574 ut
2769 2536 2834 2575 ex
2862 2522 3017 2590 aquis
3057 2522 3303 2576 natatiles
3332 2531 3386 2575 et
3412 2522 3653 2577 volatiles
3688 2524 3902 2578 animae.
3938 2524 4049 2579 Hu-

2431 2611 2665 2681 jusmodi
2697 2614 2930 2682 origines
2976 2627 3155 2666 rerum
3186 2627 3253 2666 ex
3310 2612 3393 2666 his
3436 2614 3764 2682 prolatarum
3792 2656 3806 2680 ,
3859 2627 4047 2684 potero

2440 2706 2688 2757 materias
2716 2705 3025 2772 appellare;
3058 2703 3151 2756 sed
3196 2706 3360 2757 tactas
3385 2719 3413 2756 a
3445 2705 3555 2758 Deo
3582 2716 3637 2759 ct
3670 2706 3833 2774 ipsas.

2977 2794 3205 2851 CAPUT
3247 2794 3485 2850 XXXIV.

2508 2889 2795 2953 Caeterum,
2820 2903 2979 2942 omne
3007 2904 3070 2943 ex
3103 2889 3270 2943 nihilo
3303 2890 3630 2955 constitisse,
3652 2891 3737 2945 illa
3771 2900 4045 2960 postremo

2435 2981 2614 3035 divina
2646 2982 2723 3052 (9)
2748 2982 3031 3049 dispositio
3058 2981 3325 3045 suadebit,
3359 3000 3476 3050 quae
3507 2986 3687 3036 omnia
3731 2983 3782 3036 in
3811 2982 4041 3037 nihilum

2437 3074 2715 3129 redactura
2746 3085 2847 3127 est.
2879 3073 2935 3127 Si
2966 3074 3183 3143 quidem
3212 3086 3265 3127 et
3295 3072 3478 3127 caelum
3524 3074 3844 3128 convoluetur
3876 3085 3931 3127 ut
3981 3075 4044 3129 li-

2436 3168 2519 3220 ber
2580 3164 2680 3235 (Is.
2730 3164 2974 3227 XXXIV,
3030 3166 3113 3235 4),
3170 3165 3279 3220 imo
3327 3182 3575 3235 nusquam
3632 3168 3717 3235 ﬁet
3769 3184 3885 3220 cum
3930 3168 4043 3234 ipsa

733 3260 833 3327 ria,
876 3260 918 3314 si
956 3260 1165 3329 species
1204 3258 1452 3323 habebat,
1487 3266 1542 3311 ut
1567 3266 1620 3313 ct
1653 3259 1773 3312 alia:
1801 3274 1865 3311 ex
1894 3274 1955 3312 ea
1985 3261 2091 3312 sint
2118 3261 2330 3316 cunl‘ec-
2356 3273 2400 3336 ρ
2435 3272 2587 3317 terra.
2620 3275 2735 3312 eum
2766 3275 2864 3327 qua
2911 3258 3190 3327 primordio
3243 3261 3436 3329 factum
3464 3270 3534 3313 est
3568 3263 3587 3328 (
3620 3259 3811 3314 Matth.
3843 3260 4039 3327 XXIV,

735 3362 832 3416 tte;
864 3351 966 3406 nisi
997 3351 1136 3422 quod
1168 3366 1274 3405 non
1303 3351 1446 3413 aliae,
1480 3349 1573 3403 sed
1608 3350 1734 3417 ipsa:
1760 3364 1827 3403 ex
1871 3353 2175 3419 semetipsis
2208 3371 2220 3405 :
2250 3354 2323 3411 si-

734 3444 951 3515 quidem
980 3459 1083 3497 non
1110 3442 1252 3511 capit
1278 3441 1517 3495 diversas
1539 3440 1703 3493 fuisse
1733 3457 1853 3510 qua:
1876 3442 2063 3497 iisdem
2098 3446 2328 3499 nomini-

733 3539 835 3593 bus
865 3536 1115 3603 cduntur,
1164 3551 1269 3606 quo
1307 3534 1418 3604 jam
1449 3535 1690 3605 operatio
1715 3534 1890 3589 divina
1942 3536 2111 3592 otiosa
2156 3539 2323 3594 videri

731 3632 919 3703 possit,
961 3632 1007 3686 si
1050 3646 1168 3701 quin
1196 3629 1276 3701 (5)
1308 3639 1463 3685 erant
1512 3627 1640 3684 fecit
1669 3646 1682 3683 :
1712 3643 1833 3683 cum
1876 3630 2189 3699 generosior
2233 3649 2321 3690 es-

2427 3353 2517 3417 21,
2551 3352 2665 3421 55).
2696 3347 2888 3405 Caelum
2909 3363 2953 3404 et
2983 3361 3115 3405 terra
3144 3352 3488 3419 prwteribunt,
3520 3354 3713 3422 inquit.
3748 3355 3822 3423 (b)
3846 3351 4041 3407 Cottum

2430 3448 2669 3516 primum,
2694 3454 2737 3497 et
2762 3454 2894 3497 terra
2922 3444 3089 3513 prima
3114 3443 3368 3508 abierunt,
3399 3453 3445 3497 et
3475 3444 3616 3498 locus
3638 3459 3739 3497 non
3761 3455 3833 3498 est
3866 3444 4040 3497 inven-

2429 3548 2509 3592 tus
2540 3538 2642 3591 illis
2669 3536 2906 3605 (Apocal.
2956 3533 3098 3601 XXI,
3134 3537 3209 3603 I),
3240 3536 3362 3605 quia
3403 3535 3609 3590 scilicet
3632 3536 3774 3605 quod
3806 3546 3861 3591 et
3902 3538 4037 3603 linit,

2431 3636 2608 3689 locum
2638 3630 2851 3683 amittit.
2884 3627 2973 3684 Sic
3020 3637 3074 3683 et
3105 3628 3291 3696 David,
3337 3627 3507 3698 Opera
3534 3644 3779 3683 uiantium
3829 3639 4041 3685 tuarum

1974 3741 2360 3804 LECTIONES
2400 3740 2813 3802 VARIANTES.

792 3869 866 3933 (I)
894 3868 945 3933 Si
970 3866 1193 3933 materia;
1215 3861 1497 3933 subjiciatur
1515 3898 1528 3922 ,
1556 3865 1693 3909 esset
1722 3859 1787 3909 de
1810 3859 2037 3909 tenebris
2061 3855 2213 3912 Seml.
2241 3861 2325 3924 qui

733 3925 954 4000 proponit
976 3930 1137 3995 legere
1165 3925 1486 4000 {subjiciatur
1511 3936 1641 4000 esse:

800 3949 823 3983 υ
842 3949 954 3982 )Olm
976 3949 1137 3995 tegere
1165 3949 1180 3977 .‘
1205 3949 1484 3989 δυυιιυιυιιιι·
1511 3949 1641 3994 αξξυς.

800 3949 867 4059 ιέ)
895 3993 1161 4059 manantis-
1183 3988 1275 4052 legi
1302 3983 1483 4059 volebat
1507 4000 1518 4033 :
1543 3986 1701 4059 totites
1734 3996 2043 4059 aquaureunt
2066 3996 2178 4059 qua;
2211 3986 2321 4059 sub.

729 4045 921 4111 Pu'm'el.
941 4057 1091 4106 Fran.
1106 4045 1266 4103 fontes
1282 4064 1390 4113 qua:
1412 4050 1504 4099 sub
1526 4048 1650 4098 coelo
1674 4055 1750 4097 est
1768 4045 1909 4107 {alii}
1934 4053 2048 4097 teste
2064 4045 2225 4107 Junio,
2244 4051 2325 4111 qui

726 4124 821 4173 sub
843 4119 984 4171 cwlo.

816 4185 867 4233 5)
894 4182 1019 4231 Sunt
1043 4177 1187 4229 alien.
1216 4172 1365 4225 Seml.

816 4188 846 4233 5
894 4188 1019 4231 Sunt
1043 4188 1187 4229 lmen.
1216 4188 1365 4225 sentt.

893 4234 1656 4323 ἐξξειυέξέςιιιέμρτίεζίέιοημη,

795 4295 866 4371 (ὕῖ
893 4308 947 4357 Si
969 4295 1065 4370 qua
1088 4310 1250 4355 terant
1271 4295 1415 4353 seml.
1441 4311 1504 4351 ea:
1527 4295 1675 4349 Rlien.
1712 4295 1851 4360 cujus
1886 4295 2213 4359 conjecturam
2236 4307 2254 4345 :
2277 4296 2330 4344 Si

2430 3875 2541 3926 quae
2567 3863 2709 3926 erant
2729 3858 3013 3920 receperunt
3034 3866 3212 3906 anates.

2497 3925 2567 3986 (ti)
2596 3914 2921 3969 Gem-rosio”
2960 3927 3130 3967 essent
3167 3915 3311 3967 scrib.
3355 3917 3508 3968 Fran.
3542 3914 3705 3970 Paris.
3744 3926 3853 3984 post
3886 3921 4035 3973 Rhea.

2433 3986 2780 4044 conjecturam.

2520 4038 2570 4107 ‘1)
2592 4045 2783 4107 moyscs
2808 4043 2992 4107 scribit.
3023 4038 3174 4107 then.
3198 4039 3350 4091 Seml.
3376 4041 3877 4107 duttiscrjbitParis.

2520 4050 2570 4107 7)
2592 4050 2783 4106 Moyses
2808 4050 2992 4090 scribit.
3023 4050 3174 4091 tutan.
3198 4050 3350 4091 sentt.
3376 4050 3492 4091 dum
3518 4050 3685 4092 scribit
3707 4050 3877 4096 Paris.

2497 4050 2568 4174 ἐϋ)
2616 4106 2722 4155 Νοιι
2766 4104 2998 4173 potuerit.
3042 4104 3193 4174 lmen.
3235 4102 3424 4158 Pumcl.
3470 4101 3621 4157 Seutl.
3662 4104 3772 4157 Non
3795 4115 4031 4170 potuerat

2433 4166 2591 4223 Paris.
2619 4178 2712 4217 non
2739 4166 2953 4230 potuerit
2973 4170 3091 4215 satis
3114 4166 3258 4215 Fran.

2499 4236 2567 4299 (9)
2597 4231 2771 4281 Divina
2794 4231 2935 4279 abest
2964 4235 3121 4279 Venet.

2096 4397 2656 4457 COMMENTARIUS.

728 4528 943 4597 accipit.
1008 4522 1314 4597 Adversum-
1354 4516 1514 4578 valet.
1570 4528 1713 4597 ergo.
1751 4522 1805 4567 et
1856 4510 2073 4577 factum,
2130 4512 2320 4581 inquit,

728 4587 1091 4669 intelligebat,
1117 4606 1169 4649 et
1195 4592 1549 4647 factitatorem
1598 4587 1716 4640 laeti
1745 4599 1865 4639 esse
1902 4598 2317 4707 qpiemlsumque.

1988 4670 2052 4707 HE
2097 4694 2109 4706 .

1988 4669 2109 4708 "EN.

801 4741 952 4798 CAP.
971 4736 1189 4794 XXXII.
1204 4732 1363 4803 —-(a)
1391 4729 1566 4803 Neque
1586 4729 1717 4781 enim
1729 4724 2320 4803 aquwllominumsusti-

729 4795 847 4870 nere
870 4811 1167 4881 sufficerent.
1200 4795 1646 4881 I’ro'biitho'cloco
1662 4795 2318 4881 sente‘ntiamlexistiman-

730 4868 861 4941 tium
880 4868 966 4937 né'.
982 4883 1168 4949 spiritu
1185 4880 1355 4944 ipsum
1372 4874 1650 4928 Dominum
1664 4872 1899 4949 signilica
1910 4869 1971 4922 ri.
1988 4868 2147 4935 Quasi
2165 4883 2314 4949 vero,

729 4938 917 5026 inquit,
938 4938 1027 5007 Dei
1047 4938 1290 5026 Spiritum
1305 4961 1465 5015 Super
1481 4958 1645 5011 aquas
1661 4943 1782 4995 l'erri
1797 4938 2314 5026 convctiertt,oliﬁu-

730 5011 850 5083 xain
866 5011 916 5080 ei
933 5011 1231 5078 instabilem
1248 5011 1502 5089 aquarum
1520 5024 1760 5068 naturam
1781 5031 1791 5063 :
1812 5028 1907 5089 nec
1932 5012 2162 5089 potuerit
2179 5011 2316 5089 Dens

727 5115 893 5168 aquas
920 5096 1083 5166 ipsius
1116 5083 1659 5168 ligere,'t_t-t.starent;
1688 5084 1828 5168 quod
1863 5084 2104 5152 praestitit
2134 5083 2314 5168 Israeli

727 5153 1249 5229 trransdu'cendtiﬂtttt
1272 5153 1522 5222 solidare,
1559 5167 1614 5210 ut
1639 5162 1991 5229 calcarentur,
2022 5154 2173 5229 quod
2192 5153 2314 5207 lidei

726 5225 1446 5308 discipulorumerudienda:
1492 5230 1738 5308 confecit.
1774 5225 1839 5308 Ut
1884 5237 2056 5308 (auten
2092 5225 2315 5290 vulgatae

730 5296 1111 5367 illi'sententiae
1142 5309 1278 5359 lavet
1310 5302 1619 5371 impensius,
1653 5300 1743 5351 lib.
1779 5298 1843 5348 de
1883 5296 2164 5371 Ilaptismo,
2190 5310 2313 5347 cuin

727 5387 801 5437 ait
834 5402 845 5435 :
876 5383 1028 5437 Solus
1066 5381 1251 5449 liquor,
1281 5368 1474 5449 semper
1502 5372 1726 5449 materia
1751 5372 1988 5449 perfecta,
2037 5368 2312 5449 (ιιιιιηδιηι.

731 5456 870 5525 plex,
894 5455 954 5506 tle
979 5468 1069 5505 suo
1117 5438 1243 5519 pura
1270 5438 1476 5525 ilignum
1506 5441 1813 5520 vectaculam
1866 5440 1968 5492 Deo
1987 5438 2310 5525 Asulijiriebat.

727 5509 818 5581 Sic
846 5509 1021 5578 autem
1053 5509 1186 5575 solet
1214 5509 1531 5587 Sepiimius:
1552 5513 1970 5587 arripitomnem
1985 5509 2313 5587 Scripturatn

730 5595 1064 5652 aedilicationi
1096 5582 1323 5645 habilem
1350 5628 1365 5653 ,
1400 5598 1665 5654 tamquam
1704 5584 1955 5654 divinitus
1985 5582 2315 5654 inspiratam.

728 5651 984 5737 Adeoque
1026 5667 1165 5718 hunc
1205 5651 1439 5737 colorem
1471 5651 1601 5711 dicit
1622 5654 1729 5737 ἰὼ.
1762 5652 1850 5737 dp”
1879 5651 2315 5737 (λιιΙιιιῃμιειιιξιιιιιΣ

729 5722 931 5811 primo,
958 5739 1044 5811 ubi
1078 5742 1302 5811 excusat
1326 5732 1542 5811 citatum
1587 5728 1681 5782 abs
1710 5740 1768 5811 se
1801 5725 1994 5811 librum
2021 5722 2318 5811 linoque}

728 5794 869 5866 Ilbl'o
898 5794 960 5865 tle
989 5804 1330 5879 Spectaculis,
1362 5802 1464 5856 late
1485 5813 1697 5879 semper
1726 5798 2055 5879 Scripturam
2079 5794 2313 5879 divinam

729 5881 894 5939 dividi
921 5884 1014 5947 ait,
1036 5872 1045 5879 ⁷
1068 5878 1389 5945 ubicumque
1416 5872 1709 5928 secundum
1750 5872 2029 5938 praesentis
2059 5879 2137 5921 ret
2181 5877 2311 5919 sen-

2426 4528 2542 4568 sum
2571 4514 2729 4568 etiam
2775 4512 3053 4581 disciplina
3108 4513 3365 4568 munitur.
3419 4514 3707 4584 Caeterum,
3743 4519 4027 4577 verissima

2426 4589 2668 4661 omnium.
2713 4586 3083 4653 iaterpretatio
3124 4584 3397 4661 rideatur,
3440 4588 3524 4642 his
3564 4588 3762 4654 verbis,
3799 4591 4027 4661 Spiritus

2426 4654 2521 4710 Dei
2547 4658 2798 4732 ferebatur
2834 4670 3195 4732 sitper_ttqttas,
3229 4658 3514 4725 signiﬁcari
3538 4700 3551 4722 ,
3579 4662 3731 4729 aquis
3765 4654 3873 4715 tum
3914 4670 4024 4732 prt—

2423 4744 2566 4780 muna
2616 4729 2811 4781 creatis
2859 4726 3097 4781 adfuisse
3128 4729 3233 4780 vim
3286 4732 3572 4796 quamdam
3630 4726 3869 4797 vitalem,
3914 4726 4024 4789 non

2420 4796 2585 4853 fuisse
2611 4799 2928 4873 simpliciter
2950 4812 3164 4867 aquam,
3190 4798 3282 4851 sed
3304 4814 3500 4873 aquam
3527 4803 3701 4855 vivam
3724 4821 3738 4866 ς
3767 4796 3887 4873 qua:
3912 4822 4021 4859 non

2425 4880 2756 4938 torpesceret
2794 4870 2937 4923 iners
2993 4879 3212 4938 stupore
3265 4872 3451 4939 pigro:
3489 4874 3583 4927 sed
3630 4890 3750 4942 qua:
3787 4870 4024 4943 perenni

2420 4944 2881 5017 Spirituvegetata
2922 4955 3137 5017 semper
3164 4943 3573 5017 trepidaret__ne
3623 4947 3837 5013 quando
3864 4948 4023 5017 quie-

2420 5029 2570 5085 scere
2597 5014 2883 5066 diceretur.
2924 5012 3033 5064 lloc
3059 5021 3204 5065 certe
3238 5014 3413 5085 innuit
3448 5012 3649 5069 Noster,
3670 5018 3857 5085 pagina
3882 5012 4023 5074 'Iihri

2422 5084 2483 5136 (lc
2518 5082 2780 5158 Baptismu
2807 5083 3622 5158 supra‘citata.tilirysostonins
3653 5082 3832 5142 autem
3858 5106 4021 5158 aper-

2422 5157 2627 5210 tissime
2658 5156 2851 5207 Ilomll.
2884 5158 2932 5205 ιιι
2964 5153 3160 5207 GUIICS.
3324 5152 3408 5206 ῨΤὶ
3436 5164 3662 5225 βούλεαι
3693 5172 3831 5215 τοῦτο
3860 5152 3919 5215 (ινδ
3944 5166 3986 5214 αἱ

2418 5235 2633 5299 εημένθν,
2668 5232 2875 5290 Πνεῦμα,
2897 5234 3008 5293 φησι
3031 5266 3042 5285 ,
3075 5231 3177 5279 οωῦ
3217 5230 3455 5295 ἐπεφέρετο
3504 5235 3656 5282 ἱκάνω
3694 5238 3777 5285 τοῦ
3826 5236 4019 5297 ὓδατος

2417 5308 2542 5365 Εμθι
2572 5302 2693 5349 donet
2732 5309 2867 5351 τοῦτο
2896 5306 3156 5362 σημαίνειν,
3186 5301 3261 5350 ὃτι
3304 5304 3508 5369 Linus:
3533 5325 3608 5360 τις
3638 5311 3818 5363 ζωτιιῆ
3846 5321 4023 5373 «posin

2418 5376 2515 5429 τοις
2544 5374 2701 5432 Ger/.32,
2726 5391 2807 5419 um
2838 5371 2917 5421 οὗι
2947 5372 3000 5428 ἦν
3019 5370 3178 5427 dtu-Jac
3206 5372 3330 5437 ὕδωρ
3353 5376 3488 5432 ἑστὼς
3518 5395 3599 5424 και
3628 5370 4024 5435 ἀκίνητανξοὶλλέι

2421 5448 2701 5506 always-2w,
2731 5445 2811 5492 καὶ
2837 5450 3041 5501 ζωτικὴν
3064 5462 3169 5493 τινα.
3200 5443 3393 5507 ibus/xw
3420 5450 3543 5508 ἔχειν.
3570 5444 3690 5499 RIG.

2495 5510 2647 5585 UAP.
2680 5510 2889 5585 {XXIV
3044 5509 3336 5585 (h)_t.'a:lain
3361 5514 3581 5582 primum
3609 5525 3653 5567 et
3685 5525 3819 5568 terra
3851 5518 4020 5585 prima

2422 5582 2676 5655 abierunt.
2694 5581 2983 5655 'I‘ra_ns__tuli_t
3006 5580 3468 5655 Itoclatinetnagis
3496 5598 3653 5655 quam
3676 5590 3741 5641 ad
3767 5580 4017 5655 verbum,

2420 5654 2543 5721 quia
2592 5657 2759 5720 Apoc.
2790 5650 2935 5719 XXI,
2965 5651 3157 5722 legitur
3180 5650 3412 5724 inpiant;
3434 5656 3486 5709 id
3514 5650 3619 5721 est,
3646 5658 3789 5721 abiit,
3821 5650 4021 5715 deinde

2421 5724 2566 5792 legit,
2615 5734 2661 5777 et
2704 5724 2884 5802 locum
2942 5740 3042 5802 non
3092 5734 3162 5779 est
3202 5728 3433 5802 inventus
3467 5728 3594 5802 iltis1
3623 5745 3717 5797 pro
3774 5746 3841 5786 eo
3876 5731 4021 5802 quod

2419 5810 2595 5869 graece
2623 5805 2677 5851 et
2704 5795 2864 5851 latine
2896 5812 2909 5851 :
2940 5793 3007 5849 Et
3036 5811 3174 5851 mare
3189 5797 3297 5865 iam
3324 5814 3424 5853 non
3444 5810 3537 5854 est.
3566 5793 3742 5858 Ritu.
