4262 6490
209 388 311 449 2‘19

1300 390 1501 448 LIBER
1543 393 1580 447 A
1594 389 1909 450 DVERSUS
1949 392 2444 451 HERMOGENEM.

3409 395 3515 453 230

207 515 316 568 caeli
335 521 383 569 et
410 513 510 587 ipsi
535 511 767 585 peribunt
795 507 912 584 (Ps.
963 509 1048 576 Cl,
1079 510 1172 577 26,
1201 510 1317 581 27).
1351 510 1483 565 Nam
1511 511 1610 565 etsi
1642 521 1804 564 nuita-
1837 512 1891 571 Α
1915 512 2209 580 corporalis
2236 522 2322 565 aut
2347 512 2699 582 incorporalis
2729 512 2805 583 (7)
2835 512 2902 568 sit
2930 528 3148 569 necesse
3174 512 3357 583 est(nt
3388 531 3511 569 con-

208 608 273 662 bit
302 608 385 677 (l)
411 607 528 662 illo:
554 608 687 662 velut
717 607 1063 677 opertorium,
1096 617 1143 659 et
1170 604 1534 670 mutabuntur;
1573 604 1667 660 sed
1692 622 1809 659 mu-

208 701 327 763 tari,
358 701 538 769 perire
559 710 643 755 est
672 701 896 771 pristino
922 698 1105 763 statui,
1139 714 1298 766 quem
1328 698 1408 771 (Ξ)
1443 698 1570 752 dum
1601 708 1807 753 mutau-

206 802 311 858 tur,
336 794 612 847 amittunt.
638 791 716 863 (ιι)
747 793 812 847 Ει
838 790 1000 847 stella:
1034 792 1233 862 quidem
1264 794 1328 846 de
1370 792 1496 845 calo
1541 802 1709 858 ruent,
1742 792 1809 845 si-

208 898 291 941 cut
315 889 391 957 (b)
416 888 503 955 ﬁci
527 888 698 947 arbor.
743 903 858 940 cum
895 885 1066 939 valido
1109 898 1364 938 commota
1403 895 1586 949 vento,
1630 900 1809 937 acerna

205 995 299 1033 sna
341 979 531 1031 omittit
587 979 792 1048 (Apoc.
848 976 936 1042 Vl,
982 977 1097 1045 15).
1147 975 1348 1030 Montes
1381 992 1495 1030 uero
1550 985 1809 1045 tamquam

204 1089 318 1126 cera
358 1072 637 1139 liquescant
681 1088 710 1124 a
750 1079 1022 1139 conspectu
1074 1068 1279 1123 Domini
1312 1068 1427 1138 (Ps.
1467 1067 1672 1132 XCVII,
1700 1068 1755 1136 5)
1790 1082 1809 1121 :

205 1182 331 1219 cum
387 1166 666 1220 surrexerit
735 1164 941 1217 scilicet
986 1163 1309 1232 confringere
1358 1171 1547 1215 terram
1609 1158 1708 1231 (Is.
1742 1158 1806 1227 ll,

205 1259 454 1331 l9).Sed
503 1267 558 1312 et
602 1258 831 1327 paludes.
879 1254 1072 1325 inquit,
1117 1254 1432 1324 orefociam;
1489 1262 1533 1307 et
1588 1261 1810 1319 qurerent

204 1370 413 1423 oqmnn,
469 1368 560 1405 nec
589 1352 839 1404 invenient
878 1350 979 1415 (Is.
1010 1349 1145 1413 XCI,
1178 1351 1277 1414 l7;
1310 1348 1472 1415 XCII,
1502 1349 1593 1420 15)
1620 1366 1633 1401 :
1658 1349 1811 1402 etiam

205 1462 344 1499 more
376 1445 621 1497 hactenus
664 1442 740 1516 (3)
786 1440 879 1515 (ε).
920 1442 1239 1510 Qumomnia
1262 1442 1362 1497 etsi
1386 1442 1522 1497 alter
1549 1441 1811 1510 putaverit

201 1537 520 1607 Spiritaliter
550 1535 972 1605 interpretanda,
1014 1551 1118 1588 non
1152 1543 1330 1589 tamen
1362 1535 1560 1603 poterit
1596 1533 1809 1589 auferre

202 1632 493 1686 veritatem
545 1631 613 1685 ita
665 1628 988 1693 futurorum,
1018 1626 1287 1696 quomodo
1335 1628 1534 1695 scripta
1576 1636 1719 1679 sunt.
1753 1624 1809 1681 Si

206 1742 321 1794 qua:
348 1724 498 1778 enim
530 1721 715 1793 ﬁgura:
752 1730 893 1785 sunt,
926 1736 989 1774 ex
1030 1719 1191 1773 rebus
1218 1720 1637 1774 consistentibus
1681 1718 1812 1772 ﬁant

203 1830 429 1872 necesse
459 1824 563 1876 est,
614 1830 718 1868 non
771 1829 838 1868 ex
892 1812 1205 1866 vacantibus
1240 1829 1253 1864 :
1284 1811 1405 1879 quia
1458 1810 1587 1864 nihil
1639 1820 1811 1878 poteSt

1912 605 2096 658 cedam
2133 605 2342 659 interim
2373 622 2494 661 esse
2513 605 2712 676 aliquid
2744 608 3076 676 incorporale
3107 606 3174 663 de
3200 607 3516 662 substantiis

1912 697 2205 763 dumtaxat,
2246 713 2364 753 enni
2412 700 2525 769 ipsa
2556 701 2851 754 substantia
2905 716 3096 769 corpus
3129 701 3198 754 sit
3228 702 3302 755 rei
3334 700 3518 766 cujus-

1912 798 2040 861 que)
2081 801 2224 845 certe
2264 802 2383 859 post
2425 792 2705 863 corporale
2753 802 2807 847 et
2855 793 3188 862 incorporale
3226 794 3357 848 nihil
3403 802 3516 848 ter-

1916 884 2072 940 tium.
2103 886 2215 955 Age
2247 900 2387 940 nunc
2415 891 2487 940 sit
2512 898 2565 940 et
2611 887 2851 953 tertium,
2877 887 3016 957 quod
3068 889 3152 942 illa
3208 898 3349 942 recta
3382 887 3519 942 ratio

1915 974 2340 1046 llermogeuiaua
2384 979 2729 1047 compererit,
2786 994 2905 1049 quae
2962 994 3134 1049 neque
3176 978 3515 1048 corporalem

1914 1084 2091 1138 neque
2122 1070 2512 1137 incnrporalem
2556 1073 2833 1127 materiam
2868 1074 2989 1128 facit
3019 1091 3031 1127 :
3063 1076 3147 1127 ubi
3197 1076 3320 1129 cst?
3360 1074 3520 1143 quale

1914 1162 2034 1215 est?
2068 1164 2191 1231 quid
2224 1165 2483 1220 vocatur?
2520 1165 2644 1235 quid
2682 1166 3046 1223 describitur?
3095 1169 3219 1239 quid
3269 1170 3520 1241 intelligi-

1916 1256 2041 1309 tur?
2075 1255 2303 1311 Tantum
2348 1257 2447 1312 hoc
2477 1259 2616 1313 ratio
2667 1260 3009 1327 renuntiavit,
3045 1277 3142 1317 nec
3180 1264 3515 1332 corporalem

1915 1348 2193 1403 materiam
2224 1364 2320 1404 nec
2352 1351 2763 1418 incorporalem.

2452 1444 2680 1500 CAPUT
2733 1443 2977 1501 XXXVI.

1989 1535 2092 1590 Sed
2127 1549 2253 1590 ecce
2281 1538 2611 1590 contrarium
2642 1538 2875 1607 subjicit,
2904 1548 2994 1593 aut
3037 1539 3137 1593 alia
3171 1538 3400 1596 fortasse
3436 1558 3519 1597 ra-

1915 1628 1991 1683 tio
2018 1630 2065 1682 ei
2102 1630 2356 1693 occurrit,
2393 1646 2457 1683 ex
2502 1640 2651 1699 parte
2677 1633 3016 1701 corporalem
3067 1636 3376 1690 renuntiatis
3408 1653 3521 1691 ma-

1916 1724 2125 1787 teriam,
2156 1736 2209 1779 et
2243 1740 2308 1779 ex
2340 1737 2491 1795 parte
2527 1726 2937 1797 incorporalem.
2976 1727 3093 1783 Jam
3133 1746 3263 1800 ergo
3288 1748 3353 1786 ne
3385 1746 3517 1785 neu-

1917 1825 2055 1869 trum
2087 1817 2175 1879 sit,
2210 1826 2492 1886 utrumque
2528 1820 2748 1873 materia
2780 1822 3049 1875 censenda
3080 1823 3201 1875 est?
3234 1822 3351 1877 Erit
3376 1825 3518 1879 enim

199 1908 284 1961 alii
312 1905 724 1961 similitudinem
758 1903 827 1959 de
857 1919 955 1958 suo
990 1912 1241 1973 prarstarc
1272 1901 1373 1972 (4),
1409 1902 1507 1955 nisi
1538 1902 1607 1955 sit
1630 1901 1805 1970 ipsum
1838 1913 1884 1973 Β
1913 1910 2210 1975 corporalis
2245 1918 2299 1963 et
2343 1910 2694 1979 incorporalis
2749 1913 3007 1969 adversus
3066 1918 3517 1973 renuntiationcm

201 1999 345 2070 quod
395 1998 490 2052 tali
544 1997 894 2051 similitudine
947 2004 1181 2066 praestet.
1238 1994 1497 2049 Revertor
1535 1995 1693 2064 igitur
1742 1994 1808 2049 ad

198 2105 471 2152 caussam,
502 2087 847 2144 deﬁnientem
890 2087 1069 2141 omnia
1105 2102 1170 2140 ex
1202 2084 1367 2139 nihilo
1394 2085 1554 2146 edita,
1585 2085 1636 2138 in
1667 2083 1809 2138 nihi-

201 2184 307 2239 lum
336 2194 683 2254 perventura.
722 2180 804 2235 Ex
832 2190 1038 2235 :uterno
1067 2179 1231 2240 enim,
1263 2176 1312 2230 id
1352 2186 1434 2231 est
1463 2192 1528 2229 ex
1562 2176 1805 2242 materia,

200 2278 330 2333 nihil
366 2278 509 2331 Deus
541 2274 804 2329 interibile
836 2272 1068 2331 fecisset.
1096 2285 1194 2325 nec
1218 2285 1287 2324 ex
1318 2268 1608 2337 majoribus
1631 2268 1809 2321 mino-

199 2386 253 2425 ra
284 2368 649 2430 condidisset,
680 2366 761 2421 cui
792 2364 960 2434 magis
986 2371 1246 2432 congruat
1274 2378 1336 2416 ex
1372 2360 1669 2415 miuorilms
1698 2375 1809 2414 ma-

196 2464 309 2532 jora
340 2460 663 2530 producere,
698 2458 747 2512 id
778 2466 859 2511 est
885 2473 949 2511 ex
984 2455 1237 2510 interibili
1276 2465 1559 2516 aeternum,
1586 2454 1728 2524 quod
1755 2464 1806 2510 et

199 2553 348 2609 carni
400 2563 601 2607 nostr:e
648 2549 949 2619 pollicetur,
976 2548 1130 2616 cujus
1156 2545 1370 2600 virtutis
1422 2554 1477 2599 et
1526 2545 1808 2616 potestatis

199 2661 307 2700 sure
341 2644 426 2714 (5)
451 2643 593 2696 hunc
616 2640 725 2711 jam
766 2639 1127 2694 arrhabonem
1181 2638 1349 2691 voluit
1377 2638 1426 2691 in
1458 2638 1612 2691 nobis
1639 2637 1809 2693 collo-

197 2754 377 2804 casse,
402 2748 462 2790 ut
494 2735 778 2792 credamus
809 2733 969 2789 etiam
1002 2732 1149 2786 illum
1181 2731 1585 2785 universitatem
1623 2746 1690 2785 ex
1720 2733 1805 2785 ni-

200 2833 308 2887 hilo
359 2830 511 2885 velut
561 2838 883 2893 emortuam,
912 2843 1031 2894 qua:
1078 2827 1281 2881 scilicet
1329 2842 1435 2881 non
1465 2837 1580 2881 erat
1616 2825 1718 2897 (ὅ),
1753 2825 1805 2880 in

202 2925 305 2981 hoc
334 2933 395 2979 ut
414 2931 582 2989 esset,
611 2924 919 2976 suscitasse.

754 3013 981 3070 CAPUT
1029 3011 1248 3069 XXXV.

273 3114 355 3169 De
381 3122 581 3169 cretero
608 3125 737 3166 vero
765 3117 905 3163 statu
946 3107 1205 3171 materiae,
1239 3105 1339 3161 etsi
1390 3120 1494 3159 non
1527 3115 1610 3161 est
1636 3117 1806 3162 retra-

198 3209 481 3273 ctandum,
514 3207 659 3273 prius
685 3205 828 3260 enim
866 3210 982 3258 erat
1024 3212 1080 3255 ut
1107 3215 1224 3255 eam
1248 3214 1369 3255 esse
1395 3211 1687 3267 constaret,
1720 3211 1802 3256 ta-

198 3319 322 3359 men
366 3316 429 3358 ac
468 3301 512 3355 si
554 3301 872 3362 constiterit,
906 3294 1306 3367 persequendus
1349 3303 1432 3349 est
1478 3295 1655 3350 ordo:
1696 3314 1802 3368 quo

200 3395 373 3466 magis
401 3410 521 3449 eam
552 3409 657 3447 non
688 3406 809 3447 esse
842 3399 1083 3451 censtet,
1110 3388 1262 3457 cujus
1290 3403 1388 3443 nec
1423 3390 1660 3459 reliquus
1695 3402 1803 3445 sta-
1830 3358 1873 3421 Ο

202 3498 285 3542 tus
327 3487 609 3550 consistat,
642 3482 799 3538 simul
845 3491 901 3535 ut
942 3479 1350 3534 contrarietates
1389 3495 1514 3534 suas
1552 3495 1806 3550 agnoscat

202 3582 597 3650 Hermogenes.
644 3578 847 3642 Prima,
877 3575 1082 3645 inquit,
1116 3572 1249 3628 facie
1296 3572 1506 3628 videtur
1534 3576 1687 3631 nobis
1718 3579 1802 3632 in-

200 3675 501 3744 corporalis
551 3687 671 3728 esse
723 3672 944 3725 materia
996 3686 1009 3721 :
1057 3665 1321 3737 exquisita
1375 3675 1552 3722 autem
1600 3670 1804 3726 ratione

200 3778 373 3833 recta,
404 3764 676 3820 invenitur
704 3776 879 3832 neque
912 3759 1207 3829 Corporalis
1227 3799 1241 3823 ,
1275 3772 1447 3826 neque
1493 3758 1806 3832 incorpora—

201 3860 287 3914 lis.
317 3859 451 3927 Quze
497 3865 578 3911 est
622 3856 721 3911 ista
766 3856 903 3910 ratio
929 3860 1095 3912 recta.
1123 3864 1244 3920 quae
1274 3848 1405 3903 nihil
1449 3852 1579 3905 recti
1607 3868 1805 3908 renun-

201 3953 321 4019 tiat,
353 3950 405 4005 id
433 3959 515 4005 est
540 3948 669 4004 nihil
695 3946 862 4004 certi?
882 3945 993 4001 Nisi
1024 3943 1181 3999 fallor
1204 3941 1370 4007 enim,
1397 3946 1573 3999 omnis
1600 3961 1686 4001 res
1711 3958 1803 4003 aut

1915 2011 2076 2055 rectae
2104 2002 2325 2056 rationis
2356 2002 2433 2073 (8)
2466 2004 2632 2070 illius,
2660 2006 2815 2074 plane
2844 2008 3103 2061 rationem
3145 2024 3248 2063 non
3297 2012 3522 2065 redden-

1916 2096 1983 2150 tis
2027 2097 2305 2151 sententia:
2336 2112 2467 2162 suze,
2514 2096 2653 2151 sicut
2701 2114 2798 2153 nec
2843 2099 2945 2153 alia
2995 2100 3189 2155 reddit.
3224 2103 3517 2173 (Iorporale

1914 2190 2057 2243 enim
2090 2192 2325 2244 materia:
2355 2191 2469 2244 vult
2491 2205 2631 2255 esse,
2660 2191 2729 2247 de
2751 2207 2857 2262 quo
2878 2210 3103 2262 corpora
3131 2195 3359 2251 edantur
3385 2214 3398 2251 :
3431 2197 3513 2253 iu-

1912 2285 2193 2353 corporale
2212 2300 2363 2350 vero,
2386 2286 2712 2341 ineunditum
2737 2300 2939 2343 motum
2968 2291 3099 2360 ejus.
3138 2290 3193 2347 Si
3220 2294 3388 2358 enim,
3421 2297 3516 2362 ait,

1912 2391 2110 2446 corpus
2135 2377 2502 2431 tantmnmodo
2519 2390 2681 2444 esset,
2704 2380 2833 2434 nihil
2854 2382 2901 2435 ei
2931 2382 3268 2453 incorporale
3289 2402 3519 2456 appare-

1913 2479 2015 2531 ret,
2041 2469 2090 2523 id
2114 2478 2195 2523 est
2216 2478 2414 2524 motus.
2433 2470 2485 2523 Si
2512 2486 2638 2524 vero
2662 2472 2712 2525 in
2735 2481 2901 2527 totum
2932 2474 3285 2544 incorporalis
3306 2476 3515 2544 fuisset,

1913 2560 2115 2614 nullum
2162 2575 2358 2629 corpus
2397 2575 2465 2615 ex
2501 2576 2562 2615 ea
2608 2562 2781 2617 ﬁeret.
2816 2564 2898 2634 (εἰ)
2927 2562 3137 2629 Quanto
3164 2565 3279 2621 lia'c
3325 2569 3523 2624 rectior

1911 2652 2081 2709 ratio!
2112 2652 2209 2705 nisi
2252 2652 2394 2721 quod
2426 2653 2468 2705 si
2496 2663 2601 2706 tam
2632 2663 2805 2708 rectas
2834 2655 2999 2711 lineas
3022 2656 3194 2725 ducis,
3236 2658 3520 2731 Hermoge-

1911 2757 2029 2807 nes,
2072 2759 2231 2813 quam
2283 2744 2417 2798 ratio
2453 2744 2549 2798 ista
2585 2744 2685 2816 (9),
2721 2746 2889 2814 pictor
2931 2757 2984 2803 te
3012 2749 3227 2805 bardior
3268 2768 3371 2808 non
3413 2762 3516 2809 est.

1910 2835 2041 2903 Quis
2066 2836 2208 2892 enim
2249 2836 2342 2891 tibi
2378 2836 2625 2891 concedit
2655 2852 2857 2893 motum
2900 2841 2951 2895 in
2983 2845 3274 2898 set-undam
3311 2859 3519 2915 partem

1910 2930 2224 2983 substantia:
2264 2928 2557 2999 deputare?
2601 2944 2727 2984 cum
2774 2931 3108 2987 substantiva
3164 2950 3251 2990 res
3284 2953 3387 2991 non
3416 2938 3508 3004 sit,

1910 3020 2031 3090 quia
2064 3036 2161 3075 nec
2184 3021 2508 3091 corporalis;
2537 3021 2630 3077 sed
2656 3023 2911 3079 accidens
2941 3027 2984 3079 si
3014 3025 3173 3091 forte,
3201 3027 3515 3085 substantia:

1909 3113 2252 3181 etcorporis,
2285 3120 2532 3179 utaetus,
2563 3123 2613 3169 et
2646 3115 2853 3184 pulsus,
2898 3126 2953 3170 nt
3004 3117 3204 3187 lapsus,
3235 3131 3292 3176 ut
3329 3136 3511 3188 casus,

1913 3206 1983 3260 ita
2027 3215 2081 3261 et
2110 3215 2307 3261 motus.
2340 3206 2472 3262 Nam
2522 3209 2636 3264 siVe
2680 3225 2707 3262 a
2750 3210 3042 3281 semetipso
3069 3214 3194 3282 quid
3245 3226 3512 3284 movetur,

1909 3308 2061 3353 actus
2091 3299 2208 3368 ejus
2235 3308 2319 3354 est
2354 3311 2550 3365 motus,
2580 3310 2727 3356 certe
2765 3318 2888 3370 pars
2921 3303 3237 3361 substantia:
3284 3324 3390 3362 nou
3435 3318 3519 3365 est

1908 3391 2047 3446 sicut
2075 3400 2128 3445 tu
2158 3402 2361 3446 mutttm
2383 3390 2735 3447 substantiam
2774 3393 2906 3449 iacis
2933 3397 3171 3452 materize
3204 3399 3517 3470 incorpora-

1908 3482 2035 3537 lem.
2060 3483 2251 3537 Omnia
2283 3484 2514 3552 denique
2549 3494 2853 3550 moventur,
2891 3496 2983 3540 aut
3022 3503 3051 3540 a
3101 3492 3425 3560 semetipsis,
3458 3504 3517 3547 ut

1907 3574 2186 3640 animalia;
2215 3584 2304 3628 aut
2332 3576 2399 3628 ab
2424 3575 2563 3641 aliis,
2606 3575 2675 3647 (ιτ)
2702 3586 2752 3630 ιιι
2788 3577 3092 3633 inanimalia
3137 3582 3251 3652 (lli)
3285 3601 3297 3637 :
3334 3594 3512 3641 tamen

1915 3682 2015 3722 nec
2044 3666 2342 3733 hominem,
2385 3683 2483 3722 uec
2512 3668 2742 3736 lapidem
2774 3678 2829 3723 et
2860 3673 3197 3741 corporalem
3240 3685 3292 3730 ct
3334 3678 3516 3732 incor-

1910 3759 2147 3830 poralem
2180 3759 2440 3826 dicemus,
2484 3760 2607 3828 quia
2646 3770 2699 3815 et
2736 3776 2937 3831 corpus
2972 3763 3167 3821 habeat
3206 3777 3260 3821 et
3284 3780 3514 3837 motum,

1908 3849 2004 3907 sed
2029 3868 2186 3904 uuam
2219 3851 2469 3905 omnibus
2503 3851 2730 3907 formam
2758 3853 2925 3909 solius
2955 3859 3367 3926 corporalitatis,
3395 3878 3517 3934 qua:

1920 3943 2233 4001 substantia:
2268 3957 2356 3998 res
2382 3953 2463 3999 est
2497 3960 2511 3999 :
2545 3945 2590 3999 si
2615 3960 2718 4015 qua
2747 3944 3104 4019 incorporalia
3131 3951 3251 4023 (tl)
3300 3954 3379 4010 eis
3421 3953 3517 4012 ad.

1474 4040 1858 4100 LECTIONES
1898 4040 2312 4100 VARIANTES.

265 4144 337 4208 (l)
368 4143 434 4194 Et
462 4142 540 4208 sic»
557 4139 785 4208 mutabit:
803 4139 926 4208 Jun.

289 4198 343 4272 Ξ)
368 4208 489 4272 Qua:
514 4206 629 4272 dum
654 4200 801 4253 Ssnd.
842 4198 1037 4272 obcrtli.
1115 4259 1127 4272 Ι
1173 4264 1206 4272 _
1277 4261 1289 4272 '

289 4211 343 4281 2)
368 4211 489 4266 Qua:
514 4211 629 4252 dum
654 4211 801 4253 Sena.
842 4211 1037 4251 oocrut.
1277 4261 1289 4272 .

266 4211 343 4333 (ὃ)
370 4269 505 4333 mare
530 4266 758 4333 Oceanus
784 4274 932 4315 I-‘ran.
951 4259 1142 4333 Prnnel.
1163 4264 1474 4333 Poris._1’ost
1495 4275 1602 4315 vero
1619 4259 1809 4314 Rheno-

200 4324 338 4393 nvin;
370 4327 539 4393 Rigalt.
564 4335 722 4379 servat
746 4326 1021 4393 hactenus;
1044 4324 1113 4377 ita
1135 4338 1303 4393 oneres
1325 4327 1577 4388 deinceps.

267 4385 342 4506 (Α)
513 4399 683 4503 lj’iptest
705 4389 1133 4439 adsimilitudiuem
1169 4389 1233 4438 de
1272 4403 1363 4439 suo
1398 4385 1633 4453 prteStare
1658 4385 1809 4439 then.

267 4472 319 4504 ῘΙΝ
346 4493 358 4504 .
488 4467 511 4502 Γ
571 4490 584 4503 .

199 4457 358 4511 Seml.
385 4457 584 4506 (πει-ιιι.

268 4520 338 4583 (5)
367 4519 593 4567 Virtutes
631 4523 683 4565 et
712 4519 983 4578 potestates
1018 4527 1132 4565 suas
1185 4511 1337 4566 Rhea.
1378 4508 1571 4565 Punici.
1614 4506 1808 4563 Obcrth.

202 4582 407 4633 Virtute
432 4587 485 4631 et
509 4586 755 4644 potestate
777 4592 864 4627 sua
886 4587 1001 4627 Jun.

1978 4136 2050 4195 (6)
2079 4134 2181 4184 Erit
2204 4130 2355 4186 Rhen.
2375 4133 2525 4186 Seml.

1980 4198 2181 4267 (Πρω)
2206 4197 2360 4267 verbo
2388 4196 2554 4267 nttini_a
2589 4197 2762 4267 desunt
2810 4199 2960 4267 Men.
3006 4208 3052 4267 et
3080 4204 3363 4263 sequacibus
3384 4208 3509 4267 ejus.

1979 4256 2052 4334 (β)
2086 4256 2283 4334 Ραψει..
2318 4260 2470 4309 Fran.
2496 4259 2661 4333 Poris.
2692 4264 2866 4327 Rigalt.
2887 4263 2958 4314 sic
3013 4256 3172 4329 legunt
3191 4281 3208 4327 ;
3247 4268 3333 4318 alii
3365 4256 3509 4332 tttttltl,

1914 4330 2330 4385 reciprocationis,
2357 4330 2693 4385 reparationis.

1993 4385 2065 4449 (9)
2084 4384 2275 4456 Ratipni
2302 4386 2417 4456 satis
2439 4384 2589 4456 Biton.
2620 4385 2771 4456 Stant.
2801 4395 2849 4456 et
2886 4386 3085 4456 pberth.
3113 4388 3186 4456 ret
3224 4392 3511 4446 mendorum

1916 4446 2220 4514 seqnox;_alii
2238 4448 2692 4514 ratiocinarizeJnn.
2725 4448 2861 4514 ltatio
2884 4451 2978 4514 ista
3000 4457 3078 4501 est
3098 4452 3200 4503 alii.

1983 4507 2085 4574 '(IO)
2114 4510 2378 4574 liiaiiimata
2402 4507 2589 4574 Emori.
2617 4524 2643 4560 θ
2666 4512 2757 4574 cert
2809 4512 2961 4574 ratio.

1836 4554 1891 4615 D
1984 4554 2087 4636 ξιῑ)
2110 4554 2537 4635 Ϊιιίέὀῖίὶὸῐέἷιῐιιέίιῖ
2555 4554 2935 4625 senatorum:

1567 4673 2130 4733 COMMENTARIUS.

276 4778 356 4853 (ο)
393 4778 459 4853 Et
484 4774 876 4853 stelltzqnidetn
916 4772 980 4853 de
1008 4772 1133 4827 cmlo
1163 4782 1326 4835 ruent,
1356 4773 1502 4853 sicut_
1638 4773 1807 4853 arbor.

205 4842 516 4909 verbalth
542 4865 610 4904 ex
640 4842 959 4919 Apocalypsi
982 4855 1263 4914 desumpta
1278 4854 1419 4909 sunt,
1453 4843 1538 4897 tibi
1568 4844 1645 4897 sic
1673 4842 1809 4912 legi-

208 4928 429 4982 turnus;
453 4932 497 4977 oi.
524 4925 713 4990 ἀστέρες
738 4926 820 4975 τοῦ
848 4921 1045 4988 cingi-tui;
1073 4925 1242 4971 {nam
1271 4920 1336 4978 εἰς
1365 4926 1451 4973 τὶν
1473 4926 1577 4987 γεὲν,
1601 4922 1660 4974 ὡς
1689 4923 1813 4969 auxit

202 5005 377 5067 βάλλει
425 5004 534 5054 τοὺς
575 4998 789 5051 ὀλὺνοους
815 4993 962 5067 αὗιτῃ
992 4993 1083 5067 bed
1117 4994 1328 5067 μεγᾷλρυ
1357 4993 1534 5055 ἀνὶμιυ
1560 4994 1775 5067 σειομένη
1796 5027 1811 5049 ,

206 5058 309 5123 hoc
361 5077 466 5132 est,
530 5074 575 5118 et
644 5064 802 5116 stella:
850 5062 912 5113 de
965 5060 1088 5112 cwlo
1145 5058 1451 5123 occiderunt,
1499 5062 1628 5111 sicut
1686 5060 1814 5123 [iens

207 5139 381 5210 objicit
451 5152 653 5209 graues
722 5149 838 5210 suos
884 5147 997 5183 cum
1048 5147 1079 5182 α
1116 5147 1309 5210 magno
1344 5141 1489 5183 vento
1560 5139 1805 5210 movetur.

206 5201 378 5266 Porro
398 5201 580 5265 alin/tot
601 5206 787 5275 grrecis
823 5210 945 5255 sunt
972 5201 1311 5275 quos_Latiui
1342 5215 1556 5270 grossos
1589 5208 1799 5275 vocant,

204 5284 309 5338 hoc
338 5290 425 5337 est
451 5281 538 5334 tici
559 5270 793 5333 ttondqu
823 5285 1061 5327 Iltttllll'ﬂt.
1090 5270 1451 5327 Tertullianus
1478 5286 1573 5339 pro
1603 5270 1805 5340 grossis

202 5355 390 5420 vertit,
416 5354 597 5405 acerbo
617 5365 710 5403 suo
744 5363 762 5400 :
790 5344 954 5401 cilitio
983 5341 1205 5420 Vulgata
1234 5343 1409 5420 habet
1436 5358 1639 5420 grossos
1661 5358 1801 5420 suos,

200 5435 285 5482 est
336 5410 517 5479 autem
562 5420 749 5477 eadem
794 5410 1180 5487 propemodum
1232 5410 1805 5487 interpretatio,Aquod

200 5497 366 5553 vertit
430 5485 813 5549 Tertullianusl
882 5485 1014 5541 Nam
1084 5487 1211 5541 nihil
1263 5487 1404 5539 aliud
1476 5494 1558 5538 est
1616 5485 1807 5537 δλυνἹον

201 5570 321 5623 sive
365 5581 608 5635 gressus.
650 5577 809 5632 quam
852 5560 984 5613 licus
1012 5556 1148 5635 dura
1186 5557 1359 5635 adhuc
1400 5565 1559 5624 atque
1588 5556 1802 5608 acerba.

202 5628 523 5695 Theodorus
551 5628 693 5691 Gaza
720 5634 770 5686 iu
803 5646 964 5701 opere
1005 5628 1069 5682 de
1100 5630 1295 5699 plantis
1322 5634 1510 5682 σλυννον
1538 5636 1689 5681 vocat
1709 5641 1803 5679 ca-

201 5713 472 5784 prilicum.
507 5708 679 5784 linea.

277 5783 362 5852 (b)
415 5780 527 5835 Fui
574 5780 725 5833 arbor
769 5774 948 5830 acerbo
995 5790 1089 5829 sua
1128 5771 1333 5825 amittit.
1378 5770 1609 5894 Grosgos
1660 5782 1806 5823 suos.

1557 5854 1627 5894 ιιι.

1557 5854 1627 5895 IG.

276 5925 351 6001 (c)
375 5922 444 5982 Et
467 5924 583 5999 jam
607 5936 746 5979 mare
762 5920 1021 5977 hactenus.
1047 5914 1161 5973 Hoc
1182 5923 1286 5983 est,
1306 5912 1423 5972 Non
1442 5909 1811 5983 eritamplius.

1915 4772 2197 4863 S'icilsupra
2220 4773 2337 4863 ,nde'
2354 4773 2961 4863 7cml0,n1\'usquom'fiet.
2988 4778 3076 4835 Sic
3104 4780 3195 4834 lib.
3226 4781 3290 4863 de
3316 4780 3511 4852 Pollio,

1917 4843 2176 4898 Hactenus
2228 4845 2473 4900 Sodoma.
2527 4847 2643 4900 llic.
2693 4843 2766 4887 ἐ-
2819 4843 2991 4903 Etiam
3064 4869 3202 4906 mare
3249 4843 3511 4913 hactenus:

1916 4916 2019 4996 Alii
2063 4931 2158 4996 pro
2194 4916 2437 4996 hactenus
2466 4918 2659 4996 habent
2687 4918 2948 4996 Oceanus,
2968 4936 3159 4977 sensus
3190 4934 3315 4979 tunc
3347 4940 3511 4996 CSset,

1919 4988 2081 5041 etiam
2104 4986 2349 5042 Oceanus
2378 4990 2441 5042 iis
2467 4988 2766 5054 deerit,sed
2798 5007 2903 5046 non
2937 4992 3174 5048 insolens
3197 5011 3257 5048 ea
3291 5013 3393 5051 vox
3428 4986 3511 5055 est

1922 5058 2537 5183 lioctepnsger-tulliano,
2563 5078 2663 5131 qua
2691 5064 2855 5117 utitur
2886 5080 3002 5134 pro,
3036 5067 3141 5131 join
3167 5083 3267 5121 non
3296 5080 3388 5136 est,
3421 5081 3515 5127 aut

1922 5141 2031 5183 ent.
2110 5146 2140 5183 ε
2214 5146 2265 5183 ιι.

1919 5141 2031 5183 σιίι.
2066 5141 2140 5184 LE
2173 5141 2265 5183 ΓΚ.

1986 5220 2140 5275 CAP.
2164 5220 2403 5275 XXXVI.
2429 5252 2496 5261 —-
2524 5222 2604 5293 (d)
2638 5224 2839 5289 Quanto
2866 5228 2973 5279 [nec
2998 5229 3181 5282 rectior
3210 5232 3381 5284 ratio?
3411 5233 3510 5287 nisi

1908 5294 2043 5360 quod
2137 5304 2239 5345 tum
2266 5304 2424 5368 rectos
2440 5294 2599 5368 tinens
2616 5297 2779 5360 ducis,
2804 5294 3165 5368 Hermogenes.
3194 5301 3291 5355 Ubi
3318 5313 3478 5359 estalt
3499 5336 3513 5347 -

1911 5364 2139 5445 ιιοιςιιιιιη
2169 5382 2178 5431 ι
2204 5363 2515 5417 rovcrbialis
2546 5365 2791 5428 formula,
2822 5383 2850 5420 a
2883 5363 3148 5445 pictorum
3170 5382 3306 5439 arte,
3336 5377 3512 5445 qualis

1910 5446 2026 5519 erat
2056 5435 2419 5519 l‘lt-rinogenes
2453 5446 2713 5519 uiutu‘ata,
2739 5435 2898 5519 rect-os
2926 5442 3084 5495 tineas
3116 5435 3319 5513 ducere,
3356 5435 3509 5519 'qua—

1912 5504 1978 5559 lis
2001 5516 2081 5559 est
2103 5509 2261 5560 etiam
2292 5507 2398 5569 illa,
2425 5508 2557 5560 ultra
2591 5508 2793 5563 lineam.
2830 5511 2962 5565 Pan.

1987 5600 2062 5675 (ιι)
2091 5597 2160 5675 Ut
2185 5598 2505 5675 innninmlia.
2539 5599 2720 5675 Vatic.
2740 5602 2861 5675 cod.
2906 5604 3029 5658 Mss.
3069 5606 3350 5662 inanimato
3374 5652 3388 5675 ,
3418 5610 3513 5666 sed

1916 5670 2226 5746 illnd_i_n_il_oi_
2275 5672 2724 5746 iinumtare,quod
2770 5674 2954 5746 eadem
3007 5681 3345 5746 reperiantur
3376 5670 3512 5736 intra

1915 5758 2031 5811 cap.
2066 5740 2246 5806 XCIV,
2280 5753 2331 5797 et
2360 5740 2619 5811 ejusmodi
2670 5744 2926 5800 obsoletis
2969 5740 3188 5802 vocibus
3220 5750 3294 5804 uti
3342 5753 3517 5809 Soleat

1915 5824 2139 5941 auctori)
2151 5814 2323 5884 qualis
2363 5824 2446 5869 est
2470 5814 2630 5871 etiam
2674 5815 2785 5886 illa,
2819 5820 3213 5891 corporalitotis,
3247 5830 3300 5877 et
3349 5822 3515 5880 incor-

1919 5901 2064 5941 nora.
2143 5900 2236 5941 Αιι.

1917 5901 2064 5958 pora.
2097 5900 2236 5942 ιἈιι.
