4262 6490
766 384 870 443 231

2191 391 2656 452 TERTULLIANI

3965 393 4074 451 232

772 508 918 565 sunt,
951 507 1045 554 aut
1073 505 1245 567 actus,
1285 507 1378 556 aut
1405 499 1706 571 passiones,
1736 510 1829 558 aut
1854 503 2053 572 ofﬁcia,
2086 504 2163 577 (a)
2184 517 2279 561 aut
2307 507 2369 561 li-
2394 510 2444 570 Α
2473 507 2623 575 Quod
2665 507 2885 575 bonum,
2919 521 3025 564 non
3055 506 3350 574 desiderat,
3382 515 3476 563 aut
3504 522 3611 563 non
3646 516 3816 578 optat,
3845 517 3936 563 aut
3962 524 4072 563 non

765 591 978 647 bidines
1008 607 1217 660 eorum,
1245 609 1350 650 non
1374 594 1651 663 portiones
1691 594 2029 667 deputamus.
2073 599 2192 665 Quo
2233 615 2363 670 ergo

767 683 914 748 facit,
949 685 1246 754 portionem
1286 688 1521 743 materie
1577 689 1631 743 in
1686 699 1891 744 motum
1922 691 2232 763 disponere,
2272 693 2362 764 qui

765 792 872 832 non
901 777 966 833 ad
987 777 1342 834 substantiam
1380 782 1631 851 pertinet,
1664 784 1757 839 sed
1779 784 1844 840 ad
1871 785 2182 845 substantiae
2211 786 2364 842 babi-

767 869 922 924 tum?
949 869 1086 938 Quid
1113 870 1257 928 enim
1283 873 1327 927 si
1375 873 1707 931 immobilem
1755 876 2045 948 placuisset
2077 878 2171 934 tibi
2208 880 2365 938 indu-

766 976 892 1018 cere
920 964 1222 1030 materiam,
1256 967 1512 1038 numquid
1556 968 1904 1028 immobilitas
1947 974 2186 1030 secunda
2241 991 2367 1047 pars

767 1055 955 1112 formas
983 1057 1284 1114 videretur?
1317 1059 1407 1116 Sic
1452 1062 1630 1134 itaque
1659 1079 1761 1120 nec
1806 1075 1985 1122 motus
2016 1085 2029 1122 :
2062 1068 2136 1140 (b)
2168 1069 2261 1124 sed
2299 1069 2368 1126 de

769 1159 916 1206 motu
944 1159 1000 1207 et
1021 1151 1148 1209 alibi
1175 1153 1356 1210 licebit
1383 1156 1482 1227 (1).

1302 1308 1530 1366 CAPUT
1569 1311 1834 1369 XXXVII.

841 1447 990 1504 Nunc
1030 1448 1172 1505 enim
1203 1447 1358 1506 video
1389 1458 1439 1505 te
1469 1449 1533 1508 ad
1573 1451 1732 1506 aliam
1765 1449 1846 1523 (2)
1890 1468 2074 1509 rursus
2107 1453 2368 1510 rationem

769 1544 1136 1612 reverti.qute
1190 1541 1283 1596 tibi
1339 1542 1472 1597 nihil
1521 1545 1653 1598 certi
1706 1546 2014 1600 renuntiare
2067 1549 2365 1602 consuevit.

769 1636 902 1693 Nam
931 1637 1069 1694 sicut
1097 1637 1176 1704 (3)
1207 1651 1305 1690 nec
1331 1638 1666 1707 corporalem
1720 1654 1817 1692 nec
1861 1639 2249 1710 incorporalem
2284 1643 2368 1695 in-

771 1729 882 1786 fers
913 1729 993 1800 (4)
1023 1729 1323 1796 materiam,
1367 1729 1436 1783 ita
1479 1745 1576 1785 nec
1626 1731 1820 1785 bonam
1867 1748 1964 1801 nec
2008 1733 2201 1786 malam
2244 1735 2372 1788 alle-

767 1839 864 1894 gas
888 1824 970 1895 (5)
1001 1841 1013 1877 :
1041 1822 1886 1894 etproindesuperargumentans
1919 1825 2002 1894 (6)
2031 1842 2044 1877 ε
2077 1845 2094 1876 ι
2122 1825 2176 1883 Si
2195 1827 2365 1892 enim,

771 1916 970 1987 inquis,
993 1925 1136 1970 esset
1161 1916 1298 1973 bona
1323 1933 1442 1986 quae
1468 1931 1682 1987 semper
1723 1917 1824 1972 hoc
1856 1917 2046 1984 fuerat,
2082 1935 2188 1973 non
2220 1919 2367 1974 desi-
2399 1911 2446 1970 B

769 2009 982 2065 deraret
1010 2009 1460 2080 compositionem
1505 2009 1596 2063 Dei
1633 2027 1645 2063 :
1685 2011 1728 2064 si
1769 2019 1912 2065 esset
1970 2021 2158 2066 natura
2206 2012 2366 2077 mala,

770 2120 875 2160 non
922 2105 1216 2174 accepisset
1263 2104 1666 2159 translationem
1717 2105 1767 2158 in
1817 2105 2054 2160 melius:
2090 2121 2187 2160 nec
2216 2105 2369 2176 quic-

771 2213 930 2267 quam
997 2195 1403 2265 compositionis
1464 2212 1577 2252 Sine
1645 2196 1991 2266 applicuisset
2070 2197 2141 2250 illi
2227 2197 2371 2255 Deus

769 2290 862 2346 tali
915 2299 1101 2344 natura
1161 2306 1174 2342 :
1236 2290 1288 2342 in
1343 2303 1566 2342 vacuum
1622 2289 1741 2357 (7)
1797 2289 1938 2344 enim
1991 2289 2310 2345 laborasset.
2345 2310 2364 2342 ι

772 2381 944 2437 Verba
999 2379 1114 2434 haec
1167 2388 1252 2433 tua
1308 2389 1434 2435 sunt
1483 2397 1495 2433 :
1565 2394 1794 2449 quorum
1859 2390 1909 2434 te
1962 2389 2017 2435 et
2070 2381 2197 2436 alibi
2253 2397 2370 2436 me-

771 2472 994 2528 minisse
1021 2479 1348 2542 oportuerat,
1385 2487 1451 2526 ne
1478 2470 1605 2541 quid
1639 2471 1722 2525 his
1752 2472 2081 2531 contrarium
2125 2473 2368 2530 inferres.

769 2565 878 2621 Sed
901 2565 1154 2634 quoniam
1179 2564 1248 2619 de
1277 2564 1402 2618 mali
1424 2572 1479 2618 et
1503 2564 1628 2618 boni
1674 2564 2024 2636 ambiguitate
2073 2581 2236 2637 super
2257 2582 2370 2622 ma-

771 2658 964 2713 teriam
999 2657 1050 2710 in
1081 2656 1369 2727 praeteritis
1389 2655 1586 2726 aliquid
1615 2657 1966 2712 tractavimus
1999 2657 2101 2726 (8),
2134 2672 2274 2711 nunc
2305 2657 2370 2712 ad

772 2758 1095 2820 praesentem
1122 2759 1176 2805 et
1201 2749 1370 2803 solam
1403 2748 1830 2817 propositionem
1860 2759 1912 2802 et
1950 2751 2371 2820 argumentatio-

775 2857 898 2896 nem
934 2850 1077 2896 tuam
1099 2839 1459 2910 respondebo.
1493 2839 1603 2896 Nec
1629 2840 1826 2905 dicam,
1855 2850 1908 2894 et
1934 2840 2019 2895 hic
2061 2850 2114 2897 te
2162 2852 2367 2897 certum

771 2934 971 3004 aliquid
1009 2934 1259 2990 debuisse
1313 2934 1688 3003 pronuntiasse
1741 2942 1836 2989 aut
1885 2933 2102 2998 bonam,
2135 2946 2227 2988 aut
2252 2950 2368 2990 ma-

772 3027 878 3082 Iam
935 3026 1033 3098 (9),
1079 3036 1172 3081 aut
1204 3027 1418 3081 tertium
1460 3024 1660 3096 aliquid
1694 3045 1707 3080 :
1737 3026 1832 3081 sed
1861 3026 1930 3084 de
1955 3027 2037 3079 bis
2068 3026 2184 3096 (10)
2227 3030 2369 3098 quod

773 3123 866 3178 tibi
920 3123 1071 3178 libuit
1119 3121 1516 3190 pronuntiasse,
1563 3118 1884 3174 custodisse.
1917 3118 2200 3175 ltescindis
2225 3122 2369 3176 enim

771 3214 918 3284 quod
951 3213 1300 3284 pronuntiasti
1329 3228 1427 3266 nec
1455 3211 1649 3266 bonam
1682 3226 1780 3266 nec
1807 3212 2036 3266 malam:
2081 3214 2204 3284 quia
2248 3231 2369 3272 cum

773 3307 946 3362 dicis:
971 3305 1030 3361 Si
1056 3315 1184 3360 esset
1231 3305 1383 3371 bona,
1417 3321 1521 3358 non
1575 3304 1883 3358 desideraret
1922 3308 2160 3372 componi
2180 3325 2210 3360 α
2240 3306 2366 3372 Deo,
2397 3307 2442 3369 C

775 3402 970 3458 malam
1007 3399 1285 3471 portendis
1311 3417 1323 3452 :
1357 3408 1412 3454 ct
1434 3415 1554 3452 cum
1582 3399 1808 3469 apponis
1839 3397 1937 3454 :Si
1961 3409 2088 3452 esset
2116 3401 2252 3454 mala
2283 3417 2373 3452 rm-

775 3505 913 3557 tura,
944 3509 1043 3547 non
1081 3492 1366 3545 admitteret
1408 3491 1459 3544 in
1491 3490 1670 3544 melius
1721 3490 2125 3556 translationem,
2176 3492 2370 3547 bonam

773 3583 1252 3655 subostcndis(ll)
1281 3593 1480 3653 :atque
1507 3586 1576 3637 ita
1613 3593 1667 3638 et
1709 3583 1830 3637 boni
1872 3592 1928 3638 et
1975 3583 2100 3638 mali
2153 3583 2370 3640 afﬁnem

775 3678 1102 3737 constituisti
1134 3675 1276 3748 (12),
1305 3689 1464 3747 quam
1496 3690 1596 3730 nec
1624 3675 1819 3729 bonam
1861 3691 1965 3730 nec
1995 3675 2189 3730 malam
2244 3691 2370 3747 pro-

775 3771 1055 3829 nuntiasti.
1095 3769 1164 3826 Ut
1202 3779 1380 3825 autem
1412 3765 1529 3839 (15)
1550 3767 2093 3838 argumentationem,
2124 3782 2226 3838 qua
2279 3783 2374 3838 pu-

778 3867 902 3920 tasti
949 3873 1000 3920 te
1046 3861 1464 3934 propositionem
1500 3871 1642 3915 tuam
1682 3861 2143 3926 conﬁrmaturum,
2188 3869 2374 3915 retun-

775 3957 924 4024 dam,
971 3971 1185 4029 oppono
1223 3956 1384 4012 etiam
1431 3955 1557 4013 illud
1589 3955 1682 4011 :Si
1737 3955 1874 4010 bona
1923 3953 2110 4010 fuisset
2151 3957 2376 4011 materia

779 4065 1013 4122 semper,
1045 4063 1211 4121 quare
1237 4063 1346 4105 non
1371 4046 1734 4104 desiderasset
1757 4046 1810 4102 in
1834 4047 2027 4103 melius
2055 4044 2378 4102 reformari?

2467 603 2608 672 capit
2630 601 2742 674 (14)
2761 602 3092 672 profectum?
3121 613 3177 657 ut
3196 601 3370 659 ﬁatde
3397 602 3539 657 bono
3566 603 3780 656 melius.
3800 602 3998 673 IEque,
4030 603 4072 654 si

2468 693 2610 752 mala
2640 704 2826 749 natura
2872 694 3077 760 fuisset,
3121 711 3286 765 quare
3318 711 3422 749 non
3451 695 3684 765 potuerit
3712 711 3744 752 a
3796 696 3906 749 Deo
3936 711 4071 748 con-

2469 787 2624 854 verti,
2656 797 2761 842 uta
2795 789 3116 858 potentiore,
3150 797 3209 842 ut
3256 789 3325 842 ab
3369 805 3436 843 eo
3465 789 3555 859 qui
3599 788 3834 858 lapidum
3877 805 4078 859 quoque

2469 891 2707 936 naturam
2735 893 3019 937 conuertere
3037 883 3202 937 valeat
3226 883 3278 936 in
3301 881 3438 950 ﬁlios
3462 883 3679 936 Abrahw
3701 880 3940 952 (Matth,
3958 882 4078 948 IV)?

2468 976 2672 1048 Nempe
2688 992 2819 1048 ergo
2835 994 2940 1032 non
2965 987 3169 1032 tantum
3182 992 3465 1047 comparas
3495 979 3658 1033 Deum
3677 978 3793 1049 (l5)
3815 979 4074 1042 materne,

2469 1069 2566 1126 sed
2589 1078 2646 1125 et
2662 1069 2903 1139 subjicis,
2934 1086 2962 1122 a
2990 1085 3097 1139 quo
3126 1077 3315 1124 natura
3345 1070 3584 1124 materiae
3611 1069 3820 1124 devinci
3844 1078 3899 1125 et
3939 1068 4076 1124 edo-

2470 1163 2604 1216 mari
2627 1161 2742 1231 (16)
2769 1161 2822 1214 in
2858 1160 3051 1218 melius
3079 1176 3184 1215 non
3219 1161 3496 1230 potuisset.
3527 1160 3633 1218 Sed
3663 1169 3718 1215 et
3773 1176 3934 1231 quam
3995 1161 4080 1214 hic

2471 1268 2577 1309 non
2602 1254 2682 1308 vis
2709 1263 2897 1309 natura
2929 1254 3148 1320 malam,
3173 1254 3298 1308 alibi
3331 1265 3382 1309 te
3427 1254 3736 1310 confessum
3761 1254 4006 1326 negabis.

2995 1378 3221 1435 CAPUT
3253 1378 3542 1435 XXXVIII.

2546 1493 2620 1550 De
2677 1495 2780 1551 situ
2809 1495 3048 1551 materiae
3078 1497 3126 1551 id
3159 1507 3349 1560 tractu.
3379 1497 3522 1567 quod
3550 1507 3605 1553 et
3643 1497 3710 1552 de
3741 1509 3888 1552 motu
3921 1498 4068 1567 (I7),

2476 1596 2531 1641 ut
2566 1582 2973 1657 perversitatem
3019 1602 3161 1645 tuam
3210 1591 3472 1647 traducat.
3529 1591 3906 1662 Subjacenlem
3954 1595 4083 1647 lacis

2478 1681 2589 1735 Deo
2621 1683 2924 1745 materiam,
2978 1693 3033 1738 ct
3089 1687 3270 1755 utique
3327 1687 3503 1741 locum
3557 1687 3630 1740 illi
3688 1688 3777 1756 qui
3821 1687 3890 1742 sit
3946 1687 4082 1741 infra

2477 1773 2662 1830 Deum.
2694 1773 2752 1829 In
2783 1775 3046 1848 locoergo
3067 1779 3311 1834 materia.
3338 1779 3391 1834 Si
3427 1782 3477 1832 in
3506 1779 3645 1843 loco,
3672 1796 3801 1851 ergo
3830 1781 3969 1836 intra
4002 1781 4080 1834 lo-

2473 1880 2594 1919 cum
2632 1885 2643 1919 :
2671 1866 2715 1920 si
2740 1867 2874 1922 intra
2906 1868 3104 1936 locum,
3138 1887 3267 1941 ergo
3290 1871 3682 1926 determinatur
3711 1887 3738 1926 a
3771 1871 3911 1936 loco,
3944 1873 4082 1926 intra

2474 1971 2634 2026 quem
2669 1967 2751 2010 est
2784 1977 2796 2011 :
2829 1959 2873 2012 si
2898 1958 3311 2024 determinatur,
3348 1962 3506 2017 habet
3538 1961 3730 2016 lineam
3761 1971 4080 2025 extremam,

2473 2067 2631 2120 quam
2657 2051 2750 2122 (ε),
2771 2063 3030 2121 quantum
3053 2055 3264 2124 preprie
3289 2054 3477 2124 pictor,
3505 2056 3753 2125 agnoscis
3772 2055 3932 2110 ﬁnem
3965 2071 4084 2110 esse

2475 2147 2619 2198 omni
2642 2146 2915 2214 rei,,cujus
2931 2148 3068 2201 linea
3088 2158 3328 2203 extrema
3345 2159 3447 2203 cst.
3464 2148 3577 2206 Non
3600 2165 3728 2220 ergo
3746 2151 3849 2205 erit
3864 2148 4081 2209 inﬁnita

2475 2240 2728 2304 materie,
2761 2254 2879 2307 quae
2906 2239 3030 2294 dum
3067 2240 3116 2294 in
3145 2240 3262 2294 loco
3289 2251 3368 2294 est
3402 2241 3540 2312 (l8),
3565 2257 3592 2294 a
3621 2242 3748 2297 loco
3769 2241 3881 2312 (19)
3907 2241 4084 2296 deter-

2478 2329 2733 2393 minatur,
2759 2341 2812 2383 et
2853 2330 2980 2386 dum
3011 2330 3402 2389 determinatur
3443 2333 3510 2388 ab
3539 2333 3652 2399 illo,
3680 2345 3918 2387 extrema
3962 2348 4083 2390 eum

2478 2421 2617 2476 linea
2647 2423 2861 2492 patitur.
2886 2427 2954 2478 At
2974 2434 3027 2479 tu
3051 2425 3312 2479 inﬁnitam
3341 2426 3492 2490 facis,
3512 2426 3698 2481 dicens
3728 2445 3740 2478 :
3771 2426 3980 2482 Inﬁnita
4005 2437 4087 2482 est

2475 2523 2678 2582 autem,
2712 2532 2777 2571 eo
2804 2516 2946 2588 quod
2971 2531 3187 2587 semper
3213 2528 3310 2573 est.
3361 2519 3426 2574 Et
3470 2521 3513 2573 si
3545 2520 3664 2590 quis
3695 2519 4083 2590 discipulorum

2477 2615 2688 2662 tuorum
2718 2609 2950 2662 voluerit
2979 2610 3365 2680 argumentari,
3418 2613 3568 2679 quasi
3616 2611 3933 2667 inﬁnitatem
3967 2611 4079 2682 (20)

2473 2716 2615 2765 tevo,
2651 2716 2759 2755 non
2784 2701 2946 2756 modo
2979 2703 3096 2772 (‘21)
3128 2705 3370 2773 corporis
3402 2704 3629 2775 intelligi
3673 2706 3805 2759 velis
3843 2723 3855 2756 :
3899 2715 4084 2774 atquin

2474 2793 2834 2865 corporaliter
2875 2793 3161 2857 inﬁnitam,
3205 2795 3566 2864 corporaliter
3606 2792 3723 2867 (22)
3759 2797 4084 2850 immensam

2474 2896 2528 2941 et
2553 2887 3093 2956 incircumscriptam,
3127 2889 3407 2958 sequentia
3453 2888 3764 2942 ostendunt.
3799 2887 3979 2953 Unde,
4011 2888 4087 2940 in-

2475 2978 2616 3048 quis,
2644 2993 2742 3032 nec
2793 2988 2900 3032 tota
2935 2979 3246 3044 fabricatur,
3280 2978 3376 3034 sed
3407 2990 3584 3050 partes
3611 2981 3748 3050 ejus.
3793 2981 3946 3035 Adeo
3969 2996 4086 3034 cor-

2477 3084 2608 3138 pore
2639 3069 2867 3135 inﬁnita,
2893 3085 2997 3125 non
3033 3082 3275 3140 tempore
3301 3081 3406 3128 est.
3437 3071 3504 3127 Et
3527 3072 3814 3129 obduceris
3839 3073 3946 3142 (d),
3970 3089 4086 3127 cor-

2478 3175 2610 3230 pore
2639 3176 2756 3214 eam
2778 3161 3041 3216 inﬁnitam
3066 3161 3290 3229 faciens,
3323 3180 3442 3217 cum
3474 3164 3647 3221 locum
3673 3165 3720 3220 ei
3749 3164 4084 3229 ItISCl‘IbellS,

2477 3252 2614 3305 intra
2665 3252 2840 3306 locum
2870 3263 2925 3307 et
2965 3263 3262 3308 extremam
3314 3255 3413 3308 loci
3462 3255 3657 3309 lineam
3701 3255 3949 3310 includis.
3985 3256 4087 3312 Sed

2479 3351 2678 3405 tamen,
2713 3361 2810 3398 cur
2837 3359 2940 3398 non
2976 3354 3140 3401 totam
3166 3361 3283 3399 eam
3314 3345 3628 3404 formaverit
3653 3347 3812 3410 Deus,
3839 3363 3946 3400 non
3978 3350 4088 3402 scio

2479 3437 2578 3492 nisi
2602 3454 2702 3508 qua
2731 3448 2827 3497 aut
2855 3438 3141 3503 invalidus,
3171 3450 3261 3496 aut
3285 3441 3519 3496 invidus.
3563 3440 3746 3512 Itaque
3777 3442 3896 3514 (25)
3924 3442 4086 3498 dimi-

2478 3529 2626 3587 dium
2653 3533 2770 3601 ejus
2792 3549 2910 3604 quae
2936 3549 3041 3588 non
3072 3543 3179 3588 tota
3211 3534 3434 3590 formata
3488 3537 3557 3591 sit
3588 3551 3793 3606 (tuaero,
3827 3547 3882 3590 ut
3913 3537 4088 3607 qualis

2478 3637 2585 3682 tota
2638 3626 3121 3698 fueritagnoscam.
3163 3629 3434 3684 Debuerat
3460 3631 3602 3684 enim
3645 3631 3783 3686 Deus
3815 3640 3871 3686 ut
3901 3644 4085 3686 exem-

2479 3719 2713 3790 plarium
2775 3719 2848 3792 (e)
2901 3721 3235 3791 antiquitatis
3303 3722 3368 3777 ad
3417 3722 3642 3793 gloriam
3681 3723 3863 3794 operis
3914 3722 4086 3793 palam

2479 3811 2692 3869 fecisse.

3036 3907 3264 3966 CAPUT
3302 3909 3549 3966 XXXIX.

2536 4049 2618 4106 Sit
2644 4065 2786 4106 nunc
2805 4048 3102 4117 deﬁnitiva,
3118 4049 3258 4105 sicut
3277 4050 3478 4106 reetius
3503 4048 3598 4105 tibi
3623 4048 3856 4118 videtur,
3878 4065 3971 4122 per
3994 4048 4086 4106 de-

2036 4180 2416 4242 LECTIONES
2478 4184 2887 4243 VARIANTES.

873 4321 916 4383 1)
941 4322 1165 4387 Liquetiit
1191 4319 1340 4373 Ithen.

868 4387 916 4437 3i
939 4384 1072 4437 Illam
1089 4384 1240 4437 Rhen.

867 4449 917 4499 3i
943 4449 1080 4499 Sicut
1105 4458 1248 4498 Han.
1293 4449 1418 4499 Par.

845 4507 918 4575 (4)
945 4510 1098 4575 Infert
1121 4507 1262 4561 Seml.

869 4573 918 4634 5)
945 4573 1255 4634 AdlegasSet.

864 4630 915 4699 6)
939 4630 1500 4699 Supei-argumentasset
1534 4632 1675 4684 Seml.
1711 4630 1908 4686 Oberth.
1949 4631 2375 4697 Superargumen-

781 4695 871 4752 tas.
899 4695 997 4747 Sed
1014 4695 1155 4748 ‘enim
1179 4697 1218 4746 si
1249 4695 1393 4748 flhen.

868 4761 918 4812 7)
947 4759 998 4810 In
1019 4774 1192 4809 vanum
1222 4769 1365 4812 Eran.

868 4762 894 4811 7
947 4761 998 4810 1η
1019 4774 1192 4809 vanum
1222 4769 1365 4812 Eran.

843 4761 918 4888 (8)
943 4822 1326 4888 Retractavimus
1350 4819 1670 4888 Rhen.__S_eml.

844 4881 918 4950 (9)
935 4887 1041 4950 _A_ut
1065 4887 1208 4950 bona,
1233 4890 1318 4950 aut
1339 4884 1459 4934 mala
1482 4881 1652 4935 iidem.

876 4945 949 5008 I0)
974 4947 1079 4997 Nec
1099 4945 1182 4995 hic
1208 4945 1351 4996 Ithen.
1377 4952 1422 4996 et
1443 4959 1686 5008 sequaces.

874 5005 950 5072 ll)
975 5010 1242 5075 Apponens
1258 5008 1471 5059 ostendit
1494 5005 1592 5060 edit
1617 5005 1764 5059 Rhen.
1791 5008 1958 5059 eodem
1978 5021 2136 5060 sensu.

2578 4322 2652 4383 l2)
2679 4321 2740 4372 Et
2761 4321 2964 4373 additur
2991 4320 3137 4372 Rhen.
3157 4317 3301 4372 sem].
3328 4328 3371 4373 et
3395 4319 3528 4375 aliis.

2549 4383 2654 4441 (125)
2677 4386 2728 4433 Si
2752 4393 2918 4434 autem
2945 4383 3089 4434 Ithen.
3117 4385 3260 4434 senti.
3289 4383 3484 4436 Oberth.

2547 4441 2652 4503 (11)
2677 4447 2814 4503 Cupit
2839 4446 2962 4497 male
2987 4446 3096 4496 rod.
3131 4448 3317 4496 Wonw.

2716 4462 2814 4494 lIDll
2839 4462 2962 4494 nune
2987 4462 3096 4494 ma.
3137 4462 3317 4494 wonw.

2547 4461 2652 4503 tu)
2677 4461 2814 4508 Lupn
2839 4461 2962 4497 nune
2987 4461 3096 4496 eoa.
3137 4461 3317 4496 wonw.

2544 4509 2646 4568 (lli)
2677 4509 2937 4558 Dominum
2965 4506 3111 4558 Rhen.
3132 4508 3281 4558 Seml.
3310 4508 3503 4558 Pamel.

2546 4569 2650 4634 (16)
2679 4570 2857 4634 Melius
2876 4573 3119 4634 potuisset
3143 4569 3464 4634 nlt_en.,Seml.

2576 4631 2648 4683 17)
2679 4632 2752 4681 De
2772 4631 2904 4682 motu
2926 4631 3069 4683 Ithen.
3093 4631 3234 4683 Seml.
3275 4631 3437 4682 Obert.

2573 4691 2651 4765 lii)
2678 4693 2731 4765 in
2758 4695 2861 4744 loco
2884 4709 2983 4758 quo
3009 4693 3225 4765 Rhen._et
3242 4691 3330 4746 alii
3350 4707 3482 4760 seqq.

2557 4757 2657 4818 (19)
2682 4755 2733 4818 In
2760 4771 2857 4818 quo
2881 4755 2957 4809 est
2979 4756 3120 4808 addit
3142 4758 3266 4807 Jun.

2551 4816 2657 4872 (20)
2687 4816 2924 4869 Inﬁnitam
2951 4819 3078 4870 [then
3103 4816 3292 4870 Pamel.

2575 4879 2654 4941 2i)
2683 4879 2819 4941 ᾸΞνο,
2850 4895 2943 4931 non
2970 4892 3100 4932 motu
3128 4883 3282 4930 Fran.

2577 4943 2659 4996 2!)
2687 4943 2748 4991 lit
2771 4943 3090 4996 corporaliter
3117 4943 3261 4993 Ithen.
3291 4944 3447 4996 ἴτων.

2576 5002 2654 5058 2‘5)
2681 5004 2744 5055 Ut
2766 5002 2966 5057 additur
2986 5016 3016 5056 tt
3039 5002 3295 5058 nonnullis.

2632 4509 2650 4751 ἒ

2636 4761 2659 5070 ἐ

2136 5129 2698 5191 COMMENTARIUS.

857 5281 936 5353 (a)
963 5279 1344 5353 Autlibidines
1373 5292 1568 5353 eorum.
1610 5273 1884 5353 Libidines
1923 5280 2078 5353 vocat
2117 5273 2383 5353 appetitus
2487 5270 2932 5353 ιιιιιιειιριῑιιῇιβίι
2957 5285 3449 5353 opuseamyocem
3481 5270 3916 5353 pratermittere.

785 5363 842 5412 ct
862 5345 1251 5410 inclinationes.
1294 5349 1382 5406 Sic
1417 5350 1469 5404 in
1509 5347 1600 5402 lib.
1632 5348 1692 5400 de
1717 5345 1999 5410 Patientia,
2042 5353 2096 5398 ut
2122 5361 2265 5406 cum,
2302 5345 2382 5397 in-

788 5427 924 5496 quit,
955 5427 1191 5496 intersese
1205 5421 1356 5496 rariis
1371 5429 1617 5496 sectarum
1639 5416 1932 5496 libidinibus
1945 5425 1999 5496 _e_t
2021 5417 2382 5496 sententiarum

787 5487 1198 5554 distillationibus
1214 5493 1522 5547 discordant.
1541 5488 1876 5546 Libidinibus
1896 5530 1911 5556 ,
1944 5488 1993 5542 id
2020 5487 2379 5612 οἲὲἁέὶυιιιίε.

2113 5574 2236 5612 “EN.

859 5639 940 5710 (δ)
967 5638 1073 5696 Sed
1102 5637 1328 5710 demotis
1357 5644 1400 5689 et
1428 5633 1556 5710 alibi
1576 5632 1760 5710 licebit.
1788 5630 2113 5710 Subauditur
2151 5629 2382 5710 disp-nm-

790 5700 876 5778 re,
908 5700 1007 5768 nisi
1035 5718 1118 5765 est
1168 5708 1365 5769 licebit,
1400 5720 1495 5778 pro
1521 5703 1756 5778 liquebit,
1792 5711 1850 5778 ut
1879 5702 1929 5754 in
1960 5700 2383 5778 praecedentibus

791 5771 884 5839 Iib'.
919 5784 1091 5838 licuit.
1122 5796 1252 5845 pro,
1291 5771 1454 5848 liquit,
1487 5774 1537 5830 id
1565 5786 1667 5836 εει,
1689 5771 1944 5843 liquidum
1977 5773 2164 5848 evasit.
2203 5771 2376 5848 lines.

863 5854 1013 5910 CAI’.
1030 5843 1182 5908 XXX
1197 5843 1490 5916 VIIIS—(c)
1519 5848 1682 5915 Quam
1709 5853 1949 5916 quantum
1974 5843 2176 5916 proprie
2196 5846 2376 5913 pictor.

790 5927 880 5985 Sic
900 5926 1119 5983 omnino
1136 5925 1218 5982 hic
1239 5923 1388 5980 locus
1406 5914 1558 5989 {nam
1573 5914 1816 5989 quantum
1829 5914 2038 5988 capitur
2052 5930 2149 5988 pro
2162 5914 2214 5969 in
2227 5929 2380 5986 quan-

2559 5341 2639 5406 (d)
2668 5341 2734 5395 Et
2764 5342 3051 5397 obduceris.
3081 5343 3387 5398 Monuimus
3416 5351 3541 5398 ante
3568 5359 3672 5398 non
3702 5343 3895 5407 semel,
3921 5344 4087 5399 obdu-

2487 5430 2610 5470 cere
2638 5424 2687 5468 et
2735 5413 2929 5468 obduci
2957 5413 3287 5470 Tertulliano
3329 5429 3452 5471 esse
3503 5415 3752 5470 refellere
3783 5423 3840 5469 et
3891 5414 4082 5470 refelli.

2487 5487 2600 5540 sive
2621 5485 2911 5557 contraria,
2945 5501 3007 5540 ac
3027 5487 3166 5540 inter
3187 5501 3244 5540 se
3273 5487 3564 5557 pugnantia
3601 5495 3938 5557 asserentem
3968 5501 4085 5554 cap-

2491 5557 2789 5611 tumtencri
2821 5556 2902 5610 vel
2926 5565 3131 5612 tenere.
3161 5555 3444 5611 Rne’nf—
3485 5555 3549 5610 Et
3575 5556 3859 5610 obduceris.
3912 5557 3989 5611 Ita
4033 5567 4086 5608 ut

2489 5627 2720 5683 evadere
2752 5641 2856 5680 non
2891 5629 3082 5694 possis.
3114 5627 3235 5684 “l6.

2564 5700 2638 5768 (e)
2675 5697 3060 5770 Exemplarium
3109 5700 3444 5770 antiquitatis.
3475 5698 3734 5767 lnlelligit
3784 5699 4079 5767 exemplar.

2483 5770 2572 5824 Sic
2604 5772 2760 5839 paulo
2788 5768 2905 5839 pust
2925 5788 2936 5823 :
2959 5768 3022 5822 Et
3055 5771 3128 5825 vis
3151 5768 3363 5824 meliora
3385 5771 3689 5824 deteriorum
3715 5770 4084 5839 exemplarium

2484 5845 2637 5912 ferre.
2680 5841 2792 5894 Non
2849 5841 3006 5895 aliter
3045 5842 3285 5895 adversus
3325 5841 3708 5897 Valentinianus
3761 5852 3987 5912 usurpat
4015 5841 4082 5896 si-

2480 5912 2748 5986 gillarium
2775 5926 2874 5985 pro
2903 5913 3146 5985 sigillari.
3171 5912 3292 5971 Bia.
