  <div class='ocr_page' id='page_1' title='image "/cluster/home/n/w/nwhite01/storage/ocr_20150623/2/hvd.32044015466741/136.png"; bbox 0 0 4262 6490; ppageno 0'>
   <div class='ocr_carea' id='block_1_1' title="bbox 225 351 327 409">
    <p class='ocr_par' dir='ltr' id='par_1_1' title="bbox 225 351 327 409">
     <span class='ocr_line' id='line_1_1' title="bbox 225 351 327 409; baseline -0.01 0"><span class='ocrx_word' id='word_1_1' title='bbox 225 351 327 409; x_wconf 69' lang='lat'><strong>953</strong></span> 
     </span>
    </p>
   </div>
   <div class='ocr_carea' id='block_1_2' title="bbox 1337 347 2474 410">
    <p class='ocr_par' dir='ltr' id='par_1_2' title="bbox 1337 347 2474 410">
     <span class='ocr_line' id='line_1_2' title="bbox 1337 347 2474 410; baseline -0.004 -2"><span class='ocrx_word' id='word_1_2' title='bbox 1337 349 1541 408; x_wconf 81' lang='lat' dir='ltr'><strong>LIBER</strong></span> <span class='ocrx_word' id='word_1_3' title='bbox 1581 347 1945 408; x_wconf 79' lang='lat' dir='ltr'><strong>ADVERSUS</strong></span> <span class='ocrx_word' id='word_1_4' title='bbox 1981 348 2474 410; x_wconf 75' lang='lat' dir='ltr'><strong>HERMOGENEM.</strong></span> 
     </span>
    </p>
   </div>
   <div class='ocr_carea' id='block_1_3' title="bbox 3427 351 3532 412">
    <p class='ocr_par' dir='ltr' id='par_1_3' title="bbox 3427 351 3532 412">
     <span class='ocr_line' id='line_1_3' title="bbox 3427 351 3532 412; baseline 0.019 -3"><span class='ocrx_word' id='word_1_5' title='bbox 3427 351 3532 412; x_wconf 73' lang='lat'><strong>931</strong></span> 
     </span>
    </p>
   </div>
   <div class='ocr_carea' id='block_1_4' title="bbox 227 467 3535 543">
    <p class='ocr_par' dir='ltr' id='par_1_4' title="bbox 227 467 3535 543">
     <span class='ocr_line' id='line_1_4' title="bbox 227 467 3535 543; baseline 0 -17"><span class='ocrx_word' id='word_1_6' title='bbox 227 471 549 526; x_wconf 87' lang='lat' dir='ltr'><strong>mutationes</strong></span> <span class='ocrx_word' id='word_1_7' title='bbox 575 482 698 525; x_wconf 87' lang='lat' dir='ltr'><strong>suas</strong></span> <span class='ocrx_word' id='word_1_8' title='bbox 727 477 780 525; x_wconf 91' lang='lat' dir='ltr'><strong>et</strong></span> <span class='ocrx_word' id='word_1_9' title='bbox 798 467 1175 524; x_wconf 88' lang='lat' dir='ltr'><strong>translationes</strong></span> <span class='ocrx_word' id='word_1_10' title='bbox 1205 488 1217 525; x_wconf 89' lang='lat'><strong>:</strong></span> <span class='ocrx_word' id='word_1_11' title='bbox 1260 471 1328 524; x_wconf 92' lang='lat' dir='ltr'><strong>sit</strong></span> <span class='ocrx_word' id='word_1_12' title='bbox 1356 479 1410 526; x_wconf 90' lang='lat' dir='ltr'><strong>et</strong></span> <span class='ocrx_word' id='word_1_13' title='bbox 1431 471 1828 541; x_wconf 86' lang='lat' dir='ltr'><strong>comprehensi-</strong></span> <span class='ocrx_word' id='word_1_14' title='bbox 1858 471 1908 530; x_wconf 82' lang='grc' dir='ltr'>Α</span> <span class='ocrx_word' id='word_1_15' title='bbox 1933 471 2109 541; x_wconf 90' lang='lat' dir='ltr'><strong>ginem</strong></span> <span class='ocrx_word' id='word_1_16' title='bbox 2162 471 2326 526; x_wconf 80' lang='lat' dir='ltr'><strong>refert</strong></span> <span class='ocrx_word' id='word_1_17' title='bbox 2372 469 2514 543; x_wconf 88' lang='lat'><strong>(10),</strong></span> <span class='ocrx_word' id='word_1_18' title='bbox 2562 476 2620 525; x_wconf 94' lang='lat' dir='ltr'><strong>ut</strong></span> <span class='ocrx_word' id='word_1_19' title='bbox 2646 468 2795 526; x_wconf 84' lang='lat' dir='ltr'><strong>dicas</strong></span> <span class='ocrx_word' id='word_1_20' title='bbox 2823 475 2989 525; x_wconf 90' lang='lat' dir='ltr'><strong>totttm</strong></span> <span class='ocrx_word' id='word_1_21' title='bbox 3030 469 3150 540; x_wconf 86' lang='lat' dir='ltr'><strong>ejus</strong></span> <span class='ocrx_word' id='word_1_22' title='bbox 3181 471 3420 543; x_wconf 88' lang='lat' dir='ltr'><strong>partilms</strong></span> <span class='ocrx_word' id='word_1_23' title='bbox 3443 488 3535 528; x_wconf 82' lang='lat' dir='ltr'><strong>co-</strong></span> 
     </span>
    </p>
   </div>
   <div class='ocr_carea' id='block_1_5' title="bbox 226 562 1832 632">
    <p class='ocr_par' dir='ltr' id='par_1_5' title="bbox 226 562 1832 632">
     <span class='ocr_line' id='line_1_5' title="bbox 226 562 1832 632; baseline 0.001 -16"><span class='ocrx_word' id='word_1_24' title='bbox 226 563 367 628; x_wconf 89' lang='lat' dir='ltr'><strong>bilis,</strong></span> <span class='ocrx_word' id='word_1_25' title='bbox 405 571 462 616; x_wconf 97' lang='grc' dir='ltr'><strong>ιιι</strong></span> <span class='ocrx_word' id='word_1_26' title='bbox 494 571 613 632; x_wconf 77' lang='lat' dir='ltr'><strong>qlia:</strong></span> <span class='ocrx_word' id='word_1_27' title='bbox 668 562 974 628; x_wconf 79' lang='lat' dir='ltr'><strong>fabricatur,</strong></span> <span class='ocrx_word' id='word_1_28' title='bbox 1013 563 1207 632; x_wconf 86' lang='lat' dir='ltr'><strong>inquis,</strong></span> <span class='ocrx_word' id='word_1_29' title='bbox 1247 578 1272 613; x_wconf 91' lang='lat' dir='ltr'><strong>a</strong></span> <span class='ocrx_word' id='word_1_30' title='bbox 1309 564 1436 624; x_wconf 88' lang='lat' dir='ltr'><strong>Deo,</strong></span> <span class='ocrx_word' id='word_1_31' title='bbox 1470 566 1591 632; x_wconf 90' lang='lat' dir='ltr'><strong>quia</strong></span> <span class='ocrx_word' id='word_1_32' title='bbox 1621 575 1672 617; x_wconf 91' lang='lat' dir='ltr'><strong>ct</strong></span> <span class='ocrx_word' id='word_1_33' title='bbox 1702 577 1832 618; x_wconf 84' lang='lat' dir='ltr'><strong>con-</strong></span> 
     </span>
    </p>
   </div>
   <div class='ocr_carea' id='block_1_6' title="bbox 224 659 1829 728">
    <p class='ocr_par' dir='ltr' id='par_1_6' title="bbox 224 659 1829 728">
     <span class='ocr_line' id='line_1_6' title="bbox 224 659 1829 728; baseline 0 -14"><span class='ocrx_word' id='word_1_34' title='bbox 224 661 510 722; x_wconf 77' lang='lat' dir='ltr'><strong>vertihilis,</strong></span> <span class='ocrx_word' id='word_1_35' title='bbox 543 670 597 714; x_wconf 93' lang='lat' dir='ltr'><strong>et</strong></span> <span class='ocrx_word' id='word_1_36' title='bbox 623 659 987 721; x_wconf 87' lang='lat' dir='ltr'><strong>demutabilis,</strong></span> <span class='ocrx_word' id='word_1_37' title='bbox 1019 671 1070 712; x_wconf 92' lang='lat' dir='ltr'><strong>et</strong></span> <span class='ocrx_word' id='word_1_38' title='bbox 1101 659 1469 728; x_wconf 85' lang='lat' dir='ltr'><strong>dispartibilis.</strong></span> <span class='ocrx_word' id='word_1_39' title='bbox 1501 660 1829 714; x_wconf 88' lang='lat' dir='ltr'><strong>Demntatio-</strong></span> 
     </span>
    </p>
   </div>
   <div class='ocr_carea' id='block_1_7' title="bbox 225 751 1828 822">
    <p class='ocr_par' dir='ltr' id='par_1_7' title="bbox 225 751 1828 822">
     <span class='ocr_line' id='line_1_7' title="bbox 225 751 1828 822; baseline 0 -15"><span class='ocrx_word' id='word_1_40' title='bbox 225 769 319 808; x_wconf 88' lang='lat' dir='ltr'><strong>nes</strong></span> <span class='ocrx_word' id='word_1_41' title='bbox 340 755 485 808; x_wconf 89' lang='lat' dir='ltr'><strong>enim</strong></span> <span class='ocrx_word' id='word_1_42' title='bbox 505 753 641 822; x_wconf 77' lang='lat' dir='ltr'><strong>eius,</strong></span> <span class='ocrx_word' id='word_1_43' title='bbox 665 754 862 822; x_wconf 82' lang='lat' dir='ltr'><strong>inquis,</strong></span> <span class='ocrx_word' id='word_1_44' title='bbox 880 751 1268 820; x_wconf 87' lang='lat' dir='ltr'><strong>dispartihilem</strong></span> <span class='ocrx_word' id='word_1_45' title='bbox 1285 768 1400 806; x_wconf 86' lang='lat' dir='ltr'><strong>eam</strong></span> <span class='ocrx_word' id='word_1_46' title='bbox 1419 752 1707 807; x_wconf 81' lang='lat' dir='ltr'><strong>ostendunt</strong></span> <span class='ocrx_word' id='word_1_47' title='bbox 1730 754 1828 822; x_wconf 87' lang='lat' dir='ltr'><strong>(a).</strong></span> 
     </span>
    </p>
   </div>
   <div class='ocr_carea' id='block_1_8' title="bbox 224 846 1830 917">
    <p class='ocr_par' dir='ltr' id='par_1_8' title="bbox 224 846 1830 917">
     <span class='ocr_line' id='line_1_8' title="bbox 224 846 1830 917; baseline -0.001 -16"><span class='ocrx_word' id='word_1_48' title='bbox 224 847 291 901; x_wconf 85' lang='lat' dir='ltr'><strong>Et</strong></span> <span class='ocrx_word' id='word_1_49' title='bbox 319 846 407 900; x_wconf 89' lang='lat' dir='ltr'><strong>hic</strong></span> <span class='ocrx_word' id='word_1_50' title='bbox 437 863 465 898; x_wconf 90' lang='lat' dir='ltr'><strong>a</strong></span> <span class='ocrx_word' id='word_1_51' title='bbox 513 847 666 900; x_wconf 89' lang='lat' dir='ltr'><strong>lineis</strong></span> <span class='ocrx_word' id='word_1_52' title='bbox 697 847 800 901; x_wconf 90' lang='lat' dir='ltr'><strong>tuis</strong></span> <span class='ocrx_word' id='word_1_53' title='bbox 827 847 1074 901; x_wconf 79' lang='lat' dir='ltr'><strong>excidisn</strong></span> <span class='ocrx_word' id='word_1_54' title='bbox 1117 847 1216 916; x_wconf 84' lang='lat' dir='ltr'><strong>(b),</strong></span> <span class='ocrx_word' id='word_1_55' title='bbox 1245 847 1440 916; x_wconf 86' lang='lat' dir='ltr'><strong>quibus</strong></span> <span class='ocrx_word' id='word_1_56' title='bbox 1468 849 1608 902; x_wconf 90' lang='lat' dir='ltr'><strong>circa</strong></span> <span class='ocrx_word' id='word_1_57' title='bbox 1640 863 1830 917; x_wconf 82' lang='lat' dir='ltr'><strong>perso-</strong></span> 
     </span>
    </p>
   </div>
   <div class='ocr_carea' id='block_1_9' title="bbox 222 939 1832 1009">
    <p class='ocr_par' dir='ltr' id='par_1_9' title="bbox 222 939 1832 1009">
     <span class='ocr_line' id='line_1_9' title="bbox 222 939 1832 1009; baseline -0.001 -15"><span class='ocrx_word' id='word_1_58' title='bbox 222 954 348 994; x_wconf 90' lang='lat' dir='ltr'><strong>nam</strong></span> <span class='ocrx_word' id='word_1_59' title='bbox 393 939 486 994; x_wconf 89' lang='lat' dir='ltr'><strong>Dei</strong></span> <span class='ocrx_word' id='word_1_60' title='bbox 519 954 646 992; x_wconf 86' lang='lat' dir='ltr'><strong>usus</strong></span> <span class='ocrx_word' id='word_1_61' title='bbox 699 954 778 1004; x_wconf 88' lang='lat' dir='ltr'><strong>es,</strong></span> <span class='ocrx_word' id='word_1_62' title='bbox 810 940 1165 1008; x_wconf 65' lang='lat' dir='ltr'><strong>prtcscribens</strong></span> <span class='ocrx_word' id='word_1_63' title='bbox 1198 939 1362 993; x_wconf 88' lang='lat' dir='ltr'><strong>Deum</strong></span> <span class='ocrx_word' id='word_1_64' title='bbox 1408 939 1484 1009; x_wconf 91' lang='lat'><strong>(1)</strong></span> <span class='ocrx_word' id='word_1_65' title='bbox 1531 940 1676 993; x_wconf 90' lang='lat' dir='ltr'><strong>illam</strong></span> <span class='ocrx_word' id='word_1_66' title='bbox 1727 953 1832 993; x_wconf 92' lang='lat' dir='ltr'><strong>non</strong></span> 
     </span>
    </p>
   </div>
   <div class='ocr_carea' id='block_1_10' title="bbox 221 1031 1832 1101">
    <p class='ocr_par' dir='ltr' id='par_1_10' title="bbox 221 1031 1832 1101">
     <span class='ocr_line' id='line_1_10' title="bbox 221 1031 1832 1101; baseline -0.001 -13"><span class='ocrx_word' id='word_1_67' title='bbox 221 1047 290 1088; x_wconf 85' lang='lat' dir='ltr'><strong>ex</strong></span> <span class='ocrx_word' id='word_1_68' title='bbox 310 1032 606 1101; x_wconf 89' lang='lat' dir='ltr'><strong>semetipso</strong></span> <span class='ocrx_word' id='word_1_69' title='bbox 630 1031 841 1098; x_wconf 81' lang='lat' dir='ltr'><strong>fecisse,</strong></span> <span class='ocrx_word' id='word_1_70' title='bbox 874 1032 995 1101; x_wconf 89' lang='lat' dir='ltr'><strong>quia</strong></span> <span class='ocrx_word' id='word_1_71' title='bbox 1044 1032 1094 1086; x_wconf 92' lang='lat' dir='ltr'><strong>in</strong></span> <span class='ocrx_word' id='word_1_72' title='bbox 1143 1041 1320 1100; x_wconf 90' lang='lat' dir='ltr'><strong>partes</strong></span> <span class='ocrx_word' id='word_1_73' title='bbox 1347 1031 1529 1086; x_wconf 90' lang='lat' dir='ltr'><strong>venire</strong></span> <span class='ocrx_word' id='word_1_74' title='bbox 1556 1046 1660 1086; x_wconf 91' lang='lat' dir='ltr'><strong>non</strong></span> <span class='ocrx_word' id='word_1_75' title='bbox 1706 1047 1832 1100; x_wconf 89' lang='lat' dir='ltr'><strong>pos-</strong></span> 
     </span>
    </p>
   </div>
   <div class='ocr_carea' id='block_1_11' title="bbox 220 1122 1836 1193">
    <p class='ocr_par' dir='ltr' id='par_1_11' title="bbox 220 1122 1836 1193">
     <span class='ocr_line' id='line_1_11' title="bbox 220 1122 1836 1193; baseline 0 -15"><span class='ocrx_word' id='word_1_76' title='bbox 220 1132 302 1178; x_wconf 88' lang='lat' dir='ltr'><strong>set</strong></span> <span class='ocrx_word' id='word_1_77' title='bbox 334 1125 428 1193; x_wconf 86' lang='lat' dir='ltr'><strong>qui</strong></span> <span class='ocrx_word' id='word_1_78' title='bbox 461 1124 530 1176; x_wconf 91' lang='lat' dir='ltr'><strong>sit</strong></span> <span class='ocrx_word' id='word_1_79' title='bbox 578 1131 812 1177; x_wconf 58' lang='lat' dir='ltr'><strong>arteruus</strong></span> <span class='ocrx_word' id='word_1_80' title='bbox 841 1133 895 1176; x_wconf 89' lang='lat' dir='ltr'><strong>et</strong></span> <span class='ocrx_word' id='word_1_81' title='bbox 943 1138 1165 1178; x_wconf 88' lang='lat' dir='ltr'><strong>manens</strong></span> <span class='ocrx_word' id='word_1_82' title='bbox 1197 1122 1245 1178; x_wconf 91' lang='lat' dir='ltr'><strong>in</strong></span> <span class='ocrx_word' id='word_1_83' title='bbox 1275 1138 1467 1189; x_wconf 66' lang='lat' dir='ltr'><strong>aevum,</strong></span> <span class='ocrx_word' id='word_1_84' title='bbox 1501 1139 1564 1176; x_wconf 90' lang='lat' dir='ltr'><strong>ac</strong></span> <span class='ocrx_word' id='word_1_85' title='bbox 1604 1138 1698 1192; x_wconf 90' lang='lat' dir='ltr'><strong>per</strong></span> <span class='ocrx_word' id='word_1_86' title='bbox 1733 1123 1836 1178; x_wconf 87' lang='lat' dir='ltr'><strong>hoc</strong></span> 
     </span>
    </p>
   </div>
   <div class='ocr_carea' id='block_1_12' title="bbox 223 1214 1836 1271">
    <p class='ocr_par' dir='ltr' id='par_1_12' title="bbox 223 1214 1836 1271">
     <span class='ocr_line' id='line_1_12' title="bbox 223 1214 1836 1271; baseline 0 -2"><span class='ocrx_word' id='word_1_87' title='bbox 223 1214 581 1269; x_wconf 65' lang='lat' dir='ltr'><strong>immutabilis</strong></span> <span class='ocrx_word' id='word_1_88' title='bbox 606 1214 1035 1269; x_wconf 69' lang='lat' dir='ltr'><strong>etindivisihilis.</strong></span> <span class='ocrx_word' id='word_1_89' title='bbox 1066 1215 1120 1270; x_wconf 88' lang='lat' dir='ltr'><strong>Si</strong></span> <span class='ocrx_word' id='word_1_90' title='bbox 1152 1225 1205 1270; x_wconf 91' lang='lat' dir='ltr'><strong>et</strong></span> <span class='ocrx_word' id='word_1_91' title='bbox 1235 1217 1454 1269; x_wconf 89' lang='lat' dir='ltr'><strong>materia</strong></span> <span class='ocrx_word' id='word_1_92' title='bbox 1475 1215 1660 1270; x_wconf 89' lang='lat' dir='ltr'><strong>eadem</strong></span> <span class='ocrx_word' id='word_1_93' title='bbox 1681 1225 1836 1271; x_wconf 70' lang='lat' dir='ltr'><strong>arter-</strong></span> 
     </span>
    </p>
   </div>
   <div class='ocr_carea' id='block_1_13' title="bbox 221 1308 1833 1377">
    <p class='ocr_par' dir='ltr' id='par_1_13' title="bbox 221 1308 1833 1377">
     <span class='ocr_line' id='line_1_13' title="bbox 221 1308 1833 1377; baseline -0.001 -15"><span class='ocrx_word' id='word_1_94' title='bbox 221 1309 396 1362; x_wconf 90' lang='lat' dir='ltr'><strong>nitate</strong></span> <span class='ocrx_word' id='word_1_95' title='bbox 423 1317 699 1372; x_wconf 88' lang='lat' dir='ltr'><strong>censetur,</strong></span> <span class='ocrx_word' id='word_1_96' title='bbox 733 1323 908 1377; x_wconf 89' lang='lat' dir='ltr'><strong>neque</strong></span> <span class='ocrx_word' id='word_1_97' title='bbox 936 1308 1142 1362; x_wconf 90' lang='lat' dir='ltr'><strong>initimn</strong></span> <span class='ocrx_word' id='word_1_98' title='bbox 1185 1308 1388 1362; x_wconf 84' lang='lat' dir='ltr'><strong>habens</strong></span> <span class='ocrx_word' id='word_1_99' title='bbox 1431 1323 1604 1377; x_wconf 89' lang='lat' dir='ltr'><strong>neque</strong></span> <span class='ocrx_word' id='word_1_100' title='bbox 1651 1308 1833 1374; x_wconf 81' lang='lat' dir='ltr'><strong>tinem,</strong></span> 
     </span>
    </p>
   </div>
   <div class='ocr_carea' id='block_1_14' title="bbox 221 1399 1834 1469">
    <p class='ocr_par' dir='ltr' id='par_1_14' title="bbox 221 1399 1834 1469">
     <span class='ocr_line' id='line_1_14' title="bbox 221 1399 1834 1469; baseline -0.001 -13"><span class='ocrx_word' id='word_1_101' title='bbox 221 1401 417 1456; x_wconf 87' lang='lat' dir='ltr'><strong>eadem</strong></span> <span class='ocrx_word' id='word_1_102' title='bbox 447 1401 653 1453; x_wconf 91' lang='lat' dir='ltr'><strong>ratione</strong></span> <span class='ocrx_word' id='word_1_103' title='bbox 680 1414 784 1452; x_wconf 93' lang='lat' dir='ltr'><strong>non</strong></span> <span class='ocrx_word' id='word_1_104' title='bbox 819 1401 1016 1466; x_wconf 83' lang='lat' dir='ltr'><strong>poterit</strong></span> <span class='ocrx_word' id='word_1_105' title='bbox 1045 1401 1147 1469; x_wconf 91' lang='lat' dir='ltr'><strong>pati</strong></span> <span class='ocrx_word' id='word_1_106' title='bbox 1179 1399 1614 1468; x_wconf 88' lang='lat' dir='ltr'><strong>dispertilionem</strong></span> <span class='ocrx_word' id='word_1_107' title='bbox 1644 1413 1694 1454; x_wconf 92' lang='lat' dir='ltr'><strong>et</strong></span> <span class='ocrx_word' id='word_1_108' title='bbox 1735 1400 1834 1455; x_wconf 89' lang='lat' dir='ltr'><strong>de-</strong></span> 
     </span>
    </p>
   </div>
   <div class='ocr_carea' id='block_1_15' title="bbox 221 1493 1837 1563">
    <p class='ocr_par' dir='ltr' id='par_1_15' title="bbox 221 1493 1837 1563">
     <span class='ocr_line' id='line_1_15' title="bbox 221 1493 1837 1563; baseline 0.001 -15"><span class='ocrx_word' id='word_1_109' title='bbox 221 1496 605 1559; x_wconf 85' lang='lat' dir='ltr'><strong>mutationem,</strong></span> <span class='ocrx_word' id='word_1_110' title='bbox 653 1509 755 1563; x_wconf 87' lang='lat' dir='ltr'><strong>qua</strong></span> <span class='ocrx_word' id='word_1_111' title='bbox 815 1493 893 1563; x_wconf 71' lang='lat'><strong>(2)</strong></span> <span class='ocrx_word' id='word_1_112' title='bbox 939 1510 1038 1549; x_wconf 70' lang='grc' dir='ltr'><strong>τινε</strong></span> <span class='ocrx_word' id='word_1_113' title='bbox 1079 1495 1236 1549; x_wconf 83' lang='lat' dir='ltr'><strong>Dens.</strong></span> <span class='ocrx_word' id='word_1_114' title='bbox 1273 1494 1326 1548; x_wconf 88' lang='lat' dir='ltr'><strong>In</strong></span> <span class='ocrx_word' id='word_1_115' title='bbox 1359 1497 1678 1549; x_wconf 63' lang='lat' dir='ltr'><strong>aeternitatis</strong></span> <span class='ocrx_word' id='word_1_116' title='bbox 1710 1510 1837 1549; x_wconf 88' lang='lat' dir='ltr'><strong>con-</strong></span> 
     </span>
    </p>
   </div>
   <div class='ocr_carea' id='block_1_16' title="bbox 221 1584 1840 1657">
    <p class='ocr_par' dir='ltr' id='par_1_16' title="bbox 221 1584 1840 1657">
     <span class='ocr_line' id='line_1_16' title="bbox 221 1584 1840 1657; baseline 0 -16"><span class='ocrx_word' id='word_1_117' title='bbox 221 1587 397 1641; x_wconf 81' lang='lat' dir='ltr'><strong>sortio</strong></span> <span class='ocrx_word' id='word_1_118' title='bbox 448 1586 642 1654; x_wconf 88' lang='lat' dir='ltr'><strong>posita,</strong></span> <span class='ocrx_word' id='word_1_119' title='bbox 676 1587 958 1655; x_wconf 87' lang='lat' dir='ltr'><strong>participet</strong></span> <span class='ocrx_word' id='word_1_120' title='bbox 987 1601 1107 1640; x_wconf 88' lang='lat' dir='ltr'><strong>cum</strong></span> <span class='ocrx_word' id='word_1_121' title='bbox 1153 1586 1243 1640; x_wconf 89' lang='lat' dir='ltr'><strong>illo</strong></span> <span class='ocrx_word' id='word_1_122' title='bbox 1287 1584 1364 1657; x_wconf 84' lang='grc'><strong>(5)</strong></span> <span class='ocrx_word' id='word_1_123' title='bbox 1395 1602 1615 1642; x_wconf 68' lang='lat' dir='ltr'><strong>necesse</strong></span> <span class='ocrx_word' id='word_1_124' title='bbox 1661 1597 1741 1641; x_wconf 86' lang='lat' dir='ltr'><strong>est</strong></span> <span class='ocrx_word' id='word_1_125' title='bbox 1786 1597 1840 1641; x_wconf 92' lang='lat' dir='ltr'><strong>ct</strong></span> 
     </span>
    </p>
   </div>
   <div class='ocr_carea' id='block_1_17' title="bbox 222 1677 1838 1748">
    <p class='ocr_par' dir='ltr' id='par_1_17' title="bbox 222 1677 1838 1748">
     <span class='ocr_line' id='line_1_17' title="bbox 222 1677 1838 1748; baseline 0 -16"><span class='ocrx_word' id='word_1_126' title='bbox 222 1678 392 1738; x_wconf 86' lang='lat' dir='ltr'><strong>vires,</strong></span> <span class='ocrx_word' id='word_1_127' title='bbox 437 1688 493 1731; x_wconf 86' lang='lat' dir='ltr'><strong>et</strong></span> <span class='ocrx_word' id='word_1_128' title='bbox 540 1677 683 1746; x_wconf 89' lang='lat' dir='ltr'><strong>leges</strong></span> <span class='ocrx_word' id='word_1_129' title='bbox 730 1686 784 1731; x_wconf 90' lang='lat' dir='ltr'><strong>et</strong></span> <span class='ocrx_word' id='word_1_130' title='bbox 823 1677 1158 1733; x_wconf 64' lang='lat' dir='ltr'><strong>Conditiones</strong></span> <span class='ocrx_word' id='word_1_131' title='bbox 1192 1678 1524 1734; x_wconf 71' lang='lat' dir='ltr'><strong>aeternitatis.</strong></span> <span class='ocrx_word' id='word_1_132' title='bbox 1554 1678 1728 1748; x_wconf 63' lang='lat' dir='ltr'><strong>ZEque</strong></span> <span class='ocrx_word' id='word_1_133' title='bbox 1760 1679 1838 1748; x_wconf 66' lang='lat'><strong>(1)</strong></span> 
     </span>
    </p>
   </div>
   <div class='ocr_carea' id='block_1_18' title="bbox 224 1771 1838 1838">
    <p class='ocr_par' dir='ltr' id='par_1_18' title="bbox 224 1771 1838 1838">
     <span class='ocr_line' id='line_1_18' title="bbox 224 1771 1838 1838; baseline 0 -12"><span class='ocrx_word' id='word_1_134' title='bbox 224 1787 351 1826; x_wconf 91' lang='lat' dir='ltr'><strong>cum</strong></span> <span class='ocrx_word' id='word_1_135' title='bbox 381 1771 517 1824; x_wconf 78' lang='lat' dir='ltr'><strong>dicis</strong></span> <span class='ocrx_word' id='word_1_136' title='bbox 548 1791 560 1824; x_wconf 86' lang='lat'>:</span> <span class='ocrx_word' id='word_1_137' title='bbox 597 1773 780 1827; x_wconf 85' lang='lat' dir='ltr'><strong>Partes</strong></span> <span class='ocrx_word' id='word_1_138' title='bbox 807 1781 987 1825; x_wconf 88' lang='lat' dir='ltr'><strong>autem</strong></span> <span class='ocrx_word' id='word_1_139' title='bbox 1019 1774 1138 1838; x_wconf 83' lang='lat' dir='ltr'><strong>ejus</strong></span> <span class='ocrx_word' id='word_1_140' title='bbox 1178 1772 1354 1825; x_wconf 88' lang='lat' dir='ltr'><strong>etnnia</strong></span> <span class='ocrx_word' id='word_1_141' title='bbox 1384 1773 1544 1827; x_wconf 85' lang='lat' dir='ltr'><strong>simul</strong></span> <span class='ocrx_word' id='word_1_142' title='bbox 1576 1789 1639 1826; x_wconf 82' lang='lat' dir='ltr'><strong>ex</strong></span> <span class='ocrx_word' id='word_1_143' title='bbox 1663 1773 1838 1826; x_wconf 85' lang='lat' dir='ltr'><strong>omni-</strong></span> 
     </span>
    </p>
   </div>
   <div class='ocr_carea' id='block_1_19' title="bbox 1935 561 3532 635">
    <p class='ocr_par' dir='ltr' id='par_1_19' title="bbox 1935 561 3532 635">
     <span class='ocr_line' id='line_1_19' title="bbox 1935 561 3532 635; baseline 0.003 -18"><span class='ocrx_word' id='word_1_144' title='bbox 1935 561 2333 632; x_wconf 80' lang='lat' dir='ltr'><strong>gnosci?Certe</strong></span> <span class='ocrx_word' id='word_1_145' title='bbox 2383 579 2448 617; x_wconf 78' lang='lat' dir='ltr'><strong>ex</strong></span> <span class='ocrx_word' id='word_1_146' title='bbox 2481 562 2569 616; x_wconf 91' lang='lat' dir='ltr'><strong>illo</strong></span> <span class='ocrx_word' id='word_1_147' title='bbox 2614 570 2727 617; x_wconf 91' lang='lat' dir='ltr'><strong>toto</strong></span> <span class='ocrx_word' id='word_1_148' title='bbox 2754 562 2855 617; x_wconf 90' lang='lat' dir='ltr'><strong>erit</strong></span> <span class='ocrx_word' id='word_1_149' title='bbox 2883 565 3045 617; x_wconf 89' lang='lat' dir='ltr'><strong>etiam</strong></span> <span class='ocrx_word' id='word_1_150' title='bbox 3075 565 3196 627; x_wconf 91' lang='lat' dir='ltr'><strong>hoc,</strong></span> <span class='ocrx_word' id='word_1_151' title='bbox 3239 566 3379 635; x_wconf 90' lang='lat' dir='ltr'><strong>quod</strong></span> <span class='ocrx_word' id='word_1_152' title='bbox 3425 582 3532 623; x_wconf 91' lang='lat' dir='ltr'><strong>non</strong></span> 
     </span>
    </p>
   </div>
   <div class='ocr_carea' id='block_1_20' title="bbox 1937 656 3534 728">
    <p class='ocr_par' dir='ltr' id='par_1_20' title="bbox 1937 656 3534 728">
     <span class='ocr_line' id='line_1_20' title="bbox 1937 656 3534 728; baseline 0.005 -20"><span class='ocrx_word' id='word_1_153' title='bbox 1937 659 2083 712; x_wconf 88' lang='lat' dir='ltr'><strong>venit</strong></span> <span class='ocrx_word' id='word_1_154' title='bbox 2114 658 2164 711; x_wconf 90' lang='lat' dir='ltr'><strong>in</strong></span> <span class='ocrx_word' id='word_1_155' title='bbox 2217 656 2683 712; x_wconf 79' lang='lat' dir='ltr'><strong>deformationem.</strong></span> <span class='ocrx_word' id='word_1_156' title='bbox 2717 656 2782 710; x_wconf 86' lang='lat' dir='ltr'><strong>Et</strong></span> <span class='ocrx_word' id='word_1_157' title='bbox 2827 672 2986 728; x_wconf 80' lang='lat' dir='ltr'><strong>supra</strong></span> <span class='ocrx_word' id='word_1_158' title='bbox 3035 657 3247 715; x_wconf 73' lang='lat' dir='ltr'><strong>edidisti</strong></span> <span class='ocrx_word' id='word_1_159' title='bbox 3300 675 3404 714; x_wconf 91' lang='lat' dir='ltr'><strong>non</strong></span> <span class='ocrx_word' id='word_1_160' title='bbox 3456 671 3534 716; x_wconf 86' lang='lat' dir='ltr'><strong>t0-</strong></span> 
     </span>
    </p>
   </div>
   <div class='ocr_carea' id='block_1_21' title="bbox 1938 749 3535 822">
    <p class='ocr_par' dir='ltr' id='par_1_21' title="bbox 1938 749 3535 822">
     <span class='ocr_line' id='line_1_21' title="bbox 1938 749 3535 822; baseline 0 -16"><span class='ocrx_word' id='word_1_161' title='bbox 1938 760 2043 806; x_wconf 90' lang='lat' dir='ltr'><strong>tam</strong></span> <span class='ocrx_word' id='word_1_162' title='bbox 2069 767 2186 805; x_wconf 90' lang='lat' dir='ltr'><strong>eam</strong></span> <span class='ocrx_word' id='word_1_163' title='bbox 2216 750 2527 806; x_wconf 78' lang='lat' dir='ltr'><strong>fabricatum</strong></span> <span class='ocrx_word' id='word_1_164' title='bbox 2560 750 2699 822; x_wconf 90' lang='lat'><strong>(11).</strong></span> <span class='ocrx_word' id='word_1_165' title='bbox 2736 749 2900 820; x_wconf 90' lang='lat' dir='ltr'><strong>Igitur</strong></span> <span class='ocrx_word' id='word_1_166' title='bbox 2929 752 3012 807; x_wconf 90' lang='lat' dir='ltr'><strong>vel</strong></span> <span class='ocrx_word' id='word_1_167' title='bbox 3043 751 3144 808; x_wconf 90' lang='lat' dir='ltr'><strong>hoc</strong></span> <span class='ocrx_word' id='word_1_168' title='bbox 3169 753 3298 807; x_wconf 91' lang='lat' dir='ltr'><strong>rnde</strong></span> <span class='ocrx_word' id='word_1_169' title='bbox 3323 763 3374 808; x_wconf 86' lang='lat' dir='ltr'><strong>et</strong></span> <span class='ocrx_word' id='word_1_170' title='bbox 3402 767 3535 807; x_wconf 87' lang='lat' dir='ltr'><strong>con-</strong></span> 
     </span>
    </p>
   </div>
   <div class='ocr_carea' id='block_1_22' title="bbox 1938 842 3539 916">
    <p class='ocr_par' dir='ltr' id='par_1_22' title="bbox 1938 842 3539 916">
     <span class='ocr_line' id='line_1_22' title="bbox 1938 842 3539 916; baseline 0.002 -18"><span class='ocrx_word' id='word_1_171' title='bbox 1938 842 2113 898; x_wconf 82' lang='lat' dir='ltr'><strong>fusum</strong></span> <span class='ocrx_word' id='word_1_172' title='bbox 2140 853 2193 898; x_wconf 92' lang='lat' dir='ltr'><strong>et</strong></span> <span class='ocrx_word' id='word_1_173' title='bbox 2224 842 2637 914; x_wconf 81' lang='lat' dir='ltr'><strong>incompositum</strong></span> <span class='ocrx_word' id='word_1_174' title='bbox 2669 842 2782 916; x_wconf 65' lang='lat' dir='ltr'><strong>(li)</strong></span> <span class='ocrx_word' id='word_1_175' title='bbox 2813 859 2918 898; x_wconf 91' lang='lat' dir='ltr'><strong>non</strong></span> <span class='ocrx_word' id='word_1_176' title='bbox 2978 855 3154 914; x_wconf 83' lang='lat' dir='ltr'><strong>potest</strong></span> <span class='ocrx_word' id='word_1_177' title='bbox 3193 848 3242 900; x_wconf 89' lang='lat' dir='ltr'><strong>in</strong></span> <span class='ocrx_word' id='word_1_178' title='bbox 3290 845 3539 915; x_wconf 80' lang='lat' dir='ltr'><strong>expolitis</strong></span> 
     </span>
    </p>
   </div>
   <div class='ocr_carea' id='block_1_23' title="bbox 1937 934 3539 1007">
    <p class='ocr_par' dir='ltr' id='par_1_23' title="bbox 1937 934 3539 1007">
     <span class='ocr_line' id='line_1_23' title="bbox 1937 934 3539 1007; baseline 0.002 -19"><span class='ocrx_word' id='word_1_179' title='bbox 1937 945 1992 990; x_wconf 81' lang='lat' dir='ltr'><strong>et</strong></span> <span class='ocrx_word' id='word_1_180' title='bbox 2021 934 2285 990; x_wconf 86' lang='lat' dir='ltr'><strong>distinctis</strong></span> <span class='ocrx_word' id='word_1_181' title='bbox 2313 945 2366 990; x_wconf 90' lang='lat' dir='ltr'><strong>et</strong></span> <span class='ocrx_word' id='word_1_182' title='bbox 2388 936 2701 1005; x_wconf 79' lang='lat' dir='ltr'><strong>compositis</strong></span> <span class='ocrx_word' id='word_1_183' title='bbox 2733 935 3061 1005; x_wconf 88' lang='lat' dir='ltr'><strong>recognosci,</strong></span> <span class='ocrx_word' id='word_1_184' title='bbox 3085 952 3203 1006; x_wconf 74' lang='lat' dir='ltr'><strong>qua:</strong></span> <span class='ocrx_word' id='word_1_185' title='bbox 3231 953 3331 992; x_wconf 91' lang='lat' dir='ltr'><strong>nec</strong></span> <span class='ocrx_word' id='word_1_186' title='bbox 3363 946 3539 1007; x_wconf 87' lang='lat' dir='ltr'><strong>partes</strong></span> 
     </span>
    </p>
   </div>
   <div class='ocr_carea' id='block_1_24' title="bbox 1940 1027 3536 1102">
    <p class='ocr_par' dir='ltr' id='par_1_24' title="bbox 1940 1027 3536 1102">
     <span class='ocr_line' id='line_1_24' title="bbox 1940 1027 3536 1102; baseline 0.001 -18"><span class='ocrx_word' id='word_1_187' title='bbox 1940 1029 2179 1084; x_wconf 78' lang='lat' dir='ltr'><strong>materiae</strong></span> <span class='ocrx_word' id='word_1_188' title='bbox 2207 1027 2464 1097; x_wconf 87' lang='lat' dir='ltr'><strong>appellari</strong></span> <span class='ocrx_word' id='word_1_189' title='bbox 2488 1028 2757 1092; x_wconf 88' lang='lat' dir='ltr'><strong>convenit,</strong></span> <span class='ocrx_word' id='word_1_190' title='bbox 2787 1044 2910 1084; x_wconf 90' lang='lat' dir='ltr'><strong>cum</strong></span> <span class='ocrx_word' id='word_1_191' title='bbox 2939 1043 2968 1084; x_wconf 86' lang='lat' dir='ltr'><strong>a</strong></span> <span class='ocrx_word' id='word_1_192' title='bbox 2987 1028 3156 1085; x_wconf 78' lang='lat' dir='ltr'><strong>forma</strong></span> <span class='ocrx_word' id='word_1_193' title='bbox 3188 1029 3303 1102; x_wconf 87' lang='lat' dir='ltr'><strong>ejus</strong></span> <span class='ocrx_word' id='word_1_194' title='bbox 3322 1045 3388 1086; x_wconf 83' lang='lat' dir='ltr'><strong>ex</strong></span> <span class='ocrx_word' id='word_1_195' title='bbox 3415 1045 3536 1086; x_wconf 87' lang='lat' dir='ltr'><strong>mu-</strong></span> 
     </span>
    </p>
   </div>
   <div class='ocr_carea' id='block_1_25' title="bbox 1941 1120 2727 1177">
    <p class='ocr_par' dir='ltr' id='par_1_25' title="bbox 1941 1120 2727 1177">
     <span class='ocr_line' id='line_1_25' title="bbox 1941 1120 2727 1177; baseline -0.003 -1"><span class='ocrx_word' id='word_1_196' title='bbox 1941 1120 2141 1176; x_wconf 84' lang='lat' dir='ltr'><strong>tatione</strong></span> <span class='ocrx_word' id='word_1_197' title='bbox 2169 1121 2334 1176; x_wconf 77' lang='lat' dir='ltr'><strong>divisa</strong></span> <span class='ocrx_word' id='word_1_198' title='bbox 2367 1130 2727 1177; x_wconf 86' lang='lat' dir='ltr'><strong>recesserunt.</strong></span> 
     </span>
    </p>
   </div>
   <div class='ocr_carea' id='block_1_26' title="bbox 2512 1211 2938 1271">
    <p class='ocr_par' dir='ltr' id='par_1_26' title="bbox 2512 1211 2938 1271">
     <span class='ocr_line' id='line_1_26' title="bbox 2512 1211 2938 1271; baseline -0.002 -2"><span class='ocrx_word' id='word_1_199' title='bbox 2512 1211 2742 1271; x_wconf 78' lang='lat' dir='ltr'><strong>CAPUT</strong></span> <span class='ocrx_word' id='word_1_200' title='bbox 2802 1212 2938 1269; x_wconf 81' lang='lat' dir='ltr'><strong>XLI.</strong></span> 
     </span>
    </p>
   </div>
   <div class='ocr_carea' id='block_1_27' title="bbox 2015 1306 3541 1378">
    <p class='ocr_par' dir='ltr' id='par_1_27' title="bbox 2015 1306 3541 1378">
     <span class='ocr_line' id='line_1_27' title="bbox 2015 1306 3541 1378; baseline 0.003 -17"><span class='ocrx_word' id='word_1_201' title='bbox 2015 1309 2277 1364; x_wconf 85' lang='lat' dir='ltr'><strong>Revertor</strong></span> <span class='ocrx_word' id='word_1_202' title='bbox 2293 1307 2357 1363; x_wconf 89' lang='lat' dir='ltr'><strong>ad</strong></span> <span class='ocrx_word' id='word_1_203' title='bbox 2388 1316 2613 1371; x_wconf 86' lang='lat' dir='ltr'><strong>motum,</strong></span> <span class='ocrx_word' id='word_1_204' title='bbox 2659 1317 2715 1360; x_wconf 89' lang='lat' dir='ltr'><strong>ut</strong></span> <span class='ocrx_word' id='word_1_205' title='bbox 2746 1307 2942 1378; x_wconf 91' lang='lat' dir='ltr'><strong>ubique</strong></span> <span class='ocrx_word' id='word_1_206' title='bbox 2969 1317 3019 1364; x_wconf 92' lang='lat' dir='ltr'><strong>te</strong></span> <span class='ocrx_word' id='word_1_207' title='bbox 3046 1306 3307 1364; x_wconf 87' lang='lat' dir='ltr'><strong>lubricum</strong></span> <span class='ocrx_word' id='word_1_208' title='bbox 3357 1319 3541 1365; x_wconf 83' lang='lat' dir='ltr'><strong>osten-</strong></span> 
     </span>
    </p>
   </div>
   <div class='ocr_carea' id='block_1_28' title="bbox 1941 1398 3542 1466">
    <p class='ocr_par' dir='ltr' id='par_1_28' title="bbox 1941 1398 3542 1466">
     <span class='ocr_line' id='line_1_28' title="bbox 1941 1398 3542 1466; baseline 0.002 -12"><span class='ocrx_word' id='word_1_209' title='bbox 1941 1399 2082 1454; x_wconf 91' lang='lat' dir='ltr'><strong>dam.</strong></span> <span class='ocrx_word' id='word_1_210' title='bbox 2120 1399 2449 1466; x_wconf 88' lang='lat' dir='ltr'><strong>lnconditus,</strong></span> <span class='ocrx_word' id='word_1_211' title='bbox 2483 1409 2535 1454; x_wconf 91' lang='lat' dir='ltr'><strong>et</strong></span> <span class='ocrx_word' id='word_1_212' title='bbox 2565 1398 2840 1463; x_wconf 79' lang='lat' dir='ltr'><strong>confusus,</strong></span> <span class='ocrx_word' id='word_1_213' title='bbox 2861 1409 2915 1454; x_wconf 89' lang='lat' dir='ltr'><strong>et</strong></span> <span class='ocrx_word' id='word_1_214' title='bbox 2934 1399 3272 1456; x_wconf 90' lang='lat' dir='ltr'><strong>turbulentus</strong></span> <span class='ocrx_word' id='word_1_215' title='bbox 3301 1404 3396 1458; x_wconf 82' lang='lat' dir='ltr'><strong>luit</strong></span> <span class='ocrx_word' id='word_1_216' title='bbox 3426 1418 3542 1458; x_wconf 82' lang='lat' dir='ltr'><strong>ma-</strong></span> 
     </span>
    </p>
   </div>
   <div class='ocr_carea' id='block_1_29' title="bbox 1944 1490 3543 1560">
    <p class='ocr_par' dir='ltr' id='par_1_29' title="bbox 1944 1490 3543 1560">
     <span class='ocr_line' id='line_1_29' title="bbox 1944 1490 3543 1560; baseline 0.003 -16"><span class='ocrx_word' id='word_1_217' title='bbox 1944 1492 2092 1545; x_wconf 79' lang='lat' dir='ltr'><strong>toria:</strong></span> <span class='ocrx_word' id='word_1_218' title='bbox 2122 1500 2318 1544; x_wconf 89' lang='lat' dir='ltr'><strong>motus.</strong></span> <span class='ocrx_word' id='word_1_219' title='bbox 2347 1491 2435 1546; x_wconf 84' lang='lat' dir='ltr'><strong>Sic</strong></span> <span class='ocrx_word' id='word_1_220' title='bbox 2465 1490 2683 1546; x_wconf 92' lang='lat' dir='ltr'><strong>enimet</strong></span> <span class='ocrx_word' id='word_1_221' title='bbox 2712 1491 2835 1545; x_wconf 73' lang='lat' dir='ltr'><strong>ollae</strong></span> <span class='ocrx_word' id='word_1_222' title='bbox 2863 1491 3099 1560; x_wconf 88' lang='lat' dir='ltr'><strong>ttndique</strong></span> <span class='ocrx_word' id='word_1_223' title='bbox 3129 1492 3432 1549; x_wconf 86' lang='lat' dir='ltr'><strong>ebullientis</strong></span> <span class='ocrx_word' id='word_1_224' title='bbox 3466 1494 3543 1549; x_wconf 89' lang='lat' dir='ltr'><strong>si-</strong></span> 
     </span>
    </p>
   </div>
   <div class='ocr_carea' id='block_1_30' title="bbox 1945 1580 3546 1653">
    <p class='ocr_par' dir='ltr' id='par_1_30' title="bbox 1945 1580 3546 1653">
     <span class='ocr_line' id='line_1_30' title="bbox 1945 1580 3546 1653; baseline 0.002 -16"><span class='ocrx_word' id='word_1_225' title='bbox 1945 1581 2302 1637; x_wconf 82' lang='lat' dir='ltr'><strong>militudinem</strong></span> <span class='ocrx_word' id='word_1_226' title='bbox 2329 1582 2554 1652; x_wconf 87' lang='lat' dir='ltr'><strong>apponis</strong></span> <span class='ocrx_word' id='word_1_227' title='bbox 2587 1582 2723 1652; x_wconf 83' lang='lat'><strong>(15).</strong></span> <span class='ocrx_word' id='word_1_228' title='bbox 2750 1580 2818 1637; x_wconf 84' lang='lat' dir='ltr'><strong>Et</strong></span> <span class='ocrx_word' id='word_1_229' title='bbox 2837 1582 3108 1653; x_wconf 87' lang='lat' dir='ltr'><strong>quomodo</strong></span> <span class='ocrx_word' id='word_1_230' title='bbox 3128 1583 3253 1639; x_wconf 88' lang='lat' dir='ltr'><strong>alibi</strong></span> <span class='ocrx_word' id='word_1_231' title='bbox 3276 1584 3411 1639; x_wconf 87' lang='lat' dir='ltr'><strong>alius</strong></span> <span class='ocrx_word' id='word_1_232' title='bbox 3440 1595 3546 1641; x_wconf 86' lang='lat' dir='ltr'><strong>ate</strong></span> 
     </span>
    </p>
   </div>
   <div class='ocr_carea' id='block_1_31' title="bbox 1945 1675 3548 1736">
    <p class='ocr_par' dir='ltr' id='par_1_31' title="bbox 1945 1675 3548 1736">
     <span class='ocr_line' id='line_1_31' title="bbox 1945 1675 3548 1736; baseline 0.004 -6"><span class='ocrx_word' id='word_1_233' title='bbox 1945 1675 2298 1730; x_wconf 82' lang='lat' dir='ltr'><strong>adtirntatur?</strong></span> <span class='ocrx_word' id='word_1_234' title='bbox 2329 1691 2448 1728; x_wconf 90' lang='lat' dir='ltr'><strong>cum</strong></span> <span class='ocrx_word' id='word_1_235' title='bbox 2472 1675 2614 1728; x_wconf 92' lang='lat' dir='ltr'><strong>cnim</strong></span> <span class='ocrx_word' id='word_1_236' title='bbox 2642 1675 2721 1730; x_wconf 87' lang='lat' dir='ltr'><strong>vis</strong></span> <span class='ocrx_word' id='word_1_237' title='bbox 2754 1676 3035 1731; x_wconf 78' lang='lat' dir='ltr'><strong>materiam</strong></span> <span class='ocrx_word' id='word_1_238' title='bbox 3081 1692 3181 1732; x_wconf 89' lang='lat' dir='ltr'><strong>nec</strong></span> <span class='ocrx_word' id='word_1_239' title='bbox 3220 1677 3414 1734; x_wconf 91' lang='lat' dir='ltr'><strong>bonam</strong></span> <span class='ocrx_word' id='word_1_240' title='bbox 3447 1695 3548 1736; x_wconf 85' lang='lat' dir='ltr'><strong>nec</strong></span> 
     </span>
    </p>
   </div>
   <div class='ocr_carea' id='block_1_32' title="bbox 1947 1769 3550 1843">
    <p class='ocr_par' dir='ltr' id='par_1_32' title="bbox 1947 1769 3550 1843">
     <span class='ocr_line' id='line_1_32' title="bbox 1947 1769 3550 1843; baseline 0.003 -19"><span class='ocrx_word' id='word_1_241' title='bbox 1947 1771 2141 1824; x_wconf 81' lang='lat' dir='ltr'><strong>malam</strong></span> <span class='ocrx_word' id='word_1_242' title='bbox 2165 1769 2439 1824; x_wconf 83' lang='lat' dir='ltr'><strong>inducere.</strong></span> <span class='ocrx_word' id='word_1_243' title='bbox 2458 1769 2642 1840; x_wconf 86' lang='lat' dir='ltr'><strong>Igitur,</strong></span> <span class='ocrx_word' id='word_1_244' title='bbox 2658 1769 2940 1839; x_wconf 86' lang='lat' dir='ltr'><strong>subjacens</strong></span> <span class='ocrx_word' id='word_1_245' title='bbox 2957 1773 3180 1826; x_wconf 81' lang='lat' dir='ltr'><strong>materia</strong></span> <span class='ocrx_word' id='word_1_246' title='bbox 3194 1773 3416 1843; x_wconf 67' lang='lat' dir='ltr'><strong>mquam</strong></span> <span class='ocrx_word' id='word_1_247' title='bbox 3434 1788 3550 1829; x_wconf 87' lang='lat' dir='ltr'><strong>mo-</strong></span> 
     </span>
    </p>
   </div>
   <div class='ocr_carea' id='block_1_33' title="bbox 227 1862 3548 1935">
    <p class='ocr_par' dir='ltr' id='par_1_33' title="bbox 227 1862 3548 1935">
     <span class='ocr_line' id='line_1_33' title="bbox 227 1862 3548 1935; baseline 0.001 -17"><span class='ocrx_word' id='word_1_248' title='bbox 227 1863 331 1920; x_wconf 89' lang='lat' dir='ltr'><strong>bus</strong></span> <span class='ocrx_word' id='word_1_249' title='bbox 355 1863 581 1927; x_wconf 87' lang='lat' dir='ltr'><strong>habent,</strong></span> <span class='ocrx_word' id='word_1_250' title='bbox 606 1874 662 1918; x_wconf 93' lang='lat' dir='ltr'><strong>ut</strong></span> <span class='ocrx_word' id='word_1_251' title='bbox 684 1880 746 1918; x_wconf 77' lang='lat' dir='ltr'><strong>ex</strong></span> <span class='ocrx_word' id='word_1_252' title='bbox 775 1863 1013 1931; x_wconf 85' lang='lat' dir='ltr'><strong>partibus</strong></span> <span class='ocrx_word' id='word_1_253' title='bbox 1042 1873 1209 1917; x_wconf 90' lang='lat' dir='ltr'><strong>totum</strong></span> <span class='ocrx_word' id='word_1_254' title='bbox 1240 1862 1624 1933; x_wconf 87' lang='lat' dir='ltr'><strong>dignoscatnr:</strong></span> <span class='ocrx_word' id='word_1_255' title='bbox 1657 1865 1839 1934; x_wconf 85' lang='lat' dir='ltr'><strong>utique</strong></span> <span class='ocrx_word' id='word_1_256' title='bbox 1871 1870 1918 1929; x_wconf 81' lang='grc' dir='ltr'><strong>Β</strong></span> <span class='ocrx_word' id='word_1_257' title='bbox 1947 1864 2108 1918; x_wconf 90' lang='lat' dir='ltr'><strong>menti</strong></span> <span class='ocrx_word' id='word_1_258' title='bbox 2163 1862 2364 1916; x_wconf 80' lang='lat' dir='ltr'><strong>habens</strong></span> <span class='ocrx_word' id='word_1_259' title='bbox 2397 1872 2623 1926; x_wconf 89' lang='lat' dir='ltr'><strong>motum,</strong></span> <span class='ocrx_word' id='word_1_260' title='bbox 2657 1878 2832 1933; x_wconf 89' lang='lat' dir='ltr'><strong>neque</strong></span> <span class='ocrx_word' id='word_1_261' title='bbox 2880 1863 2945 1918; x_wconf 89' lang='lat' dir='ltr'><strong>ad</strong></span> <span class='ocrx_word' id='word_1_262' title='bbox 3001 1863 3222 1932; x_wconf 87' lang='lat' dir='ltr'><strong>bonum,</strong></span> <span class='ocrx_word' id='word_1_263' title='bbox 3269 1881 3445 1935; x_wconf 90' lang='lat' dir='ltr'><strong>neque</strong></span> <span class='ocrx_word' id='word_1_264' title='bbox 3481 1865 3548 1920; x_wconf 90' lang='lat' dir='ltr'><strong>ad</strong></span> 
     </span>
    </p>
   </div>
   <div class='ocr_carea' id='block_1_34' title="bbox 229 1957 1842 2027">
    <p class='ocr_par' dir='ltr' id='par_1_34' title="bbox 229 1957 1842 2027">
     <span class='ocr_line' id='line_1_34' title="bbox 229 1957 1842 2027; baseline 0 -14"><span class='ocrx_word' id='word_1_265' title='bbox 229 1972 323 2013; x_wconf 86' lang='lat' dir='ltr'><strong>eas</strong></span> <span class='ocrx_word' id='word_1_266' title='bbox 356 1967 538 2027; x_wconf 88' lang='lat' dir='ltr'><strong>partes</strong></span> <span class='ocrx_word' id='word_1_267' title='bbox 573 1957 799 2027; x_wconf 84' lang='lat' dir='ltr'><strong>intelligi</strong></span> <span class='ocrx_word' id='word_1_268' title='bbox 823 1957 923 2020; x_wconf 88' lang='lat' dir='ltr'><strong>vis,</strong></span> <span class='ocrx_word' id='word_1_269' title='bbox 943 1972 1062 2027; x_wconf 68' lang='lat' dir='ltr'><strong>qua:</strong></span> <span class='ocrx_word' id='word_1_270' title='bbox 1083 1971 1147 2011; x_wconf 77' lang='lat' dir='ltr'><strong>ex</strong></span> <span class='ocrx_word' id='word_1_271' title='bbox 1181 1957 1269 2010; x_wconf 91' lang='lat' dir='ltr'><strong>illa</strong></span> <span class='ocrx_word' id='word_1_272' title='bbox 1303 1957 1522 2026; x_wconf 75' lang='lat' dir='ltr'><strong>prolata:</strong></span> <span class='ocrx_word' id='word_1_273' title='bbox 1551 1965 1696 2021; x_wconf 88' lang='lat' dir='ltr'><strong>sunt,</strong></span> <span class='ocrx_word' id='word_1_274' title='bbox 1721 1972 1842 2027; x_wconf 64' lang='lat' dir='ltr'><strong>qum</strong></span> 
     </span>
    </p>
   </div>
   <div class='ocr_carea' id='block_1_35' title="bbox 233 2049 1842 2119">
    <p class='ocr_par' dir='ltr' id='par_1_35' title="bbox 233 2049 1842 2119">
     <span class='ocr_line' id='line_1_35' title="bbox 233 2049 1842 2119; baseline 0.001 -15"><span class='ocrx_word' id='word_1_275' title='bbox 233 2049 395 2104; x_wconf 83' lang='lat' dir='ltr'><strong>hodie</strong></span> <span class='ocrx_word' id='word_1_276' title='bbox 442 2050 693 2105; x_wconf 82' lang='lat' dir='ltr'><strong>videntur</strong></span> <span class='ocrx_word' id='word_1_277' title='bbox 724 2065 752 2103; x_wconf 92' lang='lat' dir='ltr'><strong>a</strong></span> <span class='ocrx_word' id='word_1_278' title='bbox 795 2050 969 2105; x_wconf 82' lang='lat' dir='ltr'><strong>nobis.</strong></span> <span class='ocrx_word' id='word_1_279' title='bbox 1020 2049 1302 2117; x_wconf 84' lang='lat' dir='ltr'><strong>Quomodo</strong></span> <span class='ocrx_word' id='word_1_280' title='bbox 1351 2064 1482 2119; x_wconf 88' lang='lat' dir='ltr'><strong>ergo</strong></span> <span class='ocrx_word' id='word_1_281' title='bbox 1535 2049 1714 2104; x_wconf 87' lang='lat' dir='ltr'><strong>omnia</strong></span> <span class='ocrx_word' id='word_1_282' title='bbox 1776 2066 1842 2105; x_wconf 80' lang='lat' dir='ltr'><strong>ex</strong></span> 
     </span>
    </p>
   </div>
   <div class='ocr_carea' id='block_1_36' title="bbox 232 2141 1846 2213">
    <p class='ocr_par' dir='ltr' id='par_1_36' title="bbox 232 2141 1846 2213">
     <span class='ocr_line' id='line_1_36' title="bbox 232 2141 1846 2213; baseline -0.001 -16"><span class='ocrx_word' id='word_1_283' title='bbox 232 2143 494 2197; x_wconf 89' lang='lat' dir='ltr'><strong>omnibus</strong></span> <span class='ocrx_word' id='word_1_284' title='bbox 520 2142 737 2208; x_wconf 85' lang='lat' dir='ltr'><strong>habent,</strong></span> <span class='ocrx_word' id='word_1_285' title='bbox 771 2143 953 2212; x_wconf 79' lang='lat' dir='ltr'><strong>utique</strong></span> <span class='ocrx_word' id='word_1_286' title='bbox 983 2158 1045 2197; x_wconf 82' lang='lat' dir='ltr'><strong>ex</strong></span> <span class='ocrx_word' id='word_1_287' title='bbox 1078 2141 1336 2211; x_wconf 84' lang='lat' dir='ltr'><strong>pristinis,</strong></span> <span class='ocrx_word' id='word_1_288' title='bbox 1362 2141 1573 2211; x_wconf 91' lang='lat' dir='ltr'><strong>quando</strong></span> <span class='ocrx_word' id='word_1_289' title='bbox 1603 2158 1720 2213; x_wconf 75' lang='lat' dir='ltr'><strong>qua:</strong></span> <span class='ocrx_word' id='word_1_290' title='bbox 1748 2143 1846 2196; x_wconf 85' lang='lat' dir='ltr'><strong>ho-</strong></span> 
     </span>
    </p>
   </div>
   <div class='ocr_carea' id='block_1_37' title="bbox 234 2233 1846 2305">
    <p class='ocr_par' dir='ltr' id='par_1_37' title="bbox 234 2233 1846 2305">
     <span class='ocr_line' id='line_1_37' title="bbox 234 2233 1846 2305; baseline -0.001 -14"><span class='ocrx_word' id='word_1_291' title='bbox 234 2233 325 2291; x_wconf 87' lang='lat' dir='ltr'><strong>die</strong></span> <span class='ocrx_word' id='word_1_292' title='bbox 353 2235 624 2302; x_wconf 87' lang='lat' dir='ltr'><strong>videntur,</strong></span> <span class='ocrx_word' id='word_1_293' title='bbox 659 2235 811 2290; x_wconf 89' lang='lat' dir='ltr'><strong>aliter</strong></span> <span class='ocrx_word' id='word_1_294' title='bbox 840 2234 1074 2288; x_wconf 83' lang='lat' dir='ltr'><strong>habeant</strong></span> <span class='ocrx_word' id='word_1_295' title='bbox 1111 2250 1271 2303; x_wconf 90' lang='lat' dir='ltr'><strong>quam</strong></span> <span class='ocrx_word' id='word_1_296' title='bbox 1315 2234 1538 2305; x_wconf 85' lang='lat' dir='ltr'><strong>pristina</strong></span> <span class='ocrx_word' id='word_1_297' title='bbox 1593 2233 1846 2291; x_wconf 79' lang='lat' dir='ltr'><strong>fuerunt?</strong></span> 
     </span>
    </p>
   </div>
   <div class='ocr_carea' id='block_1_38' title="bbox 868 2325 1251 2382">
    <p class='ocr_par' dir='ltr' id='par_1_38' title="bbox 868 2325 1251 2382">
     <span class='ocr_line' id='line_1_38' title="bbox 868 2325 1251 2382; baseline 0.003 -2"><span class='ocrx_word' id='word_1_298' title='bbox 868 2325 1094 2382; x_wconf 79' lang='lat' dir='ltr'><strong>CAPUT</strong></span> <span class='ocrx_word' id='word_1_299' title='bbox 1140 2325 1251 2381; x_wconf 72' lang='lat' dir='ltr'><strong>XL.</strong></span> 
     </span>
    </p>
   </div>
   <div class='ocr_carea' id='block_1_39' title="bbox 315 2417 1844 2491">
    <p class='ocr_par' dir='ltr' id='par_1_39' title="bbox 315 2417 1844 2491">
     <span class='ocr_line' id='line_1_39' title="bbox 315 2417 1844 2491; baseline 0 -18"><span class='ocrx_word' id='word_1_300' title='bbox 315 2417 462 2474; x_wconf 87' lang='lat' dir='ltr'><strong>Dicis</strong></span> <span class='ocrx_word' id='word_1_301' title='bbox 503 2419 554 2473; x_wconf 92' lang='lat' dir='ltr'><strong>in</strong></span> <span class='ocrx_word' id='word_1_302' title='bbox 585 2418 776 2474; x_wconf 89' lang='lat' dir='ltr'><strong>melius</strong></span> <span class='ocrx_word' id='word_1_303' title='bbox 803 2418 1148 2474; x_wconf 83' lang='lat' dir='ltr'><strong>relortnatam</strong></span> <span class='ocrx_word' id='word_1_304' title='bbox 1196 2419 1496 2485; x_wconf 88' lang='lat' dir='ltr'><strong>materiam,</strong></span> <span class='ocrx_word' id='word_1_305' title='bbox 1530 2419 1711 2490; x_wconf 91' lang='lat' dir='ltr'><strong>utique</strong></span> <span class='ocrx_word' id='word_1_306' title='bbox 1762 2420 1844 2491; x_wconf 80' lang='lat'><strong>(5)</strong></span> 
     </span>
    </p>
   </div>
   <div class='ocr_carea' id='block_1_40' title="bbox 242 2511 1846 2582">
    <p class='ocr_par' dir='ltr' id='par_1_40' title="bbox 242 2511 1846 2582">
     <span class='ocr_line' id='line_1_40' title="bbox 242 2511 1846 2582; baseline -0.001 -15"><span class='ocrx_word' id='word_1_307' title='bbox 242 2511 309 2567; x_wconf 84' lang='lat' dir='ltr'><strong>de</strong></span> <span class='ocrx_word' id='word_1_308' title='bbox 339 2512 702 2567; x_wconf 82' lang='lat' dir='ltr'><strong>deterioribus</strong></span> <span class='ocrx_word' id='word_1_309' title='bbox 729 2531 741 2566; x_wconf 89' lang='lat'>:</span> <span class='ocrx_word' id='word_1_310' title='bbox 766 2522 820 2567; x_wconf 89' lang='lat' dir='ltr'><strong>et</strong></span> <span class='ocrx_word' id='word_1_311' title='bbox 858 2513 937 2566; x_wconf 78' lang='lat' dir='ltr'><strong>vis</strong></span> <span class='ocrx_word' id='word_1_312' title='bbox 963 2512 1180 2566; x_wconf 85' lang='lat' dir='ltr'><strong>meliora</strong></span> <span class='ocrx_word' id='word_1_313' title='bbox 1204 2512 1530 2567; x_wconf 88' lang='lat' dir='ltr'><strong>deteriorqu</strong></span> <span class='ocrx_word' id='word_1_314' title='bbox 1571 2512 1846 2582; x_wconf 80' lang='lat' dir='ltr'><strong>exempla-</strong></span> 
     </span>
    </p>
   </div>
   <div class='ocr_carea' id='block_1_41' title="bbox 242 2602 1848 2673">
    <p class='ocr_par' dir='ltr' id='par_1_41' title="bbox 242 2602 1848 2673">
     <span class='ocr_line' id='line_1_41' title="bbox 242 2602 1848 2673; baseline 0.001 -15"><span class='ocrx_word' id='word_1_315' title='bbox 242 2605 385 2658; x_wconf 87' lang='lat' dir='ltr'><strong>rium</strong></span> <span class='ocrx_word' id='word_1_316' title='bbox 421 2604 582 2660; x_wconf 84' lang='lat' dir='ltr'><strong>l&#39;erre.</strong></span> <span class='ocrx_word' id='word_1_317' title='bbox 621 2602 847 2658; x_wconf 76' lang='lat' dir='ltr'><strong>Confusa</strong></span> <span class='ocrx_word' id='word_1_318' title='bbox 893 2619 980 2669; x_wconf 85' lang='lat' dir='ltr'><strong>res</strong></span> <span class='ocrx_word' id='word_1_319' title='bbox 1011 2614 1142 2668; x_wconf 87' lang='lat' dir='ltr'><strong>erat,</strong></span> <span class='ocrx_word' id='word_1_320' title='bbox 1195 2620 1334 2658; x_wconf 90' lang='lat' dir='ltr'><strong>nunc</strong></span> <span class='ocrx_word' id='word_1_321' title='bbox 1381 2620 1509 2659; x_wconf 84' lang='lat' dir='ltr'><strong>vero</strong></span> <span class='ocrx_word' id='word_1_322' title='bbox 1552 2605 1848 2673; x_wconf 89' lang='lat' dir='ltr'><strong>composita</strong></span> 
     </span>
    </p>
   </div>
   <div class='ocr_carea' id='block_1_42' title="bbox 244 2695 1850 2767">
    <p class='ocr_par' dir='ltr' id='par_1_42' title="bbox 244 2695 1850 2767">
     <span class='ocr_line' id='line_1_42' title="bbox 244 2695 1850 2767; baseline -0.001 -14"><span class='ocrx_word' id='word_1_323' title='bbox 244 2708 339 2753; x_wconf 81' lang='lat' dir='ltr'><strong>est</strong></span> <span class='ocrx_word' id='word_1_324' title='bbox 366 2713 380 2749; x_wconf 89' lang='lat'><strong>:</strong></span> <span class='ocrx_word' id='word_1_325' title='bbox 411 2706 468 2751; x_wconf 90' lang='lat' dir='ltr'><strong>et</strong></span> <span class='ocrx_word' id='word_1_326' title='bbox 493 2698 572 2750; x_wconf 84' lang='lat' dir='ltr'><strong>vis</strong></span> <span class='ocrx_word' id='word_1_327' title='bbox 591 2713 656 2752; x_wconf 80' lang='lat' dir='ltr'><strong>ex</strong></span> <span class='ocrx_word' id='word_1_328' title='bbox 683 2698 992 2766; x_wconf 74' lang='lat' dir='ltr'><strong>compesitis</strong></span> <span class='ocrx_word' id='word_1_329' title='bbox 1023 2695 1375 2766; x_wconf 85' lang='lat' dir='ltr'><strong>incomposita</strong></span> <span class='ocrx_word' id='word_1_330' title='bbox 1409 2698 1655 2767; x_wconf 61' lang='lat' dir='ltr'><strong>praberi.</strong></span> <span class='ocrx_word' id='word_1_331' title='bbox 1699 2697 1850 2752; x_wconf 67' lang='lat' dir='ltr'><strong>Nulla</strong></span> 
     </span>
    </p>
   </div>
   <div class='ocr_carea' id='block_1_43' title="bbox 247 2789 1846 2860">
    <p class='ocr_par' dir='ltr' id='par_1_43' title="bbox 247 2789 1846 2860">
     <span class='ocr_line' id='line_1_43' title="bbox 247 2789 1846 2860; baseline -0.001 -15"><span class='ocrx_word' id='word_1_332' title='bbox 247 2805 337 2845; x_wconf 86' lang='lat' dir='ltr'><strong>res</strong></span> <span class='ocrx_word' id='word_1_333' title='bbox 367 2790 649 2859; x_wconf 78' lang='lat' dir='ltr'><strong>Speculum</strong></span> <span class='ocrx_word' id='word_1_334' title='bbox 690 2791 912 2844; x_wconf 90' lang='lat' dir='ltr'><strong>alterius</strong></span> <span class='ocrx_word' id='word_1_335' title='bbox 957 2789 1034 2844; x_wconf 88' lang='lat' dir='ltr'><strong>rei</strong></span> <span class='ocrx_word' id='word_1_336' title='bbox 1063 2791 1165 2859; x_wconf 84' lang='grc'><strong>(6),</strong></span> <span class='ocrx_word' id='word_1_337' title='bbox 1211 2790 1258 2844; x_wconf 91' lang='lat' dir='ltr'><strong>id</strong></span> <span class='ocrx_word' id='word_1_338' title='bbox 1290 2799 1373 2845; x_wconf 90' lang='lat' dir='ltr'><strong>est</strong></span> <span class='ocrx_word' id='word_1_339' title='bbox 1408 2807 1512 2845; x_wconf 92' lang='lat' dir='ltr'><strong>non</strong></span> <span class='ocrx_word' id='word_1_340' title='bbox 1539 2792 1846 2860; x_wconf 67' lang='lat' dir='ltr'><strong>comqualis.</strong></span> 
     </span>
    </p>
   </div>
   <div class='ocr_carea' id='block_1_44' title="bbox 247 2882 1854 2953">
    <p class='ocr_par' dir='ltr' id='par_1_44' title="bbox 247 2882 1854 2953">
     <span class='ocr_line' id='line_1_44' title="bbox 247 2882 1854 2953; baseline 0 -14"><span class='ocrx_word' id='word_1_341' title='bbox 247 2882 422 2939; x_wconf 77' lang='lat' dir='ltr'><strong>Nemo</strong></span> <span class='ocrx_word' id='word_1_342' title='bbox 476 2900 534 2937; x_wconf 90' lang='lat' dir='ltr'><strong>se</strong></span> <span class='ocrx_word' id='word_1_343' title='bbox 569 2884 708 2952; x_wconf 89' lang='lat' dir='ltr'><strong>apud</strong></span> <span class='ocrx_word' id='word_1_344' title='bbox 738 2894 1006 2938; x_wconf 79' lang='lat' dir='ltr'><strong>tonsorem</strong></span> <span class='ocrx_word' id='word_1_345' title='bbox 1036 2886 1100 2950; x_wconf 75' lang='grc' dir='ltr'><strong>(ε)</strong></span> <span class='ocrx_word' id='word_1_346' title='bbox 1139 2901 1232 2953; x_wconf 86' lang='lat' dir='ltr'><strong>pro</strong></span> <span class='ocrx_word' id='word_1_347' title='bbox 1273 2885 1487 2940; x_wconf 89' lang='lat' dir='ltr'><strong>homine</strong></span> <span class='ocrx_word' id='word_1_348' title='bbox 1527 2885 1726 2940; x_wconf 91' lang='lat' dir='ltr'><strong>mulum</strong></span> <span class='ocrx_word' id='word_1_349' title='bbox 1773 2887 1854 2939; x_wconf 90' lang='lat' dir='ltr'><strong>in-</strong></span> 
     </span>
    </p>
   </div>
   <div class='ocr_carea' id='block_1_45' title="bbox 250 2975 1850 3044">
    <p class='ocr_par' dir='ltr' id='par_1_45' title="bbox 250 2975 1850 3044">
     <span class='ocr_line' id='line_1_45' title="bbox 250 2975 1850 3044; baseline 0 -14"><span class='ocrx_word' id='word_1_350' title='bbox 250 2977 456 3044; x_wconf 76' lang='lat' dir='ltr'><strong>spexit,</strong></span> <span class='ocrx_word' id='word_1_351' title='bbox 490 2975 590 3028; x_wconf 91' lang='lat' dir='ltr'><strong>nisi</strong></span> <span class='ocrx_word' id='word_1_352' title='bbox 631 2976 676 3029; x_wconf 87' lang='lat' dir='ltr'><strong>si</strong></span> <span class='ocrx_word' id='word_1_353' title='bbox 716 2977 804 3042; x_wconf 90' lang='lat' dir='ltr'><strong>qni</strong></span> <span class='ocrx_word' id='word_1_354' title='bbox 834 2986 983 3044; x_wconf 86' lang='lat' dir='ltr'><strong>putat</strong></span> <span class='ocrx_word' id='word_1_355' title='bbox 1014 2977 1065 3030; x_wconf 93' lang='lat' dir='ltr'><strong>in</strong></span> <span class='ocrx_word' id='word_1_356' title='bbox 1121 2979 1218 3031; x_wconf 92' lang='lat' dir='ltr'><strong>hac</strong></span> <span class='ocrx_word' id='word_1_357' title='bbox 1249 2978 1612 3032; x_wconf 80' lang='lat' dir='ltr'><strong>exstructione</strong></span> <span class='ocrx_word' id='word_1_358' title='bbox 1643 2977 1850 3042; x_wconf 90' lang='lat' dir='ltr'><strong>mundi,</strong></span> 
     </span>
    </p>
   </div>
   <div class='ocr_carea' id='block_1_46' title="bbox 251 3066 1854 3136">
    <p class='ocr_par' dir='ltr' id='par_1_46' title="bbox 251 3066 1854 3136">
     <span class='ocr_line' id='line_1_46' title="bbox 251 3066 1854 3136; baseline 0.002 -16"><span class='ocrx_word' id='word_1_359' title='bbox 251 3066 531 3135; x_wconf 66' lang='lat' dir='ltr'><strong>dispositae</strong></span> <span class='ocrx_word' id='word_1_360' title='bbox 571 3066 679 3135; x_wconf 86' lang='lat' dir='ltr'><strong>jam</strong></span> <span class='ocrx_word' id='word_1_361' title='bbox 711 3076 766 3120; x_wconf 89' lang='lat' dir='ltr'><strong>et</strong></span> <span class='ocrx_word' id='word_1_362' title='bbox 806 3079 1034 3136; x_wconf 69' lang='lat' dir='ltr'><strong>cetnptae</strong></span> <span class='ocrx_word' id='word_1_363' title='bbox 1064 3068 1164 3135; x_wconf 83' lang='grc'><strong>(7),</strong></span> <span class='ocrx_word' id='word_1_364' title='bbox 1213 3067 1493 3122; x_wconf 81' lang='lat' dir='ltr'><strong>informem</strong></span> <span class='ocrx_word' id='word_1_365' title='bbox 1521 3078 1574 3123; x_wconf 91' lang='lat' dir='ltr'><strong>et</strong></span> <span class='ocrx_word' id='word_1_366' title='bbox 1601 3069 1854 3122; x_wconf 78' lang='lat' dir='ltr'><strong>incaltam</strong></span> 
     </span>
    </p>
   </div>
   <div class='ocr_carea' id='block_1_47' title="bbox 253 3159 1852 3229">
    <p class='ocr_par' dir='ltr' id='par_1_47' title="bbox 253 3159 1852 3229">
     <span class='ocr_line' id='line_1_47' title="bbox 253 3159 1852 3229; baseline 0 -16"><span class='ocrx_word' id='word_1_367' title='bbox 253 3160 538 3214; x_wconf 83' lang='lat' dir='ltr'><strong>materiam</strong></span> <span class='ocrx_word' id='word_1_368' title='bbox 571 3159 911 3228; x_wconf 83' lang='lat' dir='ltr'><strong>respondere.</strong></span> <span class='ocrx_word' id='word_1_369' title='bbox 939 3160 1076 3226; x_wconf 88' lang='lat' dir='ltr'><strong>Quid</strong></span> <span class='ocrx_word' id='word_1_370' title='bbox 1111 3161 1270 3216; x_wconf 89' lang='lat' dir='ltr'><strong>hodie</strong></span> <span class='ocrx_word' id='word_1_371' title='bbox 1293 3161 1519 3216; x_wconf 77' lang='lat' dir='ltr'><strong>informe</strong></span> <span class='ocrx_word' id='word_1_372' title='bbox 1552 3163 1601 3216; x_wconf 93' lang='lat' dir='ltr'><strong>in</strong></span> <span class='ocrx_word' id='word_1_373' title='bbox 1631 3163 1852 3229; x_wconf 87' lang='lat' dir='ltr'><strong>mundo,</strong></span> 
     </span>
    </p>
   </div>
   <div class='ocr_carea' id='block_1_48' title="bbox 1948 1953 3550 2028">
    <p class='ocr_par' dir='ltr' id='par_1_48' title="bbox 1948 1953 3550 2028">
     <span class='ocr_line' id='line_1_48' title="bbox 1948 1953 3550 2028; baseline 0.003 -19"><span class='ocrx_word' id='word_1_374' title='bbox 1948 1955 2146 2009; x_wconf 90' lang='lat' dir='ltr'><strong>malum</strong></span> <span class='ocrx_word' id='word_1_375' title='bbox 2181 1953 2468 2023; x_wconf 84' lang='lat' dir='ltr'><strong>plurimum</strong></span> <span class='ocrx_word' id='word_1_376' title='bbox 2520 1954 2709 2024; x_wconf 87' lang='lat' dir='ltr'><strong>vergit.</strong></span> <span class='ocrx_word' id='word_1_377' title='bbox 2747 1954 2801 2011; x_wconf 87' lang='lat' dir='ltr'><strong>Si</strong></span> <span class='ocrx_word' id='word_1_378' title='bbox 2851 1954 3075 2026; x_wconf 75' lang='lat' dir='ltr'><strong>arqualis</strong></span> <span class='ocrx_word' id='word_1_379' title='bbox 3113 1958 3391 2021; x_wconf 89' lang='lat' dir='ltr'><strong>momenti,</strong></span> <span class='ocrx_word' id='word_1_380' title='bbox 3437 1958 3550 2028; x_wconf 92' lang='lat' dir='ltr'><strong>jam</strong></span> 
     </span>
    </p>
   </div>
   <div class='ocr_carea' id='block_1_49' title="bbox 1948 2044 3555 2120">
    <p class='ocr_par' dir='ltr' id='par_1_49' title="bbox 1948 2044 3555 2120">
     <span class='ocr_line' id='line_1_49' title="bbox 1948 2044 3555 2120; baseline 0.003 -19"><span class='ocrx_word' id='word_1_381' title='bbox 1948 2061 2052 2101; x_wconf 91' lang='lat' dir='ltr'><strong>nou</strong></span> <span class='ocrx_word' id='word_1_382' title='bbox 2087 2044 2444 2111; x_wconf 89' lang='lat' dir='ltr'><strong>turbulentus,</strong></span> <span class='ocrx_word' id='word_1_383' title='bbox 2489 2061 2587 2100; x_wconf 87' lang='lat' dir='ltr'><strong>nec</strong></span> <span class='ocrx_word' id='word_1_384' title='bbox 2613 2044 2930 2102; x_wconf 85' lang='lat' dir='ltr'><strong>cacabacius</strong></span> <span class='ocrx_word' id='word_1_385' title='bbox 2959 2047 3076 2116; x_wconf 65' lang='lat'><strong>(16)</strong></span> <span class='ocrx_word' id='word_1_386' title='bbox 3098 2089 3113 2114; x_wconf 91' lang='lat'><strong>,</strong></span> <span class='ocrx_word' id='word_1_387' title='bbox 3161 2049 3252 2102; x_wconf 89' lang='lat' dir='ltr'><strong>sed</strong></span> <span class='ocrx_word' id='word_1_388' title='bbox 3284 2051 3555 2120; x_wconf 87' lang='lat' dir='ltr'><strong>composi-</strong></span> 
     </span>
    </p>
   </div>
   <div class='ocr_carea' id='block_1_50' title="bbox 1951 2140 3552 2214">
    <p class='ocr_par' dir='ltr' id='par_1_50' title="bbox 1951 2140 3552 2214">
     <span class='ocr_line' id='line_1_50' title="bbox 1951 2140 3552 2214; baseline 0.004 -17"><span class='ocrx_word' id='word_1_389' title='bbox 1951 2151 2034 2197; x_wconf 86' lang='lat' dir='ltr'><strong>tus</strong></span> <span class='ocrx_word' id='word_1_390' title='bbox 2079 2153 2132 2198; x_wconf 92' lang='lat' dir='ltr'><strong>et</strong></span> <span class='ocrx_word' id='word_1_391' title='bbox 2179 2150 2507 2211; x_wconf 84' lang='lat' dir='ltr'><strong>temperatus</strong></span> <span class='ocrx_word' id='word_1_392' title='bbox 2537 2140 2695 2214; x_wconf 79' lang='lat'><strong>(15);</strong></span> <span class='ocrx_word' id='word_1_393' title='bbox 2730 2143 2954 2209; x_wconf 88' lang='lat' dir='ltr'><strong>scilicet,</strong></span> <span class='ocrx_word' id='word_1_394' title='bbox 2976 2143 3066 2213; x_wconf 91' lang='lat' dir='ltr'><strong>qui</strong></span> <span class='ocrx_word' id='word_1_395' title='bbox 3100 2144 3238 2200; x_wconf 90' lang='lat' dir='ltr'><strong>inter</strong></span> <span class='ocrx_word' id='word_1_396' title='bbox 3265 2145 3465 2200; x_wconf 88' lang='lat' dir='ltr'><strong>bonum</strong></span> <span class='ocrx_word' id='word_1_397' title='bbox 3495 2153 3552 2203; x_wconf 84' lang='lat' dir='ltr'><strong>et</strong></span> 
     </span>
    </p>
   </div>
   <div class='ocr_carea' id='block_1_51' title="bbox 1950 2235 3554 2307">
    <p class='ocr_par' dir='ltr' id='par_1_51' title="bbox 1950 2235 3554 2307">
     <span class='ocr_line' id='line_1_51' title="bbox 1950 2235 3554 2307; baseline 0.001 -16"><span class='ocrx_word' id='word_1_398' title='bbox 1950 2236 2149 2291; x_wconf 92' lang='lat' dir='ltr'><strong>malum</strong></span> <span class='ocrx_word' id='word_1_399' title='bbox 2176 2251 2276 2291; x_wconf 90' lang='lat' dir='ltr'><strong>suo</strong></span> <span class='ocrx_word' id='word_1_400' title='bbox 2302 2235 2525 2290; x_wconf 90' lang='lat' dir='ltr'><strong>arbitrio</strong></span> <span class='ocrx_word' id='word_1_401' title='bbox 2550 2237 2800 2306; x_wconf 89' lang='lat' dir='ltr'><strong>agitatus,</strong></span> <span class='ocrx_word' id='word_1_402' title='bbox 2834 2235 2885 2289; x_wconf 94' lang='lat' dir='ltr'><strong>in</strong></span> <span class='ocrx_word' id='word_1_403' title='bbox 2919 2245 3162 2292; x_wconf 88' lang='lat' dir='ltr'><strong>neutram</strong></span> <span class='ocrx_word' id='word_1_404' title='bbox 3218 2246 3395 2293; x_wconf 88' lang='lat' dir='ltr'><strong>tamen</strong></span> <span class='ocrx_word' id='word_1_405' title='bbox 3431 2253 3554 2307; x_wconf 82' lang='lat' dir='ltr'><strong>par—</strong></span> 
     </span>
    </p>
   </div>
   <div class='ocr_carea' id='block_1_52' title="bbox 1952 2328 3554 2400">
    <p class='ocr_par' dir='ltr' id='par_1_52' title="bbox 1952 2328 3554 2400">
     <span class='ocr_line' id='line_1_52' title="bbox 1952 2328 3554 2400; baseline 0.001 -16"><span class='ocrx_word' id='word_1_406' title='bbox 1952 2340 2057 2385; x_wconf 89' lang='lat' dir='ltr'><strong>tem</strong></span> <span class='ocrx_word' id='word_1_407' title='bbox 2104 2344 2306 2399; x_wconf 88' lang='lat' dir='ltr'><strong>pronus</strong></span> <span class='ocrx_word' id='word_1_408' title='bbox 2351 2339 2406 2384; x_wconf 92' lang='lat' dir='ltr'><strong>et</strong></span> <span class='ocrx_word' id='word_1_409' title='bbox 2459 2343 2716 2399; x_wconf 69' lang='lat' dir='ltr'><strong>praeceps,</strong></span> <span class='ocrx_word' id='word_1_410' title='bbox 2746 2328 2960 2394; x_wconf 68' lang='lat' dir='ltr'><strong>medim,</strong></span> <span class='ocrx_word' id='word_1_411' title='bbox 3000 2329 3142 2400; x_wconf 87' lang='lat' dir='ltr'><strong>quod</strong></span> <span class='ocrx_word' id='word_1_412' title='bbox 3169 2331 3341 2396; x_wconf 89' lang='lat' dir='ltr'><strong>aiunt,</strong></span> <span class='ocrx_word' id='word_1_413' title='bbox 3381 2331 3554 2400; x_wconf 78' lang='lat' dir='ltr'><strong>aginte</strong></span> 
     </span>
    </p>
   </div>
   <div class='ocr_carea' id='block_1_53' title="bbox 1952 2419 3552 2494">
    <p class='ocr_par' dir='ltr' id='par_1_53' title="bbox 1952 2419 3552 2494">
     <span class='ocr_line' id='line_1_53' title="bbox 1952 2419 3552 2494; baseline 0.003 -21"><span class='ocrx_word' id='word_1_414' title='bbox 1952 2422 2034 2493; x_wconf 83' lang='lat' dir='ltr'><strong>(d)</strong></span> <span class='ocrx_word' id='word_1_415' title='bbox 2057 2419 2170 2494; x_wconf 84' lang='grc'><strong>(16)</strong></span> <span class='ocrx_word' id='word_1_416' title='bbox 2193 2421 2530 2490; x_wconf 76' lang='lat' dir='ltr'><strong>tequilibrato</strong></span> <span class='ocrx_word' id='word_1_417' title='bbox 2557 2423 2756 2491; x_wconf 85' lang='lat' dir='ltr'><strong>impetu</strong></span> <span class='ocrx_word' id='word_1_418' title='bbox 2794 2420 3082 2476; x_wconf 81' lang='lat' dir='ltr'><strong>ferebatur.</strong></span> <span class='ocrx_word' id='word_1_419' title='bbox 3131 2421 3277 2487; x_wconf 61' lang='lat' dir='ltr'><strong>llzec,</strong></span> <span class='ocrx_word' id='word_1_420' title='bbox 3319 2422 3552 2492; x_wconf 77' lang='lat' dir='ltr'><strong>inquies,</strong></span> 
     </span>
    </p>
   </div>
   <div class='ocr_carea' id='block_1_54' title="bbox 1953 2513 3554 2585">
    <p class='ocr_par' dir='ltr' id='par_1_54' title="bbox 1953 2513 3554 2585">
     <span class='ocr_line' id='line_1_54' title="bbox 1953 2513 3554 2585; baseline 0.001 -16"><span class='ocrx_word' id='word_1_421' title='bbox 1953 2531 2056 2569; x_wconf 92' lang='lat' dir='ltr'><strong>non</strong></span> <span class='ocrx_word' id='word_1_422' title='bbox 2114 2525 2219 2580; x_wconf 87' lang='lat' dir='ltr'><strong>est,</strong></span> <span class='ocrx_word' id='word_1_423' title='bbox 2268 2514 2382 2568; x_wconf 57' lang='lat' dir='ltr'><strong>haec</strong></span> <span class='ocrx_word' id='word_1_424' title='bbox 2411 2513 2871 2584; x_wconf 85' lang='lat' dir='ltr'><strong>turbnlentia(17)</strong></span> <span class='ocrx_word' id='word_1_425' title='bbox 2916 2523 2970 2568; x_wconf 93' lang='lat' dir='ltr'><strong>et</strong></span> <span class='ocrx_word' id='word_1_426' title='bbox 2999 2515 3278 2584; x_wconf 86' lang='lat' dir='ltr'><strong>passivitas</strong></span> <span class='ocrx_word' id='word_1_427' title='bbox 3321 2514 3397 2585; x_wconf 88' lang='lat' dir='ltr'><strong>(e)</strong></span> <span class='ocrx_word' id='word_1_428' title='bbox 3445 2532 3554 2571; x_wconf 86' lang='lat' dir='ltr'><strong>non</strong></span> 
     </span>
    </p>
   </div>
   <div class='ocr_carea' id='block_1_55' title="bbox 1952 2604 3557 2675">
    <p class='ocr_par' dir='ltr' id='par_1_55' title="bbox 1952 2604 3557 2675">
     <span class='ocr_line' id='line_1_55' title="bbox 1952 2604 3557 2675; baseline 0.001 -14"><span class='ocrx_word' id='word_1_429' title='bbox 1952 2617 2064 2671; x_wconf 84' lang='lat' dir='ltr'><strong>est;</strong></span> <span class='ocrx_word' id='word_1_430' title='bbox 2096 2607 2189 2661; x_wconf 90' lang='lat' dir='ltr'><strong>sed</strong></span> <span class='ocrx_word' id='word_1_431' title='bbox 2221 2605 2542 2669; x_wconf 86' lang='lat' dir='ltr'><strong>moderatio,</strong></span> <span class='ocrx_word' id='word_1_432' title='bbox 2569 2617 2623 2660; x_wconf 92' lang='lat' dir='ltr'><strong>et</strong></span> <span class='ocrx_word' id='word_1_433' title='bbox 2661 2604 2920 2660; x_wconf 74' lang='lat' dir='ltr'><strong>modestia</strong></span> <span class='ocrx_word' id='word_1_434' title='bbox 2948 2647 2963 2671; x_wconf 90' lang='lat'><strong>,</strong></span> <span class='ocrx_word' id='word_1_435' title='bbox 3021 2615 3075 2661; x_wconf 90' lang='lat' dir='ltr'><strong>et</strong></span> <span class='ocrx_word' id='word_1_436' title='bbox 3126 2606 3336 2675; x_wconf 88' lang='lat' dir='ltr'><strong>justitia</strong></span> <span class='ocrx_word' id='word_1_437' title='bbox 3381 2617 3557 2663; x_wconf 79' lang='lat' dir='ltr'><strong>mnta-</strong></span> 
     </span>
    </p>
   </div>
   <div class='ocr_carea' id='block_1_56' title="bbox 1955 2697 3556 2770">
    <p class='ocr_par' dir='ltr' id='par_1_56' title="bbox 1955 2697 3556 2770">
     <span class='ocr_line' id='line_1_56' title="bbox 1955 2697 3556 2770; baseline 0.001 -17"><span class='ocrx_word' id='word_1_438' title='bbox 1955 2700 2116 2753; x_wconf 90' lang='lat' dir='ltr'><strong>tionis</strong></span> <span class='ocrx_word' id='word_1_439' title='bbox 2168 2698 2235 2770; x_wconf 74' lang='lat' dir='ltr'><strong>(f)</strong></span> <span class='ocrx_word' id='word_1_440' title='bbox 2268 2698 2382 2769; x_wconf 86' lang='lat'><strong>(18)</strong></span> <span class='ocrx_word' id='word_1_441' title='bbox 2414 2707 2659 2752; x_wconf 89' lang='lat' dir='ltr'><strong>neutram</strong></span> <span class='ocrx_word' id='word_1_442' title='bbox 2711 2697 2762 2750; x_wconf 90' lang='lat' dir='ltr'><strong>in</strong></span> <span class='ocrx_word' id='word_1_443' title='bbox 2807 2705 3012 2765; x_wconf 90' lang='lat' dir='ltr'><strong>partem</strong></span> <span class='ocrx_word' id='word_1_444' title='bbox 3065 2698 3369 2754; x_wconf 89' lang='lat' dir='ltr'><strong>inclinantis</strong></span> <span class='ocrx_word' id='word_1_445' title='bbox 3418 2699 3556 2770; x_wconf 90' lang='lat'><strong>(19).</strong></span> 
     </span>
    </p>
   </div>
   <div class='ocr_carea' id='block_1_57' title="bbox 1956 2790 3561 2864">
    <p class='ocr_par' dir='ltr' id='par_1_57' title="bbox 1956 2790 3561 2864">
     <span class='ocr_line' id='line_1_57' title="bbox 1956 2790 3561 2864; baseline 0.001 -16"><span class='ocrx_word' id='word_1_446' title='bbox 1956 2793 2139 2857; x_wconf 83' lang='lat' dir='ltr'><strong>Plane,</strong></span> <span class='ocrx_word' id='word_1_447' title='bbox 2165 2794 2208 2846; x_wconf 92' lang='lat' dir='ltr'><strong>si</strong></span> <span class='ocrx_word' id='word_1_448' title='bbox 2234 2793 2336 2847; x_wconf 92' lang='lat' dir='ltr'><strong>huc</strong></span> <span class='ocrx_word' id='word_1_449' title='bbox 2365 2801 2419 2846; x_wconf 91' lang='lat' dir='ltr'><strong>et</strong></span> <span class='ocrx_word' id='word_1_450' title='bbox 2442 2791 2588 2857; x_wconf 88' lang='lat' dir='ltr'><strong>illuc,</strong></span> <span class='ocrx_word' id='word_1_451' title='bbox 2614 2791 2779 2844; x_wconf 90' lang='lat' dir='ltr'><strong>autin</strong></span> <span class='ocrx_word' id='word_1_452' title='bbox 2806 2790 3036 2846; x_wconf 88' lang='lat' dir='ltr'><strong>alterum</strong></span> <span class='ocrx_word' id='word_1_453' title='bbox 3081 2792 3249 2862; x_wconf 85' lang='lat' dir='ltr'><strong>magis</strong></span> <span class='ocrx_word' id='word_1_454' title='bbox 3292 2793 3561 2864; x_wconf 84' lang='lat' dir='ltr'><strong>proclina-</strong></span> 
     </span>
    </p>
   </div>
   <div class='ocr_carea' id='block_1_58' title="bbox 1957 2881 3561 2955">
    <p class='ocr_par' dir='ltr' id='par_1_58' title="bbox 1957 2881 3561 2955">
     <span class='ocr_line' id='line_1_58' title="bbox 1957 2881 3561 2955; baseline 0.001 -16"><span class='ocrx_word' id='word_1_455' title='bbox 1957 2884 2181 2955; x_wconf 67' lang='lat' dir='ltr'><strong>ret(20),</strong></span> <span class='ocrx_word' id='word_1_456' title='bbox 2200 2893 2322 2938; x_wconf 92' lang='lat' dir='ltr'><strong>tunc</strong></span> <span class='ocrx_word' id='word_1_457' title='bbox 2339 2881 2793 2947; x_wconf 85' lang='lat' dir='ltr'><strong>inconcinnitatis,</strong></span> <span class='ocrx_word' id='word_1_458' title='bbox 2813 2891 2868 2937; x_wconf 91' lang='lat' dir='ltr'><strong>et</strong></span> <span class='ocrx_word' id='word_1_459' title='bbox 2883 2882 3282 2953; x_wconf 72' lang='lat' dir='ltr'><strong>inmqualitatis,</strong></span> <span class='ocrx_word' id='word_1_460' title='bbox 3304 2893 3356 2940; x_wconf 93' lang='lat' dir='ltr'><strong>et</strong></span> <span class='ocrx_word' id='word_1_461' title='bbox 3374 2885 3561 2941; x_wconf 89' lang='lat' dir='ltr'><strong>turhtt-</strong></span> 
     </span>
    </p>
   </div>
   <div class='ocr_carea' id='block_1_59' title="bbox 1957 2972 3562 3042">
    <p class='ocr_par' dir='ltr' id='par_1_59' title="bbox 1957 2972 3562 3042">
     <span class='ocr_line' id='line_1_59' title="bbox 1957 2972 3562 3042; baseline 0.001 -11"><span class='ocrx_word' id='word_1_462' title='bbox 1957 2976 2138 3032; x_wconf 78' lang='lat' dir='ltr'><strong>lcntia:</strong></span> <span class='ocrx_word' id='word_1_463' title='bbox 2164 2975 2408 3032; x_wconf 90' lang='lat' dir='ltr'><strong>deuotari</strong></span> <span class='ocrx_word' id='word_1_464' title='bbox 2439 2982 2757 3029; x_wconf 91' lang='lat' dir='ltr'><strong>mereretur.</strong></span> <span class='ocrx_word' id='word_1_465' title='bbox 2776 2972 2964 3039; x_wconf 90' lang='lat' dir='ltr'><strong>Porro,</strong></span> <span class='ocrx_word' id='word_1_466' title='bbox 2993 2975 3036 3028; x_wconf 90' lang='lat' dir='ltr'><strong>si</strong></span> <span class='ocrx_word' id='word_1_467' title='bbox 3054 2990 3229 3042; x_wconf 87' lang='lat' dir='ltr'><strong>neque</strong></span> <span class='ocrx_word' id='word_1_468' title='bbox 3250 2981 3314 3029; x_wconf 86' lang='lat' dir='ltr'><strong>ad</strong></span> <span class='ocrx_word' id='word_1_469' title='bbox 3335 2976 3562 3042; x_wconf 87' lang='lat' dir='ltr'><strong>bonum,</strong></span> 
     </span>
    </p>
   </div>
   <div class='ocr_carea' id='block_1_60' title="bbox 1959 3066 3564 3140">
    <p class='ocr_par' dir='ltr' id='par_1_60' title="bbox 1959 3066 3564 3140">
     <span class='ocr_line' id='line_1_60' title="bbox 1959 3066 3564 3140; baseline 0 -16"><span class='ocrx_word' id='word_1_470' title='bbox 1959 3084 2131 3140; x_wconf 87' lang='lat' dir='ltr'><strong>neque</strong></span> <span class='ocrx_word' id='word_1_471' title='bbox 2147 3066 2212 3121; x_wconf 84' lang='lat' dir='ltr'><strong>ad</strong></span> <span class='ocrx_word' id='word_1_472' title='bbox 2237 3066 2434 3121; x_wconf 90' lang='lat' dir='ltr'><strong>malum</strong></span> <span class='ocrx_word' id='word_1_473' title='bbox 2468 3066 2686 3136; x_wconf 91' lang='lat' dir='ltr'><strong>pronior</strong></span> <span class='ocrx_word' id='word_1_474' title='bbox 2714 3072 2831 3120; x_wconf 84' lang='lat' dir='ltr'><strong>erat</strong></span> <span class='ocrx_word' id='word_1_475' title='bbox 2861 3073 3059 3128; x_wconf 90' lang='lat' dir='ltr'><strong>motus,</strong></span> <span class='ocrx_word' id='word_1_476' title='bbox 3093 3067 3276 3136; x_wconf 89' lang='lat' dir='ltr'><strong>utique</strong></span> <span class='ocrx_word' id='word_1_477' title='bbox 3303 3069 3443 3123; x_wconf 90' lang='lat' dir='ltr'><strong>inter</strong></span> <span class='ocrx_word' id='word_1_478' title='bbox 3466 3069 3564 3125; x_wconf 88' lang='lat' dir='ltr'><strong>bo-</strong></span> 
     </span>
    </p>
   </div>
   <div class='ocr_carea' id='block_1_61' title="bbox 1961 3155 3567 3228">
    <p class='ocr_par' dir='ltr' id='par_1_61' title="bbox 1961 3155 3567 3228">
     <span class='ocr_line' id='line_1_61' title="bbox 1961 3155 3567 3228; baseline 0.002 -14"><span class='ocrx_word' id='word_1_479' title='bbox 1961 3177 2086 3214; x_wconf 94' lang='lat' dir='ltr'><strong>num</strong></span> <span class='ocrx_word' id='word_1_480' title='bbox 2126 3169 2180 3214; x_wconf 92' lang='lat' dir='ltr'><strong>et</strong></span> <span class='ocrx_word' id='word_1_481' title='bbox 2229 3160 2425 3212; x_wconf 89' lang='lat' dir='ltr'><strong>malum</strong></span> <span class='ocrx_word' id='word_1_482' title='bbox 2467 3155 2726 3228; x_wconf 80' lang='lat' dir='ltr'><strong>agebatur</strong></span> <span class='ocrx_word' id='word_1_483' title='bbox 2757 3173 2770 3210; x_wconf 89' lang='lat'><strong>:</strong></span> <span class='ocrx_word' id='word_1_484' title='bbox 2797 3165 2856 3211; x_wconf 90' lang='lat' dir='ltr'><strong>ut</strong></span> <span class='ocrx_word' id='word_1_485' title='bbox 2892 3172 2958 3212; x_wconf 78' lang='lat' dir='ltr'><strong>ex</strong></span> <span class='ocrx_word' id='word_1_486' title='bbox 2996 3155 3098 3211; x_wconf 91' lang='lat' dir='ltr'><strong>hoc</strong></span> <span class='ocrx_word' id='word_1_487' title='bbox 3118 3173 3334 3228; x_wconf 91' lang='lat' dir='ltr'><strong>quoque</strong></span> <span class='ocrx_word' id='word_1_488' title='bbox 3391 3171 3567 3217; x_wconf 88' lang='lat' dir='ltr'><strong>mate-</strong></span> 
     </span>
    </p>
   </div>
   <div class='ocr_carea' id='block_1_62' title="bbox 254 3247 1853 3332">
    <p class='ocr_par' dir='ltr' id='par_1_62' title="bbox 254 3254 1853 3329">
     <span class='ocr_line' id='line_1_62' title="bbox 254 3254 1853 3329; baseline 0.004 -21"><span class='ocrx_word' id='word_1_489' title='bbox 254 3254 382 3324; x_wconf 89' lang='lat' dir='ltr'><strong>quid</strong></span> <span class='ocrx_word' id='word_1_490' title='bbox 419 3264 566 3309; x_wconf 87' lang='lat' dir='ltr'><strong>retro</strong></span> <span class='ocrx_word' id='word_1_491' title='bbox 602 3257 679 3325; x_wconf 84' lang='lat'><strong>(8)</strong></span> <span class='ocrx_word' id='word_1_492' title='bbox 708 3258 1001 3326; x_wconf 88' lang='lat' dir='ltr'><strong>speciatum</strong></span> <span class='ocrx_word' id='word_1_493' title='bbox 1044 3257 1093 3309; x_wconf 94' lang='lat' dir='ltr'><strong>in</strong></span> <span class='ocrx_word' id='word_1_494' title='bbox 1125 3258 1367 3322; x_wconf 89' lang='lat' dir='ltr'><strong>materia,</strong></span> <span class='ocrx_word' id='word_1_495' title='bbox 1398 3267 1455 3311; x_wconf 90' lang='lat' dir='ltr'><strong>ut</strong></span> <span class='ocrx_word' id='word_1_496' title='bbox 1480 3259 1757 3329; x_wconf 89' lang='lat' dir='ltr'><strong>speculum</strong></span> <span class='ocrx_word' id='word_1_497' title='bbox 1793 3259 1853 3314; x_wconf 91' lang='lat' dir='ltr'><strong>sil</strong></span> 
     </span>
    </p>
   </div>
   <div class='ocr_carea' id='block_1_63' title="bbox 1960 3247 3564 3332">
    <p class='ocr_par' dir='ltr' id='par_1_63' title="bbox 1966 3247 3564 3319">
     <span class='ocr_line' id='line_1_63' title="bbox 1966 3247 3564 3319; baseline 0.002 -11"><span class='ocrx_word' id='word_1_498' title='bbox 1966 3255 2100 3308; x_wconf 87' lang='lat' dir='ltr'><strong>riam</strong></span> <span class='ocrx_word' id='word_1_499' title='bbox 2148 3249 2610 3306; x_wconf 89' lang='lat' dir='ltr'><strong>determinabilem</strong></span> <span class='ocrx_word' id='word_1_500' title='bbox 2677 3247 2954 3319; x_wconf 86' lang='lat' dir='ltr'><strong>adpareat,</strong></span> <span class='ocrx_word' id='word_1_501' title='bbox 3009 3249 3164 3318; x_wconf 79' lang='lat' dir='ltr'><strong>cujus</strong></span> <span class='ocrx_word' id='word_1_502' title='bbox 3217 3261 3397 3308; x_wconf 91' lang='lat' dir='ltr'><strong>motus</strong></span> <span class='ocrx_word' id='word_1_503' title='bbox 3461 3270 3564 3311; x_wconf 90' lang='lat' dir='ltr'><strong>nec</strong></span> 
     </span>
    </p>
   </div>
   <div class='ocr_carea' id='block_1_64' title="bbox 256 3347 1862 3422">
    <p class='ocr_par' dir='ltr' id='par_1_64' title="bbox 256 3347 1862 3422">
     <span class='ocr_line' id='line_1_64' title="bbox 256 3347 1862 3422; baseline 0.004 -21"><span class='ocrx_word' id='word_1_504' title='bbox 256 3347 493 3401; x_wconf 86' lang='lat' dir='ltr'><strong>mundus</strong></span> <span class='ocrx_word' id='word_1_505' title='bbox 521 3348 794 3402; x_wconf 69' lang='lat' dir='ltr'><strong>materiae?</strong></span> <span class='ocrx_word' id='word_1_506' title='bbox 818 3349 949 3404; x_wconf 89' lang='lat' dir='ltr'><strong>Cum</strong></span> <span class='ocrx_word' id='word_1_507' title='bbox 979 3352 1275 3404; x_wconf 92' lang='lat' dir='ltr'><strong>ornamenti</strong></span> <span class='ocrx_word' id='word_1_508' title='bbox 1309 3352 1524 3405; x_wconf 91' lang='lat' dir='ltr'><strong>nomine</strong></span> <span class='ocrx_word' id='word_1_509' title='bbox 1574 3351 1640 3406; x_wconf 89' lang='lat' dir='ltr'><strong>sit</strong></span> <span class='ocrx_word' id='word_1_510' title='bbox 1698 3366 1862 3422; x_wconf 90' lang='lat' dir='ltr'><strong>penes</strong></span> 
     </span>
    </p>
   </div>
   <div class='ocr_carea' id='block_1_65' title="bbox 257 3437 1863 3510">
    <p class='ocr_par' dir='ltr' id='par_1_65' title="bbox 257 3437 1863 3510">
     <span class='ocr_line' id='line_1_65' title="bbox 257 3437 1863 3510; baseline 0.002 -16"><span class='ocrx_word' id='word_1_511' title='bbox 257 3437 479 3495; x_wconf 71' lang='lat' dir='ltr'><strong>Graecos</strong></span> <span class='ocrx_word' id='word_1_512' title='bbox 513 3439 851 3510; x_wconf 53' lang='lat' dir='ltr'><strong>mandauit),</strong></span> <span class='ocrx_word' id='word_1_513' title='bbox 877 3441 1145 3510; x_wconf 91' lang='lat' dir='ltr'><strong>quomodo</strong></span> <span class='ocrx_word' id='word_1_514' title='bbox 1182 3442 1439 3497; x_wconf 71' lang='lat' dir='ltr'><strong>inornatae</strong></span> <span class='ocrx_word' id='word_1_515' title='bbox 1466 3445 1706 3498; x_wconf 64' lang='lat' dir='ltr'><strong>materia:</strong></span> <span class='ocrx_word' id='word_1_516' title='bbox 1730 3445 1863 3498; x_wconf 84' lang='lat' dir='ltr'><strong>inta-</strong></span> 
     </span>
    </p>
   </div>
   <div class='ocr_carea' id='block_1_66' title="bbox 1968 3337 3564 3411">
    <p class='ocr_par' dir='ltr' id='par_1_66' title="bbox 1968 3337 3564 3411">
     <span class='ocr_line' id='line_1_66' title="bbox 1968 3337 3564 3411; baseline 0.001 -12"><span class='ocrx_word' id='word_1_517' title='bbox 1968 3343 2108 3399; x_wconf 89' lang='lat' dir='ltr'><strong>malo</strong></span> <span class='ocrx_word' id='word_1_518' title='bbox 2135 3356 2233 3397; x_wconf 90' lang='lat' dir='ltr'><strong>nec</strong></span> <span class='ocrx_word' id='word_1_519' title='bbox 2261 3341 2402 3396; x_wconf 92' lang='lat' dir='ltr'><strong>bono</strong></span> <span class='ocrx_word' id='word_1_520' title='bbox 2433 3356 2632 3410; x_wconf 90' lang='lat' dir='ltr'><strong>pronus</strong></span> <span class='ocrx_word' id='word_1_521' title='bbox 2659 3337 2761 3411; x_wconf 84' lang='lat' dir='ltr'><strong>(g),</strong></span> <span class='ocrx_word' id='word_1_522' title='bbox 2793 3355 2860 3396; x_wconf 90' lang='lat' dir='ltr'><strong>eo</strong></span> <span class='ocrx_word' id='word_1_523' title='bbox 2886 3339 3029 3410; x_wconf 92' lang='lat' dir='ltr'><strong>quod</strong></span> <span class='ocrx_word' id='word_1_524' title='bbox 3059 3340 3112 3394; x_wconf 91' lang='lat' dir='ltr'><strong>in</strong></span> <span class='ocrx_word' id='word_1_525' title='bbox 3161 3351 3410 3399; x_wconf 91' lang='lat' dir='ltr'><strong>neutrum</strong></span> <span class='ocrx_word' id='word_1_526' title='bbox 3439 3360 3564 3402; x_wconf 82' lang='lat' dir='ltr'><strong>ver-</strong></span> 
     </span>
    </p>
   </div>
   <div class='ocr_carea' id='block_1_67' title="bbox 1964 3437 3567 3516">
    <p class='ocr_par' dir='ltr' id='par_1_67' title="bbox 1964 3437 3567 3516">
     <span class='ocr_line' id='line_1_67' title="bbox 1964 3437 3567 3516; baseline 0.002 -20"><span class='ocrx_word' id='word_1_527' title='bbox 1964 3442 2123 3512; x_wconf 88' lang='lat' dir='ltr'><strong>gebat</strong></span> <span class='ocrx_word' id='word_1_528' title='bbox 2154 3437 2290 3508; x_wconf 71' lang='grc'><strong>(21),</strong></span> <span class='ocrx_word' id='word_1_529' title='bbox 2322 3439 2458 3493; x_wconf 82' lang='lat' dir='ltr'><strong>intra</strong></span> <span class='ocrx_word' id='word_1_530' title='bbox 2487 3445 2775 3508; x_wconf 87' lang='lat' dir='ltr'><strong>utrumque</strong></span> <span class='ocrx_word' id='word_1_531' title='bbox 2800 3437 2870 3494; x_wconf 86' lang='lat' dir='ltr'><strong>ab</strong></span> <span class='ocrx_word' id='word_1_532' title='bbox 2892 3446 3120 3508; x_wconf 90' lang='lat' dir='ltr'><strong>utroque</strong></span> <span class='ocrx_word' id='word_1_533' title='bbox 3140 3440 3567 3516; x_wconf 61' lang='lat' dir='ltr'><strong>pendebat(2‘2),</strong></span> 
     </span>
    </p>
   </div>
   <div class='ocr_carea' id='block_1_68' title="bbox 1494 3578 2334 3641">
    <p class='ocr_par' dir='ltr' id='par_1_68' title="bbox 1494 3578 2334 3641">
     <span class='ocr_line' id='line_1_68' title="bbox 1494 3578 2334 3641; baseline -0.005 -4"><span class='ocrx_word' id='word_1_534' title='bbox 1494 3579 1876 3641; x_wconf 81' lang='lat' dir='ltr'><strong>LECTIONES</strong></span> <span class='ocrx_word' id='word_1_535' title='bbox 1917 3578 2334 3638; x_wconf 76' lang='lat' dir='ltr'><strong>VARIANTES.</strong></span> 
     </span>
    </p>
   </div>
   <div class='ocr_carea' id='block_1_69' title="bbox 350 3690 1066 3755">
    <p class='ocr_par' dir='ltr' id='par_1_69' title="bbox 350 3690 1066 3755">
     <span class='ocr_line' id='line_1_69' title="bbox 350 3690 1066 3755; baseline -0.001 -12"><span class='ocrx_word' id='word_1_536' title='bbox 350 3690 398 3755; x_wconf 90' lang='lat'><strong>1)</strong></span> <span class='ocrx_word' id='word_1_537' title='bbox 425 3691 587 3743; x_wconf 89' lang='lat' dir='ltr'><strong>Deum</strong></span> <span class='ocrx_word' id='word_1_538' title='bbox 611 3691 744 3755; x_wconf 89' lang='lat' dir='ltr'><strong>illum</strong></span> <span class='ocrx_word' id='word_1_539' title='bbox 767 3690 893 3742; x_wconf 80' lang='lat' dir='ltr'><strong>nheri</strong></span> <span class='ocrx_word' id='word_1_540' title='bbox 917 3691 1066 3743; x_wconf 80' lang='lat' dir='ltr'><strong>Scmt.</strong></span> 
     </span>
    </p>
   </div>
   <div class='ocr_carea' id='block_1_70' title="bbox 349 3754 967 3815">
    <p class='ocr_par' dir='ltr' id='par_1_70' title="bbox 349 3754 967 3815">
     <span class='ocr_line' id='line_1_70' title="bbox 349 3754 967 3815; baseline -0.003 -11"><span class='ocrx_word' id='word_1_541' title='bbox 349 3754 398 3815; x_wconf 72' lang='lat'><strong>2)</strong></span> <span class='ocrx_word' id='word_1_542' title='bbox 428 3755 585 3814; x_wconf 84' lang='lat' dir='ltr'><strong>Quam</strong></span> <span class='ocrx_word' id='word_1_543' title='bbox 608 3754 794 3804; x_wconf 71' lang='lat' dir='ltr'><strong>volebat</strong></span> <span class='ocrx_word' id='word_1_544' title='bbox 819 3755 967 3805; x_wconf 76' lang='lat' dir='ltr'><strong>Rhen.</strong></span> 
     </span>
    </p>
   </div>
   <div class='ocr_carea' id='block_1_71' title="bbox 346 3816 976 3878">
    <p class='ocr_par' dir='ltr' id='par_1_71' title="bbox 346 3816 976 3878">
     <span class='ocr_line' id='line_1_71' title="bbox 346 3816 976 3878; baseline -0.005 -10"><span class='ocrx_word' id='word_1_545' title='bbox 346 3819 398 3878; x_wconf 79' lang='lat'><strong>3)</strong></span> <span class='ocrx_word' id='word_1_546' title='bbox 424 3819 550 3868; x_wconf 71' lang='lat' dir='ltr'><strong>lium</strong></span> <span class='ocrx_word' id='word_1_547' title='bbox 573 3817 640 3866; x_wconf 90' lang='lat' dir='ltr'><strong>illi</strong></span> <span class='ocrx_word' id='word_1_548' title='bbox 661 3816 806 3867; x_wconf 74' lang='lat' dir='ltr'><strong>nheri.</strong></span> <span class='ocrx_word' id='word_1_549' title='bbox 827 3818 976 3867; x_wconf 78' lang='lat' dir='ltr'><strong>Semt.</strong></span> 
     </span>
    </p>
   </div>
   <div class='ocr_carea' id='block_1_72' title="bbox 349 3879 1145 3942">
    <p class='ocr_par' dir='ltr' id='par_1_72' title="bbox 349 3879 1145 3942">
     <span class='ocr_line' id='line_1_72' title="bbox 349 3879 1145 3942; baseline 0.001 -13"><span class='ocrx_word' id='word_1_550' title='bbox 349 3881 396 3942; x_wconf 72' lang='grc'><strong>4)</strong></span> <span class='ocrx_word' id='word_1_551' title='bbox 428 3882 588 3942; x_wconf 79' lang='lat' dir='ltr'><strong>Atque</strong></span> <span class='ocrx_word' id='word_1_552' title='bbox 615 3879 760 3930; x_wconf 80' lang='lat' dir='ltr'><strong>Rhen.</strong></span> <span class='ocrx_word' id='word_1_553' title='bbox 787 3879 930 3930; x_wconf 72' lang='lat' dir='ltr'><strong>semi.</strong></span> <span class='ocrx_word' id='word_1_554' title='bbox 956 3880 1145 3930; x_wconf 80' lang='lat' dir='ltr'><strong>Pamel.</strong></span> 
     </span>
    </p>
   </div>
   <div class='ocr_carea' id='block_1_73' title="bbox 350 3941 1272 4005">
    <p class='ocr_par' dir='ltr' id='par_1_73' title="bbox 350 3941 1272 4005">
     <span class='ocr_line' id='line_1_73' title="bbox 350 3941 1272 4005; baseline 0.001 -14"><span class='ocrx_word' id='word_1_555' title='bbox 350 3941 400 4005; x_wconf 75' lang='lat'><strong>5)</strong></span> <span class='ocrx_word' id='word_1_556' title='bbox 427 3941 607 4005; x_wconf 82' lang='lat' dir='ltr'><strong>Utique</strong></span> <span class='ocrx_word' id='word_1_557' title='bbox 632 3942 965 4005; x_wconf 81' lang='lat' dir='ltr'><strong>deterioribus</strong></span> <span class='ocrx_word' id='word_1_558' title='bbox 983 3945 1125 3993; x_wconf 80' lang='lat' dir='ltr'><strong>Itltcn.</strong></span> <span class='ocrx_word' id='word_1_559' title='bbox 1152 3945 1272 3994; x_wconf 83' lang='lat' dir='ltr'><strong>Jun.</strong></span> 
     </span>
    </p>
   </div>
   <div class='ocr_carea' id='block_1_74' title="bbox 349 4003 1217 4062">
    <p class='ocr_par' dir='ltr' id='par_1_74' title="bbox 349 4003 1217 4062">
     <span class='ocr_line' id='line_1_74' title="bbox 349 4003 1217 4062; baseline -0.001 -7"><span class='ocrx_word' id='word_1_560' title='bbox 349 4003 401 4062; x_wconf 80' lang='lat'><strong>6)</strong></span> <span class='ocrx_word' id='word_1_561' title='bbox 426 4005 512 4055; x_wconf 77' lang='lat' dir='ltr'><strong>Est</strong></span> <span class='ocrx_word' id='word_1_562' title='bbox 527 4003 749 4062; x_wconf 78' lang='lat' dir='ltr'><strong>alterius,</strong></span> <span class='ocrx_word' id='word_1_563' title='bbox 776 4006 810 4054; x_wconf 91' lang='lat' dir='ltr'><strong>i.</strong></span> <span class='ocrx_word' id='word_1_564' title='bbox 829 4018 876 4054; x_wconf 89' lang='lat' dir='ltr'><strong>e.</strong></span> <span class='ocrx_word' id='word_1_565' title='bbox 903 4003 1048 4055; x_wconf 81' lang='lat' dir='ltr'><strong>theu.</strong></span> <span class='ocrx_word' id='word_1_566' title='bbox 1077 4007 1217 4056; x_wconf 81' lang='lat' dir='ltr'><strong>senti.</strong></span> 
     </span>
    </p>
   </div>
   <div class='ocr_carea' id='block_1_75' title="bbox 260 4068 1867 4184">
    <p class='ocr_par' dir='ltr' id='par_1_75' title="bbox 260 4068 1867 4184">
     <span class='ocr_line' id='line_1_75' title="bbox 260 4068 1867 4184; baseline 0.004 -67"><span class='ocrx_word' id='word_1_567' title='bbox 260 4068 673 4184; x_wconf 48' lang='grc' dir='ltr'><strong>ὺαὲᾎξῗέἓίῗὲιω</strong></span> <span class='ocrx_word' id='word_1_568' title='bbox 690 4069 791 4131; x_wconf 80' lang='lat' dir='ltr'><strong>jam</strong></span> <span class='ocrx_word' id='word_1_569' title='bbox 804 4076 857 4117; x_wconf 89' lang='lat' dir='ltr'><strong>et</strong></span> <span class='ocrx_word' id='word_1_570' title='bbox 879 4069 1318 4131; x_wconf 70' lang='lat' dir='ltr'><strong>contemplati/ten.</strong></span> <span class='ocrx_word' id='word_1_571' title='bbox 1345 4068 1428 4135; x_wconf 82' lang='lat' dir='ltr'><strong>qui</strong></span> <span class='ocrx_word' id='word_1_572' title='bbox 1447 4071 1703 4137; x_wconf 80' lang='lat' dir='ltr'><strong>legendum</strong></span> <span class='ocrx_word' id='word_1_573' title='bbox 1724 4077 1867 4135; x_wconf 85' lang='lat' dir='ltr'><strong>puta-</strong></span> 
     </span>
    </p>
   </div>
   <div class='ocr_carea' id='block_1_76' title="bbox 291 4141 621 4183">
    <p class='ocr_par' dir='ltr' id='par_1_76' title="bbox 291 4141 621 4183">
     <span class='ocr_line' id='line_1_76' title="bbox 291 4141 621 4183; baseline -0.006 -5"><span class='ocrx_word' id='word_1_574' title='bbox 291 4141 341 4183; x_wconf 80' lang='grc' dir='ltr'>αι</span> <span class='ocrx_word' id='word_1_575' title='bbox 365 4141 621 4183; x_wconf 71' lang='grc'><strong>0011081112.</strong></span> 
     </span>
    </p>
   </div>
   <div class='ocr_carea' id='block_1_77' title="bbox 331 4143 1198 4262">
    <p class='ocr_par' dir='ltr' id='par_1_77' title="bbox 331 4143 1198 4262">
     <span class='ocr_line' id='line_1_77' title="bbox 331 4143 621 4191; baseline -0.021 -9"><span class='ocrx_word' id='word_1_576' title='bbox 331 4143 341 4182; x_wconf 79' lang='grc'><strong>1</strong></span> <span class='ocrx_word' id='word_1_577' title='bbox 365 4143 621 4191; x_wconf 78' lang='lat' dir='ltr'><strong>cancepta.</strong></span> 
     </span>
     <span class='ocr_line' id='line_1_78' title="bbox 331 4191 1198 4262; baseline 0.002 -20"><span class='ocrx_word' id='word_1_578' title='bbox 331 4194 403 4262; x_wconf 78' lang='lat'><strong>(8)</strong></span> <span class='ocrx_word' id='word_1_579' title='bbox 429 4193 635 4242; x_wconf 85' lang='lat' dir='ltr'><strong>&#39;l‘etrum</strong></span> <span class='ocrx_word' id='word_1_580' title='bbox 662 4191 972 4262; x_wconf 24' lang='lat' dir='ltr'><strong>Rhenuseml.</strong></span> <span class='ocrx_word' id='word_1_581' title='bbox 997 4192 1198 4262; x_wconf 75' lang='lat' dir='ltr'><strong>pbertlt.</strong></span> 
     </span>
    </p>
   </div>
   <div class='ocr_carea' id='block_1_78' title="bbox 353 4253 1022 4320">
    <p class='ocr_par' dir='ltr' id='par_1_78' title="bbox 353 4253 1022 4320">
     <span class='ocr_line' id='line_1_79' title="bbox 353 4253 1022 4320; baseline 0.001 -17"><span class='ocrx_word' id='word_1_582' title='bbox 353 4253 403 4320; x_wconf 70' lang='grc' dir='ltr'><strong>ει)</strong></span> <span class='ocrx_word' id='word_1_583' title='bbox 440 4253 856 4320; x_wconf 39' lang='lat' dir='ltr'><strong>“quarumdam.</strong></span> <span class='ocrx_word' id='word_1_584' title='bbox 881 4253 1022 4320; x_wconf 76' lang='lat' dir='ltr'><strong>senti.</strong></span> 
     </span>
    </p>
   </div>
   <div class='ocr_carea' id='block_1_79' title="bbox 359 4317 1294 4385">
    <p class='ocr_par' dir='ltr' id='par_1_79' title="bbox 359 4317 1294 4385">
     <span class='ocr_line' id='line_1_80' title="bbox 359 4317 1294 4385; baseline 0.003 -17"><span class='ocrx_word' id='word_1_585' title='bbox 359 4317 435 4385; x_wconf 80' lang='lat' dir='ltr'><strong>th)</strong></span> <span class='ocrx_word' id='word_1_586' title='bbox 462 4318 668 4385; x_wconf 59' lang='lat' dir='ltr'><strong>Emfen</strong></span> <span class='ocrx_word' id='word_1_587' title='bbox 710 4317 856 4385; x_wconf 63' lang='lat' dir='ltr'><strong>Rhegi.</strong></span> <span class='ocrx_word' id='word_1_588' title='bbox 881 4319 1010 4385; x_wconf 73' lang='lat' dir='ltr'><strong>solus</strong></span> <span class='ocrx_word' id='word_1_589' title='bbox 1032 4333 1142 4370; x_wconf 82' lang='lat' dir='ltr'><strong>cum</strong></span> <span class='ocrx_word' id='word_1_590' title='bbox 1164 4333 1294 4385; x_wconf 77' lang='lat' dir='ltr'><strong>seqq.</strong></span> 
     </span>
    </p>
   </div>
   <div class='ocr_carea' id='block_1_80' title="bbox 357 4379 904 4445">
    <p class='ocr_par' dir='ltr' id='par_1_80' title="bbox 357 4379 904 4445">
     <span class='ocr_line' id='line_1_81' title="bbox 357 4379 904 4445; baseline -0.007 -13"><span class='ocrx_word' id='word_1_591' title='bbox 357 4383 435 4445; x_wconf 87' lang='lat'><strong>11)</strong></span> <span class='ocrx_word' id='word_1_592' title='bbox 461 4381 762 4445; x_wconf 66' lang='lat' dir='ltr'><strong>fabricatam</strong></span> <span class='ocrx_word' id='word_1_593' title='bbox 784 4379 904 4431; x_wconf 80' lang='lat' dir='ltr'><strong>ibid.</strong></span> 
     </span>
    </p>
   </div>
   <div class='ocr_carea' id='block_1_81' title="bbox 1969 3686 3571 3761">
    <p class='ocr_par' dir='ltr' id='par_1_81' title="bbox 1969 3686 3571 3761">
     <span class='ocr_line' id='line_1_82' title="bbox 1969 3686 3571 3761; baseline 0.002 -20"><span class='ocrx_word' id='word_1_594' title='bbox 1969 3691 2240 3761; x_wconf 49' lang='lat' dir='ltr'><strong>(ignoratae</strong></span> <span class='ocrx_word' id='word_1_595' title='bbox 2263 3686 2509 3761; x_wconf 61' lang='lat' dir='ltr'><strong>proposuit</strong></span> <span class='ocrx_word' id='word_1_596' title='bbox 2532 3688 2959 3761; x_wconf 29' lang='lat' dir='ltr'><strong>lectionequuam</strong></span> <span class='ocrx_word' id='word_1_597' title='bbox 2985 3704 3148 3745; x_wconf 72' lang='lat' dir='ltr'><strong>omnes</strong></span> <span class='ocrx_word' id='word_1_598' title='bbox 3168 3705 3307 3746; x_wconf 77' lang='lat' dir='ltr'><strong>suam</strong></span> <span class='ocrx_word' id='word_1_599' title='bbox 3335 3695 3571 3758; x_wconf 80' lang='lat' dir='ltr'><strong>fecerwtt.</strong></span> 
     </span>
    </p>
   </div>
   <div class='ocr_carea' id='block_1_82' title="bbox 2065 3705 2934 3826">
    <p class='ocr_par' dir='ltr' id='par_1_82' title="bbox 2065 3705 2934 3826">
     <span class='ocr_line' id='line_1_83' title="bbox 2065 3705 2934 3755; baseline -0.003 -11"><span class='ocrx_word' id='word_1_600' title='bbox 2065 3705 2159 3744; x_wconf 77' lang='lat' dir='ltr'><strong>om</strong></span> <span class='ocrx_word' id='word_1_601' title='bbox 2181 3705 2240 3742; x_wconf 87' lang='lat' dir='ltr'><strong>uc</strong></span> <span class='ocrx_word' id='word_1_602' title='bbox 2263 3705 2509 3755; x_wconf 79' lang='lat' dir='ltr'><strong>proposuit</strong></span> <span class='ocrx_word' id='word_1_603' title='bbox 2532 3705 2780 3741; x_wconf 81' lang='lat' dir='ltr'><strong>temonem</strong></span> <span class='ocrx_word' id='word_1_604' title='bbox 2847 3705 2934 3741; x_wconf 86' lang='lat' dir='ltr'><strong>uan</strong></span> 
     </span>
     <span class='ocr_line' id='line_1_84' title="bbox 2065 3705 2934 3826; baseline -0.003 -22"><span class='ocrx_word' id='word_1_605' title='bbox 2065 3759 2140 3826; x_wconf 59' lang='grc' dir='ltr'><strong>μᾷ)</strong></span> <span class='ocrx_word' id='word_1_606' title='bbox 2163 3755 2396 3826; x_wconf 62' lang='grc' dir='ltr'>ρρρριιεζβ</span> <span class='ocrx_word' id='word_1_607' title='bbox 2421 3753 2565 3826; x_wconf 56' lang='lat' dir='ltr'><strong>nitere</strong></span> <span class='ocrx_word' id='word_1_608' title='bbox 2585 3752 2741 3826; x_wconf 42' lang='lat' dir='ltr'><strong>.Seml.</strong></span> <span class='ocrx_word' id='word_1_609' title='bbox 2771 3705 2934 3826; x_wconf 65' lang='lat' dir='ltr'><strong>QZert.</strong></span> 
     </span>
    </p>
   </div>
   <div class='ocr_carea' id='block_1_83' title="bbox 2065 3818 3146 3877">
    <p class='ocr_par' dir='ltr' id='par_1_83' title="bbox 2065 3818 3146 3877">
     <span class='ocr_line' id='line_1_85' title="bbox 2065 3818 3146 3877; baseline -0.001 -8"><span class='ocrx_word' id='word_1_610' title='bbox 2065 3818 2138 3877; x_wconf 82' lang='grc'><strong>14)</strong></span> <span class='ocrx_word' id='word_1_611' title='bbox 2166 3818 2448 3869; x_wconf 85' lang='lat' dir='ltr'><strong>Cacabatius</strong></span> <span class='ocrx_word' id='word_1_612' title='bbox 2473 3818 2658 3877; x_wconf 64' lang='grc' dir='ltr'><strong>Ρανὲδά</strong></span> <span class='ocrx_word' id='word_1_613' title='bbox 2681 3819 2979 3868; x_wconf 77' lang='lat' dir='ltr'><strong>cacabaceus</strong></span> <span class='ocrx_word' id='word_1_614' title='bbox 2992 3819 3146 3869; x_wconf 82' lang='lat' dir='ltr'><strong>Fran.</strong></span> 
     </span>
    </p>
   </div>
   <div class='ocr_carea' id='block_1_84' title="bbox 2064 3881 2766 3943">
    <p class='ocr_par' dir='ltr' id='par_1_84' title="bbox 2064 3881 2766 3943">
     <span class='ocr_line' id='line_1_86' title="bbox 2064 3881 2766 3943; baseline -0.006 -12"><span class='ocrx_word' id='word_1_615' title='bbox 2064 3881 2140 3942; x_wconf 75' lang='lat'><strong>15)</strong></span> <span class='ocrx_word' id='word_1_616' title='bbox 2168 3881 2492 3943; x_wconf 83' lang='lat' dir='ltr'><strong>Temperatur</strong></span> <span class='ocrx_word' id='word_1_617' title='bbox 2511 3893 2624 3929; x_wconf 80' lang='lat' dir='ltr'><strong>mss.</strong></span> <span class='ocrx_word' id='word_1_618' title='bbox 2651 3887 2766 3929; x_wconf 83' lang='lat' dir='ltr'><strong>Jun.</strong></span> 
     </span>
    </p>
   </div>
   <div class='ocr_carea' id='block_1_85' title="bbox 2063 3941 3576 4006">
    <p class='ocr_par' dir='ltr' id='par_1_85' title="bbox 2063 3941 3576 4006">
     <span class='ocr_line' id='line_1_87' title="bbox 2063 3941 3576 4006; baseline 0.001 -14"><span class='ocrx_word' id='word_1_619' title='bbox 2063 3941 2136 4006; x_wconf 81' lang='grc'><strong>16)</strong></span> <span class='ocrx_word' id='word_1_620' title='bbox 2162 3941 2390 4004; x_wconf 70' lang='lat' dir='ltr'><strong>Przec&#39;eps</strong></span> <span class='ocrx_word' id='word_1_621' title='bbox 2434 3943 2616 3993; x_wconf 88' lang='lat' dir='ltr'><strong>mediat,</strong></span> <span class='ocrx_word' id='word_1_622' title='bbox 2657 3941 2786 4004; x_wconf 92' lang='lat' dir='ltr'><strong>quod</strong></span> <span class='ocrx_word' id='word_1_623' title='bbox 2825 3943 2962 3993; x_wconf 87' lang='lat' dir='ltr'><strong>aiunt</strong></span> <span class='ocrx_word' id='word_1_624' title='bbox 2998 3945 3203 4006; x_wconf 83' lang='lat' dir='ltr'><strong>ginoten</strong></span> <span class='ocrx_word' id='word_1_625' title='bbox 3241 3944 3385 3994; x_wconf 73' lang='lat' dir='ltr'><strong>nheri.</strong></span> <span class='ocrx_word' id='word_1_626' title='bbox 3421 3943 3576 3997; x_wconf 72' lang='lat' dir='ltr'><strong>Serui.</strong></span> 
     </span>
    </p>
   </div>
   <div class='ocr_carea' id='block_1_86' title="bbox 1972 4005 2553 4059">
    <p class='ocr_par' dir='ltr' id='par_1_86' title="bbox 1972 4005 2553 4059">
     <span class='ocr_line' id='line_1_88' title="bbox 1972 4005 2553 4059; baseline -0.015 0"><span class='ocrx_word' id='word_1_627' title='bbox 1972 4005 2166 4059; x_wconf 60' lang='grc' dir='ltr'><strong>οὐξι-ιιι.</strong></span> <span class='ocrx_word' id='word_1_628' title='bbox 2191 4010 2354 4054; x_wconf 82' lang='lat' dir='ltr'><strong>contra</strong></span> <span class='ocrx_word' id='word_1_629' title='bbox 2375 4016 2553 4054; x_wconf 71' lang='lat' dir='ltr'><strong>omnes.</strong></span> 
     </span>
    </p>
   </div>
   <div class='ocr_carea' id='block_1_87' title="bbox 2035 4065 3579 4134">
    <p class='ocr_par' dir='ltr' id='par_1_87' title="bbox 2035 4065 3579 4134">
     <span class='ocr_line' id='line_1_89' title="bbox 2035 4065 3579 4134; baseline 0.002 -17"><span class='ocrx_word' id='word_1_630' title='bbox 2035 4068 2137 4134; x_wconf 84' lang='lat' dir='ltr'><strong>(t7)</strong></span> <span class='ocrx_word' id='word_1_631' title='bbox 2159 4065 2463 4134; x_wconf 73' lang='lat' dir='ltr'><strong>Turbulenta</strong></span> <span class='ocrx_word' id='word_1_632' title='bbox 2489 4066 2634 4117; x_wconf 77' lang='lat' dir='ltr'><strong>Rhea.</strong></span> <span class='ocrx_word' id='word_1_633' title='bbox 2660 4071 2828 4117; x_wconf 84' lang='lat' dir='ltr'><strong>contra</strong></span> <span class='ocrx_word' id='word_1_634' title='bbox 2854 4079 3017 4120; x_wconf 75' lang='lat' dir='ltr'><strong>onmcs</strong></span> <span class='ocrx_word' id='word_1_635' title='bbox 3037 4067 3227 4121; x_wconf 77' lang='lat' dir='ltr'><strong>Sauler</strong></span> <span class='ocrx_word' id='word_1_636' title='bbox 3250 4068 3444 4134; x_wconf 77' lang='lat' dir='ltr'><strong>coniicit</strong></span> <span class='ocrx_word' id='word_1_637' title='bbox 3488 4067 3579 4120; x_wconf 83' lang='lat' dir='ltr'><strong>de-</strong></span> 
     </span>
    </p>
   </div>
   <div class='ocr_carea' id='block_1_88' title="bbox 1971 4128 2433 4184">
    <p class='ocr_par' dir='ltr' id='par_1_88' title="bbox 1971 4128 2433 4184">
     <span class='ocr_line' id='line_1_90' title="bbox 1971 4128 2433 4184; baseline -0.013 0"><span class='ocrx_word' id='word_1_638' title='bbox 1971 4128 2128 4184; x_wconf 70' lang='lat' dir='ltr'><strong>lenda</strong></span> <span class='ocrx_word' id='word_1_639' title='bbox 2149 4143 2251 4182; x_wconf 75' lang='lat' dir='ltr'><strong>esse</strong></span> <span class='ocrx_word' id='word_1_640' title='bbox 2273 4128 2433 4180; x_wconf 69' lang='lat' dir='ltr'><strong>verba.</strong></span> 
     </span>
    </p>
   </div>
   <div class='ocr_carea' id='block_1_89' title="bbox 2061 4189 3045 4322">
    <p class='ocr_par' dir='ltr' id='par_1_89' title="bbox 2061 4189 3045 4322">
     <span class='ocr_line' id='line_1_91' title="bbox 2061 4189 3045 4245; baseline -0.003 -1"><span class='ocrx_word' id='word_1_641' title='bbox 2061 4197 2117 4245; x_wconf 82' lang='lat'><strong>18</strong></span> <span class='ocrx_word' id='word_1_642' title='bbox 2165 4194 2441 4243; x_wconf 84' lang='lat' dir='ltr'><strong>Nutationis</strong></span> <span class='ocrx_word' id='word_1_643' title='bbox 2461 4199 2572 4241; x_wconf 87' lang='lat' dir='ltr'><strong>Jun.</strong></span> <span class='ocrx_word' id='word_1_644' title='bbox 2598 4193 2878 4242; x_wconf 86' lang='lat' dir='ltr'><strong>mutationis</strong></span> <span class='ocrx_word' id='word_1_645' title='bbox 2903 4189 3045 4243; x_wconf 71' lang='lat' dir='ltr'><strong>triten.</strong></span> 
     </span>
     <span class='ocr_line' id='line_1_92' title="bbox 2065 4195 2820 4322; baseline 0 -18"><span class='ocrx_word' id='word_1_646' title='bbox 2065 4195 2138 4322; x_wconf 68' lang='grc'><strong>19)</strong></span> <span class='ocrx_word' id='word_1_647' title='bbox 2163 4256 2431 4322; x_wconf 52' lang='lat' dir='ltr'><strong>iudicantis</strong></span> <span class='ocrx_word' id='word_1_648' title='bbox 2454 4257 2604 4322; x_wconf 58' lang='lat' dir='ltr'><strong>Serra.</strong></span> <span class='ocrx_word' id='word_1_649' title='bbox 2625 4253 2820 4322; x_wconf 71' lang='lat' dir='ltr'><strong>Qberth.</strong></span> 
     </span>
    </p>
   </div>
   <div class='ocr_carea' id='block_1_90' title="bbox 2034 3757 2057 4008">
    <p class='ocr_par' dir='ltr' id='par_1_90' title="bbox 2034 3757 2057 4008">
     <span class='ocr_line' id='line_1_93' title="bbox 2034 3757 2057 4008; baseline 0 0"><span class='ocrx_word' id='word_1_650' title='bbox 2034 3757 2057 4008; x_wconf 72' lang='lat' dir='ltr'><strong>l</strong></span> 
     </span>
    </p>
   </div>
   <div class='ocr_carea' id='block_1_91' title="bbox 2065 4253 2820 4306">
    <p class='ocr_par' dir='ltr' id='par_1_91' title="bbox 2065 4253 2820 4306">
     <span class='ocr_line' id='line_1_94' title="bbox 2065 4253 2820 4306; baseline -0.003 0"><span class='ocrx_word' id='word_1_651' title='bbox 2065 4253 2138 4306; x_wconf 80' lang='grc'><strong>19)</strong></span> <span class='ocrx_word' id='word_1_652' title='bbox 2163 4256 2431 4305; x_wconf 83' lang='lat' dir='ltr'><strong>Judicaotis</strong></span> <span class='ocrx_word' id='word_1_653' title='bbox 2454 4257 2604 4305; x_wconf 85' lang='lat' dir='ltr'><strong>Semt.</strong></span> <span class='ocrx_word' id='word_1_654' title='bbox 2625 4253 2820 4305; x_wconf 70' lang='lat' dir='ltr'><strong>Oberth.</strong></span> 
     </span>
    </p>
   </div>
   <div class='ocr_carea' id='block_1_92' title="bbox 2060 4315 3065 4381">
    <p class='ocr_par' dir='ltr' id='par_1_92' title="bbox 2060 4315 3065 4381">
     <span class='ocr_line' id='line_1_95' title="bbox 2060 4315 3065 4381; baseline -0.003 -13"><span class='ocrx_word' id='word_1_655' title='bbox 2060 4315 2139 4381; x_wconf 74' lang='lat'>:20)</span> <span class='ocrx_word' id='word_1_656' title='bbox 2167 4318 2500 4381; x_wconf 77' lang='lat' dir='ltr'><strong>Proclivarunt</strong></span> <span class='ocrx_word' id='word_1_657' title='bbox 2524 4315 2675 4367; x_wconf 83' lang='lat' dir='ltr'><strong>Semt.</strong></span> <span class='ocrx_word' id='word_1_658' title='bbox 2700 4323 2866 4381; x_wconf 73' lang='lat' dir='ltr'><strong>contra</strong></span> <span class='ocrx_word' id='word_1_659' title='bbox 2886 4329 3065 4368; x_wconf 73' lang='lat' dir='ltr'><strong>onmee.</strong></span> 
     </span>
    </p>
   </div>
   <div class='ocr_carea' id='block_1_93' title="bbox 2062 4377 2756 4444">
    <p class='ocr_par' dir='ltr' id='par_1_93' title="bbox 2062 4377 2756 4444">
     <span class='ocr_line' id='line_1_96' title="bbox 2062 4377 2756 4444; baseline -0.003 -14"><span class='ocrx_word' id='word_1_660' title='bbox 2062 4377 2142 4444; x_wconf 78' lang='lat'><strong>2|)</strong></span> <span class='ocrx_word' id='word_1_661' title='bbox 2166 4381 2408 4444; x_wconf 67' lang='lat' dir='ltr'><strong>Yertebat</strong></span> <span class='ocrx_word' id='word_1_662' title='bbox 2431 4378 2578 4444; x_wconf 63' lang='lat' dir='ltr'><strong>triten.</strong></span> <span class='ocrx_word' id='word_1_663' title='bbox 2604 4377 2756 4444; x_wconf 72' lang='lat' dir='ltr'><strong>Send.</strong></span> 
     </span>
    </p>
   </div>
   <div class='ocr_carea' id='block_1_94' title="bbox 358 4440 3330 4532">
    <p class='ocr_par' dir='ltr' id='par_1_94' title="bbox 358 4440 3330 4532">
     <span class='ocr_line' id='line_1_97' title="bbox 358 4440 3330 4532; baseline -0.002 -37"><span class='ocrx_word' id='word_1_664' title='bbox 358 4440 438 4509; x_wconf 78' lang='lat'><strong>12)</strong></span> <span class='ocrx_word' id='word_1_665' title='bbox 461 4442 520 4495; x_wconf 86' lang='lat' dir='ltr'><strong>Et</strong></span> <span class='ocrx_word' id='word_1_666' title='bbox 542 4441 738 4507; x_wconf 81' lang='lat' dir='ltr'><strong>confugi</strong></span> <span class='ocrx_word' id='word_1_667' title='bbox 759 4451 811 4495; x_wconf 91' lang='lat' dir='ltr'><strong>et</strong></span> <span class='ocrx_word' id='word_1_668' title='bbox 827 4445 941 4496; x_wconf 83' lang='lat' dir='ltr'><strong>mihi</strong></span> <span class='ocrx_word' id='word_1_669' title='bbox 954 4452 1232 4510; x_wconf 82' lang='lat' dir='ltr'><strong>computum</strong></span> <span class='ocrx_word' id='word_1_670' title='bbox 1257 4443 1531 4509; x_wconf 75' lang='lat' dir='ltr'><strong>Rhenanus,</strong></span> <span class='ocrx_word' id='word_1_671' title='bbox 1548 4445 1873 4512; x_wconf 69' lang='lat' dir='ltr'><strong>quimcndum</strong></span> <span class='ocrx_word' id='word_1_672' title='bbox 1899 4469 1951 4532; x_wconf 71' lang='grc' dir='ltr'><strong>Β</strong></span> <span class='ocrx_word' id='word_1_673' title='bbox 2042 4440 2142 4508; x_wconf 71' lang='grc'><strong>(22)</strong></span> <span class='ocrx_word' id='word_1_674' title='bbox 2173 4443 2420 4496; x_wconf 86' lang='lat' dir='ltr'><strong>Censehat</strong></span> <span class='ocrx_word' id='word_1_675' title='bbox 2442 4440 2586 4494; x_wconf 74' lang='lat' dir='ltr'><strong>Rhea.</strong></span> <span class='ocrx_word' id='word_1_676' title='bbox 2613 4447 2659 4492; x_wconf 84' lang='lat' dir='ltr'><strong>et</strong></span> <span class='ocrx_word' id='word_1_677' title='bbox 2680 4441 2785 4506; x_wconf 82' lang='lat' dir='ltr'><strong>ejus</strong></span> <span class='ocrx_word' id='word_1_678' title='bbox 2805 4453 2936 4506; x_wconf 73' lang='lat' dir='ltr'><strong>seqq.</strong></span> <span class='ocrx_word' id='word_1_679' title='bbox 2958 4445 3127 4494; x_wconf 83' lang='lat' dir='ltr'><strong>contra</strong></span> <span class='ocrx_word' id='word_1_680' title='bbox 3149 4454 3330 4496; x_wconf 75' lang='lat' dir='ltr'><strong>omnes.</strong></span> 
     </span>
    </p>
   </div>
   <div class='ocr_carea' id='block_1_95' title="bbox 1628 4551 2189 4612">
    <p class='ocr_par' dir='ltr' id='par_1_95' title="bbox 1628 4551 2189 4612">
     <span class='ocr_line' id='line_1_98' title="bbox 1628 4551 2189 4612; baseline -0.007 0"><span class='ocrx_word' id='word_1_681' title='bbox 1628 4551 2189 4612; x_wconf 75' lang='lat' dir='ltr'><strong>COMMENTARIUS.</strong></span> 
     </span>
    </p>
   </div>
   <div class='ocr_carea' id='block_1_96' title="bbox 348 4691 1874 4764">
    <p class='ocr_par' dir='ltr' id='par_1_96' title="bbox 348 4691 1874 4764">
     <span class='ocr_line' id='line_1_99' title="bbox 348 4691 1874 4764; baseline 0.002 -19"><span class='ocrx_word' id='word_1_682' title='bbox 348 4691 425 4764; x_wconf 89' lang='lat' dir='ltr'><strong>(a)</strong></span> <span class='ocrx_word' id='word_1_683' title='bbox 456 4691 840 4764; x_wconf 73' lang='lat' dir='ltr'><strong>Dirpartibilem</strong></span> <span class='ocrx_word' id='word_1_684' title='bbox 865 4709 976 4748; x_wconf 87' lang='lat' dir='ltr'><strong>eam</strong></span> <span class='ocrx_word' id='word_1_685' title='bbox 1005 4695 1298 4751; x_wconf 73' lang='lat' dir='ltr'><strong>ostendunt.</strong></span> <span class='ocrx_word' id='word_1_686' title='bbox 1347 4693 1460 4749; x_wconf 82' lang='lat' dir='ltr'><strong>Hoc</strong></span> <span class='ocrx_word' id='word_1_687' title='bbox 1507 4703 1590 4750; x_wconf 88' lang='lat' dir='ltr'><strong>est</strong></span> <span class='ocrx_word' id='word_1_688' title='bbox 1635 4694 1874 4749; x_wconf 89' lang='lat' dir='ltr'><strong>divisibi-</strong></span> 
     </span>
    </p>
   </div>
   <div class='ocr_carea' id='block_1_97' title="bbox 269 4765 1874 4834">
    <p class='ocr_par' dir='ltr' id='par_1_97' title="bbox 269 4765 1874 4834">
     <span class='ocr_line' id='line_1_100' title="bbox 269 4765 1874 4834; baseline -0.001 -13"><span class='ocrx_word' id='word_1_689' title='bbox 269 4765 401 4827; x_wconf 86' lang='lat' dir='ltr'><strong>lem,</strong></span> <span class='ocrx_word' id='word_1_690' title='bbox 430 4770 572 4834; x_wconf 87' lang='lat' dir='ltr'><strong>quod</strong></span> <span class='ocrx_word' id='word_1_691' title='bbox 604 4775 781 4820; x_wconf 88' lang='lat' dir='ltr'><strong>tamen</strong></span> <span class='ocrx_word' id='word_1_692' title='bbox 804 4781 925 4820; x_wconf 90' lang='lat' dir='ltr'><strong>cum</strong></span> <span class='ocrx_word' id='word_1_693' title='bbox 951 4769 1320 4834; x_wconf 86' lang='lat' dir='ltr'><strong>superioribus</strong></span> <span class='ocrx_word' id='word_1_694' title='bbox 1349 4766 1704 4834; x_wconf 81' lang='lat' dir='ltr'><strong>llermOgenis</strong></span> <span class='ocrx_word' id='word_1_695' title='bbox 1749 4781 1874 4819; x_wconf 82' lang='lat' dir='ltr'><strong>ver-</strong></span> 
     </span>
    </p>
   </div>
   <div class='ocr_carea' id='block_1_98' title="bbox 268 4837 1876 4907">
    <p class='ocr_par' dir='ltr' id='par_1_98' title="bbox 268 4837 1876 4907">
     <span class='ocr_line' id='line_1_101' title="bbox 268 4837 1876 4907; baseline -0.002 -14"><span class='ocrx_word' id='word_1_696' title='bbox 268 4838 357 4893; x_wconf 84' lang='lat' dir='ltr'><strong>bis</strong></span> <span class='ocrx_word' id='word_1_697' title='bbox 387 4852 492 4891; x_wconf 92' lang='lat' dir='ltr'><strong>non</strong></span> <span class='ocrx_word' id='word_1_698' title='bbox 509 4839 786 4907; x_wconf 80' lang='lat' dir='ltr'><strong>congruit.</strong></span> <span class='ocrx_word' id='word_1_699' title='bbox 842 4838 1060 4892; x_wconf 87' lang='lat' dir='ltr'><strong>Dicebat</strong></span> <span class='ocrx_word' id='word_1_700' title='bbox 1112 4840 1252 4891; x_wconf 90' lang='lat' dir='ltr'><strong>enim</strong></span> <span class='ocrx_word' id='word_1_701' title='bbox 1286 4838 1449 4891; x_wconf 88' lang='lat' dir='ltr'><strong>Deum</strong></span> <span class='ocrx_word' id='word_1_702' title='bbox 1503 4837 1778 4891; x_wconf 82' lang='lat' dir='ltr'><strong>materiam</strong></span> <span class='ocrx_word' id='word_1_703' title='bbox 1808 4851 1876 4890; x_wconf 77' lang='lat' dir='ltr'><strong>ex</strong></span> 
     </span>
    </p>
   </div>
   <div class='ocr_carea' id='block_1_99' title="bbox 270 4907 1874 4978">
    <p class='ocr_par' dir='ltr' id='par_1_99' title="bbox 270 4907 1874 4978">
     <span class='ocr_line' id='line_1_102' title="bbox 270 4907 1874 4978; baseline -0.001 -15"><span class='ocrx_word' id='word_1_704' title='bbox 270 4908 456 4977; x_wconf 87' lang='lat' dir='ltr'><strong>seipse</strong></span> <span class='ocrx_word' id='word_1_705' title='bbox 488 4907 668 4971; x_wconf 80' lang='lat' dir='ltr'><strong>fuisse,</strong></span> <span class='ocrx_word' id='word_1_706' title='bbox 695 4908 785 4978; x_wconf 90' lang='lat' dir='ltr'><strong>qui</strong></span> <span class='ocrx_word' id='word_1_707' title='bbox 817 4918 992 4963; x_wconf 90' lang='lat' dir='ltr'><strong>tamen</strong></span> <span class='ocrx_word' id='word_1_708' title='bbox 1023 4919 1258 4964; x_wconf 69' lang='lat' dir='ltr'><strong>aeternus</strong></span> <span class='ocrx_word' id='word_1_709' title='bbox 1285 4919 1397 4963; x_wconf 90' lang='lat' dir='ltr'><strong>erat</strong></span> <span class='ocrx_word' id='word_1_710' title='bbox 1423 4916 1478 4963; x_wconf 90' lang='lat' dir='ltr'><strong>et</strong></span> <span class='ocrx_word' id='word_1_711' title='bbox 1505 4907 1874 4971; x_wconf 85' lang='lat' dir='ltr'><strong>indivisibilis;</strong></span> 
     </span>
    </p>
   </div>
   <div class='ocr_carea' id='block_1_100' title="bbox 271 4979 1879 5050">
    <p class='ocr_par' dir='ltr' id='par_1_100' title="bbox 271 4979 1879 5050">
     <span class='ocr_line' id='line_1_103' title="bbox 271 4979 1879 5050; baseline 0 -16"><span class='ocrx_word' id='word_1_712' title='bbox 271 4994 418 5034; x_wconf 87' lang='lat' dir='ltr'><strong>nunc</strong></span> <span class='ocrx_word' id='word_1_713' title='bbox 449 4993 574 5034; x_wconf 88' lang='lat' dir='ltr'><strong>vero</strong></span> <span class='ocrx_word' id='word_1_714' title='bbox 624 4981 902 5050; x_wconf 78' lang='lat' dir='ltr'><strong>materiam</strong></span> <span class='ocrx_word' id='word_1_715' title='bbox 935 4980 1081 5035; x_wconf 82' lang='lat' dir='ltr'><strong>illaut</strong></span> <span class='ocrx_word' id='word_1_716' title='bbox 1125 4979 1446 5036; x_wconf 81' lang='lat' dir='ltr'><strong>divisibitem</strong></span> <span class='ocrx_word' id='word_1_717' title='bbox 1494 4989 1662 5050; x_wconf 89' lang='lat' dir='ltr'><strong>putat,</strong></span> <span class='ocrx_word' id='word_1_718' title='bbox 1718 4989 1879 5050; x_wconf 89' lang='lat' dir='ltr'><strong>atque</strong></span> 
     </span>
    </p>
   </div>
   <div class='ocr_carea' id='block_1_101' title="bbox 269 5048 1047 5120">
    <p class='ocr_par' dir='ltr' id='par_1_101' title="bbox 269 5048 1047 5120">
     <span class='ocr_line' id='line_1_104' title="bbox 269 5048 1047 5120; baseline -0.005 -13"><span class='ocrx_word' id='word_1_719' title='bbox 269 5064 457 5107; x_wconf 82' lang='lat' dir='ltr'><strong>secum</strong></span> <span class='ocrx_word' id='word_1_720' title='bbox 488 5051 556 5104; x_wconf 91' lang='lat' dir='ltr'><strong>ita</strong></span> <span class='ocrx_word' id='word_1_721' title='bbox 588 5060 810 5120; x_wconf 82' lang='lat' dir='ltr'><strong>pugnat.</strong></span> <span class='ocrx_word' id='word_1_722' title='bbox 847 5048 922 5106; x_wconf 76' lang='lat' dir='ltr'><strong>Le</strong></span> <span class='ocrx_word' id='word_1_723' title='bbox 950 5052 1047 5107; x_wconf 86' lang='grc' dir='ltr'>Ριι.</span> 
     </span>
    </p>
   </div>
   <div class='ocr_carea' id='block_1_102' title="bbox 349 5121 1881 5193">
    <p class='ocr_par' dir='ltr' id='par_1_102' title="bbox 349 5121 1881 5193">
     <span class='ocr_line' id='line_1_105' title="bbox 349 5121 1881 5193; baseline 0.003 -19"><span class='ocrx_word' id='word_1_724' title='bbox 349 5121 430 5191; x_wconf 93' lang='lat' dir='ltr'><strong>(b)</strong></span> <span class='ocrx_word' id='word_1_725' title='bbox 466 5123 507 5174; x_wconf 86' lang='grc' dir='ltr'><em>Α</em></span> <span class='ocrx_word' id='word_1_726' title='bbox 534 5121 678 5175; x_wconf 74' lang='lat' dir='ltr'><strong>lineis</strong></span> <span class='ocrx_word' id='word_1_727' title='bbox 701 5123 800 5175; x_wconf 75' lang='lat' dir='ltr'><strong>tuis</strong></span> <span class='ocrx_word' id='word_1_728' title='bbox 827 5124 1074 5176; x_wconf 73' lang='lat' dir='ltr'><strong>excidisti.</strong></span> <span class='ocrx_word' id='word_1_729' title='bbox 1105 5124 1144 5177; x_wconf 80' lang='grc' dir='ltr'><strong>Α</strong></span> <span class='ocrx_word' id='word_1_730' title='bbox 1178 5137 1345 5193; x_wconf 89' lang='lat' dir='ltr'><strong>scopo</strong></span> <span class='ocrx_word' id='word_1_731' title='bbox 1365 5122 1671 5187; x_wconf 61' lang='lat' dir='ltr'><strong>Eaberrasti.</strong></span> <span class='ocrx_word' id='word_1_732' title='bbox 1697 5121 1881 5192; x_wconf 82' lang='lat' dir='ltr'><strong>Neque</strong></span> 
     </span>
    </p>
   </div>
   <div class='ocr_carea' id='block_1_103' title="bbox 273 5193 1879 5266">
    <p class='ocr_par' dir='ltr' id='par_1_103' title="bbox 273 5193 1879 5266">
     <span class='ocr_line' id='line_1_106' title="bbox 273 5193 1879 5266; baseline 0.001 -20"><span class='ocrx_word' id='word_1_733' title='bbox 273 5205 408 5266; x_wconf 89' lang='lat' dir='ltr'><strong>puto</strong></span> <span class='ocrx_word' id='word_1_734' title='bbox 443 5193 688 5266; x_wconf 85' lang='lat' dir='ltr'><strong>allusisse</strong></span> <span class='ocrx_word' id='word_1_735' title='bbox 716 5194 800 5247; x_wconf 88' lang='lat' dir='ltr'><strong>hic</strong></span> <span class='ocrx_word' id='word_1_736' title='bbox 829 5195 893 5247; x_wconf 89' lang='lat' dir='ltr'><strong>ad</strong></span> <span class='ocrx_word' id='word_1_737' title='bbox 933 5206 1103 5249; x_wconf 90' lang='lat' dir='ltr'><strong>artem</strong></span> <span class='ocrx_word' id='word_1_738' title='bbox 1132 5196 1352 5265; x_wconf 90' lang='lat' dir='ltr'><strong>pictoris</strong></span> <span class='ocrx_word' id='word_1_739' title='bbox 1380 5195 1552 5260; x_wconf 87' lang='lat' dir='ltr'><strong>illius;</strong></span> <span class='ocrx_word' id='word_1_740' title='bbox 1584 5210 1704 5250; x_wconf 93' lang='lat' dir='ltr'><strong>cum</strong></span> <span class='ocrx_word' id='word_1_741' title='bbox 1737 5197 1879 5266; x_wconf 86' lang='lat' dir='ltr'><strong>enim</strong></span> 
     </span>
    </p>
   </div>
   <div class='ocr_carea' id='block_1_104' title="bbox 274 5265 1882 5334">
    <p class='ocr_par' dir='ltr' id='par_1_104' title="bbox 274 5265 1882 5334">
     <span class='ocr_line' id='line_1_107' title="bbox 274 5265 1882 5334; baseline -0.001 -13"><span class='ocrx_word' id='word_1_742' title='bbox 274 5265 330 5321; x_wconf 83' lang='lat' dir='ltr'><strong>id</strong></span> <span class='ocrx_word' id='word_1_743' title='bbox 381 5265 601 5334; x_wconf 85' lang='lat' dir='ltr'><strong>intelligi</strong></span> <span class='ocrx_word' id='word_1_744' title='bbox 650 5274 810 5334; x_wconf 85' lang='lat' dir='ltr'><strong>queat</strong></span> <span class='ocrx_word' id='word_1_745' title='bbox 846 5267 975 5320; x_wconf 88' lang='lat' dir='ltr'><strong>satis</strong></span> <span class='ocrx_word' id='word_1_746' title='bbox 1023 5267 1306 5320; x_wconf 87' lang='lat' dir='ltr'><strong>commode</strong></span> <span class='ocrx_word' id='word_1_747' title='bbox 1332 5283 1436 5321; x_wconf 92' lang='lat' dir='ltr'><strong>non</strong></span> <span class='ocrx_word' id='word_1_748' title='bbox 1465 5267 1788 5321; x_wconf 90' lang='lat' dir='ltr'><strong>recurrendo</strong></span> <span class='ocrx_word' id='word_1_749' title='bbox 1813 5265 1882 5319; x_wconf 89' lang='lat' dir='ltr'><strong>ad</strong></span> 
     </span>
    </p>
   </div>
   <div class='ocr_carea' id='block_1_105' title="bbox 275 5335 1880 5408">
    <p class='ocr_par' dir='ltr' id='par_1_105' title="bbox 275 5335 1880 5408">
     <span class='ocr_line' id='line_1_108' title="bbox 275 5335 1880 5408; baseline -0.001 -16"><span class='ocrx_word' id='word_1_750' title='bbox 275 5337 427 5392; x_wconf 89' lang='lat' dir='ltr'><strong>illam</strong></span> <span class='ocrx_word' id='word_1_751' title='bbox 460 5335 798 5402; x_wconf 88' lang='lat' dir='ltr'><strong>allusionem,</strong></span> <span class='ocrx_word' id='word_1_752' title='bbox 830 5336 1106 5392; x_wconf 87' lang='lat' dir='ltr'><strong>crederem</strong></span> <span class='ocrx_word' id='word_1_753' title='bbox 1139 5337 1189 5391; x_wconf 91' lang='lat' dir='ltr'><strong>id</strong></span> <span class='ocrx_word' id='word_1_754' title='bbox 1221 5337 1552 5394; x_wconf 83' lang='lat' dir='ltr'><strong>Tertulliano</strong></span> <span class='ocrx_word' id='word_1_755' title='bbox 1606 5339 1880 5408; x_wconf 86' lang='lat' dir='ltr'><strong>indignum</strong></span> 
     </span>
    </p>
   </div>
   <div class='ocr_carea' id='block_1_106' title="bbox 273 5409 1228 5465">
    <p class='ocr_par' dir='ltr' id='par_1_106' title="bbox 273 5409 1228 5465">
     <span class='ocr_line' id='line_1_109' title="bbox 273 5409 1228 5465; baseline -0.003 0"><span class='ocrx_word' id='word_1_756' title='bbox 273 5410 332 5465; x_wconf 90' lang='lat' dir='ltr'><strong>in</strong></span> <span class='ocrx_word' id='word_1_757' title='bbox 363 5423 430 5462; x_wconf 81' lang='lat' dir='ltr'><strong>eo</strong></span> <span class='ocrx_word' id='word_1_758' title='bbox 458 5422 672 5465; x_wconf 81' lang='lat' dir='ltr'><strong>semper</strong></span> <span class='ocrx_word' id='word_1_759' title='bbox 697 5409 990 5462; x_wconf 87' lang='lat' dir='ltr'><strong>innnorari.</strong></span> <span class='ocrx_word' id='word_1_760' title='bbox 1025 5409 1100 5463; x_wconf 74' lang='lat' dir='ltr'><strong>Le</strong></span> <span class='ocrx_word' id='word_1_761' title='bbox 1132 5409 1228 5464; x_wconf 73' lang='lat' dir='ltr'><strong>Pa.</strong></span> 
     </span>
    </p>
   </div>
   <div class='ocr_carea' id='block_1_107' title="bbox 353 5478 1880 5551">
    <p class='ocr_par' dir='ltr' id='par_1_107' title="bbox 353 5478 1880 5551">
     <span class='ocr_line' id='line_1_110' title="bbox 353 5478 1880 5551; baseline -0.001 -16"><span class='ocrx_word' id='word_1_762' title='bbox 353 5478 506 5535; x_wconf 75' lang='lat' dir='ltr'><strong>CAP.</strong></span> <span class='ocrx_word' id='word_1_763' title='bbox 543 5478 808 5549; x_wconf 81' lang='lat' dir='ltr'><strong>XL.~—(c)</strong></span> <span class='ocrx_word' id='word_1_764' title='bbox 845 5478 1006 5534; x_wconf 83' lang='lat' dir='ltr'><strong>Nemo</strong></span> <span class='ocrx_word' id='word_1_765' title='bbox 1056 5498 1108 5534; x_wconf 75' lang='lat' dir='ltr'><strong>se</strong></span> <span class='ocrx_word' id='word_1_766' title='bbox 1154 5480 1294 5551; x_wconf 83' lang='lat' dir='ltr'><strong>apud</strong></span> <span class='ocrx_word' id='word_1_767' title='bbox 1343 5491 1610 5546; x_wconf 72' lang='lat' dir='ltr'><strong>tonsorem,</strong></span> <span class='ocrx_word' id='word_1_768' title='bbox 1644 5492 1749 5534; x_wconf 90' lang='lat' dir='ltr'><strong>etc.</strong></span> <span class='ocrx_word' id='word_1_769' title='bbox 1803 5480 1880 5533; x_wconf 77' lang='lat' dir='ltr'><strong>Ad</strong></span> 
     </span>
    </p>
   </div>
   <div class='ocr_carea' id='block_1_108' title="bbox 272 5552 1879 5621">
    <p class='ocr_par' dir='ltr' id='par_1_108' title="bbox 272 5552 1879 5621">
     <span class='ocr_line' id='line_1_111' title="bbox 272 5552 1879 5621; baseline -0.004 -15"><span class='ocrx_word' id='word_1_770' title='bbox 272 5566 486 5608; x_wconf 85' lang='lat' dir='ltr'><strong>morem</strong></span> <span class='ocrx_word' id='word_1_771' title='bbox 517 5552 751 5619; x_wconf 88' lang='lat' dir='ltr'><strong>respicit,</strong></span> <span class='ocrx_word' id='word_1_772' title='bbox 778 5567 884 5621; x_wconf 89' lang='lat' dir='ltr'><strong>quo</strong></span> <span class='ocrx_word' id='word_1_773' title='bbox 902 5554 1118 5618; x_wconf 79' lang='lat' dir='ltr'><strong>Speculo</strong></span> <span class='ocrx_word' id='word_1_774' title='bbox 1144 5556 1215 5605; x_wconf 90' lang='lat' dir='ltr'><strong>uti</strong></span> <span class='ocrx_word' id='word_1_775' title='bbox 1240 5555 1413 5606; x_wconf 88' lang='lat' dir='ltr'><strong>solent</strong></span> <span class='ocrx_word' id='word_1_776' title='bbox 1444 5564 1689 5606; x_wconf 87' lang='lat' dir='ltr'><strong>tonsores</strong></span> <span class='ocrx_word' id='word_1_777' title='bbox 1715 5571 1726 5611; x_wconf 85' lang='lat'><strong>;</strong></span> <span class='ocrx_word' id='word_1_778' title='bbox 1760 5567 1879 5604; x_wconf 91' lang='lat' dir='ltr'><strong>nam</strong></span> 
     </span>
    </p>
   </div>
   <div class='ocr_carea' id='block_1_109' title="bbox 272 5621 1883 5692">
    <p class='ocr_par' dir='ltr' id='par_1_109' title="bbox 272 5621 1883 5692">
     <span class='ocr_line' id='line_1_112' title="bbox 272 5621 1883 5692; baseline -0.004 -12"><span class='ocrx_word' id='word_1_779' title='bbox 272 5635 334 5680; x_wconf 87' lang='lat' dir='ltr'><strong>et</strong></span> <span class='ocrx_word' id='word_1_780' title='bbox 361 5621 528 5686; x_wconf 76' lang='lat' dir='ltr'><strong>addit,</strong></span> <span class='ocrx_word' id='word_1_781' title='bbox 552 5633 607 5674; x_wconf 90' lang='lat' dir='ltr'><strong>ut</strong></span> <span class='ocrx_word' id='word_1_782' title='bbox 634 5623 906 5688; x_wconf 85' lang='lat' dir='ltr'><strong>speculum</strong></span> <span class='ocrx_word' id='word_1_783' title='bbox 939 5627 1004 5675; x_wconf 88' lang='lat' dir='ltr'><strong>sit</strong></span> <span class='ocrx_word' id='word_1_784' title='bbox 1027 5626 1244 5676; x_wconf 80' lang='lat' dir='ltr'><strong>mundus</strong></span> <span class='ocrx_word' id='word_1_785' title='bbox 1265 5625 1517 5691; x_wconf 1' lang='lat' dir='ltr'><strong>(materia).</strong></span> <span class='ocrx_word' id='word_1_786' title='bbox 1543 5641 1569 5675; x_wconf 73' lang='grc' dir='ltr'><strong>ιι</strong></span> <span class='ocrx_word' id='word_1_787' title='bbox 1595 5638 1702 5692; x_wconf 86' lang='lat' dir='ltr'><strong>quo</strong></span> <span class='ocrx_word' id='word_1_788' title='bbox 1724 5635 1883 5676; x_wconf 76' lang='lat' dir='ltr'><strong>etiam</strong></span> 
     </span>
    </p>
   </div>
   <div class='ocr_carea' id='block_1_110' title="bbox 275 5694 1886 5758">
    <p class='ocr_par' dir='ltr' id='par_1_110' title="bbox 275 5694 1886 5758">
     <span class='ocr_line' id='line_1_113' title="bbox 275 5694 1886 5758; baseline -0.004 -8"><span class='ocrx_word' id='word_1_789' title='bbox 275 5709 476 5750; x_wconf 86' lang='lat' dir='ltr'><strong>novam</strong></span> <span class='ocrx_word' id='word_1_790' title='bbox 534 5708 754 5758; x_wconf 80' lang='lat' dir='ltr'><strong>Vocem,</strong></span> <span class='ocrx_word' id='word_1_791' title='bbox 787 5696 1062 5758; x_wconf 72' lang='lat' dir='ltr'><strong>specitttum</strong></span> <span class='ocrx_word' id='word_1_792' title='bbox 1115 5694 1375 5749; x_wconf 85' lang='lat' dir='ltr'><strong>derivavit</strong></span> <span class='ocrx_word' id='word_1_793' title='bbox 1423 5709 1628 5757; x_wconf 79' lang='lat' dir='ltr'><strong>auctor,</strong></span> <span class='ocrx_word' id='word_1_794' title='bbox 1684 5713 1777 5758; x_wconf 79' lang='lat' dir='ltr'><strong>pro</strong></span> <span class='ocrx_word' id='word_1_795' title='bbox 1820 5711 1886 5747; x_wconf 84' lang='lat' dir='ltr'><strong>eo</strong></span> 
     </span>
    </p>
   </div>
   <div class='ocr_carea' id='block_1_111' title="bbox 277 5765 1884 5837">
    <p class='ocr_par' dir='ltr' id='par_1_111' title="bbox 277 5765 1884 5837">
     <span class='ocr_line' id='line_1_114' title="bbox 277 5765 1884 5837; baseline -0.002 -18"><span class='ocrx_word' id='word_1_796' title='bbox 277 5765 422 5836; x_wconf 87' lang='lat' dir='ltr'><strong>quod</strong></span> <span class='ocrx_word' id='word_1_797' title='bbox 450 5767 500 5819; x_wconf 77' lang='grc' dir='ltr'><strong>ιιι</strong></span> <span class='ocrx_word' id='word_1_798' title='bbox 526 5765 1070 5832; x_wconf 78' lang='lat' dir='ltr'><strong>Speculospectosum</strong></span> <span class='ocrx_word' id='word_1_799' title='bbox 1093 5777 1348 5836; x_wconf 83' lang='lat' dir='ltr'><strong>apparet;</strong></span> <span class='ocrx_word' id='word_1_800' title='bbox 1373 5766 1508 5819; x_wconf 84' lang='lat' dir='ltr'><strong>Nam</strong></span> <span class='ocrx_word' id='word_1_801' title='bbox 1536 5779 1579 5818; x_wconf 84' lang='lat' dir='ltr'><strong>et</strong></span> <span class='ocrx_word' id='word_1_802' title='bbox 1603 5766 1884 5837; x_wconf 76' lang='lat' dir='ltr'><strong>speculum,</strong></span> 
     </span>
    </p>
   </div>
   <div class='ocr_carea' id='block_1_112' title="bbox 276 5837 1889 5911">
    <p class='ocr_par' dir='ltr' id='par_1_112' title="bbox 276 5837 1889 5911">
     <span class='ocr_line' id='line_1_115' title="bbox 276 5837 1889 5911; baseline -0.003 -15"><span class='ocrx_word' id='word_1_803' title='bbox 276 5839 452 5911; x_wconf 87' lang='lat' dir='ltr'><strong>inquit</strong></span> <span class='ocrx_word' id='word_1_804' title='bbox 485 5837 656 5893; x_wconf 73' lang='lat' dir='ltr'><strong>Varro</strong></span> <span class='ocrx_word' id='word_1_805' title='bbox 678 5838 745 5889; x_wconf 89' lang='lat' dir='ltr'><strong>de</strong></span> <span class='ocrx_word' id='word_1_806' title='bbox 773 5840 876 5906; x_wconf 88' lang='lat' dir='ltr'><strong>Img</strong></span> <span class='ocrx_word' id='word_1_807' title='bbox 919 5837 1008 5889; x_wconf 86' lang='lat' dir='ltr'><strong>lat.</strong></span> <span class='ocrx_word' id='word_1_808' title='bbox 1044 5839 1133 5894; x_wconf 88' lang='lat' dir='ltr'><strong>lib.</strong></span> <span class='ocrx_word' id='word_1_809' title='bbox 1170 5837 1254 5892; x_wconf 85' lang='lat' dir='ltr'><strong>IV.</strong></span> <span class='ocrx_word' id='word_1_810' title='bbox 1284 5858 1314 5892; x_wconf 76' lang='grc' dir='ltr'><strong>ιι</strong></span> <span class='ocrx_word' id='word_1_811' title='bbox 1340 5841 1629 5908; x_wconf 65' lang='lat' dir='ltr'><strong>spectando,</strong></span> <span class='ocrx_word' id='word_1_812' title='bbox 1659 5837 1798 5910; x_wconf 74' lang='lat' dir='ltr'><strong>quod</strong></span> <span class='ocrx_word' id='word_1_813' title='bbox 1823 5837 1889 5892; x_wconf 79' lang='lat' dir='ltr'><strong>ibi</strong></span> 
     </span>
    </p>
   </div>
   <div class='ocr_carea' id='block_1_113' title="bbox 649 5929 1212 5993">
    <p class='ocr_par' dir='ltr' id='par_1_113' title="bbox 649 5929 1212 5993">
     <span class='ocr_line' id='line_1_116' title="bbox 649 5929 1212 5993; baseline 0 -1"><span class='ocrx_word' id='word_1_814' title='bbox 649 5929 1086 5993; x_wconf 72' lang='lat' dir='ltr'><strong>TERTULLIANI</strong></span> <span class='ocrx_word' id='word_1_815' title='bbox 1130 5932 1212 5992; x_wconf 90' lang='lat' dir='ltr'><strong>Il.</strong></span> 
     </span>
    </p>
   </div>
   <div class='ocr_carea' id='block_1_114' title="bbox 1980 4691 2398 4748">
    <p class='ocr_par' dir='ltr' id='par_1_114' title="bbox 1980 4691 2398 4748">
     <span class='ocr_line' id='line_1_117' title="bbox 1980 4691 2398 4748; baseline -0.007 0"><span class='ocrx_word' id='word_1_816' title='bbox 1980 4701 2226 4748; x_wconf 77' lang='lat' dir='ltr'><strong>spectent.</strong></span> <span class='ocrx_word' id='word_1_817' title='bbox 2263 4691 2398 4748; x_wconf 80' lang='grc' dir='ltr'>Ριιιί.</span> 
     </span>
    </p>
   </div>
   <div class='ocr_carea' id='block_1_115' title="bbox 2007 4710 3585 4840">
    <p class='ocr_par' dir='ltr' id='par_1_115' title="bbox 2007 4710 3585 4840">
     <span class='ocr_line' id='line_1_118' title="bbox 2007 4710 2398 4762; baseline -0.008 -14"><span class='ocrx_word' id='word_1_818' title='bbox 2007 4710 2226 4762; x_wconf 67' lang='lat' dir='ltr'><strong>partem.</strong></span> <span class='ocrx_word' id='word_1_819' title='bbox 2263 4710 2398 4748; x_wconf 73' lang='lat' dir='ltr'><strong>nu.</strong></span> 
     </span>
     <span class='ocr_line' id='line_1_119' title="bbox 2054 4762 3585 4840; baseline 0.001 -22"><span class='ocrx_word' id='word_1_820' title='bbox 2054 4765 2212 4840; x_wconf 58' lang='lat' dir='ltr'><strong>CAP.</strong></span> <span class='ocrx_word' id='word_1_821' title='bbox 2241 4762 2538 4840; x_wconf 21' lang='lat' dir='ltr'><strong>xui—((1)</strong></span> <span class='ocrx_word' id='word_1_822' title='bbox 2569 4762 2776 4831; x_wconf 73' lang='lat' dir='ltr'><strong>Mediw,</strong></span> <span class='ocrx_word' id='word_1_823' title='bbox 2805 4764 2942 4832; x_wconf 80' lang='lat' dir='ltr'><strong>quod</strong></span> <span class='ocrx_word' id='word_1_824' title='bbox 2975 4769 3139 4833; x_wconf 76' lang='lat' dir='ltr'><strong>aiunt,</strong></span> <span class='ocrx_word' id='word_1_825' title='bbox 3161 4767 3358 4840; x_wconf 10' lang='lat' dir='ltr'><strong>fagina.</strong></span> <span class='ocrx_word' id='word_1_826' title='bbox 3390 4764 3439 4820; x_wconf 89' lang='lat' dir='ltr'><strong>ls</strong></span> <span class='ocrx_word' id='word_1_827' title='bbox 3468 4781 3585 4820; x_wconf 92' lang='lat' dir='ltr'><strong>mo-</strong></span> 
     </span>
    </p>
   </div>
   <div class='ocr_carea' id='block_1_116' title="bbox 1984 4836 3583 4908">
    <p class='ocr_par' dir='ltr' id='par_1_116' title="bbox 1984 4836 3583 4908">
     <span class='ocr_line' id='line_1_120' title="bbox 1984 4836 3583 4908; baseline 0.001 -18"><span class='ocrx_word' id='word_1_828' title='bbox 1984 4844 2071 4890; x_wconf 88' lang='lat' dir='ltr'><strong>tus</strong></span> <span class='ocrx_word' id='word_1_829' title='bbox 2101 4836 2304 4890; x_wconf 89' lang='lat' dir='ltr'><strong>scilicet</strong></span> <span class='ocrx_word' id='word_1_830' title='bbox 2329 4837 2418 4906; x_wconf 91' lang='lat' dir='ltr'><strong>qui</strong></span> <span class='ocrx_word' id='word_1_831' title='bbox 2447 4837 2581 4908; x_wconf 89' lang='lat' dir='ltr'><strong>adeo</strong></span> <span class='ocrx_word' id='word_1_832' title='bbox 2610 4846 2936 4908; x_wconf 86' lang='lat' dir='ltr'><strong>temperatus</strong></span> <span class='ocrx_word' id='word_1_833' title='bbox 2967 4850 3022 4892; x_wconf 90' lang='lat' dir='ltr'><strong>ut</strong></span> <span class='ocrx_word' id='word_1_834' title='bbox 3061 4836 3264 4894; x_wconf 81' lang='lat' dir='ltr'><strong>nullain</strong></span> <span class='ocrx_word' id='word_1_835' title='bbox 3298 4840 3348 4892; x_wconf 89' lang='lat' dir='ltr'><strong>in</strong></span> <span class='ocrx_word' id='word_1_836' title='bbox 3373 4848 3583 4908; x_wconf 86' lang='lat' dir='ltr'><strong>partem</strong></span> 
     </span>
    </p>
   </div>
   <div class='ocr_carea' id='block_1_117' title="bbox 1981 4906 3585 4977">
    <p class='ocr_par' dir='ltr' id='par_1_117' title="bbox 1981 4906 3585 4977">
     <span class='ocr_line' id='line_1_121' title="bbox 1981 4906 3585 4977; baseline 0 -15"><span class='ocrx_word' id='word_1_837' title='bbox 1981 4917 2188 4977; x_wconf 85' lang='lat' dir='ltr'><strong>vergat,</strong></span> <span class='ocrx_word' id='word_1_838' title='bbox 2226 4922 2452 4977; x_wconf 89' lang='lat' dir='ltr'><strong>parsque</strong></span> <span class='ocrx_word' id='word_1_839' title='bbox 2479 4907 2621 4962; x_wconf 89' lang='lat' dir='ltr'><strong>nulla</strong></span> <span class='ocrx_word' id='word_1_840' title='bbox 2653 4906 3041 4976; x_wconf 66' lang='lat' dir='ltr'><strong>praeponderet.</strong></span> <span class='ocrx_word' id='word_1_841' title='bbox 3074 4911 3171 4966; x_wconf 85' lang='lat' dir='ltr'><strong>Est</strong></span> <span class='ocrx_word' id='word_1_842' title='bbox 3199 4906 3454 4974; x_wconf 45' lang='lat' dir='ltr'><strong>enim,_ut</strong></span> <span class='ocrx_word' id='word_1_843' title='bbox 3480 4907 3585 4962; x_wconf 85' lang='lat' dir='ltr'><strong>do-</strong></span> 
     </span>
    </p>
   </div>
   <div class='ocr_carea' id='block_1_118' title="bbox 1983 4979 3582 5052">
    <p class='ocr_par' dir='ltr' id='par_1_118' title="bbox 1983 4979 3582 5052">
     <span class='ocr_line' id='line_1_122' title="bbox 1983 4979 3582 5052; baseline 0 -18"><span class='ocrx_word' id='word_1_844' title='bbox 1983 4990 2068 5034; x_wconf 90' lang='lat' dir='ltr'><strong>cet</strong></span> <span class='ocrx_word' id='word_1_845' title='bbox 2091 4979 2305 5042; x_wconf 88' lang='lat' dir='ltr'><strong>Festus,</strong></span> <span class='ocrx_word' id='word_1_846' title='bbox 2324 4980 2477 5052; x_wconf 86' lang='lat' dir='ltr'><strong>agina</strong></span> <span class='ocrx_word' id='word_1_847' title='bbox 2505 4979 2852 5052; x_wconf 82' lang='lat' dir='ltr'><strong>lorat_nen_cui</strong></span> <span class='ocrx_word' id='word_1_848' title='bbox 2879 4981 3130 5038; x_wconf 87' lang='lat' dir='ltr'><strong>inseritur</strong></span> <span class='ocrx_word' id='word_1_849' title='bbox 3151 4993 3204 5038; x_wconf 92' lang='lat' dir='ltr'><strong>et</strong></span> <span class='ocrx_word' id='word_1_850' title='bbox 3242 4983 3294 5036; x_wconf 89' lang='lat' dir='ltr'><strong>in</strong></span> <span class='ocrx_word' id='word_1_851' title='bbox 3319 4996 3426 5052; x_wconf 91' lang='lat' dir='ltr'><strong>quo</strong></span> <span class='ocrx_word' id='word_1_852' title='bbox 3461 4995 3582 5034; x_wconf 80' lang='lat' dir='ltr'><strong>ver-</strong></span> 
     </span>
    </p>
   </div>
   <div class='ocr_carea' id='block_1_119' title="bbox 1985 5048 2840 5117">
    <p class='ocr_par' dir='ltr' id='par_1_119' title="bbox 1985 5048 2840 5117">
     <span class='ocr_line' id='line_1_123' title="bbox 1985 5048 2840 5117; baseline -0.004 -12"><span class='ocrx_word' id='word_1_853' title='bbox 1985 5052 2115 5105; x_wconf 92' lang='lat' dir='ltr'><strong>titur</strong></span> <span class='ocrx_word' id='word_1_854' title='bbox 2134 5064 2327 5117; x_wconf 90' lang='lat' dir='ltr'><strong>scapus</strong></span> <span class='ocrx_word' id='word_1_855' title='bbox 2355 5050 2585 5103; x_wconf 67' lang='lat' dir='ltr'><strong>trutinae.</strong></span> <span class='ocrx_word' id='word_1_856' title='bbox 2628 5049 2702 5103; x_wconf 80' lang='lat' dir='ltr'><strong>LE</strong></span> <span class='ocrx_word' id='word_1_857' title='bbox 2743 5048 2840 5104; x_wconf 76' lang='lat' dir='ltr'><strong>Pa.</strong></span> 
     </span>
    </p>
   </div>
   <div class='ocr_carea' id='block_1_120' title="bbox 2060 5120 3580 5189">
    <p class='ocr_par' dir='ltr' id='par_1_120' title="bbox 2060 5120 3580 5189">
     <span class='ocr_line' id='line_1_124' title="bbox 2060 5120 3580 5189; baseline 0.001 -14"><span class='ocrx_word' id='word_1_858' title='bbox 2060 5126 2138 5184; x_wconf 90' lang='lat' dir='ltr'><strong>(e)</strong></span> <span class='ocrx_word' id='word_1_859' title='bbox 2166 5120 2292 5174; x_wconf 82' lang='lat' dir='ltr'><strong>Ha&#39;c</strong></span> <span class='ocrx_word' id='word_1_860' title='bbox 2324 5122 2631 5173; x_wconf 82' lang='lat' dir='ltr'><strong>turbulentin</strong></span> <span class='ocrx_word' id='word_1_861' title='bbox 2652 5130 2697 5173; x_wconf 86' lang='lat' dir='ltr'><strong>et</strong></span> <span class='ocrx_word' id='word_1_862' title='bbox 2726 5122 3010 5189; x_wconf 74' lang='lat' dir='ltr'><strong>passivitas.</strong></span> <span class='ocrx_word' id='word_1_863' title='bbox 3041 5121 3101 5178; x_wconf 83' lang='lat' dir='ltr'><strong>In</strong></span> <span class='ocrx_word' id='word_1_864' title='bbox 3131 5124 3354 5178; x_wconf 79' lang='lat' dir='ltr'><strong>vetustis</strong></span> <span class='ocrx_word' id='word_1_865' title='bbox 3391 5137 3580 5176; x_wconf 81' lang='lat' dir='ltr'><strong>exem-</strong></span> 
     </span>
    </p>
   </div>
   <div class='ocr_carea' id='block_1_121' title="bbox 1987 5192 3591 5265">
    <p class='ocr_par' dir='ltr' id='par_1_121' title="bbox 1987 5192 3591 5265">
     <span class='ocr_line' id='line_1_125' title="bbox 1987 5192 3591 5265; baseline 0 -17"><span class='ocrx_word' id='word_1_866' title='bbox 1987 5193 2229 5265; x_wconf 83' lang='lat' dir='ltr'><strong>plaribus</strong></span> <span class='ocrx_word' id='word_1_867' title='bbox 2287 5193 2480 5265; x_wconf 78' lang='lat' dir='ltr'><strong>legitur</strong></span> <span class='ocrx_word' id='word_1_868' title='bbox 2535 5192 2841 5265; x_wconf 79' lang='lat' dir='ltr'><strong>turbulenta.</strong></span> <span class='ocrx_word' id='word_1_869' title='bbox 2897 5195 3088 5265; x_wconf 87' lang='lat' dir='ltr'><strong>Verum</strong></span> <span class='ocrx_word' id='word_1_870' title='bbox 3173 5196 3340 5262; x_wconf 90' lang='lat' dir='ltr'><strong>magis</strong></span> <span class='ocrx_word' id='word_1_871' title='bbox 3414 5193 3591 5262; x_wconf 88' lang='lat' dir='ltr'><strong>placet</strong></span> 
     </span>
    </p>
   </div>
   <div class='ocr_carea' id='block_1_122' title="bbox 1987 5262 3589 5334">
    <p class='ocr_par' dir='ltr' id='par_1_122' title="bbox 1987 5262 3589 5334">
     <span class='ocr_line' id='line_1_126' title="bbox 1987 5262 3589 5334; baseline 0 -16"><span class='ocrx_word' id='word_1_872' title='bbox 1987 5262 2310 5319; x_wconf 81' lang='lat' dir='ltr'><strong>inrbutentia.</strong></span> <span class='ocrx_word' id='word_1_873' title='bbox 2337 5262 2474 5331; x_wconf 78' lang='lat' dir='ltr'><strong>Quid</strong></span> <span class='ocrx_word' id='word_1_874' title='bbox 2523 5264 2775 5334; x_wconf 70' lang='lat' dir='ltr'><strong>passivum</strong></span> <span class='ocrx_word' id='word_1_875' title='bbox 2810 5274 2963 5318; x_wconf 89' lang='lat' dir='ltr'><strong>vocet</strong></span> <span class='ocrx_word' id='word_1_876' title='bbox 2989 5264 3372 5326; x_wconf 89' lang='lat' dir='ltr'><strong>Tcrtullianus,</strong></span> <span class='ocrx_word' id='word_1_877' title='bbox 3406 5265 3589 5319; x_wconf 90' lang='lat' dir='ltr'><strong>multis</strong></span> 
     </span>
    </p>
   </div>
   <div class='ocr_carea' id='block_1_123' title="bbox 1988 5335 3589 5407">
    <p class='ocr_par' dir='ltr' id='par_1_123' title="bbox 1988 5335 3589 5407">
     <span class='ocr_line' id='line_1_127' title="bbox 1988 5335 3589 5407; baseline -0.004 -13"><span class='ocrx_word' id='word_1_878' title='bbox 1988 5338 2041 5394; x_wconf 93' lang='lat' dir='ltr'><strong>in</strong></span> <span class='ocrx_word' id='word_1_879' title='bbox 2064 5337 2217 5398; x_wconf 86' lang='lat' dir='ltr'><strong>locis.</strong></span> <span class='ocrx_word' id='word_1_880' title='bbox 2241 5347 2398 5407; x_wconf 79' lang='lat' dir='ltr'><strong>prout</strong></span> <span class='ocrx_word' id='word_1_881' title='bbox 2420 5351 2506 5390; x_wconf 85' lang='lat' dir='ltr'><strong>res</strong></span> <span class='ocrx_word' id='word_1_882' title='bbox 2528 5336 3081 5407; x_wconf 86' lang='lat' dir='ltr'><strong>tulit,annotavimns.</strong></span> <span class='ocrx_word' id='word_1_883' title='bbox 3109 5337 3203 5390; x_wconf 88' lang='lat' dir='ltr'><strong>Hic</strong></span> <span class='ocrx_word' id='word_1_884' title='bbox 3243 5335 3589 5405; x_wconf 72' lang='lat' dir='ltr'><strong>pdssioitatnu</strong></span> 
     </span>
    </p>
   </div>
   <div class='ocr_carea' id='block_1_124' title="bbox 1989 5406 3590 5478">
    <p class='ocr_par' dir='ltr' id='par_1_124' title="bbox 1989 5406 3590 5478">
     <span class='ocr_line' id='line_1_128' title="bbox 1989 5406 3590 5478; baseline -0.002 -15"><span class='ocrx_word' id='word_1_885' title='bbox 1989 5420 2146 5463; x_wconf 86' lang='lat' dir='ltr'><strong>vocat</strong></span> <span class='ocrx_word' id='word_1_886' title='bbox 2176 5406 2606 5472; x_wconf 79' lang='lat' dir='ltr'><strong>dissolutionem,</strong></span> <span class='ocrx_word' id='word_1_887' title='bbox 2639 5406 2753 5462; x_wconf 87' lang='lat' dir='ltr'><strong>sive</strong></span> <span class='ocrx_word' id='word_1_888' title='bbox 2787 5406 3236 5463; x_wconf 88' lang='lat' dir='ltr'><strong>inordinationem</strong></span> <span class='ocrx_word' id='word_1_889' title='bbox 3266 5418 3427 5478; x_wconf 86' lang='lat' dir='ltr'><strong>atque</strong></span> <span class='ocrx_word' id='word_1_890' title='bbox 3457 5422 3590 5464; x_wconf 82' lang='lat' dir='ltr'><strong>con-</strong></span> 
     </span>
    </p>
   </div>
   <div class='ocr_carea' id='block_1_125' title="bbox 1985 5479 2476 5536">
    <p class='ocr_par' dir='ltr' id='par_1_125' title="bbox 1985 5479 2476 5536">
     <span class='ocr_line' id='line_1_129' title="bbox 1985 5479 2476 5536; baseline -0.006 0"><span class='ocrx_word' id='word_1_891' title='bbox 1985 5482 2273 5536; x_wconf 86' lang='lat' dir='ltr'><strong>l&#39;usinnem.</strong></span> <span class='ocrx_word' id='word_1_892' title='bbox 2307 5479 2476 5533; x_wconf 66' lang='lat' dir='ltr'><strong>lines.</strong></span> 
     </span>
    </p>
   </div>
   <div class='ocr_carea' id='block_1_126' title="bbox 2061 5549 3588 5621">
    <p class='ocr_par' dir='ltr' id='par_1_126' title="bbox 2061 5549 3588 5621">
     <span class='ocr_line' id='line_1_130' title="bbox 2061 5549 3588 5621; baseline 0.001 -19"><span class='ocrx_word' id='word_1_893' title='bbox 2061 5550 2128 5621; x_wconf 77' lang='grc' dir='ltr'><strong>(Γ)</strong></span> <span class='ocrx_word' id='word_1_894' title='bbox 2174 5549 2382 5602; x_wconf 75' lang='grc' dir='ltr'>,Ιιιειὶιια</span> <span class='ocrx_word' id='word_1_895' title='bbox 2434 5550 2742 5603; x_wconf 75' lang='lat' dir='ltr'><strong>motatiom’s.</strong></span> <span class='ocrx_word' id='word_1_896' title='bbox 2799 5551 2889 5607; x_wconf 90' lang='lat' dir='ltr'><strong>Sic</strong></span> <span class='ocrx_word' id='word_1_897' title='bbox 2943 5549 3094 5605; x_wconf 89' lang='lat' dir='ltr'><strong>initio</strong></span> <span class='ocrx_word' id='word_1_898' title='bbox 3147 5550 3264 5607; x_wconf 83' lang='lat' dir='ltr'><strong>libri</strong></span> <span class='ocrx_word' id='word_1_899' title='bbox 3297 5550 3363 5607; x_wconf 89' lang='lat' dir='ltr'><strong>de</strong></span> <span class='ocrx_word' id='word_1_900' title='bbox 3398 5549 3588 5616; x_wconf 88' lang='lat' dir='ltr'><strong>Pallio,</strong></span> 
     </span>
    </p>
   </div>
   <div class='ocr_carea' id='block_1_127' title="bbox 1989 5621 2764 5690">
    <p class='ocr_par' dir='ltr' id='par_1_127' title="bbox 1989 5621 2764 5690">
     <span class='ocr_line' id='line_1_131' title="bbox 1989 5621 2764 5690; baseline 0.001 -15"><span class='ocrx_word' id='word_1_901' title='bbox 1989 5621 2254 5675; x_wconf 73' lang='lat' dir='ltr'><strong>Justitiam</strong></span> <span class='ocrx_word' id='word_1_902' title='bbox 2279 5622 2421 5690; x_wconf 78' lang='lat' dir='ltr'><strong>pallii</strong></span> <span class='ocrx_word' id='word_1_903' title='bbox 2468 5621 2618 5674; x_wconf 70' lang='lat' dir='ltr'><strong>dixit.</strong></span> <span class='ocrx_word' id='word_1_904' title='bbox 2645 5622 2764 5675; x_wconf 73' lang='lat' dir='ltr'><strong>I116.</strong></span> 
     </span>
    </p>
   </div>
   <div class='ocr_carea' id='block_1_128' title="bbox 2063 5692 3596 5764">
    <p class='ocr_par' dir='ltr' id='par_1_128' title="bbox 2063 5692 3596 5764">
     <span class='ocr_line' id='line_1_132' title="bbox 2063 5692 3596 5764; baseline 0.001 -20"><span class='ocrx_word' id='word_1_905' title='bbox 2063 5698 2137 5763; x_wconf 85' lang='lat' dir='ltr'><strong>(g)</strong></span> <span class='ocrx_word' id='word_1_906' title='bbox 2193 5692 2299 5746; x_wconf 66' lang='lat' dir='ltr'><strong>Nec</strong></span> <span class='ocrx_word' id='word_1_907' title='bbox 2351 5693 2484 5746; x_wconf 84' lang='lat' dir='ltr'><strong>malo</strong></span> <span class='ocrx_word' id='word_1_908' title='bbox 2517 5692 2785 5764; x_wconf 12' lang='lat' dir='ltr'><strong>necrbono</strong></span> <span class='ocrx_word' id='word_1_909' title='bbox 2840 5710 3050 5764; x_wconf 79' lang='lat' dir='ltr'><strong>pronus.</strong></span> <span class='ocrx_word' id='word_1_910' title='bbox 3107 5693 3216 5750; x_wconf 84' lang='lat' dir='ltr'><strong>lloc</strong></span> <span class='ocrx_word' id='word_1_911' title='bbox 3263 5703 3364 5753; x_wconf 87' lang='lat' dir='ltr'><strong>est,</strong></span> <span class='ocrx_word' id='word_1_912' title='bbox 3418 5705 3596 5760; x_wconf 88' lang='lat' dir='ltr'><strong>neque</strong></span> 
     </span>
    </p>
   </div>
   <div class='ocr_carea' id='block_1_129' title="bbox 1991 5763 3592 5836">
    <p class='ocr_par' dir='ltr' id='par_1_129' title="bbox 1991 5763 3592 5836">
     <span class='ocr_line' id='line_1_133' title="bbox 1991 5763 3592 5836; baseline -0.001 -18"><span class='ocrx_word' id='word_1_913' title='bbox 1991 5765 2055 5818; x_wconf 88' lang='lat' dir='ltr'><strong>ad</strong></span> <span class='ocrx_word' id='word_1_914' title='bbox 2093 5766 2313 5836; x_wconf 63' lang='lat' dir='ltr'><strong>malum,</strong></span> <span class='ocrx_word' id='word_1_915' title='bbox 2348 5781 2518 5835; x_wconf 88' lang='lat' dir='ltr'><strong>neque</strong></span> <span class='ocrx_word' id='word_1_916' title='bbox 2568 5763 2634 5819; x_wconf 89' lang='lat' dir='ltr'><strong>ad</strong></span> <span class='ocrx_word' id='word_1_917' title='bbox 2679 5763 2878 5821; x_wconf 85' lang='lat' dir='ltr'><strong>bonum</strong></span> <span class='ocrx_word' id='word_1_918' title='bbox 2921 5783 3142 5836; x_wconf 81' lang='lat' dir='ltr'><strong>pronus.</strong></span> <span class='ocrx_word' id='word_1_919' title='bbox 3207 5765 3414 5821; x_wconf 79' lang='lat' dir='ltr'><strong>Pronus</strong></span> <span class='ocrx_word' id='word_1_920' title='bbox 3469 5779 3592 5820; x_wconf 89' lang='lat' dir='ltr'><strong>cum</strong></span> 
     </span>
    </p>
   </div>
   <div class='ocr_carea' id='block_1_130' title="bbox 1993 5835 2397 5896">
    <p class='ocr_par' dir='ltr' id='par_1_130' title="bbox 1993 5835 2397 5896">
     <span class='ocr_line' id='line_1_134' title="bbox 1993 5835 2397 5896; baseline 0 -2"><span class='ocrx_word' id='word_1_921' title='bbox 1993 5836 2193 5895; x_wconf 84' lang='lat' dir='ltr'><strong>dativo.</strong></span> <span class='ocrx_word' id='word_1_922' title='bbox 2221 5835 2397 5896; x_wconf 70' lang='lat' dir='ltr'><strong>RHEN.</strong></span> 
     </span>
    </p>
   </div>
   <div class='ocr_carea' id='block_1_131' title="bbox 2951 5931 3191 6012">
    <p class='ocr_par' dir='ltr' id='par_1_131' title="bbox 2951 5931 3191 6012">
     <span class='ocr_line' id='line_1_135' title="bbox 2951 5931 3191 6012; baseline 0 -19"><span class='ocrx_word' id='word_1_923' title='bbox 2951 5931 3191 6012; x_wconf 72' lang='grc' dir='ltr'>(ιιιιει.)</span> 
     </span>
    </p>
   </div>
  </div>
