  <div class='ocr_page' id='page_1' title='image "/cluster/home/n/w/nwhite01/storage/ocr_20150623/2/hvd.32044015466741/137.png"; bbox 0 0 4262 6490; ppageno 0'>
   <div class='ocr_carea' id='block_1_1' title="bbox 697 365 806 423">
    <p class='ocr_par' dir='ltr' id='par_1_1' title="bbox 697 365 806 423">
     <span class='ocr_line' id='line_1_1' title="bbox 697 365 806 423; baseline 0 -1"><span class='ocrx_word' id='word_1_1' title='bbox 697 365 806 423; x_wconf 69' lang='lat'><strong>235</strong></span> 
     </span>
    </p>
   </div>
   <div class='ocr_carea' id='block_1_2' title="bbox 2118 359 2577 418">
    <p class='ocr_par' dir='ltr' id='par_1_2' title="bbox 2118 359 2577 418">
     <span class='ocr_line' id='line_1_2' title="bbox 2118 359 2577 418; baseline -0.002 -3"><span class='ocrx_word' id='word_1_2' title='bbox 2118 359 2577 418; x_wconf 81' lang='lat' dir='ltr'><strong>TERTULLIANI</strong></span> 
     </span>
    </p>
   </div>
   <div class='ocr_carea' id='block_1_3' title="bbox 3899 359 4008 418">
    <p class='ocr_par' dir='ltr' id='par_1_3' title="bbox 3899 359 4008 418">
     <span class='ocr_line' id='line_1_3' title="bbox 3899 359 4008 418; baseline 0 -2"><span class='ocrx_word' id='word_1_3' title='bbox 3899 359 4008 418; x_wconf 72' lang='lat'><strong>256</strong></span> 
     </span>
    </p>
   </div>
   <div class='ocr_carea' id='block_1_4' title="bbox 699 474 4007 550">
    <p class='ocr_par' dir='ltr' id='par_1_4' title="bbox 699 474 4007 550">
     <span class='ocr_line' id='line_1_4' title="bbox 699 474 4007 550; baseline -0.003 -11"><span class='ocrx_word' id='word_1_4' title='bbox 699 491 757 539; x_wconf 90' lang='lat' dir='ltr'><strong>et</strong></span> <span class='ocrx_word' id='word_1_5' title='bbox 785 481 887 538; x_wconf 90' lang='lat' dir='ltr'><strong>hoc</strong></span> <span class='ocrx_word' id='word_1_6' title='bbox 916 480 1133 536; x_wconf 85' lang='lat' dir='ltr'><strong>nomine</strong></span> <span class='ocrx_word' id='word_1_7' title='bbox 1163 480 1232 535; x_wconf 91' lang='lat' dir='ltr'><strong>ab</strong></span> <span class='ocrx_word' id='word_1_8' title='bbox 1271 486 1498 550; x_wconf 87' lang='lat' dir='ltr'><strong>utroque</strong></span> <span class='ocrx_word' id='word_1_9' title='bbox 1551 475 2030 532; x_wconf 85' lang='lat' dir='ltr'><strong>determinabatur.</strong></span> <span class='ocrx_word' id='word_1_10' title='bbox 2081 474 2190 531; x_wconf 88' lang='lat' dir='ltr'><strong>Sed</strong></span> <span class='ocrx_word' id='word_1_11' title='bbox 2242 484 2300 532; x_wconf 90' lang='lat' dir='ltr'><strong>et</strong></span> <span class='ocrx_word' id='word_1_12' title='bbox 2324 479 2377 538; x_wconf 79' lang='grc' dir='ltr'>Α</span> <span class='ocrx_word' id='word_1_13' title='bbox 2402 485 2688 546; x_wconf 73' lang='lat' dir='ltr'><strong>antequam</strong></span> <span class='ocrx_word' id='word_1_14' title='bbox 2733 475 3134 547; x_wconf 76' lang='lat' dir='ltr'><strong>disponeretur,</strong></span> <span class='ocrx_word' id='word_1_15' title='bbox 3190 486 3504 544; x_wconf 89' lang='lat' dir='ltr'><strong>concretus,</strong></span> <span class='ocrx_word' id='word_1_16' title='bbox 3528 477 3819 549; x_wconf 91' lang='lat' dir='ltr'><strong>inquietus,</strong></span> <span class='ocrx_word' id='word_1_17' title='bbox 3855 478 4007 548; x_wconf 86' lang='lat' dir='ltr'><strong>inap-</strong></span> 
     </span>
    </p>
   </div>
   <div class='ocr_carea' id='block_1_5' title="bbox 701 569 2296 639">
    <p class='ocr_par' dir='ltr' id='par_1_5' title="bbox 701 569 2296 639">
     <span class='ocr_line' id='line_1_5' title="bbox 701 569 2296 639; baseline -0.004 -9"><span class='ocrx_word' id='word_1_18' title='bbox 701 573 902 630; x_wconf 87' lang='lat' dir='ltr'><strong>bonum</strong></span> <span class='ocrx_word' id='word_1_19' title='bbox 933 584 989 631; x_wconf 90' lang='lat' dir='ltr'><strong>et</strong></span> <span class='ocrx_word' id='word_1_20' title='bbox 1017 573 1213 628; x_wconf 91' lang='lat' dir='ltr'><strong>malum</strong></span> <span class='ocrx_word' id='word_1_21' title='bbox 1243 573 1296 628; x_wconf 90' lang='lat' dir='ltr'><strong>in</strong></span> <span class='ocrx_word' id='word_1_22' title='bbox 1325 572 1444 627; x_wconf 91' lang='lat' dir='ltr'><strong>loco</strong></span> <span class='ocrx_word' id='word_1_23' title='bbox 1466 571 1619 639; x_wconf 88' lang='lat' dir='ltr'><strong>facis,</strong></span> <span class='ocrx_word' id='word_1_24' title='bbox 1649 586 1768 626; x_wconf 92' lang='lat' dir='ltr'><strong>cum</strong></span> <span class='ocrx_word' id='word_1_25' title='bbox 1787 569 1922 626; x_wconf 92' lang='lat' dir='ltr'><strong>dicis</strong></span> <span class='ocrx_word' id='word_1_26' title='bbox 1953 578 2156 625; x_wconf 92' lang='lat' dir='ltr'><strong>motum</strong></span> <span class='ocrx_word' id='word_1_27' title='bbox 2185 585 2296 624; x_wconf 89' lang='lat' dir='ltr'><strong>ma-</strong></span> 
     </span>
    </p>
   </div>
   <div class='ocr_carea' id='block_1_6' title="bbox 698 662 2294 734">
    <p class='ocr_par' dir='ltr' id='par_1_6' title="bbox 698 662 2294 734">
     <span class='ocr_line' id='line_1_6' title="bbox 698 662 2294 734; baseline -0.005 -10"><span class='ocrx_word' id='word_1_28' title='bbox 698 669 849 724; x_wconf 87' lang='lat' dir='ltr'><strong>teria</strong></span> <span class='ocrx_word' id='word_1_29' title='bbox 870 668 923 722; x_wconf 94' lang='lat' dir='ltr'><strong>in</strong></span> <span class='ocrx_word' id='word_1_30' title='bbox 955 675 1203 722; x_wconf 92' lang='lat' dir='ltr'><strong>neutrum</strong></span> <span class='ocrx_word' id='word_1_31' title='bbox 1253 679 1438 720; x_wconf 92' lang='lat' dir='ltr'><strong>eorum</strong></span> <span class='ocrx_word' id='word_1_32' title='bbox 1481 663 1648 720; x_wconf 88' lang='lat' dir='ltr'><strong>fuisse</strong></span> <span class='ocrx_word' id='word_1_33' title='bbox 1677 678 2000 734; x_wconf 90' lang='lat' dir='ltr'><strong>propensum</strong></span> <span class='ocrx_word' id='word_1_34' title='bbox 2029 680 2042 716; x_wconf 91' lang='lat'>:</span> <span class='ocrx_word' id='word_1_35' title='bbox 2070 662 2294 717; x_wconf 89' lang='lat' dir='ltr'><strong>materia</strong></span> 
     </span>
    </p>
   </div>
   <div class='ocr_carea' id='block_1_7' title="bbox 698 753 2294 831">
    <p class='ocr_par' dir='ltr' id='par_1_7' title="bbox 698 753 2294 831">
     <span class='ocr_line' id='line_1_7' title="bbox 698 753 2294 831; baseline -0.006 -13"><span class='ocrx_word' id='word_1_36' title='bbox 698 762 844 818; x_wconf 92' lang='lat' dir='ltr'><strong>enim</strong></span> <span class='ocrx_word' id='word_1_37' title='bbox 867 776 986 831; x_wconf 83' lang='lat' dir='ltr'><strong>qua</strong></span> <span class='ocrx_word' id='word_1_38' title='bbox 1026 760 1078 814; x_wconf 91' lang='lat' dir='ltr'><strong>in</strong></span> <span class='ocrx_word' id='word_1_39' title='bbox 1104 760 1223 814; x_wconf 91' lang='lat' dir='ltr'><strong>loco</strong></span> <span class='ocrx_word' id='word_1_40' title='bbox 1248 765 1382 822; x_wconf 85' lang='lat' dir='ltr'><strong>erat,</strong></span> <span class='ocrx_word' id='word_1_41' title='bbox 1415 772 1588 827; x_wconf 90' lang='lat' dir='ltr'><strong>neque</strong></span> <span class='ocrx_word' id='word_1_42' title='bbox 1629 756 1732 811; x_wconf 93' lang='lat' dir='ltr'><strong>huc</strong></span> <span class='ocrx_word' id='word_1_43' title='bbox 1761 770 1934 825; x_wconf 87' lang='lat' dir='ltr'><strong>neque</strong></span> <span class='ocrx_word' id='word_1_44' title='bbox 1964 755 2088 810; x_wconf 94' lang='lat' dir='ltr'><strong>illuc</strong></span> <span class='ocrx_word' id='word_1_45' title='bbox 2115 753 2294 810; x_wconf 85' lang='lat' dir='ltr'><strong>dever-</strong></span> 
     </span>
    </p>
   </div>
   <div class='ocr_carea' id='block_1_8' title="bbox 698 848 2292 927">
    <p class='ocr_par' dir='ltr' id='par_1_8' title="bbox 698 848 2292 927">
     <span class='ocr_line' id='line_1_8' title="bbox 698 848 2292 927; baseline -0.006 -15"><span class='ocrx_word' id='word_1_46' title='bbox 698 871 854 927; x_wconf 88' lang='lat' dir='ltr'><strong>gens,</strong></span> <span class='ocrx_word' id='word_1_47' title='bbox 889 854 940 908; x_wconf 93' lang='lat' dir='ltr'><strong>in</strong></span> <span class='ocrx_word' id='word_1_48' title='bbox 969 854 1084 909; x_wconf 89' lang='lat' dir='ltr'><strong>loca</strong></span> <span class='ocrx_word' id='word_1_49' title='bbox 1116 868 1222 908; x_wconf 91' lang='lat' dir='ltr'><strong>non</strong></span> <span class='ocrx_word' id='word_1_50' title='bbox 1265 851 1594 922; x_wconf 87' lang='lat' dir='ltr'><strong>devergebat</strong></span> <span class='ocrx_word' id='word_1_51' title='bbox 1648 851 1699 905; x_wconf 93' lang='lat' dir='ltr'><strong>in</strong></span> <span class='ocrx_word' id='word_1_52' title='bbox 1735 850 1928 920; x_wconf 83' lang='lat' dir='ltr'><strong>quibus</strong></span> <span class='ocrx_word' id='word_1_53' title='bbox 1953 857 2069 904; x_wconf 86' lang='lat' dir='ltr'><strong>erat</strong></span> <span class='ocrx_word' id='word_1_54' title='bbox 2095 848 2292 904; x_wconf 90' lang='lat' dir='ltr'><strong>bonum</strong></span> 
     </span>
    </p>
   </div>
   <div class='ocr_carea' id='block_1_9' title="bbox 696 941 2295 1010">
    <p class='ocr_par' dir='ltr' id='par_1_9' title="bbox 696 941 2295 1010">
     <span class='ocr_line' id='line_1_9' title="bbox 696 941 2295 1010; baseline -0.006 -6"><span class='ocrx_word' id='word_1_55' title='bbox 696 957 751 1004; x_wconf 88' lang='lat' dir='ltr'><strong>et</strong></span> <span class='ocrx_word' id='word_1_56' title='bbox 782 947 1002 1002; x_wconf 88' lang='lat' dir='ltr'><strong>malum.</strong></span> <span class='ocrx_word' id='word_1_57' title='bbox 1042 947 1185 1001; x_wconf 89' lang='lat' dir='ltr'><strong>Dans</strong></span> <span class='ocrx_word' id='word_1_58' title='bbox 1212 953 1391 1000; x_wconf 90' lang='lat' dir='ltr'><strong>autem</strong></span> <span class='ocrx_word' id='word_1_59' title='bbox 1433 945 1608 998; x_wconf 86' lang='lat' dir='ltr'><strong>locum</strong></span> <span class='ocrx_word' id='word_1_60' title='bbox 1637 943 1778 998; x_wconf 89' lang='lat' dir='ltr'><strong>bono</strong></span> <span class='ocrx_word' id='word_1_61' title='bbox 1805 951 1860 996; x_wconf 91' lang='lat' dir='ltr'><strong>et</strong></span> <span class='ocrx_word' id='word_1_62' title='bbox 1910 941 2072 1006; x_wconf 82' lang='lat' dir='ltr'><strong>malo,</strong></span> <span class='ocrx_word' id='word_1_63' title='bbox 2102 955 2295 1010; x_wconf 89' lang='lat' dir='ltr'><strong>corpo-</strong></span> 
     </span>
    </p>
   </div>
   <div class='ocr_carea' id='block_1_10' title="bbox 696 1031 2292 1104">
    <p class='ocr_par' dir='ltr' id='par_1_10' title="bbox 696 1031 2292 1104">
     <span class='ocr_line' id='line_1_10' title="bbox 696 1031 2292 1104; baseline -0.007 -8"><span class='ocrx_word' id='word_1_64' title='bbox 696 1041 830 1096; x_wconf 83' lang='lat' dir='ltr'><strong>ralia</strong></span> <span class='ocrx_word' id='word_1_65' title='bbox 856 1056 918 1096; x_wconf 89' lang='lat' dir='ltr'><strong>ea</strong></span> <span class='ocrx_word' id='word_1_66' title='bbox 963 1039 1114 1104; x_wconf 91' lang='lat' dir='ltr'><strong>facis,</strong></span> <span class='ocrx_word' id='word_1_67' title='bbox 1145 1037 1388 1093; x_wconf 79' lang='lat' dir='ltr'><strong>faciendo</strong></span> <span class='ocrx_word' id='word_1_68' title='bbox 1413 1035 1640 1101; x_wconf 90' lang='lat' dir='ltr'><strong>localia;</strong></span> <span class='ocrx_word' id='word_1_69' title='bbox 1672 1035 1794 1104; x_wconf 86' lang='lat' dir='ltr'><strong>quia</strong></span> <span class='ocrx_word' id='word_1_70' title='bbox 1825 1049 1945 1103; x_wconf 87' lang='lat' dir='ltr'><strong>quae</strong></span> <span class='ocrx_word' id='word_1_71' title='bbox 1991 1033 2164 1089; x_wconf 93' lang='lat' dir='ltr'><strong>locum</strong></span> <span class='ocrx_word' id='word_1_72' title='bbox 2193 1031 2292 1086; x_wconf 89' lang='lat' dir='ltr'><strong>ha-</strong></span> 
     </span>
    </p>
   </div>
   <div class='ocr_carea' id='block_1_11' title="bbox 695 1125 2290 1203">
    <p class='ocr_par' dir='ltr' id='par_1_11' title="bbox 695 1125 2290 1203">
     <span class='ocr_line' id='line_1_11' title="bbox 695 1125 2290 1203; baseline -0.004 -15"><span class='ocrx_word' id='word_1_73' title='bbox 695 1132 844 1200; x_wconf 92' lang='lat' dir='ltr'><strong>bent,</strong></span> <span class='ocrx_word' id='word_1_74' title='bbox 871 1132 1018 1203; x_wconf 90' lang='lat' dir='ltr'><strong>prius</strong></span> <span class='ocrx_word' id='word_1_75' title='bbox 1043 1141 1127 1186; x_wconf 91' lang='lat' dir='ltr'><strong>est</strong></span> <span class='ocrx_word' id='word_1_76' title='bbox 1170 1139 1229 1185; x_wconf 89' lang='lat' dir='ltr'><strong>ut</strong></span> <span class='ocrx_word' id='word_1_77' title='bbox 1270 1129 1568 1200; x_wconf 85' lang='lat' dir='ltr'><strong>corporalia</strong></span> <span class='ocrx_word' id='word_1_78' title='bbox 1600 1128 1726 1182; x_wconf 90' lang='lat' dir='ltr'><strong>sint.</strong></span> <span class='ocrx_word' id='word_1_79' title='bbox 1771 1127 2008 1197; x_wconf 89' lang='lat' dir='ltr'><strong>Denique</strong></span> <span class='ocrx_word' id='word_1_80' title='bbox 2038 1125 2290 1196; x_wconf 84' lang='lat' dir='ltr'><strong>incorpo-</strong></span> 
     </span>
    </p>
   </div>
   <div class='ocr_carea' id='block_1_12' title="bbox 692 1221 2289 1296">
    <p class='ocr_par' dir='ltr' id='par_1_12' title="bbox 692 1221 2289 1296">
     <span class='ocr_line' id='line_1_12' title="bbox 692 1221 2289 1296; baseline -0.004 -14"><span class='ocrx_word' id='word_1_81' title='bbox 692 1226 826 1282; x_wconf 87' lang='lat' dir='ltr'><strong>ralia</strong></span> <span class='ocrx_word' id='word_1_82' title='bbox 851 1225 1125 1296; x_wconf 90' lang='lat' dir='ltr'><strong>proprium</strong></span> <span class='ocrx_word' id='word_1_83' title='bbox 1172 1224 1346 1279; x_wconf 91' lang='lat' dir='ltr'><strong>locum</strong></span> <span class='ocrx_word' id='word_1_84' title='bbox 1368 1238 1476 1280; x_wconf 91' lang='lat' dir='ltr'><strong>non</strong></span> <span class='ocrx_word' id='word_1_85' title='bbox 1516 1222 1796 1287; x_wconf 90' lang='lat' dir='ltr'><strong>haberent,</strong></span> <span class='ocrx_word' id='word_1_86' title='bbox 1829 1221 1931 1276; x_wconf 91' lang='lat' dir='ltr'><strong>nisi</strong></span> <span class='ocrx_word' id='word_1_87' title='bbox 1960 1221 2011 1275; x_wconf 91' lang='lat' dir='ltr'><strong>in</strong></span> <span class='ocrx_word' id='word_1_88' title='bbox 2039 1234 2289 1290; x_wconf 88' lang='lat' dir='ltr'><strong>corpore,</strong></span> 
     </span>
    </p>
   </div>
   <div class='ocr_carea' id='block_1_13' title="bbox 691 1313 2290 1387">
    <p class='ocr_par' dir='ltr' id='par_1_13' title="bbox 691 1313 2290 1387">
     <span class='ocr_line' id='line_1_13' title="bbox 691 1313 2290 1387; baseline -0.004 -13"><span class='ocrx_word' id='word_1_89' title='bbox 691 1334 816 1374; x_wconf 90' lang='lat' dir='ltr'><strong>cum</strong></span> <span class='ocrx_word' id='word_1_90' title='bbox 863 1318 1076 1387; x_wconf 88' lang='lat' dir='ltr'><strong>corpori</strong></span> <span class='ocrx_word' id='word_1_91' title='bbox 1125 1317 1396 1373; x_wconf 89' lang='lat' dir='ltr'><strong>accidunt.</strong></span> <span class='ocrx_word' id='word_1_92' title='bbox 1438 1315 1520 1372; x_wconf 87' lang='lat' dir='ltr'><strong>Ad</strong></span> <span class='ocrx_word' id='word_1_93' title='bbox 1549 1316 1746 1370; x_wconf 90' lang='lat' dir='ltr'><strong>bonum</strong></span> <span class='ocrx_word' id='word_1_94' title='bbox 1776 1322 1954 1369; x_wconf 89' lang='lat' dir='ltr'><strong>autem</strong></span> <span class='ocrx_word' id='word_1_95' title='bbox 1995 1323 2050 1369; x_wconf 92' lang='lat' dir='ltr'><strong>et</strong></span> <span class='ocrx_word' id='word_1_96' title='bbox 2090 1313 2290 1368; x_wconf 92' lang='lat' dir='ltr'><strong>malum</strong></span> 
     </span>
    </p>
   </div>
   <div class='ocr_carea' id='block_1_14' title="bbox 691 1409 2288 1484">
    <p class='ocr_par' dir='ltr' id='par_1_14' title="bbox 691 1409 2288 1484">
     <span class='ocr_line' id='line_1_14' title="bbox 691 1409 2288 1484; baseline -0.003 -17"><span class='ocrx_word' id='word_1_97' title='bbox 691 1428 800 1468; x_wconf 89' lang='lat' dir='ltr'><strong>non</strong></span> <span class='ocrx_word' id='word_1_98' title='bbox 829 1412 1154 1484; x_wconf 87' lang='lat' dir='ltr'><strong>devergente</strong></span> <span class='ocrx_word' id='word_1_99' title='bbox 1181 1411 1426 1476; x_wconf 82' lang='lat' dir='ltr'><strong>materia,</strong></span> <span class='ocrx_word' id='word_1_100' title='bbox 1455 1420 1516 1465; x_wconf 89' lang='lat' dir='ltr'><strong>ut</strong></span> <span class='ocrx_word' id='word_1_101' title='bbox 1542 1419 1635 1464; x_wconf 90' lang='lat' dir='ltr'><strong>aut</strong></span> <span class='ocrx_word' id='word_1_102' title='bbox 1655 1410 1953 1480; x_wconf 82' lang='lat' dir='ltr'><strong>corporalia</strong></span> <span class='ocrx_word' id='word_1_103' title='bbox 1976 1418 2067 1464; x_wconf 91' lang='lat' dir='ltr'><strong>aut</strong></span> <span class='ocrx_word' id='word_1_104' title='bbox 2101 1409 2288 1464; x_wconf 88' lang='lat' dir='ltr'><strong>Iocalia</strong></span> 
     </span>
    </p>
   </div>
   <div class='ocr_carea' id='block_1_15' title="bbox 689 1501 2289 1574">
    <p class='ocr_par' dir='ltr' id='par_1_15' title="bbox 689 1501 2289 1574">
     <span class='ocr_line' id='line_1_15' title="bbox 689 1501 2289 1574; baseline -0.002 -15"><span class='ocrx_word' id='word_1_105' title='bbox 689 1520 797 1560; x_wconf 89' lang='lat' dir='ltr'><strong>non</strong></span> <span class='ocrx_word' id='word_1_106' title='bbox 823 1504 1167 1574; x_wconf 83' lang='lat' dir='ltr'><strong>devergcbat.</strong></span> <span class='ocrx_word' id='word_1_107' title='bbox 1200 1504 1406 1559; x_wconf 87' lang='lat' dir='ltr'><strong>Bonum</strong></span> <span class='ocrx_word' id='word_1_108' title='bbox 1423 1518 1554 1573; x_wconf 90' lang='lat' dir='ltr'><strong>ergo</strong></span> <span class='ocrx_word' id='word_1_109' title='bbox 1576 1511 1629 1558; x_wconf 88' lang='lat' dir='ltr'><strong>et</strong></span> <span class='ocrx_word' id='word_1_110' title='bbox 1658 1505 1877 1569; x_wconf 90' lang='lat' dir='ltr'><strong>malum,</strong></span> <span class='ocrx_word' id='word_1_111' title='bbox 1897 1518 2069 1568; x_wconf 90' lang='lat' dir='ltr'><strong>erras,</strong></span> <span class='ocrx_word' id='word_1_112' title='bbox 2098 1502 2142 1557; x_wconf 89' lang='lat' dir='ltr'><strong>si</strong></span> <span class='ocrx_word' id='word_1_113' title='bbox 2165 1501 2289 1557; x_wconf 89' lang='lat' dir='ltr'><strong>sub-</strong></span> 
     </span>
    </p>
   </div>
   <div class='ocr_carea' id='block_1_16' title="bbox 687 1597 2288 1666">
    <p class='ocr_par' dir='ltr' id='par_1_16' title="bbox 687 1597 2288 1666">
     <span class='ocr_line' id='line_1_16' title="bbox 687 1597 2288 1666; baseline -0.001 -13"><span class='ocrx_word' id='word_1_114' title='bbox 687 1601 914 1655; x_wconf 88' lang='lat' dir='ltr'><strong>stantias</strong></span> <span class='ocrx_word' id='word_1_115' title='bbox 953 1613 1076 1655; x_wconf 89' lang='lat' dir='ltr'><strong>esse</strong></span> <span class='ocrx_word' id='word_1_116' title='bbox 1101 1598 1202 1654; x_wconf 85' lang='lat' dir='ltr'><strong>vis.</strong></span> <span class='ocrx_word' id='word_1_117' title='bbox 1242 1597 1582 1653; x_wconf 89' lang='lat' dir='ltr'><strong>Substantias</strong></span> <span class='ocrx_word' id='word_1_118' title='bbox 1608 1597 1750 1652; x_wconf 92' lang='lat' dir='ltr'><strong>enim</strong></span> <span class='ocrx_word' id='word_1_119' title='bbox 1781 1597 1912 1652; x_wconf 83' lang='lat' dir='ltr'><strong>facis</strong></span> <span class='ocrx_word' id='word_1_120' title='bbox 1940 1597 2136 1666; x_wconf 87' lang='lat' dir='ltr'><strong>quibus</strong></span> <span class='ocrx_word' id='word_1_121' title='bbox 2173 1597 2288 1652; x_wconf 86' lang='lat' dir='ltr'><strong>loca</strong></span> 
     </span>
    </p>
   </div>
   <div class='ocr_carea' id='block_1_17' title="bbox 687 1690 2283 1763">
    <p class='ocr_par' dir='ltr' id='par_1_17' title="bbox 687 1690 2283 1763">
     <span class='ocr_line' id='line_1_17' title="bbox 687 1690 2283 1763; baseline 0.001 -18"><span class='ocrx_word' id='word_1_122' title='bbox 687 1692 953 1763; x_wconf 78' lang='lat' dir='ltr'><strong>assignas.</strong></span> <span class='ocrx_word' id='word_1_123' title='bbox 981 1691 1124 1747; x_wconf 91' lang='lat' dir='ltr'><strong>Loca</strong></span> <span class='ocrx_word' id='word_1_124' title='bbox 1153 1700 1335 1747; x_wconf 91' lang='lat' dir='ltr'><strong>autem</strong></span> <span class='ocrx_word' id='word_1_125' title='bbox 1366 1691 1630 1762; x_wconf 88' lang='lat' dir='ltr'><strong>assignas,</strong></span> <span class='ocrx_word' id='word_1_126' title='bbox 1653 1706 1775 1746; x_wconf 93' lang='lat' dir='ltr'><strong>cum</strong></span> <span class='ocrx_word' id='word_1_127' title='bbox 1815 1690 2056 1748; x_wconf 83' lang='lat' dir='ltr'><strong>materia</strong></span> <span class='ocrx_word' id='word_1_128' title='bbox 2082 1699 2283 1747; x_wconf 90' lang='lat' dir='ltr'><strong>motum</strong></span> 
     </span>
    </p>
   </div>
   <div class='ocr_carea' id='block_1_18' title="bbox 683 1782 1572 1857">
    <p class='ocr_par' dir='ltr' id='par_1_18' title="bbox 683 1782 1572 1857">
     <span class='ocr_line' id='line_1_18' title="bbox 683 1782 1572 1857; baseline -0.004 -15"><span class='ocrx_word' id='word_1_129' title='bbox 683 1783 753 1843; x_wconf 88' lang='lat' dir='ltr'><strong>ab</strong></span> <span class='ocrx_word' id='word_1_130' title='bbox 773 1793 998 1857; x_wconf 90' lang='lat' dir='ltr'><strong>utraque</strong></span> <span class='ocrx_word' id='word_1_131' title='bbox 1017 1783 1237 1856; x_wconf 88' lang='lat' dir='ltr'><strong>regione</strong></span> <span class='ocrx_word' id='word_1_132' title='bbox 1266 1782 1572 1854; x_wconf 89' lang='lat' dir='ltr'><strong>suspendis.</strong></span> 
     </span>
    </p>
   </div>
   <div class='ocr_carea' id='block_1_19' title="bbox 1269 1875 1692 1934">
    <p class='ocr_par' dir='ltr' id='par_1_19' title="bbox 1269 1875 1692 1934">
     <span class='ocr_line' id='line_1_19' title="bbox 1269 1875 1692 1934; baseline -0.007 -1"><span class='ocrx_word' id='word_1_133' title='bbox 1269 1875 1500 1934; x_wconf 82' lang='lat' dir='ltr'><strong>CAPUT</strong></span> <span class='ocrx_word' id='word_1_134' title='bbox 1531 1876 1692 1933; x_wconf 77' lang='lat' dir='ltr'><strong>XLII.</strong></span> 
     </span>
    </p>
   </div>
   <div class='ocr_carea' id='block_1_20' title="bbox 757 1967 2284 2043">
    <p class='ocr_par' dir='ltr' id='par_1_20' title="bbox 757 1967 2284 2043">
     <span class='ocr_line' id='line_1_20' title="bbox 757 1967 2284 2043; baseline -0.004 -15"><span class='ocrx_word' id='word_1_135' title='bbox 757 1969 1069 2043; x_wconf 88' lang='lat' dir='ltr'><strong>Dispersiin</strong></span> <span class='ocrx_word' id='word_1_136' title='bbox 1109 1969 1313 2034; x_wconf 91' lang='lat' dir='ltr'><strong>omnia,</strong></span> <span class='ocrx_word' id='word_1_137' title='bbox 1345 1983 1416 2025; x_wconf 89' lang='lat' dir='ltr'><strong>ne</strong></span> <span class='ocrx_word' id='word_1_138' title='bbox 1440 1968 1508 2024; x_wconf 90' lang='lat' dir='ltr'><strong>de</strong></span> <span class='ocrx_word' id='word_1_139' title='bbox 1536 1969 1783 2040; x_wconf 79' lang='lat' dir='ltr'><strong>proximo</strong></span> <span class='ocrx_word' id='word_1_140' title='bbox 1808 1983 1968 2040; x_wconf 91' lang='lat' dir='ltr'><strong>quam</strong></span> <span class='ocrx_word' id='word_1_141' title='bbox 2015 1967 2284 2024; x_wconf 90' lang='lat' dir='ltr'><strong>contraria</strong></span> 
     </span>
    </p>
   </div>
   <div class='ocr_carea' id='block_1_21' title="bbox 683 2059 2281 2131">
    <p class='ocr_par' dir='ltr' id='par_1_21' title="bbox 683 2059 2281 2131">
     <span class='ocr_line' id='line_1_21' title="bbox 683 2059 2281 2131; baseline -0.005 -11"><span class='ocrx_word' id='word_1_142' title='bbox 683 2064 787 2120; x_wconf 86' lang='lat' dir='ltr'><strong>sibi</strong></span> <span class='ocrx_word' id='word_1_143' title='bbox 812 2064 920 2118; x_wconf 89' lang='lat' dir='ltr'><strong>sint</strong></span> <span class='ocrx_word' id='word_1_144' title='bbox 961 2061 1284 2118; x_wconf 86' lang='lat' dir='ltr'><strong>relucerent.</strong></span> <span class='ocrx_word' id='word_1_145' title='bbox 1319 2063 1384 2115; x_wconf 88' lang='lat' dir='ltr'><strong>At</strong></span> <span class='ocrx_word' id='word_1_146' title='bbox 1409 2075 1508 2130; x_wconf 91' lang='lat' dir='ltr'><strong>ego</strong></span> <span class='ocrx_word' id='word_1_147' title='bbox 1529 2061 1775 2131; x_wconf 88' lang='lat' dir='ltr'><strong>colligam</strong></span> <span class='ocrx_word' id='word_1_148' title='bbox 1804 2059 2037 2131; x_wconf 90' lang='lat' dir='ltr'><strong>singula,</strong></span> <span class='ocrx_word' id='word_1_149' title='bbox 2069 2069 2124 2115; x_wconf 91' lang='lat' dir='ltr'><strong>et</strong></span> <span class='ocrx_word' id='word_1_150' title='bbox 2151 2072 2281 2113; x_wconf 86' lang='lat' dir='ltr'><strong>con-</strong></span> 
     </span>
    </p>
   </div>
   <div class='ocr_carea' id='block_1_22' title="bbox 679 2150 2282 2216">
    <p class='ocr_par' dir='ltr' id='par_1_22' title="bbox 679 2150 2282 2216">
     <span class='ocr_line' id='line_1_22' title="bbox 679 2150 2282 2216; baseline -0.005 -6"><span class='ocrx_word' id='word_1_151' title='bbox 679 2154 872 2210; x_wconf 89' lang='lat' dir='ltr'><strong>feram.</strong></span> <span class='ocrx_word' id='word_1_152' title='bbox 921 2151 1259 2208; x_wconf 88' lang='lat' dir='ltr'><strong>lnconditum</strong></span> <span class='ocrx_word' id='word_1_153' title='bbox 1293 2150 1578 2206; x_wconf 89' lang='lat' dir='ltr'><strong>adseveras</strong></span> <span class='ocrx_word' id='word_1_154' title='bbox 1616 2162 1820 2205; x_wconf 88' lang='lat' dir='ltr'><strong>momm</strong></span> <span class='ocrx_word' id='word_1_155' title='bbox 1851 2150 2112 2216; x_wconf 81' lang='lat' dir='ltr'><strong>materia,</strong></span> <span class='ocrx_word' id='word_1_156' title='bbox 2134 2163 2282 2203; x_wconf 90' lang='lat' dir='ltr'><strong>eam-</strong></span> 
     </span>
    </p>
   </div>
   <div class='ocr_carea' id='block_1_23' title="bbox 679 2239 2282 2318">
    <p class='ocr_par' dir='ltr' id='par_1_23' title="bbox 679 2239 2282 2318">
     <span class='ocr_line' id='line_1_23' title="bbox 679 2239 2282 2318; baseline -0.006 -16"><span class='ocrx_word' id='word_1_157' title='bbox 679 2262 786 2318; x_wconf 88' lang='lat' dir='ltr'><strong>que</strong></span> <span class='ocrx_word' id='word_1_158' title='bbox 813 2244 1003 2316; x_wconf 84' lang='lat' dir='ltr'><strong>adjicis</strong></span> <span class='ocrx_word' id='word_1_159' title='bbox 1051 2243 1245 2299; x_wconf 91' lang='lat' dir='ltr'><strong>sectari</strong></span> <span class='ocrx_word' id='word_1_160' title='bbox 1278 2242 1664 2297; x_wconf 90' lang='lat' dir='ltr'><strong>informitatem</strong></span> <span class='ocrx_word' id='word_1_161' title='bbox 1702 2240 1934 2296; x_wconf 90' lang='lat' dir='ltr'><strong>:dehinc</strong></span> <span class='ocrx_word' id='word_1_162' title='bbox 1959 2241 2109 2306; x_wconf 91' lang='lat' dir='ltr'><strong>alibi,</strong></span> <span class='ocrx_word' id='word_1_163' title='bbox 2138 2239 2282 2294; x_wconf 90' lang='lat' dir='ltr'><strong>desi-</strong></span> 
     </span>
    </p>
   </div>
   <div class='ocr_carea' id='block_1_24' title="bbox 678 2333 2278 2406">
    <p class='ocr_par' dir='ltr' id='par_1_24' title="bbox 678 2333 2278 2406">
     <span class='ocr_line' id='line_1_24' title="bbox 678 2333 2278 2406; baseline -0.006 -11"><span class='ocrx_word' id='word_1_164' title='bbox 678 2339 871 2395; x_wconf 84' lang='lat' dir='ltr'><strong>derare</strong></span> <span class='ocrx_word' id='word_1_165' title='bbox 918 2336 1164 2406; x_wconf 88' lang='lat' dir='ltr'><strong>componi</strong></span> <span class='ocrx_word' id='word_1_166' title='bbox 1211 2335 1398 2390; x_wconf 77' lang='lat' dir='ltr'><strong>aDeo.</strong></span> <span class='ocrx_word' id='word_1_167' title='bbox 1431 2333 1711 2390; x_wconf 91' lang='lat' dir='ltr'><strong>Desiderat</strong></span> <span class='ocrx_word' id='word_1_168' title='bbox 1755 2333 2131 2389; x_wconf 77' lang='lat' dir='ltr'><strong>formationem</strong></span> <span class='ocrx_word' id='word_1_169' title='bbox 2156 2345 2278 2403; x_wconf 86' lang='lat' dir='ltr'><strong>qua</strong></span> 
     </span>
    </p>
   </div>
   <div class='ocr_carea' id='block_1_25' title="bbox 675 2424 2275 2494">
    <p class='ocr_par' dir='ltr' id='par_1_25' title="bbox 675 2424 2275 2494">
     <span class='ocr_line' id='line_1_25' title="bbox 675 2424 2275 2494; baseline -0.006 -7"><span class='ocrx_word' id='word_1_170' title='bbox 675 2438 917 2487; x_wconf 87' lang='lat' dir='ltr'><strong>sectatur</strong></span> <span class='ocrx_word' id='word_1_171' title='bbox 963 2426 1386 2494; x_wconf 89' lang='lat' dir='ltr'><strong>informitatem,</strong></span> <span class='ocrx_word' id='word_1_172' title='bbox 1437 2436 1528 2480; x_wconf 91' lang='lat' dir='ltr'><strong>aut</strong></span> <span class='ocrx_word' id='word_1_173' title='bbox 1595 2434 1830 2480; x_wconf 84' lang='lat' dir='ltr'><strong>sectatur</strong></span> <span class='ocrx_word' id='word_1_174' title='bbox 1892 2424 2275 2480; x_wconf 87' lang='lat' dir='ltr'><strong>informitatem</strong></span> 
     </span>
    </p>
   </div>
   <div class='ocr_carea' id='block_1_26' title="bbox 674 2516 2274 2593">
    <p class='ocr_par' dir='ltr' id='par_1_26' title="bbox 674 2516 2274 2593">
     <span class='ocr_line' id='line_1_26' title="bbox 674 2516 2274 2593; baseline -0.006 -14"><span class='ocrx_word' id='word_1_175' title='bbox 674 2538 795 2593; x_wconf 86' lang='lat' dir='ltr'><strong>qua</strong></span> <span class='ocrx_word' id='word_1_176' title='bbox 837 2520 1109 2578; x_wconf 88' lang='lat' dir='ltr'><strong>desiderat</strong></span> <span class='ocrx_word' id='word_1_177' title='bbox 1160 2519 1575 2575; x_wconf 90' lang='lat' dir='ltr'><strong>formationem?</strong></span> <span class='ocrx_word' id='word_1_178' title='bbox 1609 2517 1724 2573; x_wconf 81' lang='lat' dir='ltr'><strong>Non</strong></span> <span class='ocrx_word' id='word_1_179' title='bbox 1769 2518 1852 2571; x_wconf 86' lang='lat' dir='ltr'><strong>vis</strong></span> <span class='ocrx_word' id='word_1_180' title='bbox 1885 2517 2054 2571; x_wconf 88' lang='lat' dir='ltr'><strong>videri</strong></span> <span class='ocrx_word' id='word_1_181' title='bbox 2105 2516 2274 2571; x_wconf 92' lang='lat' dir='ltr'><strong>Deum</strong></span> 
     </span>
    </p>
   </div>
   <div class='ocr_carea' id='block_1_27' title="bbox 673 2611 2274 2687">
    <p class='ocr_par' dir='ltr' id='par_1_27' title="bbox 673 2611 2274 2687">
     <span class='ocr_line' id='line_1_27' title="bbox 673 2611 2274 2687; baseline -0.003 -16"><span class='ocrx_word' id='word_1_182' title='bbox 673 2615 876 2687; x_wconf 85' lang='lat' dir='ltr'><strong>aquari</strong></span> <span class='ocrx_word' id='word_1_183' title='bbox 925 2616 1166 2670; x_wconf 88' lang='lat' dir='ltr'><strong>materia</strong></span> <span class='ocrx_word' id='word_1_184' title='bbox 1195 2655 1211 2682; x_wconf 93' lang='lat'><strong>,</strong></span> <span class='ocrx_word' id='word_1_185' title='bbox 1264 2621 1321 2668; x_wconf 89' lang='lat' dir='ltr'><strong>et</strong></span> <span class='ocrx_word' id='word_1_186' title='bbox 1395 2612 1614 2682; x_wconf 88' lang='lat' dir='ltr'><strong>subjieis</strong></span> <span class='ocrx_word' id='word_1_187' title='bbox 1692 2612 1893 2667; x_wconf 84' lang='lat' dir='ltr'><strong>habere</strong></span> <span class='ocrx_word' id='word_1_188' title='bbox 1953 2611 2096 2665; x_wconf 88' lang='lat' dir='ltr'><strong>illam</strong></span> <span class='ocrx_word' id='word_1_189' title='bbox 2150 2626 2274 2666; x_wconf 92' lang='lat' dir='ltr'><strong>cum</strong></span> 
     </span>
    </p>
   </div>
   <div class='ocr_carea' id='block_1_28' title="bbox 678 2701 2272 2774">
    <p class='ocr_par' dir='ltr' id='par_1_28' title="bbox 678 2701 2272 2774">
     <span class='ocr_line' id='line_1_28' title="bbox 678 2701 2272 2774; baseline -0.003 -11"><span class='ocrx_word' id='word_1_190' title='bbox 678 2708 791 2763; x_wconf 91' lang='lat' dir='ltr'><strong>Deo</strong></span> <span class='ocrx_word' id='word_1_191' title='bbox 823 2707 1281 2762; x_wconf 89' lang='lat' dir='ltr'><strong>communionem.</strong></span> <span class='ocrx_word' id='word_1_192' title='bbox 1337 2703 1672 2774; x_wconf 79' lang='lat' dir='ltr'><strong>[inpossibile</strong></span> <span class='ocrx_word' id='word_1_193' title='bbox 1716 2704 1882 2768; x_wconf 86' lang='lat' dir='ltr'><strong>enim,</strong></span> <span class='ocrx_word' id='word_1_194' title='bbox 1927 2701 2122 2773; x_wconf 90' lang='lat' dir='ltr'><strong>inquis,</strong></span> <span class='ocrx_word' id='word_1_195' title='bbox 2165 2717 2272 2758; x_wconf 91' lang='lat' dir='ltr'><strong>non</strong></span> 
     </span>
    </p>
   </div>
   <div class='ocr_carea' id='block_1_29' title="bbox 674 2795 2275 2867">
    <p class='ocr_par' dir='ltr' id='par_1_29' title="bbox 674 2795 2275 2867">
     <span class='ocr_line' id='line_1_29' title="bbox 674 2795 2275 2867; baseline -0.004 -10"><span class='ocrx_word' id='word_1_196' title='bbox 674 2801 961 2858; x_wconf 85' lang='lat' dir='ltr'><strong>habentem</strong></span> <span class='ocrx_word' id='word_1_197' title='bbox 1017 2800 1162 2854; x_wconf 89' lang='lat' dir='ltr'><strong>illam</strong></span> <span class='ocrx_word' id='word_1_198' title='bbox 1215 2813 1499 2855; x_wconf 90' lang='lat' dir='ltr'><strong>commune</strong></span> <span class='ocrx_word' id='word_1_199' title='bbox 1549 2796 1746 2867; x_wconf 89' lang='lat' dir='ltr'><strong>aliquid</strong></span> <span class='ocrx_word' id='word_1_200' title='bbox 1817 2811 1938 2852; x_wconf 89' lang='lat' dir='ltr'><strong>cum</strong></span> <span class='ocrx_word' id='word_1_201' title='bbox 1980 2795 2125 2863; x_wconf 92' lang='lat' dir='ltr'><strong>Deo,</strong></span> <span class='ocrx_word' id='word_1_202' title='bbox 2184 2810 2275 2850; x_wconf 92' lang='lat' dir='ltr'><strong>or-</strong></span> 
     </span>
    </p>
   </div>
   <div class='ocr_carea' id='block_1_30' title="bbox 673 2890 2272 2964">
    <p class='ocr_par' dir='ltr' id='par_1_30' title="bbox 673 2890 2272 2964">
     <span class='ocr_line' id='line_1_30' title="bbox 673 2890 2272 2964; baseline -0.003 -14"><span class='ocrx_word' id='word_1_203' title='bbox 673 2894 792 2951; x_wconf 92' lang='lat' dir='ltr'><strong>nari</strong></span> <span class='ocrx_word' id='word_1_204' title='bbox 818 2909 936 2950; x_wconf 91' lang='lat' dir='ltr'><strong>eam</strong></span> <span class='ocrx_word' id='word_1_205' title='bbox 965 2894 1032 2951; x_wconf 91' lang='lat' dir='ltr'><strong>ab</strong></span> <span class='ocrx_word' id='word_1_206' title='bbox 1069 2894 1204 2964; x_wconf 91' lang='lat' dir='ltr'><strong>ipso.</strong></span> <span class='ocrx_word' id='word_1_207' title='bbox 1232 2893 1452 2964; x_wconf 83' lang='lat' dir='ltr'><strong>Atquin,</strong></span> <span class='ocrx_word' id='word_1_208' title='bbox 1475 2893 1518 2946; x_wconf 88' lang='lat' dir='ltr'><strong>si</strong></span> <span class='ocrx_word' id='word_1_209' title='bbox 1545 2906 1830 2947; x_wconf 89' lang='lat' dir='ltr'><strong>commune</strong></span> <span class='ocrx_word' id='word_1_210' title='bbox 1865 2891 2064 2960; x_wconf 90' lang='lat' dir='ltr'><strong>aliquid</strong></span> <span class='ocrx_word' id='word_1_211' title='bbox 2110 2890 2272 2946; x_wconf 88' lang='lat' dir='ltr'><strong>habe-</strong></span> 
     </span>
    </p>
   </div>
   <div class='ocr_carea' id='block_1_31' title="bbox 671 2983 2272 3053">
    <p class='ocr_par' dir='ltr' id='par_1_31' title="bbox 671 2983 2272 3053">
     <span class='ocr_line' id='line_1_31' title="bbox 671 2983 2272 3053; baseline -0.002 -12"><span class='ocrx_word' id='word_1_212' title='bbox 671 2986 766 3041; x_wconf 85' lang='lat' dir='ltr'><strong>bat</strong></span> <span class='ocrx_word' id='word_1_213' title='bbox 798 3001 920 3042; x_wconf 93' lang='lat' dir='ltr'><strong>cum</strong></span> <span class='ocrx_word' id='word_1_214' title='bbox 946 2985 1078 3052; x_wconf 89' lang='lat' dir='ltr'><strong>Deo,</strong></span> <span class='ocrx_word' id='word_1_215' title='bbox 1105 3001 1209 3040; x_wconf 92' lang='lat' dir='ltr'><strong>non</strong></span> <span class='ocrx_word' id='word_1_216' title='bbox 1235 2984 1578 3041; x_wconf 89' lang='lat' dir='ltr'><strong>desiderabat</strong></span> <span class='ocrx_word' id='word_1_217' title='bbox 1602 2983 1856 3039; x_wconf 77' lang='lat' dir='ltr'><strong>exornari</strong></span> <span class='ocrx_word' id='word_1_218' title='bbox 1885 2983 1953 3037; x_wconf 87' lang='lat' dir='ltr'><strong>ab</strong></span> <span class='ocrx_word' id='word_1_219' title='bbox 1976 2985 2113 3053; x_wconf 91' lang='lat' dir='ltr'><strong>ipso,</strong></span> <span class='ocrx_word' id='word_1_220' title='bbox 2149 2998 2272 3052; x_wconf 89' lang='lat' dir='ltr'><strong>pars</strong></span> 
     </span>
    </p>
   </div>
   <div class='ocr_carea' id='block_1_32' title="bbox 669 3076 2272 3150">
    <p class='ocr_par' dir='ltr' id='par_1_32' title="bbox 669 3076 2272 3150">
     <span class='ocr_line' id='line_1_32' title="bbox 669 3076 2272 3150; baseline -0.003 -15"><span class='ocrx_word' id='word_1_221' title='bbox 669 3079 879 3135; x_wconf 83' lang='lat' dir='ltr'><strong>scilicet</strong></span> <span class='ocrx_word' id='word_1_222' title='bbox 907 3078 1002 3135; x_wconf 89' lang='lat' dir='ltr'><strong>Dei</strong></span> <span class='ocrx_word' id='word_1_223' title='bbox 1042 3094 1138 3150; x_wconf 89' lang='lat' dir='ltr'><strong>per</strong></span> <span class='ocrx_word' id='word_1_224' title='bbox 1164 3078 1622 3134; x_wconf 91' lang='lat' dir='ltr'><strong>communionem.</strong></span> <span class='ocrx_word' id='word_1_225' title='bbox 1655 3081 1762 3130; x_wconf 86' lang='lat' dir='ltr'><strong>Aut</strong></span> <span class='ocrx_word' id='word_1_226' title='bbox 1789 3086 1844 3131; x_wconf 92' lang='lat' dir='ltr'><strong>et</strong></span> <span class='ocrx_word' id='word_1_227' title='bbox 1888 3076 2029 3130; x_wconf 89' lang='lat' dir='ltr'><strong>Deus</strong></span> <span class='ocrx_word' id='word_1_228' title='bbox 2060 3083 2272 3144; x_wconf 90' lang='lat' dir='ltr'><strong>poterat</strong></span> 
     </span>
    </p>
   </div>
   <div class='ocr_carea' id='block_1_33' title="bbox 669 3167 2270 3239">
    <p class='ocr_par' dir='ltr' id='par_1_33' title="bbox 669 3167 2270 3239">
     <span class='ocr_line' id='line_1_33' title="bbox 669 3167 2270 3239; baseline -0.002 -12"><span class='ocrx_word' id='word_1_229' title='bbox 669 3173 852 3227; x_wconf 89' lang='lat' dir='ltr'><strong>ornari</strong></span> <span class='ocrx_word' id='word_1_230' title='bbox 879 3172 1180 3235; x_wconf 85' lang='lat' dir='ltr'><strong>amateria,</strong></span> <span class='ocrx_word' id='word_1_231' title='bbox 1215 3169 1463 3226; x_wconf 89' lang='lat' dir='ltr'><strong>habendo</strong></span> <span class='ocrx_word' id='word_1_232' title='bbox 1514 3183 1641 3224; x_wconf 92' lang='lat' dir='ltr'><strong>cum</strong></span> <span class='ocrx_word' id='word_1_233' title='bbox 1685 3169 1774 3223; x_wconf 89' lang='lat' dir='ltr'><strong>illa</strong></span> <span class='ocrx_word' id='word_1_234' title='bbox 1812 3167 2013 3238; x_wconf 84' lang='lat' dir='ltr'><strong>aliquid</strong></span> <span class='ocrx_word' id='word_1_235' title='bbox 2058 3176 2112 3222; x_wconf 92' lang='lat' dir='ltr'><strong>et</strong></span> <span class='ocrx_word' id='word_1_236' title='bbox 2155 3168 2270 3239; x_wconf 87' lang='lat' dir='ltr'><strong>ipse</strong></span> 
     </span>
    </p>
   </div>
   <div class='ocr_carea' id='block_1_34' title="bbox 2400 566 4008 639">
    <p class='ocr_par' dir='ltr' id='par_1_34' title="bbox 2400 566 4008 639">
     <span class='ocr_line' id='line_1_34' title="bbox 2400 566 4008 639; baseline 0 -17"><span class='ocrx_word' id='word_1_237' title='bbox 2400 566 2798 639; x_wconf 81' lang='lat' dir='ltr'><strong>preliensibilis,</strong></span> <span class='ocrx_word' id='word_1_238' title='bbox 2827 583 2936 637; x_wconf 87' lang='lat' dir='ltr'><strong>pra</strong></span> <span class='ocrx_word' id='word_1_239' title='bbox 2967 568 3238 625; x_wconf 86' lang='lat' dir='ltr'><strong>nimietate</strong></span> <span class='ocrx_word' id='word_1_240' title='bbox 3254 569 3586 626; x_wconf 88' lang='lat' dir='ltr'><strong>certaminis.</strong></span> <span class='ocrx_word' id='word_1_241' title='bbox 3612 569 3819 625; x_wconf 89' lang='lat' dir='ltr'><strong>Dehinc</strong></span> <span class='ocrx_word' id='word_1_242' title='bbox 3840 567 4008 638; x_wconf 89' lang='lat' dir='ltr'><strong>subji-</strong></span> 
     </span>
    </p>
   </div>
   <div class='ocr_carea' id='block_1_35' title="bbox 2398 658 4008 731">
    <p class='ocr_par' dir='ltr' id='par_1_35' title="bbox 2398 658 4008 731">
     <span class='ocr_line' id='line_1_35' title="bbox 2398 658 4008 731; baseline 0.001 -19"><span class='ocrx_word' id='word_1_243' title='bbox 2398 659 2510 714; x_wconf 91' lang='lat' dir='ltr'><strong>cis:</strong></span> <span class='ocrx_word' id='word_1_244' title='bbox 2543 658 2702 714; x_wconf 88' lang='lat' dir='ltr'><strong>Stetit</strong></span> <span class='ocrx_word' id='word_1_245' title='bbox 2728 668 2907 713; x_wconf 91' lang='lat' dir='ltr'><strong>autem</strong></span> <span class='ocrx_word' id='word_1_246' title='bbox 2937 662 2989 713; x_wconf 91' lang='lat' dir='ltr'><strong>in</strong></span> <span class='ocrx_word' id='word_1_247' title='bbox 3020 659 3112 714; x_wconf 88' lang='lat' dir='ltr'><strong>Dei</strong></span> <span class='ocrx_word' id='word_1_248' title='bbox 3151 661 3622 731; x_wconf 87' lang='lat' dir='ltr'><strong>compositionem,</strong></span> <span class='ocrx_word' id='word_1_249' title='bbox 3656 671 3712 716; x_wconf 90' lang='lat' dir='ltr'><strong>et</strong></span> <span class='ocrx_word' id='word_1_250' title='bbox 3761 661 4008 731; x_wconf 76' lang='lat' dir='ltr'><strong>inappre-</strong></span> 
     </span>
    </p>
   </div>
   <div class='ocr_carea' id='block_1_36' title="bbox 2399 748 4005 824">
    <p class='ocr_par' dir='ltr' id='par_1_36' title="bbox 2399 748 4005 824">
     <span class='ocr_line' id='line_1_36' title="bbox 2399 748 4005 824; baseline 0.001 -21"><span class='ocrx_word' id='word_1_251' title='bbox 2399 748 2716 804; x_wconf 87' lang='lat' dir='ltr'><strong>hensibilem</strong></span> <span class='ocrx_word' id='word_1_252' title='bbox 2745 749 2932 804; x_wconf 87' lang='lat' dir='ltr'><strong>habuit</strong></span> <span class='ocrx_word' id='word_1_253' title='bbox 2973 750 3249 806; x_wconf 88' lang='lat' dir='ltr'><strong>conditum</strong></span> <span class='ocrx_word' id='word_1_254' title='bbox 3301 752 3380 822; x_wconf 82' lang='grc'><strong>(5)</strong></span> <span class='ocrx_word' id='word_1_255' title='bbox 3410 761 3637 817; x_wconf 82' lang='grc' dir='ltr'><strong>ηιοιυιη,</strong></span> <span class='ocrx_word' id='word_1_256' title='bbox 3688 767 3800 824; x_wconf 86' lang='lat' dir='ltr'><strong>pra</strong></span> <span class='ocrx_word' id='word_1_257' title='bbox 3836 750 4005 807; x_wconf 85' lang='lat' dir='ltr'><strong>tardi-</strong></span> 
     </span>
    </p>
   </div>
   <div class='ocr_carea' id='block_1_37' title="bbox 2398 844 4006 919">
    <p class='ocr_par' dir='ltr' id='par_1_37' title="bbox 2398 844 4006 919">
     <span class='ocr_line' id='line_1_37' title="bbox 2398 844 4006 919; baseline 0.002 -23"><span class='ocrx_word' id='word_1_258' title='bbox 2398 851 2506 897; x_wconf 88' lang='lat' dir='ltr'><strong>tate</strong></span> <span class='ocrx_word' id='word_1_259' title='bbox 2536 844 2794 899; x_wconf 87' lang='lat' dir='ltr'><strong>inconditi</strong></span> <span class='ocrx_word' id='word_1_260' title='bbox 2837 854 3035 902; x_wconf 89' lang='lat' dir='ltr'><strong>motus.</strong></span> <span class='ocrx_word' id='word_1_261' title='bbox 3069 846 3241 918; x_wconf 91' lang='lat' dir='ltr'><strong>Supra</strong></span> <span class='ocrx_word' id='word_1_262' title='bbox 3270 856 3544 904; x_wconf 87' lang='lat' dir='ltr'><strong>certamen</strong></span> <span class='ocrx_word' id='word_1_263' title='bbox 3593 849 3761 903; x_wconf 86' lang='lat' dir='ltr'><strong>motui</strong></span> <span class='ocrx_word' id='word_1_264' title='bbox 3788 847 3872 919; x_wconf 78' lang='grc'><strong>(4)</strong></span> <span class='ocrx_word' id='word_1_265' title='bbox 3909 844 4006 900; x_wconf 86' lang='lat' dir='ltr'><strong>ad-</strong></span> 
     </span>
    </p>
   </div>
   <div class='ocr_carea' id='block_1_38' title="bbox 2397 935 3998 1010">
    <p class='ocr_par' dir='ltr' id='par_1_38' title="bbox 2397 935 3998 1010">
     <span class='ocr_line' id='line_1_38' title="bbox 2397 935 3998 1010; baseline 0.002 -20"><span class='ocrx_word' id='word_1_266' title='bbox 2397 935 2606 996; x_wconf 89' lang='lat' dir='ltr'><strong>scribis.</strong></span> <span class='ocrx_word' id='word_1_267' title='bbox 2639 935 2727 992; x_wconf 90' lang='lat' dir='ltr'><strong>hic</strong></span> <span class='ocrx_word' id='word_1_268' title='bbox 2743 937 3071 994; x_wconf 90' lang='lat' dir='ltr'><strong>tarditatem.</strong></span> <span class='ocrx_word' id='word_1_269' title='bbox 3115 938 3249 994; x_wconf 85' lang='lat' dir='ltr'><strong>Nam</strong></span> <span class='ocrx_word' id='word_1_270' title='bbox 3278 939 3347 996; x_wconf 93' lang='lat' dir='ltr'><strong>de</strong></span> <span class='ocrx_word' id='word_1_271' title='bbox 3372 950 3560 995; x_wconf 86' lang='lat' dir='ltr'><strong>natura</strong></span> <span class='ocrx_word' id='word_1_272' title='bbox 3591 940 3832 995; x_wconf 84' lang='lat' dir='ltr'><strong>materia</strong></span> <span class='ocrx_word' id='word_1_273' title='bbox 3858 953 3998 1010; x_wconf 90' lang='lat' dir='ltr'><strong>quo-</strong></span> 
     </span>
    </p>
   </div>
   <div class='ocr_carea' id='block_1_39' title="bbox 2395 1029 4005 1103">
    <p class='ocr_par' dir='ltr' id='par_1_39' title="bbox 2395 1029 4005 1103">
     <span class='ocr_line' id='line_1_39' title="bbox 2395 1029 4005 1103; baseline 0.002 -19"><span class='ocrx_word' id='word_1_274' title='bbox 2395 1030 2498 1085; x_wconf 89' lang='lat' dir='ltr'><strong>ties</strong></span> <span class='ocrx_word' id='word_1_275' title='bbox 2525 1029 2706 1096; x_wconf 87' lang='lat' dir='ltr'><strong>cadas,</strong></span> <span class='ocrx_word' id='word_1_276' title='bbox 2745 1032 2929 1103; x_wconf 86' lang='lat' dir='ltr'><strong>accipe</strong></span> <span class='ocrx_word' id='word_1_277' title='bbox 2976 1032 3079 1101; x_wconf 82' lang='lat'><strong>(5).</strong></span> <span class='ocrx_word' id='word_1_278' title='bbox 3128 1032 3304 1103; x_wconf 89' lang='lat' dir='ltr'><strong>Supra</strong></span> <span class='ocrx_word' id='word_1_279' title='bbox 3331 1033 3466 1088; x_wconf 87' lang='lat' dir='ltr'><strong>dicis</strong></span> <span class='ocrx_word' id='word_1_280' title='bbox 3505 1052 3518 1088; x_wconf 90' lang='lat'><strong>:</strong></span> <span class='ocrx_word' id='word_1_281' title='bbox 3549 1033 3604 1090; x_wconf 93' lang='lat' dir='ltr'><strong>Si</strong></span> <span class='ocrx_word' id='word_1_282' title='bbox 3632 1043 3812 1088; x_wconf 90' lang='lat' dir='ltr'><strong>autem</strong></span> <span class='ocrx_word' id='word_1_283' title='bbox 3858 1039 4005 1089; x_wconf 86' lang='lat' dir='ltr'><strong>esset</strong></span> 
     </span>
    </p>
   </div>
   <div class='ocr_carea' id='block_1_40' title="bbox 2395 1125 4002 1198">
    <p class='ocr_par' dir='ltr' id='par_1_40' title="bbox 2395 1125 4002 1198">
     <span class='ocr_line' id='line_1_40' title="bbox 2395 1125 4002 1198; baseline 0.002 -18"><span class='ocrx_word' id='word_1_284' title='bbox 2395 1125 2618 1181; x_wconf 87' lang='lat' dir='ltr'><strong>materia</strong></span> <span class='ocrx_word' id='word_1_285' title='bbox 2648 1134 2839 1182; x_wconf 86' lang='lat' dir='ltr'><strong>natura</strong></span> <span class='ocrx_word' id='word_1_286' title='bbox 2870 1127 3034 1192; x_wconf 86' lang='lat' dir='ltr'><strong>mala,</strong></span> <span class='ocrx_word' id='word_1_287' title='bbox 3079 1142 3187 1183; x_wconf 91' lang='lat' dir='ltr'><strong>non</strong></span> <span class='ocrx_word' id='word_1_288' title='bbox 3235 1129 3536 1198; x_wconf 87' lang='lat' dir='ltr'><strong>accepisset</strong></span> <span class='ocrx_word' id='word_1_289' title='bbox 3587 1127 4002 1184; x_wconf 87' lang='lat' dir='ltr'><strong>translationem</strong></span> 
     </span>
    </p>
   </div>
   <div class='ocr_carea' id='block_1_41' title="bbox 2395 1216 4008 1290">
    <p class='ocr_par' dir='ltr' id='par_1_41' title="bbox 2395 1216 4008 1290">
     <span class='ocr_line' id='line_1_41' title="bbox 2395 1216 4008 1290; baseline 0.002 -18"><span class='ocrx_word' id='word_1_290' title='bbox 2395 1216 2449 1272; x_wconf 92' lang='lat' dir='ltr'><strong>in</strong></span> <span class='ocrx_word' id='word_1_291' title='bbox 2474 1217 2686 1286; x_wconf 89' lang='lat' dir='ltr'><strong>melius,</strong></span> <span class='ocrx_word' id='word_1_292' title='bbox 2737 1232 2836 1274; x_wconf 91' lang='lat' dir='ltr'><strong>nec</strong></span> <span class='ocrx_word' id='word_1_293' title='bbox 2868 1218 3009 1273; x_wconf 87' lang='lat' dir='ltr'><strong>Deus</strong></span> <span class='ocrx_word' id='word_1_294' title='bbox 3029 1218 3232 1289; x_wconf 89' lang='lat' dir='ltr'><strong>aliquid</strong></span> <span class='ocrx_word' id='word_1_295' title='bbox 3267 1220 3675 1290; x_wconf 88' lang='lat' dir='ltr'><strong>compositionis</strong></span> <span class='ocrx_word' id='word_1_296' title='bbox 3698 1235 4008 1276; x_wconf 90' lang='lat' dir='ltr'><strong>accommo-</strong></span> 
     </span>
    </p>
   </div>
   <div class='ocr_carea' id='block_1_42' title="bbox 2393 1306 3996 1382">
    <p class='ocr_par' dir='ltr' id='par_1_42' title="bbox 2393 1306 3996 1382">
     <span class='ocr_line' id='line_1_42' title="bbox 2393 1306 3996 1382; baseline 0.003 -21"><span class='ocrx_word' id='word_1_297' title='bbox 2393 1306 2576 1364; x_wconf 87' lang='lat' dir='ltr'><strong>dasset</strong></span> <span class='ocrx_word' id='word_1_298' title='bbox 2595 1308 2780 1375; x_wconf 90' lang='lat' dir='ltr'><strong>illi;in</strong></span> <span class='ocrx_word' id='word_1_299' title='bbox 2801 1323 3025 1364; x_wconf 87' lang='lat' dir='ltr'><strong>vacuum</strong></span> <span class='ocrx_word' id='word_1_300' title='bbox 3067 1310 3210 1365; x_wconf 91' lang='lat' dir='ltr'><strong>enim</strong></span> <span class='ocrx_word' id='word_1_301' title='bbox 3250 1310 3568 1367; x_wconf 88' lang='lat' dir='ltr'><strong>laborasset.</strong></span> <span class='ocrx_word' id='word_1_302' title='bbox 3601 1311 3790 1367; x_wconf 90' lang='lat' dir='ltr'><strong>Finisti</strong></span> <span class='ocrx_word' id='word_1_303' title='bbox 3835 1312 3996 1382; x_wconf 88' lang='lat' dir='ltr'><strong>igitur</strong></span> 
     </span>
    </p>
   </div>
   <div class='ocr_carea' id='block_1_43' title="bbox 2392 1401 4005 1470">
    <p class='ocr_par' dir='ltr' id='par_1_43' title="bbox 2392 1401 4005 1470">
     <span class='ocr_line' id='line_1_43' title="bbox 2392 1401 4005 1470; baseline 0.003 -14"><span class='ocrx_word' id='word_1_304' title='bbox 2392 1401 2525 1458; x_wconf 91' lang='lat' dir='ltr'><strong>duas</strong></span> <span class='ocrx_word' id='word_1_305' title='bbox 2547 1405 2862 1470; x_wconf 88' lang='lat' dir='ltr'><strong>sententias,</strong></span> <span class='ocrx_word' id='word_1_306' title='bbox 2888 1420 2988 1460; x_wconf 94' lang='lat' dir='ltr'><strong>nec</strong></span> <span class='ocrx_word' id='word_1_307' title='bbox 3009 1408 3290 1460; x_wconf 89' lang='lat' dir='ltr'><strong>materiam</strong></span> <span class='ocrx_word' id='word_1_308' title='bbox 3314 1416 3503 1460; x_wconf 91' lang='lat' dir='ltr'><strong>natura</strong></span> <span class='ocrx_word' id='word_1_309' title='bbox 3535 1405 3754 1470; x_wconf 88' lang='lat' dir='ltr'><strong>malam,</strong></span> <span class='ocrx_word' id='word_1_310' title='bbox 3776 1421 3877 1461; x_wconf 90' lang='lat' dir='ltr'><strong>nec</strong></span> <span class='ocrx_word' id='word_1_311' title='bbox 3909 1421 4005 1462; x_wconf 90' lang='lat' dir='ltr'><strong>na-</strong></span> 
     </span>
    </p>
   </div>
   <div class='ocr_carea' id='block_1_44' title="bbox 2393 1495 4002 1568">
    <p class='ocr_par' dir='ltr' id='par_1_44' title="bbox 2393 1495 4002 1568">
     <span class='ocr_line' id='line_1_44' title="bbox 2393 1495 4002 1568; baseline 0.004 -20"><span class='ocrx_word' id='word_1_312' title='bbox 2393 1502 2566 1550; x_wconf 87' lang='lat' dir='ltr'><strong>turam</strong></span> <span class='ocrx_word' id='word_1_313' title='bbox 2591 1495 2711 1566; x_wconf 89' lang='lat' dir='ltr'><strong>ejus</strong></span> <span class='ocrx_word' id='word_1_314' title='bbox 2729 1511 2759 1551; x_wconf 93' lang='lat' dir='ltr'><strong>a</strong></span> <span class='ocrx_word' id='word_1_315' title='bbox 2779 1495 2893 1552; x_wconf 89' lang='lat' dir='ltr'><strong>Deo</strong></span> <span class='ocrx_word' id='word_1_316' title='bbox 2917 1497 3156 1567; x_wconf 89' lang='lat' dir='ltr'><strong>potuisse</strong></span> <span class='ocrx_word' id='word_1_317' title='bbox 3172 1497 3439 1554; x_wconf 88' lang='lat' dir='ltr'><strong>converti.</strong></span> <span class='ocrx_word' id='word_1_318' title='bbox 3466 1497 3669 1553; x_wconf 90' lang='lat' dir='ltr'><strong>Horum</strong></span> <span class='ocrx_word' id='word_1_319' title='bbox 3692 1499 4002 1568; x_wconf 90' lang='lat' dir='ltr'><strong>immemor,</strong></span> 
     </span>
    </p>
   </div>
   <div class='ocr_carea' id='block_1_45' title="bbox 2392 1586 4004 1662">
    <p class='ocr_par' dir='ltr' id='par_1_45' title="bbox 2392 1586 4004 1662">
     <span class='ocr_line' id='line_1_45' title="bbox 2392 1586 4004 1662; baseline 0.004 -20"><span class='ocrx_word' id='word_1_320' title='bbox 2392 1596 2578 1656; x_wconf 89' lang='lat' dir='ltr'><strong>postea</strong></span> <span class='ocrx_word' id='word_1_321' title='bbox 2630 1586 2796 1643; x_wconf 82' lang='lat' dir='ltr'><strong>infers</strong></span> <span class='ocrx_word' id='word_1_322' title='bbox 2833 1588 2950 1661; x_wconf 86' lang='lat'><strong>(6):</strong></span> <span class='ocrx_word' id='word_1_323' title='bbox 2982 1591 3052 1645; x_wconf 89' lang='lat' dir='ltr'><strong>At</strong></span> <span class='ocrx_word' id='word_1_324' title='bbox 3081 1589 3170 1644; x_wconf 93' lang='lat' dir='ltr'><strong>ubi</strong></span> <span class='ocrx_word' id='word_1_325' title='bbox 3222 1591 3430 1660; x_wconf 88' lang='lat' dir='ltr'><strong>accepit</strong></span> <span class='ocrx_word' id='word_1_326' title='bbox 3481 1592 3932 1662; x_wconf 87' lang='lat' dir='ltr'><strong>compositionem</strong></span> <span class='ocrx_word' id='word_1_327' title='bbox 3971 1607 4004 1648; x_wconf 87' lang='lat' dir='ltr'><strong>a</strong></span> 
     </span>
    </p>
   </div>
   <div class='ocr_carea' id='block_1_46' title="bbox 2392 1679 4002 1749">
    <p class='ocr_par' dir='ltr' id='par_1_46' title="bbox 2392 1679 4002 1749">
     <span class='ocr_line' id='line_1_46' title="bbox 2392 1679 4002 1749; baseline 0.004 -16"><span class='ocrx_word' id='word_1_328' title='bbox 2392 1679 2502 1734; x_wconf 92' lang='lat' dir='ltr'><strong>Deo</strong></span> <span class='ocrx_word' id='word_1_329' title='bbox 2534 1689 2590 1736; x_wconf 94' lang='lat' dir='ltr'><strong>et</strong></span> <span class='ocrx_word' id='word_1_330' title='bbox 2649 1691 2838 1738; x_wconf 90' lang='lat' dir='ltr'><strong>ornata</strong></span> <span class='ocrx_word' id='word_1_331' title='bbox 2882 1689 2983 1749; x_wconf 84' lang='lat' dir='ltr'><strong>cst,</strong></span> <span class='ocrx_word' id='word_1_332' title='bbox 3017 1683 3252 1738; x_wconf 87' lang='lat' dir='ltr'><strong>cessavit</strong></span> <span class='ocrx_word' id='word_1_333' title='bbox 3277 1698 3307 1738; x_wconf 95' lang='lat' dir='ltr'><strong>a</strong></span> <span class='ocrx_word' id='word_1_334' title='bbox 3361 1691 3572 1739; x_wconf 92' lang='lat' dir='ltr'><strong>natura.</strong></span> <span class='ocrx_word' id='word_1_335' title='bbox 3614 1684 3674 1740; x_wconf 89' lang='lat' dir='ltr'><strong>Si</strong></span> <span class='ocrx_word' id='word_1_336' title='bbox 3715 1685 3768 1739; x_wconf 92' lang='lat' dir='ltr'><strong>in</strong></span> <span class='ocrx_word' id='word_1_337' title='bbox 3800 1684 4002 1740; x_wconf 92' lang='lat' dir='ltr'><strong>bonum</strong></span> 
     </span>
    </p>
   </div>
   <div class='ocr_carea' id='block_1_47' title="bbox 2391 1774 4002 1847">
    <p class='ocr_par' dir='ltr' id='par_1_47' title="bbox 2391 1774 4002 1847">
     <span class='ocr_line' id='line_1_47' title="bbox 2391 1774 4002 1847; baseline 0.001 -17"><span class='ocrx_word' id='word_1_338' title='bbox 2391 1774 2677 1830; x_wconf 89' lang='lat' dir='ltr'><strong>reformata</strong></span> <span class='ocrx_word' id='word_1_339' title='bbox 2703 1785 2810 1843; x_wconf 90' lang='lat' dir='ltr'><strong>est,</strong></span> <span class='ocrx_word' id='word_1_340' title='bbox 2839 1776 3022 1847; x_wconf 88' lang='lat' dir='ltr'><strong>utique</strong></span> <span class='ocrx_word' id='word_1_341' title='bbox 3071 1777 3139 1832; x_wconf 89' lang='lat' dir='ltr'><strong>de</strong></span> <span class='ocrx_word' id='word_1_342' title='bbox 3179 1777 3322 1831; x_wconf 92' lang='lat' dir='ltr'><strong>malo</strong></span> <span class='ocrx_word' id='word_1_343' title='bbox 3369 1779 3660 1833; x_wconf 89' lang='lat' dir='ltr'><strong>reformata</strong></span> <span class='ocrx_word' id='word_1_344' title='bbox 3703 1786 3816 1844; x_wconf 89' lang='lat' dir='ltr'><strong>est;</strong></span> <span class='ocrx_word' id='word_1_345' title='bbox 3863 1779 3932 1832; x_wconf 84' lang='lat' dir='ltr'><strong>Et</strong></span> <span class='ocrx_word' id='word_1_346' title='bbox 3954 1777 4002 1833; x_wconf 91' lang='lat' dir='ltr'><strong>si</strong></span> 
     </span>
    </p>
   </div>
   <div class='ocr_carea' id='block_1_48' title="bbox 2318 1868 4001 1939">
    <p class='ocr_par' dir='ltr' id='par_1_48' title="bbox 2318 1868 4001 1939">
     <span class='ocr_line' id='line_1_48' title="bbox 2318 1868 4001 1939; baseline 0.002 -18"><span class='ocrx_word' id='word_1_347' title='bbox 2318 1879 2364 1939; x_wconf 84' lang='lat' dir='ltr'><strong>B</strong></span> <span class='ocrx_word' id='word_1_348' title='bbox 2395 1882 2488 1936; x_wconf 90' lang='lat' dir='ltr'><strong>per</strong></span> <span class='ocrx_word' id='word_1_349' title='bbox 2517 1868 2963 1937; x_wconf 88' lang='lat' dir='ltr'><strong>compositionem</strong></span> <span class='ocrx_word' id='word_1_350' title='bbox 2997 1868 3096 1925; x_wconf 91' lang='lat' dir='ltr'><strong>Dei</strong></span> <span class='ocrx_word' id='word_1_351' title='bbox 3146 1869 3382 1925; x_wconf 87' lang='lat' dir='ltr'><strong>cessavit</strong></span> <span class='ocrx_word' id='word_1_352' title='bbox 3425 1885 3454 1924; x_wconf 87' lang='lat' dir='ltr'><strong>a</strong></span> <span class='ocrx_word' id='word_1_353' title='bbox 3499 1881 3690 1926; x_wconf 87' lang='lat' dir='ltr'><strong>natura</strong></span> <span class='ocrx_word' id='word_1_354' title='bbox 3719 1870 3869 1937; x_wconf 88' lang='lat' dir='ltr'><strong>mali,</strong></span> <span class='ocrx_word' id='word_1_355' title='bbox 3899 1885 4001 1925; x_wconf 90' lang='lat' dir='ltr'><strong>na-</strong></span> 
     </span>
    </p>
   </div>
   <div class='ocr_carea' id='block_1_49' title="bbox 2391 1961 4002 2034">
    <p class='ocr_par' dir='ltr' id='par_1_49' title="bbox 2391 1961 4002 2034">
     <span class='ocr_line' id='line_1_49' title="bbox 2391 1961 4002 2034; baseline 0.003 -21"><span class='ocrx_word' id='word_1_356' title='bbox 2391 1967 2507 2014; x_wconf 90' lang='lat' dir='ltr'><strong>tura</strong></span> <span class='ocrx_word' id='word_1_357' title='bbox 2524 1961 2753 2015; x_wconf 88' lang='lat' dir='ltr'><strong>cessavit</strong></span> <span class='ocrx_word' id='word_1_358' title='bbox 2780 1976 2933 2032; x_wconf 89' lang='lat' dir='ltr'><strong>ergo,</strong></span> <span class='ocrx_word' id='word_1_359' title='bbox 2967 1969 3022 2016; x_wconf 91' lang='lat' dir='ltr'><strong>et</strong></span> <span class='ocrx_word' id='word_1_360' title='bbox 3048 1962 3190 2018; x_wconf 90' lang='lat' dir='ltr'><strong>mala</strong></span> <span class='ocrx_word' id='word_1_361' title='bbox 3223 1961 3322 2018; x_wconf 86' lang='lat' dir='ltr'><strong>fuit</strong></span> <span class='ocrx_word' id='word_1_362' title='bbox 3352 1973 3540 2018; x_wconf 91' lang='lat' dir='ltr'><strong>natura</strong></span> <span class='ocrx_word' id='word_1_363' title='bbox 3579 1973 3705 2020; x_wconf 89' lang='lat' dir='ltr'><strong>ante</strong></span> <span class='ocrx_word' id='word_1_364' title='bbox 3726 1963 4002 2034; x_wconf 88' lang='lat' dir='ltr'><strong>composi-</strong></span> 
     </span>
    </p>
   </div>
   <div class='ocr_carea' id='block_1_50' title="bbox 2390 2053 3997 2128">
    <p class='ocr_par' dir='ltr' id='par_1_50' title="bbox 2390 2053 3997 2128">
     <span class='ocr_line' id='line_1_50' title="bbox 2390 2053 3997 2128; baseline 0.002 -20"><span class='ocrx_word' id='word_1_365' title='bbox 2390 2054 2614 2123; x_wconf 86' lang='lat' dir='ltr'><strong>tionem,</strong></span> <span class='ocrx_word' id='word_1_366' title='bbox 2635 2063 2692 2110; x_wconf 90' lang='lat' dir='ltr'><strong>et</strong></span> <span class='ocrx_word' id='word_1_367' title='bbox 2736 2053 2989 2112; x_wconf 89' lang='lat' dir='ltr'><strong>desinere</strong></span> <span class='ocrx_word' id='word_1_368' title='bbox 3041 2055 3214 2126; x_wconf 91' lang='lat' dir='ltr'><strong>potuit</strong></span> <span class='ocrx_word' id='word_1_369' title='bbox 3258 2071 3289 2112; x_wconf 92' lang='lat' dir='ltr'><strong>a</strong></span> <span class='ocrx_word' id='word_1_370' title='bbox 3334 2065 3524 2113; x_wconf 90' lang='lat' dir='ltr'><strong>natura</strong></span> <span class='ocrx_word' id='word_1_371' title='bbox 3560 2065 3682 2128; x_wconf 88' lang='lat' dir='ltr'><strong>post</strong></span> <span class='ocrx_word' id='word_1_372' title='bbox 3729 2055 3997 2114; x_wconf 80' lang='lat' dir='ltr'><strong>reforma-</strong></span> 
     </span>
    </p>
   </div>
   <div class='ocr_carea' id='block_1_51' title="bbox 2389 2147 2614 2203">
    <p class='ocr_par' dir='ltr' id='par_1_51' title="bbox 2389 2147 2614 2203">
     <span class='ocr_line' id='line_1_51' title="bbox 2389 2147 2614 2203; baseline 0 -2"><span class='ocrx_word' id='word_1_373' title='bbox 2389 2147 2614 2203; x_wconf 88' lang='lat' dir='ltr'><strong>tionem.</strong></span> 
     </span>
    </p>
   </div>
   <div class='ocr_carea' id='block_1_52' title="bbox 2952 2239 3415 2299">
    <p class='ocr_par' dir='ltr' id='par_1_52' title="bbox 2952 2239 3415 2299">
     <span class='ocr_line' id='line_1_52' title="bbox 2952 2239 3415 2299; baseline 0.002 -3"><span class='ocrx_word' id='word_1_374' title='bbox 2952 2239 3184 2299; x_wconf 85' lang='lat' dir='ltr'><strong>CAPUT</strong></span> <span class='ocrx_word' id='word_1_375' title='bbox 3231 2241 3415 2297; x_wconf 77' lang='lat' dir='ltr'><strong>XLIV.</strong></span> 
     </span>
    </p>
   </div>
   <div class='ocr_carea' id='block_1_53' title="bbox 2456 2333 3995 2406">
    <p class='ocr_par' dir='ltr' id='par_1_53' title="bbox 2456 2333 3995 2406">
     <span class='ocr_line' id='line_1_53' title="bbox 2456 2333 3995 2406; baseline 0.001 -16"><span class='ocrx_word' id='word_1_376' title='bbox 2456 2333 2564 2390; x_wconf 89' lang='lat' dir='ltr'><strong>Sed</strong></span> <span class='ocrx_word' id='word_1_377' title='bbox 2592 2342 2647 2390; x_wconf 91' lang='lat' dir='ltr'><strong>et</strong></span> <span class='ocrx_word' id='word_1_378' title='bbox 2673 2333 2902 2406; x_wconf 89' lang='lat' dir='ltr'><strong>qualiter</strong></span> <span class='ocrx_word' id='word_1_379' title='bbox 2931 2343 3210 2405; x_wconf 88' lang='lat' dir='ltr'><strong>operatum</strong></span> <span class='ocrx_word' id='word_1_380' title='bbox 3233 2335 3396 2392; x_wconf 86' lang='lat' dir='ltr'><strong>facias</strong></span> <span class='ocrx_word' id='word_1_381' title='bbox 3437 2334 3624 2400; x_wconf 90' lang='lat' dir='ltr'><strong>Deum,</strong></span> <span class='ocrx_word' id='word_1_382' title='bbox 3657 2334 3903 2406; x_wconf 88' lang='lat' dir='ltr'><strong>sequitur</strong></span> <span class='ocrx_word' id='word_1_383' title='bbox 3935 2344 3995 2391; x_wconf 90' lang='lat' dir='ltr'><strong>ut</strong></span> 
     </span>
    </p>
   </div>
   <div class='ocr_carea' id='block_1_54' title="bbox 2383 2427 3995 2498">
    <p class='ocr_par' dir='ltr' id='par_1_54' title="bbox 2383 2427 3995 2498">
     <span class='ocr_line' id='line_1_54' title="bbox 2383 2427 3995 2498; baseline -0.001 -14"><span class='ocrx_word' id='word_1_384' title='bbox 2383 2427 2683 2486; x_wconf 87' lang='lat' dir='ltr'><strong>ostendam.</strong></span> <span class='ocrx_word' id='word_1_385' title='bbox 2717 2427 2882 2483; x_wconf 84' lang='lat' dir='ltr'><strong>Plane</strong></span> <span class='ocrx_word' id='word_1_386' title='bbox 2905 2442 2932 2481; x_wconf 92' lang='lat' dir='ltr'><strong>a</strong></span> <span class='ocrx_word' id='word_1_387' title='bbox 2961 2427 3295 2498; x_wconf 90' lang='lat' dir='ltr'><strong>philosophis</strong></span> <span class='ocrx_word' id='word_1_388' title='bbox 3336 2427 3571 2495; x_wconf 89' lang='lat' dir='ltr'><strong>recedis,</strong></span> <span class='ocrx_word' id='word_1_389' title='bbox 3601 2427 3695 2484; x_wconf 89' lang='lat' dir='ltr'><strong>sed</strong></span> <span class='ocrx_word' id='word_1_390' title='bbox 3725 2440 3904 2484; x_wconf 87' lang='lat' dir='ltr'><strong>tamen</strong></span> <span class='ocrx_word' id='word_1_391' title='bbox 3939 2437 3995 2484; x_wconf 92' lang='lat' dir='ltr'><strong>et</strong></span> 
     </span>
    </p>
   </div>
   <div class='ocr_carea' id='block_1_55' title="bbox 2382 2519 3990 2591">
    <p class='ocr_par' dir='ltr' id='par_1_55' title="bbox 2382 2519 3990 2591">
     <span class='ocr_line' id='line_1_55' title="bbox 2382 2519 3990 2591; baseline 0.001 -16"><span class='ocrx_word' id='word_1_392' title='bbox 2382 2535 2413 2575; x_wconf 91' lang='lat' dir='ltr'><strong>a</strong></span> <span class='ocrx_word' id='word_1_393' title='bbox 2445 2519 2743 2591; x_wconf 87' lang='lat' dir='ltr'><strong>prophetis.</strong></span> <span class='ocrx_word' id='word_1_394' title='bbox 2769 2520 2936 2576; x_wconf 90' lang='lat' dir='ltr'><strong>Stoici</strong></span> <span class='ocrx_word' id='word_1_395' title='bbox 2967 2521 3112 2575; x_wconf 89' lang='lat' dir='ltr'><strong>enim</strong></span> <span class='ocrx_word' id='word_1_396' title='bbox 3151 2521 3338 2576; x_wconf 92' lang='lat' dir='ltr'><strong>volunt</strong></span> <span class='ocrx_word' id='word_1_397' title='bbox 3367 2521 3536 2575; x_wconf 91' lang='lat' dir='ltr'><strong>Deum</strong></span> <span class='ocrx_word' id='word_1_398' title='bbox 3577 2521 3654 2576; x_wconf 92' lang='lat' dir='ltr'><strong>sic</strong></span> <span class='ocrx_word' id='word_1_399' title='bbox 3689 2535 3789 2591; x_wconf 92' lang='lat' dir='ltr'><strong>per</strong></span> <span class='ocrx_word' id='word_1_400' title='bbox 3819 2527 3990 2576; x_wconf 89' lang='lat' dir='ltr'><strong>mate-</strong></span> 
     </span>
    </p>
   </div>
   <div class='ocr_carea' id='block_1_56' title="bbox 2380 2608 3988 2685">
    <p class='ocr_par' dir='ltr' id='par_1_56' title="bbox 2380 2608 3988 2685">
     <span class='ocr_line' id='line_1_56' title="bbox 2380 2608 3988 2685; baseline -0.001 -16"><span class='ocrx_word' id='word_1_401' title='bbox 2380 2614 2515 2669; x_wconf 92' lang='lat' dir='ltr'><strong>riam</strong></span> <span class='ocrx_word' id='word_1_402' title='bbox 2568 2614 2960 2680; x_wconf 90' lang='lat' dir='ltr'><strong>decueurrissc,</strong></span> <span class='ocrx_word' id='word_1_403' title='bbox 2990 2614 3260 2685; x_wconf 93' lang='lat' dir='ltr'><strong>quomodo</strong></span> <span class='ocrx_word' id='word_1_404' title='bbox 3289 2615 3393 2670; x_wconf 92' lang='lat' dir='ltr'><strong>mel</strong></span> <span class='ocrx_word' id='word_1_405' title='bbox 3439 2630 3535 2685; x_wconf 91' lang='lat' dir='ltr'><strong>per</strong></span> <span class='ocrx_word' id='word_1_406' title='bbox 3573 2608 3742 2669; x_wconf 88' lang='lat' dir='ltr'><strong>favos.</strong></span> <span class='ocrx_word' id='word_1_407' title='bbox 3772 2615 3845 2670; x_wconf 85' lang='lat' dir='ltr'><strong>At</strong></span> <span class='ocrx_word' id='word_1_408' title='bbox 3887 2623 3988 2669; x_wconf 88' lang='lat' dir='ltr'><strong>tu:</strong></span> 
     </span>
    </p>
   </div>
   <div class='ocr_carea' id='block_1_57' title="bbox 2383 2704 3991 2778">
    <p class='ocr_par' dir='ltr' id='par_1_57' title="bbox 2383 2704 3991 2778">
     <span class='ocr_line' id='line_1_57' title="bbox 2383 2704 3991 2778; baseline 0.002 -17"><span class='ocrx_word' id='word_1_409' title='bbox 2383 2704 2524 2774; x_wconf 87' lang='lat' dir='ltr'><strong>Non,</strong></span> <span class='ocrx_word' id='word_1_410' title='bbox 2569 2707 2766 2778; x_wconf 90' lang='lat' dir='ltr'><strong>inquis,</strong></span> <span class='ocrx_word' id='word_1_411' title='bbox 2815 2706 3179 2776; x_wconf 87' lang='lat' dir='ltr'><strong>pertransiens</strong></span> <span class='ocrx_word' id='word_1_412' title='bbox 3233 2707 3380 2762; x_wconf 91' lang='lat' dir='ltr'><strong>illam</strong></span> <span class='ocrx_word' id='word_1_413' title='bbox 3421 2707 3547 2762; x_wconf 92' lang='lat' dir='ltr'><strong>facit</strong></span> <span class='ocrx_word' id='word_1_414' title='bbox 3585 2708 3868 2776; x_wconf 91' lang='lat' dir='ltr'><strong>mundum,</strong></span> <span class='ocrx_word' id='word_1_415' title='bbox 3897 2708 3991 2764; x_wconf 87' lang='lat' dir='ltr'><strong>sed</strong></span> 
     </span>
    </p>
   </div>
   <div class='ocr_carea' id='block_1_58' title="bbox 2383 2799 3991 2870">
    <p class='ocr_par' dir='ltr' id='par_1_58' title="bbox 2383 2799 3991 2870">
     <span class='ocr_line' id='line_1_58' title="bbox 2383 2799 3991 2870; baseline 0.001 -16"><span class='ocrx_word' id='word_1_416' title='bbox 2383 2799 2722 2854; x_wconf 88' lang='lat' dir='ltr'><strong>solummodo</strong></span> <span class='ocrx_word' id='word_1_417' title='bbox 2753 2813 3018 2868; x_wconf 91' lang='lat' dir='ltr'><strong>apparens</strong></span> <span class='ocrx_word' id='word_1_418' title='bbox 3047 2807 3100 2854; x_wconf 88' lang='lat' dir='ltr'><strong>et</strong></span> <span class='ocrx_word' id='word_1_419' title='bbox 3127 2799 3563 2870; x_wconf 87' lang='lat' dir='ltr'><strong>appropinquans</strong></span> <span class='ocrx_word' id='word_1_420' title='bbox 3582 2801 3654 2863; x_wconf 91' lang='lat' dir='ltr'><strong>ei,</strong></span> <span class='ocrx_word' id='word_1_421' title='bbox 3681 2801 3821 2854; x_wconf 90' lang='lat' dir='ltr'><strong>sicut</strong></span> <span class='ocrx_word' id='word_1_422' title='bbox 3861 2800 3991 2856; x_wconf 87' lang='lat' dir='ltr'><strong>facit</strong></span> 
     </span>
    </p>
   </div>
   <div class='ocr_carea' id='block_1_59' title="bbox 2376 2888 3990 2964">
    <p class='ocr_par' dir='ltr' id='par_1_59' title="bbox 2376 2888 3990 2964">
     <span class='ocr_line' id='line_1_59' title="bbox 2376 2888 3990 2964; baseline 0.002 -19"><span class='ocrx_word' id='word_1_423' title='bbox 2376 2892 2469 2961; x_wconf 91' lang='lat' dir='ltr'><strong>qui</strong></span> <span class='ocrx_word' id='word_1_424' title='bbox 2511 2891 2673 2947; x_wconf 91' lang='lat' dir='ltr'><strong>decor</strong></span> <span class='ocrx_word' id='word_1_425' title='bbox 2695 2888 2770 2961; x_wconf 89' lang='lat' dir='ltr'><strong>(a)</strong></span> <span class='ocrx_word' id='word_1_426' title='bbox 2796 2891 3136 2947; x_wconf 90' lang='lat' dir='ltr'><strong>solummodo</strong></span> <span class='ocrx_word' id='word_1_427' title='bbox 3186 2906 3474 2963; x_wconf 91' lang='lat' dir='ltr'><strong>apparens,</strong></span> <span class='ocrx_word' id='word_1_428' title='bbox 3506 2901 3563 2948; x_wconf 91' lang='lat' dir='ltr'><strong>et</strong></span> <span class='ocrx_word' id='word_1_429' title='bbox 3599 2907 3821 2963; x_wconf 81' lang='lat' dir='ltr'><strong>magnes</strong></span> <span class='ocrx_word' id='word_1_430' title='bbox 3853 2893 3990 2964; x_wconf 90' lang='lat' dir='ltr'><strong>lapis</strong></span> 
     </span>
    </p>
   </div>
   <div class='ocr_carea' id='block_1_60' title="bbox 2375 2982 3986 3055">
    <p class='ocr_par' dir='ltr' id='par_1_60' title="bbox 2375 2982 3986 3055">
     <span class='ocr_line' id='line_1_60' title="bbox 2375 2982 3986 3055; baseline 0.002 -17"><span class='ocrx_word' id='word_1_431' title='bbox 2375 2983 2543 3039; x_wconf 83' lang='lat' dir='ltr'><strong>solurr</strong></span> <span class='ocrx_word' id='word_1_432' title='bbox 2557 2982 2713 3039; x_wconf 90' lang='lat' dir='ltr'><strong>modo</strong></span> <span class='ocrx_word' id='word_1_433' title='bbox 2742 2985 3198 3055; x_wconf 85' lang='lat' dir='ltr'><strong>appropinquans.</strong></span> <span class='ocrx_word' id='word_1_434' title='bbox 3232 2984 3370 3052; x_wconf 87' lang='lat' dir='ltr'><strong>Quid</strong></span> <span class='ocrx_word' id='word_1_435' title='bbox 3417 2984 3595 3041; x_wconf 91' lang='lat' dir='ltr'><strong>simile</strong></span> <span class='ocrx_word' id='word_1_436' title='bbox 3641 2986 3781 3041; x_wconf 90' lang='lat' dir='ltr'><strong>Deus</strong></span> <span class='ocrx_word' id='word_1_437' title='bbox 3812 2984 3986 3041; x_wconf 89' lang='lat' dir='ltr'><strong>fabri-</strong></span> 
     </span>
    </p>
   </div>
   <div class='ocr_carea' id='block_1_61' title="bbox 2375 3076 3976 3149">
    <p class='ocr_par' dir='ltr' id='par_1_61' title="bbox 2375 3076 3976 3149">
     <span class='ocr_line' id='line_1_61' title="bbox 2375 3076 3976 3149; baseline 0.001 -17"><span class='ocrx_word' id='word_1_438' title='bbox 2375 3091 2506 3132; x_wconf 91' lang='lat' dir='ltr'><strong>cans</strong></span> <span class='ocrx_word' id='word_1_439' title='bbox 2559 3076 2853 3144; x_wconf 92' lang='lat' dir='ltr'><strong>mundum,</strong></span> <span class='ocrx_word' id='word_1_440' title='bbox 2909 3087 2964 3134; x_wconf 91' lang='lat' dir='ltr'><strong>et</strong></span> <span class='ocrx_word' id='word_1_441' title='bbox 3010 3077 3177 3134; x_wconf 93' lang='lat' dir='ltr'><strong>decor</strong></span> <span class='ocrx_word' id='word_1_442' title='bbox 3227 3078 3515 3136; x_wconf 91' lang='lat' dir='ltr'><strong>vulnerans</strong></span> <span class='ocrx_word' id='word_1_443' title='bbox 3571 3080 3834 3149; x_wconf 88' lang='lat' dir='ltr'><strong>animum,</strong></span> <span class='ocrx_word' id='word_1_444' title='bbox 3881 3087 3976 3135; x_wconf 86' lang='lat' dir='ltr'><strong>aut</strong></span> 
     </span>
    </p>
   </div>
   <div class='ocr_carea' id='block_1_62' title="bbox 2373 3169 3981 3243">
    <p class='ocr_par' dir='ltr' id='par_1_62' title="bbox 2373 3169 3981 3243">
     <span class='ocr_line' id='line_1_62' title="bbox 2373 3169 3981 3243; baseline 0.004 -19"><span class='ocrx_word' id='word_1_445' title='bbox 2373 3185 2594 3240; x_wconf 89' lang='lat' dir='ltr'><strong>magnes</strong></span> <span class='ocrx_word' id='word_1_446' title='bbox 2643 3169 2932 3226; x_wconf 79' lang='lat' dir='ltr'><strong>adtrahens</strong></span> <span class='ocrx_word' id='word_1_447' title='bbox 2959 3170 3360 3227; x_wconf 84' lang='lat' dir='ltr'><strong>ferrum?Nam</strong></span> <span class='ocrx_word' id='word_1_448' title='bbox 3409 3172 3510 3229; x_wconf 92' lang='lat' dir='ltr'><strong>etsi</strong></span> <span class='ocrx_word' id='word_1_449' title='bbox 3537 3175 3784 3243; x_wconf 85' lang='lat' dir='ltr'><strong>apparuit</strong></span> <span class='ocrx_word' id='word_1_450' title='bbox 3834 3173 3981 3230; x_wconf 85' lang='lat' dir='ltr'><strong>Dens</strong></span> 
     </span>
    </p>
   </div>
   <div class='ocr_carea' id='block_1_63' title="bbox 672 3259 3990 3339">
    <p class='ocr_par' dir='ltr' id='par_1_63' title="bbox 672 3259 3990 3339">
     <span class='ocr_line' id='line_1_63' title="bbox 672 3259 3990 3339; baseline 0.002 -21"><span class='ocrx_word' id='word_1_451' title='bbox 672 3277 984 3329; x_wconf 89' lang='lat' dir='ltr'><strong>commune;</strong></span> <span class='ocrx_word' id='word_1_452' title='bbox 1008 3272 1063 3319; x_wconf 90' lang='lat' dir='ltr'><strong>et</strong></span> <span class='ocrx_word' id='word_1_453' title='bbox 1085 3263 1198 3334; x_wconf 87' lang='lat' dir='ltr'><strong>jam</strong></span> <span class='ocrx_word' id='word_1_454' title='bbox 1227 3263 1280 3319; x_wconf 90' lang='lat' dir='ltr'><strong>in</strong></span> <span class='ocrx_word' id='word_1_455' title='bbox 1304 3263 1404 3318; x_wconf 90' lang='lat' dir='ltr'><strong>hoc</strong></span> <span class='ocrx_word' id='word_1_456' title='bbox 1431 3260 1740 3317; x_wconf 90' lang='lat' dir='ltr'><strong>necessitati</strong></span> <span class='ocrx_word' id='word_1_457' title='bbox 1765 3260 1986 3330; x_wconf 87' lang='lat' dir='ltr'><strong>subjicis</strong></span> <span class='ocrx_word' id='word_1_458' title='bbox 2008 3259 2198 3325; x_wconf 91' lang='lat' dir='ltr'><strong>Deum,</strong></span> <span class='ocrx_word' id='word_1_459' title='bbox 2222 3259 2270 3314; x_wconf 88' lang='lat' dir='ltr'><strong>si</strong></span> <span class='ocrx_word' id='word_1_460' title='bbox 2295 3276 2342 3339; x_wconf 71' lang='grc' dir='ltr'><strong>ρ</strong></span> <span class='ocrx_word' id='word_1_461' title='bbox 2374 3263 2634 3331; x_wconf 86' lang='lat' dir='ltr'><strong>materia,</strong></span> <span class='ocrx_word' id='word_1_462' title='bbox 2659 3262 2755 3318; x_wconf 90' lang='lat' dir='ltr'><strong>sed</strong></span> <span class='ocrx_word' id='word_1_463' title='bbox 2785 3277 2891 3316; x_wconf 93' lang='lat' dir='ltr'><strong>non</strong></span> <span class='ocrx_word' id='word_1_464' title='bbox 2924 3263 3224 3319; x_wconf 90' lang='lat' dir='ltr'><strong>vulneravit</strong></span> <span class='ocrx_word' id='word_1_465' title='bbox 3272 3264 3439 3331; x_wconf 90' lang='lat' dir='ltr'><strong>illam,</strong></span> <span class='ocrx_word' id='word_1_466' title='bbox 3488 3267 3631 3335; x_wconf 89' lang='lat' dir='ltr'><strong>quod</strong></span> <span class='ocrx_word' id='word_1_467' title='bbox 3673 3266 3840 3322; x_wconf 87' lang='lat' dir='ltr'><strong>decor</strong></span> <span class='ocrx_word' id='word_1_468' title='bbox 3870 3269 3990 3324; x_wconf 89' lang='lat' dir='ltr'><strong>ani-</strong></span> 
     </span>
    </p>
   </div>
   <div class='ocr_carea' id='block_1_64' title="bbox 669 3351 2270 3426">
    <p class='ocr_par' dir='ltr' id='par_1_64' title="bbox 669 3351 2270 3426">
     <span class='ocr_line' id='line_1_64' title="bbox 669 3351 2270 3426; baseline 0 -17"><span class='ocrx_word' id='word_1_469' title='bbox 669 3353 770 3410; x_wconf 84' lang='lat' dir='ltr'><strong>fuit</strong></span> <span class='ocrx_word' id='word_1_470' title='bbox 811 3355 1011 3426; x_wconf 90' lang='lat' dir='ltr'><strong>aliquid</strong></span> <span class='ocrx_word' id='word_1_471' title='bbox 1066 3358 1116 3411; x_wconf 93' lang='lat' dir='ltr'><strong>in</strong></span> <span class='ocrx_word' id='word_1_472' title='bbox 1147 3355 1369 3411; x_wconf 88' lang='lat' dir='ltr'><strong>materia</strong></span> <span class='ocrx_word' id='word_1_473' title='bbox 1399 3363 1616 3426; x_wconf 87' lang='lat' dir='ltr'><strong>propter</strong></span> <span class='ocrx_word' id='word_1_474' title='bbox 1655 3353 1797 3425; x_wconf 91' lang='lat' dir='ltr'><strong>quod</strong></span> <span class='ocrx_word' id='word_1_475' title='bbox 1828 3369 1945 3409; x_wconf 91' lang='lat' dir='ltr'><strong>eam</strong></span> <span class='ocrx_word' id='word_1_476' title='bbox 1993 3351 2270 3409; x_wconf 87' lang='lat' dir='ltr'><strong>formaret.</strong></span> 
     </span>
    </p>
   </div>
   <div class='ocr_carea' id='block_1_65' title="bbox 669 3443 2274 3516">
    <p class='ocr_par' dir='ltr' id='par_1_65' title="bbox 669 3443 2274 3516">
     <span class='ocr_line' id='line_1_65' title="bbox 669 3443 2274 3516; baseline -0.002 -14"><span class='ocrx_word' id='word_1_477' title='bbox 669 3444 969 3502; x_wconf 87' lang='lat' dir='ltr'><strong>Commune</strong></span> <span class='ocrx_word' id='word_1_478' title='bbox 1010 3456 1188 3503; x_wconf 92' lang='lat' dir='ltr'><strong>autem</strong></span> <span class='ocrx_word' id='word_1_479' title='bbox 1243 3447 1384 3503; x_wconf 90' lang='lat' dir='ltr'><strong>inter</strong></span> <span class='ocrx_word' id='word_1_480' title='bbox 1435 3445 1557 3501; x_wconf 90' lang='lat' dir='ltr'><strong>illos</strong></span> <span class='ocrx_word' id='word_1_481' title='bbox 1597 3443 1750 3514; x_wconf 90' lang='lat' dir='ltr'><strong>facis,</strong></span> <span class='ocrx_word' id='word_1_482' title='bbox 1791 3443 1934 3516; x_wconf 92' lang='lat' dir='ltr'><strong>quod</strong></span> <span class='ocrx_word' id='word_1_483' title='bbox 1985 3459 2017 3499; x_wconf 92' lang='lat' dir='ltr'><strong>a</strong></span> <span class='ocrx_word' id='word_1_484' title='bbox 2074 3453 2274 3500; x_wconf 86' lang='lat' dir='ltr'><strong>semet-</strong></span> 
     </span>
    </p>
   </div>
   <div class='ocr_carea' id='block_1_66' title="bbox 676 3540 2272 3614">
    <p class='ocr_par' dir='ltr' id='par_1_66' title="bbox 676 3540 2272 3614">
     <span class='ocr_line' id='line_1_66' title="bbox 676 3540 2272 3614; baseline -0.001 -18"><span class='ocrx_word' id='word_1_485' title='bbox 676 3541 809 3611; x_wconf 87' lang='lat' dir='ltr'><strong>ipsis</strong></span> <span class='ocrx_word' id='word_1_486' title='bbox 853 3541 934 3614; x_wconf 82' lang='lat' dir='ltr'><strong>(l)</strong></span> <span class='ocrx_word' id='word_1_487' title='bbox 975 3551 1034 3598; x_wconf 91' lang='lat' dir='ltr'><strong>et</strong></span> <span class='ocrx_word' id='word_1_488' title='bbox 1062 3557 1278 3613; x_wconf 89' lang='lat' dir='ltr'><strong>semper</strong></span> <span class='ocrx_word' id='word_1_489' title='bbox 1319 3549 1624 3598; x_wconf 87' lang='lat' dir='ltr'><strong>moventur.</strong></span> <span class='ocrx_word' id='word_1_490' title='bbox 1657 3540 1794 3610; x_wconf 88' lang='lat' dir='ltr'><strong>Quid</strong></span> <span class='ocrx_word' id='word_1_491' title='bbox 1823 3542 2000 3596; x_wconf 88' lang='lat' dir='ltr'><strong>minus</strong></span> <span class='ocrx_word' id='word_1_492' title='bbox 2029 3540 2272 3596; x_wconf 83' lang='lat' dir='ltr'><strong>materia</strong></span> 
     </span>
    </p>
   </div>
   <div class='ocr_carea' id='block_1_67' title="bbox 670 3633 2271 3705">
    <p class='ocr_par' dir='ltr' id='par_1_67' title="bbox 670 3633 2271 3705">
     <span class='ocr_line' id='line_1_67' title="bbox 670 3633 2271 3705; baseline 0.001 -18"><span class='ocrx_word' id='word_1_493' title='bbox 670 3649 833 3705; x_wconf 92' lang='lat' dir='ltr'><strong>quam</strong></span> <span class='ocrx_word' id='word_1_494' title='bbox 875 3634 988 3690; x_wconf 88' lang='lat' dir='ltr'><strong>Deo</strong></span> <span class='ocrx_word' id='word_1_495' title='bbox 1029 3635 1334 3691; x_wconf 81' lang='lat' dir='ltr'><strong>adscribis?</strong></span> <span class='ocrx_word' id='word_1_496' title='bbox 1363 3634 1558 3689; x_wconf 89' lang='lat' dir='ltr'><strong>Totum</strong></span> <span class='ocrx_word' id='word_1_497' title='bbox 1603 3635 1934 3690; x_wconf 91' lang='lat' dir='ltr'><strong>consortium</strong></span> <span class='ocrx_word' id='word_1_498' title='bbox 1977 3633 2271 3689; x_wconf 88' lang='lat' dir='ltr'><strong>divinitatis</strong></span> 
     </span>
    </p>
   </div>
   <div class='ocr_carea' id='block_1_68' title="bbox 674 3721 2271 3794">
    <p class='ocr_par' dir='ltr' id='par_1_68' title="bbox 674 3721 2271 3794">
     <span class='ocr_line' id='line_1_68' title="bbox 674 3721 2271 3794; baseline 0.001 -18"><span class='ocrx_word' id='word_1_499' title='bbox 674 3723 778 3781; x_wconf 93' lang='lat' dir='ltr'><strong>hoc</strong></span> <span class='ocrx_word' id='word_1_500' title='bbox 807 3726 933 3794; x_wconf 90' lang='lat' dir='ltr'><strong>erit,</strong></span> <span class='ocrx_word' id='word_1_501' title='bbox 966 3726 1186 3782; x_wconf 88' lang='lat' dir='ltr'><strong>libertas</strong></span> <span class='ocrx_word' id='word_1_502' title='bbox 1211 3734 1268 3781; x_wconf 89' lang='lat' dir='ltr'><strong>et</strong></span> <span class='ocrx_word' id='word_1_503' title='bbox 1287 3727 1562 3781; x_wconf 87' lang='lat' dir='ltr'><strong>aternitas</strong></span> <span class='ocrx_word' id='word_1_504' title='bbox 1587 3734 1785 3780; x_wconf 88' lang='lat' dir='ltr'><strong>motus.</strong></span> <span class='ocrx_word' id='word_1_505' title='bbox 1826 3721 1932 3779; x_wconf 86' lang='lat' dir='ltr'><strong>Sed</strong></span> <span class='ocrx_word' id='word_1_506' title='bbox 1966 3725 2103 3779; x_wconf 90' lang='lat' dir='ltr'><strong>Deus</strong></span> <span class='ocrx_word' id='word_1_507' title='bbox 2124 3739 2271 3778; x_wconf 82' lang='lat' dir='ltr'><strong>corn-</strong></span> 
     </span>
    </p>
   </div>
   <div class='ocr_carea' id='block_1_69' title="bbox 673 3814 2270 3885">
    <p class='ocr_par' dir='ltr' id='par_1_69' title="bbox 673 3814 2270 3885">
     <span class='ocr_line' id='line_1_69' title="bbox 673 3814 2270 3885; baseline -0.001 -14"><span class='ocrx_word' id='word_1_508' title='bbox 673 3816 868 3885; x_wconf 85' lang='lat' dir='ltr'><strong>posite,</strong></span> <span class='ocrx_word' id='word_1_509' title='bbox 897 3816 1122 3872; x_wconf 90' lang='lat' dir='ltr'><strong>materia</strong></span> <span class='ocrx_word' id='word_1_510' title='bbox 1150 3815 1421 3872; x_wconf 88' lang='lat' dir='ltr'><strong>incondite</strong></span> <span class='ocrx_word' id='word_1_511' title='bbox 1450 3825 1752 3871; x_wconf 90' lang='lat' dir='ltr'><strong>moventur.</strong></span> <span class='ocrx_word' id='word_1_512' title='bbox 1777 3815 1980 3872; x_wconf 88' lang='lat' dir='ltr'><strong>Tamen</strong></span> <span class='ocrx_word' id='word_1_513' title='bbox 2025 3814 2270 3870; x_wconf 90' lang='lat' dir='ltr'><strong>divinum</strong></span> 
     </span>
    </p>
   </div>
   <div class='ocr_carea' id='block_1_70' title="bbox 676 3907 2273 3982">
    <p class='ocr_par' dir='ltr' id='par_1_70' title="bbox 676 3907 2273 3982">
     <span class='ocr_line' id='line_1_70' title="bbox 676 3907 2273 3982; baseline -0.001 -18"><span class='ocrx_word' id='word_1_514' title='bbox 676 3909 925 3981; x_wconf 89' lang='lat' dir='ltr'><strong>proinde,</strong></span> <span class='ocrx_word' id='word_1_515' title='bbox 957 3920 1104 3967; x_wconf 91' lang='lat' dir='ltr'><strong>motu</strong></span> <span class='ocrx_word' id='word_1_516' title='bbox 1133 3911 1361 3982; x_wconf 88' lang='lat' dir='ltr'><strong>proinde</strong></span> <span class='ocrx_word' id='word_1_517' title='bbox 1392 3910 1562 3967; x_wconf 90' lang='lat' dir='ltr'><strong>libero</strong></span> <span class='ocrx_word' id='word_1_518' title='bbox 1592 3919 1647 3966; x_wconf 94' lang='lat' dir='ltr'><strong>et</strong></span> <span class='ocrx_word' id='word_1_519' title='bbox 1675 3921 1900 3965; x_wconf 89' lang='lat' dir='ltr'><strong>aterno.</strong></span> <span class='ocrx_word' id='word_1_520' title='bbox 1927 3907 2124 3979; x_wconf 84' lang='lat' dir='ltr'><strong>Atquin</strong></span> <span class='ocrx_word' id='word_1_521' title='bbox 2153 3907 2273 3979; x_wconf 92' lang='lat' dir='ltr'><strong>plus</strong></span> 
     </span>
    </p>
   </div>
   <div class='ocr_carea' id='block_1_71' title="bbox 672 4002 2273 4076">
    <p class='ocr_par' dir='ltr' id='par_1_71' title="bbox 672 4002 2273 4076">
     <span class='ocr_line' id='line_1_71' title="bbox 672 4002 2273 4076; baseline -0.001 -19"><span class='ocrx_word' id='word_1_522' title='bbox 672 4003 915 4059; x_wconf 86' lang='lat' dir='ltr'><strong>materiae</strong></span> <span class='ocrx_word' id='word_1_523' title='bbox 937 4002 1056 4073; x_wconf 91' lang='lat' dir='ltr'><strong>das,</strong></span> <span class='ocrx_word' id='word_1_524' title='bbox 1085 4004 1172 4060; x_wconf 92' lang='lat' dir='ltr'><strong>cui</strong></span> <span class='ocrx_word' id='word_1_525' title='bbox 1195 4005 1346 4061; x_wconf 90' lang='lat' dir='ltr'><strong>licuit</strong></span> <span class='ocrx_word' id='word_1_526' title='bbox 1373 4005 1452 4060; x_wconf 88' lang='lat' dir='ltr'><strong>sic</strong></span> <span class='ocrx_word' id='word_1_527' title='bbox 1480 4003 1686 4060; x_wconf 89' lang='lat' dir='ltr'><strong>moveri</strong></span> <span class='ocrx_word' id='word_1_528' title='bbox 1711 4002 1983 4076; x_wconf 90' lang='lat' dir='ltr'><strong>quomodo</strong></span> <span class='ocrx_word' id='word_1_529' title='bbox 2009 4003 2120 4058; x_wconf 86' lang='lat' dir='ltr'><strong>Deo</strong></span> <span class='ocrx_word' id='word_1_530' title='bbox 2165 4016 2273 4056; x_wconf 92' lang='lat' dir='ltr'><strong>non</strong></span> 
     </span>
    </p>
   </div>
   <div class='ocr_carea' id='block_1_72' title="bbox 670 4092 843 4154">
    <p class='ocr_par' dir='ltr' id='par_1_72' title="bbox 670 4092 843 4154">
     <span class='ocr_line' id='line_1_72' title="bbox 670 4092 843 4154; baseline 0.023 -4"><span class='ocrx_word' id='word_1_531' title='bbox 670 4092 843 4154; x_wconf 87' lang='lat' dir='ltr'><strong>licuit.</strong></span> 
     </span>
    </p>
   </div>
   <div class='ocr_carea' id='block_1_73' title="bbox 1241 4189 1703 4248">
    <p class='ocr_par' dir='ltr' id='par_1_73' title="bbox 1241 4189 1703 4248">
     <span class='ocr_line' id='line_1_73' title="bbox 1241 4189 1703 4248; baseline 0.002 -1"><span class='ocrx_word' id='word_1_532' title='bbox 1241 4190 1472 4248; x_wconf 83' lang='lat' dir='ltr'><strong>CAPUT</strong></span> <span class='ocrx_word' id='word_1_533' title='bbox 1517 4189 1703 4248; x_wconf 80' lang='lat' dir='ltr'><strong>XLIII.</strong></span> 
     </span>
    </p>
   </div>
   <div class='ocr_carea' id='block_1_74' title="bbox 734 4279 2274 4352">
    <p class='ocr_par' dir='ltr' id='par_1_74' title="bbox 734 4279 2274 4352">
     <span class='ocr_line' id='line_1_74' title="bbox 734 4279 2274 4352; baseline -0.003 -13"><span class='ocrx_word' id='word_1_534' title='bbox 734 4281 821 4339; x_wconf 89' lang='lat' dir='ltr'><strong>De</strong></span> <span class='ocrx_word' id='word_1_535' title='bbox 841 4290 993 4338; x_wconf 92' lang='lat' dir='ltr'><strong>motu</strong></span> <span class='ocrx_word' id='word_1_536' title='bbox 1016 4290 1072 4338; x_wconf 92' lang='lat' dir='ltr'><strong>et</strong></span> <span class='ocrx_word' id='word_1_537' title='bbox 1112 4283 1244 4339; x_wconf 90' lang='lat' dir='ltr'><strong>illud</strong></span> <span class='ocrx_word' id='word_1_538' title='bbox 1275 4286 1594 4341; x_wconf 90' lang='lat' dir='ltr'><strong>notaverim.</strong></span> <span class='ocrx_word' id='word_1_539' title='bbox 1645 4284 1802 4352; x_wconf 86' lang='lat' dir='ltr'><strong>Nam,</strong></span> <span class='ocrx_word' id='word_1_540' title='bbox 1831 4281 2127 4339; x_wconf 91' lang='lat' dir='ltr'><strong>secundum</strong></span> <span class='ocrx_word' id='word_1_541' title='bbox 2153 4279 2274 4336; x_wconf 87' lang='lat' dir='ltr'><strong>olla</strong></span> 
     </span>
    </p>
   </div>
   <div class='ocr_carea' id='block_1_75' title="bbox 674 4373 2272 4450">
    <p class='ocr_par' dir='ltr' id='par_1_75' title="bbox 674 4373 2272 4450">
     <span class='ocr_line' id='line_1_75' title="bbox 674 4373 2272 4450; baseline 0 -21"><span class='ocrx_word' id='word_1_542' title='bbox 674 4373 1105 4445; x_wconf 86' lang='lat' dir='ltr'><strong>similitudinem,</strong></span> <span class='ocrx_word' id='word_1_543' title='bbox 1152 4376 1232 4433; x_wconf 90' lang='lat' dir='ltr'><strong>sic</strong></span> <span class='ocrx_word' id='word_1_544' title='bbox 1256 4387 1374 4434; x_wconf 88' lang='lat' dir='ltr'><strong>erat</strong></span> <span class='ocrx_word' id='word_1_545' title='bbox 1429 4377 1530 4450; x_wconf 76' lang='lat'><strong>(2),</strong></span> <span class='ocrx_word' id='word_1_546' title='bbox 1561 4379 1758 4450; x_wconf 91' lang='lat' dir='ltr'><strong>inquis,</strong></span> <span class='ocrx_word' id='word_1_547' title='bbox 1804 4378 2044 4434; x_wconf 89' lang='lat' dir='ltr'><strong>materia</strong></span> <span class='ocrx_word' id='word_1_548' title='bbox 2073 4384 2272 4439; x_wconf 88' lang='lat' dir='ltr'><strong>motus,</strong></span> 
     </span>
    </p>
   </div>
   <div class='ocr_carea' id='block_1_76' title="bbox 2375 3354 3986 3429">
    <p class='ocr_par' dir='ltr' id='par_1_76' title="bbox 2375 3354 3986 3429">
     <span class='ocr_line' id='line_1_76' title="bbox 2375 3354 3986 3429; baseline 0.003 -19"><span class='ocrx_word' id='word_1_549' title='bbox 2375 3370 2559 3410; x_wconf 90' lang='lat' dir='ltr'><strong>mam:</strong></span> <span class='ocrx_word' id='word_1_550' title='bbox 2605 3363 2661 3410; x_wconf 89' lang='lat' dir='ltr'><strong>et</strong></span> <span class='ocrx_word' id='word_1_551' title='bbox 2714 3355 2758 3409; x_wconf 88' lang='lat' dir='ltr'><strong>si</strong></span> <span class='ocrx_word' id='word_1_552' title='bbox 2789 3354 3262 3426; x_wconf 89' lang='lat' dir='ltr'><strong>adpropinquavit,</strong></span> <span class='ocrx_word' id='word_1_553' title='bbox 3297 3355 3396 3411; x_wconf 90' lang='lat' dir='ltr'><strong>sed</strong></span> <span class='ocrx_word' id='word_1_554' title='bbox 3444 3371 3553 3412; x_wconf 90' lang='lat' dir='ltr'><strong>non</strong></span> <span class='ocrx_word' id='word_1_555' title='bbox 3603 3358 3830 3414; x_wconf 82' lang='lat' dir='ltr'><strong>cohasit</strong></span> <span class='ocrx_word' id='word_1_556' title='bbox 3881 3360 3986 3429; x_wconf 87' lang='lat' dir='ltr'><strong>illi,</strong></span> 
     </span>
    </p>
   </div>
   <div class='ocr_carea' id='block_1_77' title="bbox 2374 3448 3990 3521">
    <p class='ocr_par' dir='ltr' id='par_1_77' title="bbox 2374 3448 3990 3521">
     <span class='ocr_line' id='line_1_77' title="bbox 2374 3448 3990 3521; baseline 0.004 -17"><span class='ocrx_word' id='word_1_557' title='bbox 2374 3449 2517 3520; x_wconf 92' lang='lat' dir='ltr'><strong>quod</strong></span> <span class='ocrx_word' id='word_1_558' title='bbox 2566 3463 2785 3520; x_wconf 89' lang='lat' dir='ltr'><strong>magnes</strong></span> <span class='ocrx_word' id='word_1_559' title='bbox 2829 3448 2997 3505; x_wconf 87' lang='lat' dir='ltr'><strong>ferro.</strong></span> <span class='ocrx_word' id='word_1_560' title='bbox 3024 3448 3161 3506; x_wconf 85' lang='lat' dir='ltr'><strong>Puta</strong></span> <span class='ocrx_word' id='word_1_561' title='bbox 3211 3464 3354 3507; x_wconf 91' lang='lat' dir='ltr'><strong>nunc</strong></span> <span class='ocrx_word' id='word_1_562' title='bbox 3395 3452 3640 3521; x_wconf 80' lang='lat' dir='ltr'><strong>exempla</strong></span> <span class='ocrx_word' id='word_1_563' title='bbox 3692 3462 3781 3507; x_wconf 91' lang='lat' dir='ltr'><strong>tua</strong></span> <span class='ocrx_word' id='word_1_564' title='bbox 3837 3468 3990 3509; x_wconf 88' lang='lat' dir='ltr'><strong>eom-</strong></span> 
     </span>
    </p>
   </div>
   <div class='ocr_carea' id='block_1_78' title="bbox 2373 3541 3989 3617">
    <p class='ocr_par' dir='ltr' id='par_1_78' title="bbox 2373 3541 3989 3617">
     <span class='ocr_line' id='line_1_78' title="bbox 2373 3541 3989 3617; baseline 0.004 -20"><span class='ocrx_word' id='word_1_565' title='bbox 2373 3551 2579 3614; x_wconf 88' lang='lat' dir='ltr'><strong>petere.</strong></span> <span class='ocrx_word' id='word_1_566' title='bbox 2633 3541 2828 3608; x_wconf 89' lang='lat' dir='ltr'><strong>Certe,</strong></span> <span class='ocrx_word' id='word_1_567' title='bbox 2871 3543 2918 3596; x_wconf 91' lang='lat' dir='ltr'><strong>si</strong></span> <span class='ocrx_word' id='word_1_568' title='bbox 2999 3543 3310 3613; x_wconf 88' lang='lat' dir='ltr'><strong>apparendo</strong></span> <span class='ocrx_word' id='word_1_569' title='bbox 3383 3553 3440 3599; x_wconf 91' lang='lat' dir='ltr'><strong>et</strong></span> <span class='ocrx_word' id='word_1_570' title='bbox 3502 3546 3989 3617; x_wconf 86' lang='lat' dir='ltr'><strong>appropinquando</strong></span> 
     </span>
    </p>
   </div>
   <div class='ocr_carea' id='block_1_79' title="bbox 2375 3634 3985 3710">
    <p class='ocr_par' dir='ltr' id='par_1_79' title="bbox 2375 3634 3985 3710">
     <span class='ocr_line' id='line_1_79' title="bbox 2375 3634 3985 3710; baseline 0.005 -20"><span class='ocrx_word' id='word_1_571' title='bbox 2375 3636 2650 3701; x_wconf 89' lang='lat' dir='ltr'><strong>materia,</strong></span> <span class='ocrx_word' id='word_1_572' title='bbox 2705 3634 2829 3689; x_wconf 87' lang='lat' dir='ltr'><strong>fecit</strong></span> <span class='ocrx_word' id='word_1_573' title='bbox 2878 3649 2943 3689; x_wconf 83' lang='lat' dir='ltr'><strong>ex</strong></span> <span class='ocrx_word' id='word_1_574' title='bbox 2993 3635 3080 3689; x_wconf 91' lang='lat' dir='ltr'><strong>illa</strong></span> <span class='ocrx_word' id='word_1_575' title='bbox 3121 3634 3270 3692; x_wconf 85' lang='lat' dir='ltr'><strong>Deus</strong></span> <span class='ocrx_word' id='word_1_576' title='bbox 3313 3638 3614 3706; x_wconf 84' lang='lat' dir='ltr'><strong>mundum,</strong></span> <span class='ocrx_word' id='word_1_577' title='bbox 3674 3641 3859 3710; x_wconf 90' lang='lat' dir='ltr'><strong>utique</strong></span> <span class='ocrx_word' id='word_1_578' title='bbox 3907 3657 3985 3698; x_wconf 79' lang='lat' dir='ltr'><strong>ex</strong></span> 
     </span>
    </p>
   </div>
   <div class='ocr_carea' id='block_1_80' title="bbox 2373 3727 3984 3803">
    <p class='ocr_par' dir='ltr' id='par_1_80' title="bbox 2373 3727 3984 3803">
     <span class='ocr_line' id='line_1_80' title="bbox 2373 3727 3984 3803; baseline 0.006 -23"><span class='ocrx_word' id='word_1_579' title='bbox 2373 3741 2480 3795; x_wconf 92' lang='lat' dir='ltr'><strong>quo</strong></span> <span class='ocrx_word' id='word_1_580' title='bbox 2549 3727 2796 3797; x_wconf 92' lang='lat' dir='ltr'><strong>apparuit</strong></span> <span class='ocrx_word' id='word_1_581' title='bbox 2862 3727 3028 3793; x_wconf 84' lang='lat' dir='ltr'><strong>fecit,</strong></span> <span class='ocrx_word' id='word_1_582' title='bbox 3086 3738 3142 3784; x_wconf 89' lang='lat' dir='ltr'><strong>et</strong></span> <span class='ocrx_word' id='word_1_583' title='bbox 3207 3744 3275 3783; x_wconf 78' lang='lat' dir='ltr'><strong>ex</strong></span> <span class='ocrx_word' id='word_1_584' title='bbox 3332 3743 3439 3800; x_wconf 92' lang='lat' dir='ltr'><strong>quo</strong></span> <span class='ocrx_word' id='word_1_585' title='bbox 3510 3733 3984 3803; x_wconf 86' lang='lat' dir='ltr'><strong>appropinquavit.</strong></span> 
     </span>
    </p>
   </div>
   <div class='ocr_carea' id='block_1_81' title="bbox 2375 3816 3986 3896">
    <p class='ocr_par' dir='ltr' id='par_1_81' title="bbox 2375 3816 3986 3896">
     <span class='ocr_line' id='line_1_81' title="bbox 2375 3816 3986 3896; baseline 0.006 -25"><span class='ocrx_word' id='word_1_586' title='bbox 2375 3816 2519 3887; x_wconf 86' lang='lat' dir='ltr'><strong>Ergo</strong></span> <span class='ocrx_word' id='word_1_587' title='bbox 2591 3818 2810 3888; x_wconf 91' lang='lat' dir='ltr'><strong>quando</strong></span> <span class='ocrx_word' id='word_1_588' title='bbox 2871 3833 2977 3874; x_wconf 93' lang='lat' dir='ltr'><strong>non</strong></span> <span class='ocrx_word' id='word_1_589' title='bbox 3042 3818 3241 3874; x_wconf 89' lang='lat' dir='ltr'><strong>fecerat</strong></span> <span class='ocrx_word' id='word_1_590' title='bbox 3290 3831 3482 3889; x_wconf 91' lang='lat' dir='ltr'><strong>retro,</strong></span> <span class='ocrx_word' id='word_1_591' title='bbox 3548 3838 3648 3878; x_wconf 90' lang='lat' dir='ltr'><strong>nec</strong></span> <span class='ocrx_word' id='word_1_592' title='bbox 3710 3839 3986 3896; x_wconf 87' lang='lat' dir='ltr'><strong>apparue-</strong></span> 
     </span>
    </p>
   </div>
   <div class='ocr_carea' id='block_1_82' title="bbox 2375 3909 3984 3987">
    <p class='ocr_par' dir='ltr' id='par_1_82' title="bbox 2375 3909 3984 3987">
     <span class='ocr_line' id='line_1_82' title="bbox 2375 3909 3984 3987; baseline 0.005 -22"><span class='ocrx_word' id='word_1_593' title='bbox 2375 3919 2457 3965; x_wconf 91' lang='lat' dir='ltr'><strong>rat</strong></span> <span class='ocrx_word' id='word_1_594' title='bbox 2484 3909 2560 3964; x_wconf 90' lang='lat' dir='ltr'><strong>illi</strong></span> <span class='ocrx_word' id='word_1_595' title='bbox 2589 3951 2604 3977; x_wconf 93' lang='lat'><strong>,</strong></span> <span class='ocrx_word' id='word_1_596' title='bbox 2647 3925 2748 3965; x_wconf 90' lang='lat' dir='ltr'><strong>nec</strong></span> <span class='ocrx_word' id='word_1_597' title='bbox 2783 3909 3327 3982; x_wconf 90' lang='lat' dir='ltr'><strong>adpropinquaverat.</strong></span> <span class='ocrx_word' id='word_1_598' title='bbox 3359 3912 3427 3968; x_wconf 86' lang='lat' dir='ltr'><strong>Et</strong></span> <span class='ocrx_word' id='word_1_599' title='bbox 3452 3913 3538 3970; x_wconf 95' lang='lat' dir='ltr'><strong>cui</strong></span> <span class='ocrx_word' id='word_1_600' title='bbox 3568 3915 3827 3972; x_wconf 88' lang='lat' dir='ltr'><strong>credibile</strong></span> <span class='ocrx_word' id='word_1_601' title='bbox 3857 3927 3942 3972; x_wconf 87' lang='lat' dir='ltr'><strong>est</strong></span> <span class='ocrx_word' id='word_1_602' title='bbox 3961 3958 3984 3987; x_wconf 89' lang='lat'><strong>,</strong></span> 
     </span>
    </p>
   </div>
   <div class='ocr_carea' id='block_1_83' title="bbox 2378 4002 3974 4078">
    <p class='ocr_par' dir='ltr' id='par_1_83' title="bbox 2378 4002 3974 4078">
     <span class='ocr_line' id='line_1_83' title="bbox 2378 4002 3974 4078; baseline 0.004 -20"><span class='ocrx_word' id='word_1_603' title='bbox 2378 4002 2546 4058; x_wconf 90' lang='lat' dir='ltr'><strong>Deum</strong></span> <span class='ocrx_word' id='word_1_604' title='bbox 2573 4019 2681 4058; x_wconf 92' lang='lat' dir='ltr'><strong>non</strong></span> <span class='ocrx_word' id='word_1_605' title='bbox 2706 4005 3019 4074; x_wconf 84' lang='lat' dir='ltr'><strong>apparuisse</strong></span> <span class='ocrx_word' id='word_1_606' title='bbox 3048 4006 3331 4060; x_wconf 85' lang='lat' dir='ltr'><strong>materia?</strong></span> <span class='ocrx_word' id='word_1_607' title='bbox 3360 4006 3446 4062; x_wconf 89' lang='lat' dir='ltr'><strong>vel</strong></span> <span class='ocrx_word' id='word_1_608' title='bbox 3476 4023 3580 4078; x_wconf 88' lang='lat' dir='ltr'><strong>qua</strong></span> <span class='ocrx_word' id='word_1_609' title='bbox 3610 4009 3974 4066; x_wconf 85' lang='lat' dir='ltr'><strong>consubstan-</strong></span> 
     </span>
    </p>
   </div>
   <div class='ocr_carea' id='block_1_84' title="bbox 2376 4096 3981 4172">
    <p class='ocr_par' dir='ltr' id='par_1_84' title="bbox 2376 4096 3981 4172">
     <span class='ocr_line' id='line_1_84' title="bbox 2376 4096 3981 4172; baseline 0.006 -23"><span class='ocrx_word' id='word_1_610' title='bbox 2376 4096 2490 4150; x_wconf 91' lang='lat' dir='ltr'><strong>tiali</strong></span> <span class='ocrx_word' id='word_1_611' title='bbox 2517 4110 2629 4151; x_wconf 88' lang='lat' dir='ltr'><strong>sua</strong></span> <span class='ocrx_word' id='word_1_612' title='bbox 2658 4110 2757 4166; x_wconf 90' lang='lat' dir='ltr'><strong>per</strong></span> <span class='ocrx_word' id='word_1_613' title='bbox 2781 4096 3136 4152; x_wconf 85' lang='lat' dir='ltr'><strong>aternitatem</strong></span> <span class='ocrx_word' id='word_1_614' title='bbox 3160 4096 3184 4151; x_wconf 68' lang='grc' dir='ltr'><strong><em>τ</em></strong></span> <span class='ocrx_word' id='word_1_615' title='bbox 3236 4097 3304 4151; x_wconf 91' lang='lat' dir='ltr'><strong>ab</strong></span> <span class='ocrx_word' id='word_1_616' title='bbox 3330 4112 3393 4153; x_wconf 90' lang='lat' dir='ltr'><strong>ea</strong></span> <span class='ocrx_word' id='word_1_617' title='bbox 3424 4098 3583 4170; x_wconf 89' lang='lat' dir='ltr'><strong>longe</strong></span> <span class='ocrx_word' id='word_1_618' title='bbox 3622 4099 3789 4158; x_wconf 87' lang='lat' dir='ltr'><strong>fuisse</strong></span> <span class='ocrx_word' id='word_1_619' title='bbox 3815 4117 3981 4172; x_wconf 87' lang='lat' dir='ltr'><strong>quem</strong></span> 
     </span>
    </p>
   </div>
   <div class='ocr_carea' id='block_1_85' title="bbox 2377 4187 3982 4265">
    <p class='ocr_par' dir='ltr' id='par_1_85' title="bbox 2377 4187 3982 4265">
     <span class='ocr_line' id='line_1_85' title="bbox 2377 4187 3982 4265; baseline 0.005 -23"><span class='ocrx_word' id='word_1_620' title='bbox 2377 4187 2649 4243; x_wconf 90' lang='lat' dir='ltr'><strong>credimus</strong></span> <span class='ocrx_word' id='word_1_621' title='bbox 2681 4190 2878 4258; x_wconf 89' lang='lat' dir='ltr'><strong>ubique</strong></span> <span class='ocrx_word' id='word_1_622' title='bbox 2905 4203 3028 4244; x_wconf 90' lang='lat' dir='ltr'><strong>esse</strong></span> <span class='ocrx_word' id='word_1_623' title='bbox 3049 4229 3066 4256; x_wconf 95' lang='lat'><strong>,</strong></span> <span class='ocrx_word' id='word_1_624' title='bbox 3096 4197 3152 4244; x_wconf 92' lang='lat' dir='ltr'><strong>et</strong></span> <span class='ocrx_word' id='word_1_625' title='bbox 3179 4189 3376 4261; x_wconf 91' lang='lat' dir='ltr'><strong>ubique</strong></span> <span class='ocrx_word' id='word_1_626' title='bbox 3426 4206 3686 4262; x_wconf 90' lang='lat' dir='ltr'><strong>apparere</strong></span> <span class='ocrx_word' id='word_1_627' title='bbox 3732 4193 3860 4265; x_wconf 82' lang='lat'><strong>(7)?</strong></span> <span class='ocrx_word' id='word_1_628' title='bbox 3889 4194 3982 4251; x_wconf 88' lang='lat' dir='ltr'><strong>cui</strong></span> 
     </span>
    </p>
   </div>
   <div class='ocr_carea' id='block_1_86' title="bbox 2378 4279 3982 4354">
    <p class='ocr_par' dir='ltr' id='par_1_86' title="bbox 2378 4279 3982 4354">
     <span class='ocr_line' id='line_1_86' title="bbox 2378 4279 3982 4354; baseline 0.004 -19"><span class='ocrx_word' id='word_1_629' title='bbox 2378 4281 2539 4335; x_wconf 88' lang='lat' dir='ltr'><strong>etiam</strong></span> <span class='ocrx_word' id='word_1_630' title='bbox 2582 4279 2657 4352; x_wconf 75' lang='grc' dir='ltr'><strong>(ὁ)</strong></span> <span class='ocrx_word' id='word_1_631' title='bbox 2707 4280 3017 4336; x_wconf 87' lang='lat' dir='ltr'><strong>inanimalia</strong></span> <span class='ocrx_word' id='word_1_632' title='bbox 3054 4289 3112 4338; x_wconf 87' lang='lat' dir='ltr'><strong>et</strong></span> <span class='ocrx_word' id='word_1_633' title='bbox 3149 4281 3504 4354; x_wconf 89' lang='lat' dir='ltr'><strong>incorporalia</strong></span> <span class='ocrx_word' id='word_1_634' title='bbox 3546 4284 3734 4341; x_wconf 88' lang='lat' dir='ltr'><strong>Iaudes</strong></span> <span class='ocrx_word' id='word_1_635' title='bbox 3771 4295 3982 4343; x_wconf 89' lang='lat' dir='ltr'><strong>canunt</strong></span> 
     </span>
    </p>
   </div>
   <div class='ocr_carea' id='block_1_87' title="bbox 2383 4371 3968 4449">
    <p class='ocr_par' dir='ltr' id='par_1_87' title="bbox 2383 4371 3968 4449">
     <span class='ocr_line' id='line_1_87' title="bbox 2383 4371 3968 4449; baseline 0.009 -24"><span class='ocrx_word' id='word_1_636' title='bbox 2383 4371 2525 4442; x_wconf 91' lang='lat' dir='ltr'><strong>apud</strong></span> <span class='ocrx_word' id='word_1_637' title='bbox 2552 4372 2826 4430; x_wconf 89' lang='lat' dir='ltr'><strong>Danielem</strong></span> <span class='ocrx_word' id='word_1_638' title='bbox 2867 4371 3050 4444; x_wconf 83' lang='lat' dir='ltr'><strong>(Dan.</strong></span> <span class='ocrx_word' id='word_1_639' title='bbox 3079 4415 3097 4444; x_wconf 89' lang='lat'><strong>,</strong></span> <span class='ocrx_word' id='word_1_640' title='bbox 3126 4373 3260 4446; x_wconf 85' lang='lat' dir='ltr'><strong>lli).</strong></span> <span class='ocrx_word' id='word_1_641' title='bbox 3299 4375 3543 4444; x_wconf 85' lang='lat' dir='ltr'><strong>Quantus</strong></span> <span class='ocrx_word' id='word_1_642' title='bbox 3571 4378 3658 4434; x_wconf 90' lang='lat' dir='ltr'><strong>hic</strong></span> <span class='ocrx_word' id='word_1_643' title='bbox 3683 4378 3834 4436; x_wconf 83' lang='lat' dir='ltr'><strong>locus</strong></span> <span class='ocrx_word' id='word_1_644' title='bbox 3857 4419 3875 4449; x_wconf 87' lang='lat'><strong>,</strong></span> <span class='ocrx_word' id='word_1_645' title='bbox 3909 4380 3968 4440; x_wconf 86' lang='lat' dir='ltr'><strong>in</strong></span> 
     </span>
    </p>
   </div>
   <div class='ocr_carea' id='block_1_88' title="bbox 1923 4488 2758 4552">
    <p class='ocr_par' dir='ltr' id='par_1_88' title="bbox 1923 4488 2758 4552">
     <span class='ocr_line' id='line_1_88' title="bbox 1923 4488 2758 4552; baseline -0.006 -1"><span class='ocrx_word' id='word_1_646' title='bbox 1923 4491 2306 4552; x_wconf 84' lang='lat' dir='ltr'><strong>LECTIONES</strong></span> <span class='ocrx_word' id='word_1_647' title='bbox 2343 4488 2758 4546; x_wconf 79' lang='lat' dir='ltr'><strong>VABIANTES.</strong></span> 
     </span>
    </p>
   </div>
   <div class='ocr_carea' id='block_1_89' title="bbox 757 4673 1284 4727">
    <p class='ocr_par' dir='ltr' id='par_1_89' title="bbox 757 4673 1284 4727">
     <span class='ocr_line' id='line_1_89' title="bbox 757 4673 1284 4727; baseline 0.011 -6"><span class='ocrx_word' id='word_1_648' title='bbox 757 4673 806 4727; x_wconf 74' lang='lat'><strong>2)</strong></span> <span class='ocrx_word' id='word_1_649' title='bbox 832 4675 935 4724; x_wconf 85' lang='lat' dir='ltr'><strong>Erit</strong></span> <span class='ocrx_word' id='word_1_650' title='bbox 958 4673 1105 4725; x_wconf 71' lang='lat' dir='ltr'><strong>nheri.</strong></span> <span class='ocrx_word' id='word_1_651' title='bbox 1131 4678 1284 4727; x_wconf 83' lang='lat' dir='ltr'><strong>Semf.</strong></span> 
     </span>
    </p>
   </div>
   <div class='ocr_carea' id='block_1_90' title="bbox 754 4675 1703 4861">
    <p class='ocr_par' dir='ltr' id='par_1_90' title="bbox 754 4675 1703 4861">
     <span class='ocr_line' id='line_1_90' title="bbox 757 4675 1454 4727; baseline 0.011 -6"><span class='ocrx_word' id='word_1_652' title='bbox 757 4675 787 4721; x_wconf 76' lang='lat'><strong>2</strong></span> <span class='ocrx_word' id='word_1_653' title='bbox 832 4675 935 4724; x_wconf 85' lang='lat' dir='ltr'><strong>Erit</strong></span> <span class='ocrx_word' id='word_1_654' title='bbox 958 4675 1105 4725; x_wconf 73' lang='lat' dir='ltr'><strong>nheri.</strong></span> <span class='ocrx_word' id='word_1_655' title='bbox 1131 4675 1296 4727; x_wconf 54' lang='lat' dir='ltr'><strong>Semll</strong></span> <span class='ocrx_word' id='word_1_656' title='bbox 1434 4675 1454 4681; x_wconf 68' lang='grc'>⁷</span> 
     </span>
     <span class='ocr_line' id='line_1_91' title="bbox 754 4675 1703 4861; baseline 0.006 -73"><span class='ocrx_word' id='word_1_657' title='bbox 754 4675 806 4861; x_wconf 62' lang='grc' dir='ltr'>ὅξ</span> <span class='ocrx_word' id='word_1_658' title='bbox 834 4736 1134 4788; x_wconf 85' lang='lat' dir='ltr'><strong>Inconditum</strong></span> <span class='ocrx_word' id='word_1_659' title='bbox 1160 4739 1307 4791; x_wconf 77' lang='lat' dir='ltr'><strong>Hhen.</strong></span> <span class='ocrx_word' id='word_1_660' title='bbox 1333 4738 1483 4790; x_wconf 74' lang='lat' dir='ltr'><strong>Seml.</strong></span> <span class='ocrx_word' id='word_1_661' title='bbox 1505 4739 1703 4794; x_wconf 77' lang='lat' dir='ltr'><strong>Obertlt.</strong></span> 
     </span>
     <span class='ocr_line' id='line_1_92' title="bbox 754 4796 1614 4861; baseline 0.009 -15"><span class='ocrx_word' id='word_1_662' title='bbox 754 4796 784 4845; x_wconf 73' lang='grc'><strong>4</strong></span> <span class='ocrx_word' id='word_1_663' title='bbox 829 4798 989 4849; x_wconf 76' lang='lat' dir='ltr'><strong>Motus</strong></span> <span class='ocrx_word' id='word_1_664' title='bbox 1015 4798 1159 4852; x_wconf 76' lang='lat' dir='ltr'><strong>Rhea.</strong></span> <span class='ocrx_word' id='word_1_665' title='bbox 1184 4809 1229 4854; x_wconf 85' lang='lat' dir='ltr'><strong>et</strong></span> <span class='ocrx_word' id='word_1_666' title='bbox 1249 4804 1348 4854; x_wconf 85' lang='lat' dir='ltr'><strong>duo</strong></span> <span class='ocrx_word' id='word_1_667' title='bbox 1370 4816 1614 4861; x_wconf 71' lang='lat' dir='ltr'><strong>sequaces.</strong></span> 
     </span>
    </p>
   </div>
   <div class='ocr_carea' id='block_1_91' title="bbox 763 4609 1800 4681">
    <p class='ocr_par' dir='ltr' id='par_1_91' title="bbox 763 4609 1800 4681">
     <span class='ocr_line' id='line_1_93' title="bbox 763 4609 1800 4681; baseline 0.008 -21"><span class='ocrx_word' id='word_1_668' title='bbox 763 4610 808 4681; x_wconf 62' lang='lat'><strong>1)</strong></span> <span class='ocrx_word' id='word_1_669' title='bbox 832 4609 986 4681; x_wconf 51' lang='lat' dir='ltr'><strong>illam.</strong></span> <span class='ocrx_word' id='word_1_670' title='bbox 1003 4611 1180 4681; x_wconf 71' lang='lat' dir='ltr'><strong>adjicit</strong></span> <span class='ocrx_word' id='word_1_671' title='bbox 1201 4610 1365 4681; x_wconf 74' lang='lat' dir='ltr'><strong>bisque</strong></span> <span class='ocrx_word' id='word_1_672' title='bbox 1388 4613 1504 4681; x_wconf 80' lang='lat' dir='ltr'><strong>legit</strong></span> <span class='ocrx_word' id='word_1_673' title='bbox 1524 4625 1800 4670; x_wconf 82' lang='lat' dir='ltr'><strong>moventur.</strong></span> 
     </span>
    </p>
   </div>
   <div class='ocr_carea' id='block_1_92' title="bbox 729 4611 784 4861">
    <p class='ocr_par' dir='ltr' id='par_1_92' title="bbox 754 4611 784 4845">
     <span class='ocr_line' id='line_1_94' title="bbox 763 4611 778 4660; baseline 0 0"><span class='ocrx_word' id='word_1_674' title='bbox 763 4611 778 4660; x_wconf 90' lang='lat' dir='ltr'><strong>I</strong></span> 
     </span>
     <span class='ocr_line' id='line_1_95' title="bbox 757 4673 784 4721; baseline 0 0"><span class='ocrx_word' id='word_1_675' title='bbox 757 4673 784 4721; x_wconf 74' lang='lat'><strong>2</strong></span> 
     </span>
     <span class='ocr_line' id='line_1_96' title="bbox 754 4735 784 4788; baseline 0 0"><span class='ocrx_word' id='word_1_676' title='bbox 754 4735 784 4788; x_wconf 72' lang='grc' dir='ltr'>ὅ</span> 
     </span>
     <span class='ocr_line' id='line_1_97' title="bbox 754 4796 784 4845; baseline 0 0"><span class='ocrx_word' id='word_1_677' title='bbox 754 4796 784 4845; x_wconf 73' lang='grc'><strong>4</strong></span> 
     </span>
    </p>
   </div>
   <div class='ocr_carea' id='block_1_93' title="bbox 829 4798 1614 4869">
    <p class='ocr_par' dir='ltr' id='par_1_93' title="bbox 829 4798 1614 4869">
     <span class='ocr_line' id='line_1_98' title="bbox 829 4798 1614 4869; baseline 0.008 -21"><span class='ocrx_word' id='word_1_678' title='bbox 829 4798 989 4849; x_wconf 75' lang='lat' dir='ltr'><strong>Motus</strong></span> <span class='ocrx_word' id='word_1_679' title='bbox 1015 4798 1159 4852; x_wconf 74' lang='lat' dir='ltr'><strong>Rhea.</strong></span> <span class='ocrx_word' id='word_1_680' title='bbox 1184 4809 1229 4854; x_wconf 86' lang='lat' dir='ltr'><strong>et</strong></span> <span class='ocrx_word' id='word_1_681' title='bbox 1249 4804 1348 4854; x_wconf 85' lang='lat' dir='ltr'><strong>duo</strong></span> <span class='ocrx_word' id='word_1_682' title='bbox 1370 4816 1614 4869; x_wconf 78' lang='lat' dir='ltr'><strong>sequaces.</strong></span> 
     </span>
    </p>
   </div>
   <div class='ocr_carea' id='block_1_94' title="bbox 2292 4610 3687 4800">
    <p class='ocr_par' dir='ltr' id='par_1_94' title="bbox 2292 4610 3687 4800">
     <span class='ocr_line' id='line_1_99' title="bbox 2292 4610 3687 4679; baseline 0.012 -20"><span class='ocrx_word' id='word_1_683' title='bbox 2292 4616 2347 4676; x_wconf 84' lang='lat'><strong>1)</strong></span> <span class='ocrx_word' id='word_1_684' title='bbox 2459 4610 2509 4674; x_wconf 81' lang='lat'><strong>5)</strong></span> <span class='ocrx_word' id='word_1_685' title='bbox 2537 4614 2734 4676; x_wconf 85' lang='lat' dir='ltr'><strong>Accipis</strong></span> <span class='ocrx_word' id='word_1_686' title='bbox 2754 4627 2900 4676; x_wconf 82' lang='lat' dir='ltr'><strong>supra</strong></span> <span class='ocrx_word' id='word_1_687' title='bbox 2920 4615 3113 4679; x_wconf 86' lang='lat' dir='ltr'><strong>judiees</strong></span> <span class='ocrx_word' id='word_1_688' title='bbox 3137 4616 3284 4668; x_wconf 73' lang='lat' dir='ltr'><strong>Rhea.</strong></span> <span class='ocrx_word' id='word_1_689' title='bbox 3312 4617 3464 4673; x_wconf 80' lang='lat' dir='ltr'><strong>Seml.</strong></span> <span class='ocrx_word' id='word_1_690' title='bbox 3492 4621 3687 4676; x_wconf 76' lang='lat' dir='ltr'><strong>Obertlt.</strong></span> 
     </span>
     <span class='ocr_line' id='line_1_100' title="bbox 2436 4612 3344 4800; baseline 0.012 -14"><span class='ocrx_word' id='word_1_691' title='bbox 2436 4612 2510 4800; x_wconf 63' lang='lat' dir='ltr'><strong>l9;</strong></span> <span class='ocrx_word' id='word_1_692' title='bbox 2533 4675 2769 4800; x_wconf 57' lang='lat' dir='ltr'><strong>insae:</strong></span> <span class='ocrx_word' id='word_1_693' title='bbox 2983 4687 3344 4734; x_wconf 67' lang='grc' dir='ltr'><strong>οοηιναοητπεδσ</strong></span> 
     </span>
    </p>
   </div>
   <div class='ocr_carea' id='block_1_95' title="bbox 2458 4675 3344 4804">
    <p class='ocr_par' dir='ltr' id='par_1_95' title="bbox 2458 4675 3344 4804">
     <span class='ocr_line' id='line_1_101' title="bbox 2458 4675 3344 4804; baseline 0.012 -18"><span class='ocrx_word' id='word_1_694' title='bbox 2458 4676 2510 4802; x_wconf 60' lang='grc' dir='ltr'><strong>ξς</strong></span> <span class='ocrx_word' id='word_1_695' title='bbox 2533 4675 2769 4804; x_wconf 61' lang='grc' dir='ltr'><strong>ἶλῗεῖἶςῗὲἓ</strong></span> <span class='ocrx_word' id='word_1_696' title='bbox 2790 4675 2960 4791; x_wconf 67' lang='grc' dir='ltr'><strong>ιζλέῗ⁹²²’</strong></span> <span class='ocrx_word' id='word_1_697' title='bbox 2983 4687 3152 4732; x_wconf 72' lang='grc'><strong>⁸⁰¹³¹⁷⁰</strong></span> <span class='ocrx_word' id='word_1_698' title='bbox 3166 4694 3344 4734; x_wconf 52' lang='lat' dir='ltr'><strong>&quot;mm&quot;</strong></span> 
     </span>
    </p>
   </div>
   <div class='ocr_carea' id='block_1_96' title="bbox 2023 4908 2582 4970">
    <p class='ocr_par' dir='ltr' id='par_1_96' title="bbox 2023 4908 2582 4970">
     <span class='ocr_line' id='line_1_102' title="bbox 2023 4908 2582 4970; baseline 0 0"><span class='ocrx_word' id='word_1_699' title='bbox 2023 4908 2582 4970; x_wconf 80' lang='lat' dir='ltr'><strong>COMMENTARIUS.</strong></span> 
     </span>
    </p>
   </div>
   <div class='ocr_carea' id='block_1_97' title="bbox 745 5016 2278 5097">
    <p class='ocr_par' dir='ltr' id='par_1_97' title="bbox 745 5016 2278 5097">
     <span class='ocr_line' id='line_1_103' title="bbox 745 5016 2278 5097; baseline 0.005 -24"><span class='ocrx_word' id='word_1_700' title='bbox 929 5017 1190 5097; x_wconf 69' lang='lat' dir='ltr'><strong>XLIV._-_—</strong></span> <span class='ocrx_word' id='word_1_701' title='bbox 1203 5022 1282 5096; x_wconf 88' lang='lat' dir='ltr'><strong>(a)</strong></span> <span class='ocrx_word' id='word_1_702' title='bbox 1309 5024 1457 5097; x_wconf 68' lang='lat' dir='ltr'><strong>Sicut</strong></span> <span class='ocrx_word' id='word_1_703' title='bbox 1483 5026 1606 5097; x_wconf 81' lang='lat' dir='ltr'><strong>facit</strong></span> <span class='ocrx_word' id='word_1_704' title='bbox 1632 5028 1718 5095; x_wconf 78' lang='lat' dir='ltr'><strong>qui</strong></span> <span class='ocrx_word' id='word_1_705' title='bbox 1747 5027 1912 5083; x_wconf 85' lang='lat' dir='ltr'><strong>decor.</strong></span> <span class='ocrx_word' id='word_1_706' title='bbox 1951 5027 2008 5082; x_wconf 90' lang='lat' dir='ltr'><strong>Id</strong></span> <span class='ocrx_word' id='word_1_707' title='bbox 2039 5035 2140 5094; x_wconf 87' lang='lat' dir='ltr'><strong>est,</strong></span> <span class='ocrx_word' id='word_1_708' title='bbox 2176 5027 2278 5081; x_wconf 91' lang='lat' dir='ltr'><strong>ali-</strong></span> 
     </span>
    </p>
   </div>
   <div class='ocr_carea' id='block_1_98' title="bbox 670 5088 2319 5170">
    <p class='ocr_par' dir='ltr' id='par_1_98' title="bbox 670 5088 2319 5170">
     <span class='ocr_line' id='line_1_104' title="bbox 670 5088 2319 5170; baseline 0.008 -26"><span class='ocrx_word' id='word_1_709' title='bbox 670 5088 795 5170; x_wconf 72' lang='lat' dir='ltr'><strong>quis</strong></span> <span class='ocrx_word' id='word_1_710' title='bbox 815 5088 1351 5170; x_wconf 58' lang='lat' dir='ltr'><strong>degor._Sed_hoc&#39;ab</strong></span> <span class='ocrx_word' id='word_1_711' title='bbox 1381 5088 1761 5153; x_wconf 53' lang='lat' dir='ltr'><strong>Rhénano&#39;est.</strong></span> <span class='ocrx_word' id='word_1_712' title='bbox 1792 5099 1923 5153; x_wconf 80' lang='lat' dir='ltr'><strong>Nam</strong></span> <span class='ocrx_word' id='word_1_713' title='bbox 1951 5111 2106 5154; x_wconf 90' lang='lat' dir='ltr'><strong>antea</strong></span> <span class='ocrx_word' id='word_1_714' title='bbox 2127 5088 2278 5170; x_wconf 77' lang='lat' dir='ltr'><strong>lege-</strong></span> <span class='ocrx_word' id='word_1_715' title='bbox 2316 5139 2319 5143; x_wconf 90' lang='lat'><strong><em>-</em></strong></span> 
     </span>
    </p>
   </div>
   <div class='ocr_carea' id='block_1_99' title="bbox 670 5159 2281 5239">
    <p class='ocr_par' dir='ltr' id='par_1_99' title="bbox 670 5159 2281 5239">
     <span class='ocr_line' id='line_1_105' title="bbox 670 5159 2281 5239; baseline 0.008 -24"><span class='ocrx_word' id='word_1_716' title='bbox 670 5159 851 5223; x_wconf 83' lang='lat' dir='ltr'><strong>batur,</strong></span> <span class='ocrx_word' id='word_1_717' title='bbox 878 5159 1026 5239; x_wconf 62' lang='lat' dir='ltr'><strong>Facit</strong></span> <span class='ocrx_word' id='word_1_718' title='bbox 1049 5166 1176 5229; x_wconf 83' lang='lat' dir='ltr'><strong>quid</strong></span> <span class='ocrx_word' id='word_1_719' title='bbox 1202 5167 1354 5239; x_wconf 74' lang='lat' dir='ltr'><strong>decor</strong></span> <span class='ocrx_word' id='word_1_720' title='bbox 1382 5170 1699 5222; x_wconf 68' lang='lat' dir='ltr'><strong>solummodo</strong></span> <span class='ocrx_word' id='word_1_721' title='bbox 1729 5187 2002 5239; x_wconf 78' lang='lat' dir='ltr'><strong>apparens.</strong></span> <span class='ocrx_word' id='word_1_722' title='bbox 2024 5159 2281 5239; x_wconf 48' lang='lat' dir='ltr'><strong>Quodvre-</strong></span> 
     </span>
    </p>
   </div>
   <div class='ocr_carea' id='block_1_100' title="bbox 2385 5023 3977 5105">
    <p class='ocr_par' dir='ltr' id='par_1_100' title="bbox 2385 5023 3977 5105">
     <span class='ocr_line' id='line_1_106' title="bbox 2385 5023 3977 5105; baseline 0.009 -26"><span class='ocrx_word' id='word_1_723' title='bbox 2385 5025 2540 5105; x_wconf 64' lang='lat' dir='ltr'><strong>titulo</strong></span> <span class='ocrx_word' id='word_1_724' title='bbox 2681 5028 2981 5105; x_wconf 81' lang='lat' dir='ltr'><strong>Cyprianus</strong></span> <span class='ocrx_word' id='word_1_725' title='bbox 3018 5030 3170 5088; x_wconf 90' lang='lat' dir='ltr'><strong>libris</strong></span> <span class='ocrx_word' id='word_1_726' title='bbox 3195 5035 3258 5088; x_wconf 80' lang='lat' dir='ltr'><strong>de</strong></span> <span class='ocrx_word' id='word_1_727' title='bbox 3295 5031 3479 5105; x_wconf 75' lang='lat' dir='ltr'><strong>Lapsis</strong></span> <span class='ocrx_word' id='word_1_728' title='bbox 3528 5044 3583 5091; x_wconf 92' lang='lat' dir='ltr'><strong>et</strong></span> <span class='ocrx_word' id='word_1_729' title='bbox 3622 5037 3686 5091; x_wconf 85' lang='lat' dir='ltr'><strong>de</strong></span> <span class='ocrx_word' id='word_1_730' title='bbox 3726 5031 3977 5094; x_wconf 81' lang='lat' dir='ltr'><strong>Oratione</strong></span> 
     </span>
    </p>
   </div>
   <div class='ocr_carea' id='block_1_101' title="bbox 2385 5095 3975 5179">
    <p class='ocr_par' dir='ltr' id='par_1_101' title="bbox 2385 5095 3975 5179">
     <span class='ocr_line' id='line_1_107' title="bbox 2385 5095 3975 5179; baseline 0.01 -30"><span class='ocrx_word' id='word_1_731' title='bbox 2385 5095 2678 5179; x_wconf 64' lang='lat' dir='ltr'><strong>Dominica.</strong></span> <span class='ocrx_word' id='word_1_732' title='bbox 2706 5095 2806 5179; x_wconf 75' lang='lat' dir='ltr'><strong>Qui</strong></span> <span class='ocrx_word' id='word_1_733' title='bbox 2837 5101 2938 5157; x_wconf 89' lang='lat' dir='ltr'><strong>loci</strong></span> <span class='ocrx_word' id='word_1_734' title='bbox 2968 5107 3258 5179; x_wconf 86' lang='lat' dir='ltr'><strong>annotandi</strong></span> <span class='ocrx_word' id='word_1_735' title='bbox 3283 5095 3398 5179; x_wconf 76' lang='lat' dir='ltr'><strong>_pro</strong></span> <span class='ocrx_word' id='word_1_736' title='bbox 3423 5108 3549 5162; x_wconf 91' lang='lat' dir='ltr'><strong>dicti</strong></span> <span class='ocrx_word' id='word_1_737' title='bbox 3591 5107 3772 5179; x_wconf 89' lang='lat' dir='ltr'><strong>hymni</strong></span> <span class='ocrx_word' id='word_1_738' title='bbox 3801 5125 3975 5164; x_wconf 91' lang='lat' dir='ltr'><strong>cano-</strong></span> 
     </span>
    </p>
   </div>
   <div class='ocr_carea' id='block_1_102' title="bbox 2383 5173 3975 5247">
    <p class='ocr_par' dir='ltr' id='par_1_102' title="bbox 2383 5173 3975 5247">
     <span class='ocr_line' id='line_1_108' title="bbox 2383 5173 3975 5247; baseline 0.009 -25"><span class='ocrx_word' id='word_1_739' title='bbox 2383 5173 2502 5223; x_wconf 89' lang='lat' dir='ltr'><strong>nica</strong></span> <span class='ocrx_word' id='word_1_740' title='bbox 2531 5173 2866 5247; x_wconf 82' lang='lat' dir='ltr'><strong>auctoritate,</strong></span> <span class='ocrx_word' id='word_1_741' title='bbox 2910 5189 3068 5241; x_wconf 89' lang='lat' dir='ltr'><strong>quam</strong></span> <span class='ocrx_word' id='word_1_742' title='bbox 3097 5178 3257 5231; x_wconf 87' lang='lat' dir='ltr'><strong>etiam</strong></span> <span class='ocrx_word' id='word_1_743' title='bbox 3281 5173 3524 5231; x_wconf 81' lang='lat' dir='ltr'><strong>Ecclesia</strong></span> <span class='ocrx_word' id='word_1_744' title='bbox 3558 5173 3642 5232; x_wconf 73' lang='lat' dir='ltr'><strong>illi</strong></span> <span class='ocrx_word' id='word_1_745' title='bbox 3659 5179 3878 5247; x_wconf 91' lang='lat' dir='ltr'><strong>tribuit,</strong></span> <span class='ocrx_word' id='word_1_746' title='bbox 3912 5182 3975 5238; x_wconf 86' lang='lat' dir='ltr'><strong>in</strong></span> 
     </span>
    </p>
   </div>
   <div class='ocr_carea' id='block_1_103' title="bbox 672 5233 3970 5320">
    <p class='ocr_par' dir='ltr' id='par_1_103' title="bbox 672 5233 3970 5320">
     <span class='ocr_line' id='line_1_109' title="bbox 672 5233 3970 5320; baseline 0.006 -35"><span class='ocrx_word' id='word_1_747' title='bbox 672 5242 814 5320; x_wconf 80' lang='lat' dir='ltr'><strong>ctum</strong></span> <span class='ocrx_word' id='word_1_748' title='bbox 832 5242 937 5320; x_wconf 66' lang='lat' dir='ltr'><strong>est.</strong></span> <span class='ocrx_word' id='word_1_749' title='bbox 962 5233 1133 5320; x_wconf 69' lang='lat' dir='ltr'><strong>Decor</strong></span> <span class='ocrx_word' id='word_1_750' title='bbox 1149 5238 1487 5320; x_wconf 70' lang='lat' dir='ltr'><strong>solummodo</strong></span> <span class='ocrx_word' id='word_1_751' title='bbox 1514 5233 1778 5320; x_wconf 70' lang='lat' dir='ltr'><strong>apparens</strong></span> <span class='ocrx_word' id='word_1_752' title='bbox 1798 5233 2159 5320; x_wconf 54' lang='lat' dir='ltr'><strong>facit:tliqiiid,</strong></span> <span class='ocrx_word' id='word_1_753' title='bbox 2177 5242 2278 5320; x_wconf 70' lang='lat' dir='ltr'><strong>hoc</strong></span> <span class='ocrx_word' id='word_1_754' title='bbox 2383 5255 2486 5320; x_wconf 72' lang='lat' dir='ltr'><strong>Qua</strong></span> <span class='ocrx_word' id='word_1_755' title='bbox 2515 5257 2621 5320; x_wconf 78' lang='lat' dir='ltr'><strong>non</strong></span> <span class='ocrx_word' id='word_1_756' title='bbox 2650 5243 2810 5320; x_wconf 77' lang='lat' dir='ltr'><strong>modo</strong></span> <span class='ocrx_word' id='word_1_757' title='bbox 2837 5233 2978 5298; x_wconf 82' lang='lat' dir='ltr'><strong>nunc</strong></span> <span class='ocrx_word' id='word_1_758' title='bbox 2999 5247 3335 5320; x_wconf 81' lang='lat' dir='ltr'><strong>_in_sabhatis</strong></span> <span class='ocrx_word' id='word_1_759' title='bbox 3364 5258 3593 5316; x_wconf 85' lang='lat' dir='ltr'><strong>quatuor</strong></span> <span class='ocrx_word' id='word_1_760' title='bbox 3625 5233 3970 5320; x_wconf 49' lang='lat' dir='ltr'><strong>temporum,</strong></span> 
     </span>
    </p>
   </div>
   <div class='ocr_carea' id='block_1_104' title="bbox 668 5305 2272 5385">
    <p class='ocr_par' dir='ltr' id='par_1_104' title="bbox 668 5305 2272 5385">
     <span class='ocr_line' id='line_1_110' title="bbox 668 5305 2272 5385; baseline 0.008 -27"><span class='ocrx_word' id='word_1_761' title='bbox 668 5312 773 5369; x_wconf 82' lang='lat' dir='ltr'><strong>est,</strong></span> <span class='ocrx_word' id='word_1_762' title='bbox 788 5305 1032 5360; x_wconf 86' lang='lat' dir='ltr'><strong>vulnerat</strong></span> <span class='ocrx_word' id='word_1_763' title='bbox 1048 5307 1283 5363; x_wconf 88' lang='lat' dir='ltr'><strong>animum</strong></span> <span class='ocrx_word' id='word_1_764' title='bbox 1302 5351 1317 5376; x_wconf 91' lang='lat'><strong>,</strong></span> <span class='ocrx_word' id='word_1_765' title='bbox 1333 5319 1389 5366; x_wconf 91' lang='lat' dir='ltr'><strong>ut</strong></span> <span class='ocrx_word' id='word_1_766' title='bbox 1409 5310 1526 5381; x_wconf 89' lang='lat' dir='ltr'><strong>ipse</strong></span> <span class='ocrx_word' id='word_1_767' title='bbox 1544 5305 1666 5366; x_wconf 70' lang='lat' dir='ltr'><strong>niox</strong></span> <span class='ocrx_word' id='word_1_768' title='bbox 1684 5315 1844 5367; x_wconf 89' lang='lat' dir='ltr'><strong>dicet.</strong></span> <span class='ocrx_word' id='word_1_769' title='bbox 1861 5305 2164 5385; x_wconf 70' lang='lat' dir='ltr'><strong>Lucretius,</strong></span> <span class='ocrx_word' id='word_1_770' title='bbox 2179 5313 2272 5370; x_wconf 87' lang='lat' dir='ltr'><strong>IV:</strong></span> 
     </span>
    </p>
   </div>
   <div class='ocr_carea' id='block_1_105' title="bbox 766 5415 2041 5486">
    <p class='ocr_par' dir='ltr' id='par_1_105' title="bbox 766 5415 2041 5486">
     <span class='ocr_line' id='line_1_111' title="bbox 766 5415 2041 5486; baseline 0.012 -21"><span class='ocrx_word' id='word_1_771' title='bbox 766 5415 870 5486; x_wconf 70' lang='lat' dir='ltr'><strong>Sed</strong></span> <span class='ocrx_word' id='word_1_772' title='bbox 892 5421 1065 5486; x_wconf 80' lang='lat' dir='ltr'><strong>tamen</strong></span> <span class='ocrx_word' id='word_1_773' title='bbox 1079 5427 1188 5468; x_wconf 85' lang='lat' dir='ltr'><strong>esto</strong></span> <span class='ocrx_word' id='word_1_774' title='bbox 1203 5420 1304 5486; x_wconf 84' lang='lat' dir='ltr'><strong>jam</strong></span> <span class='ocrx_word' id='word_1_775' title='bbox 1329 5425 1587 5486; x_wconf 89' lang='lat' dir='ltr'><strong>quantovis</strong></span> <span class='ocrx_word' id='word_1_776' title='bbox 1609 5426 1707 5474; x_wconf 92' lang='lat' dir='ltr'><strong>oris</strong></span> <span class='ocrx_word' id='word_1_777' title='bbox 1727 5426 1933 5486; x_wconf 87' lang='lat' dir='ltr'><strong>honore,</strong></span> <span class='ocrx_word' id='word_1_778' title='bbox 2032 5472 2041 5480; x_wconf 93' lang='lat'><strong>.</strong></span> 
     </span>
    </p>
   </div>
   <div class='ocr_carea' id='block_1_106' title="bbox 773 5477 2142 5548">
    <p class='ocr_par' dir='ltr' id='par_1_106' title="bbox 773 5477 2142 5548">
     <span class='ocr_line' id='line_1_112' title="bbox 773 5477 2142 5548; baseline 0.01 -20"><span class='ocrx_word' id='word_1_779' title='bbox 773 5477 861 5528; x_wconf 90' lang='lat' dir='ltr'><strong>Cui</strong></span> <span class='ocrx_word' id='word_1_780' title='bbox 895 5483 1096 5532; x_wconf 84' lang='lat' dir='ltr'><strong>veneris</strong></span> <span class='ocrx_word' id='word_1_781' title='bbox 1120 5477 1359 5535; x_wconf 68' lang='lat' dir='ltr'><strong>membris</strong></span> <span class='ocrx_word' id='word_1_782' title='bbox 1378 5490 1451 5537; x_wconf 85' lang='lat' dir='ltr'><strong>vis</strong></span> <span class='ocrx_word' id='word_1_783' title='bbox 1465 5488 1692 5536; x_wconf 84' lang='lat' dir='ltr'><strong>omnibus</strong></span> <span class='ocrx_word' id='word_1_784' title='bbox 1712 5477 2017 5548; x_wconf 75' lang='lat' dir='ltr'><strong>exhortatur,</strong></span> <span class='ocrx_word' id='word_1_785' title='bbox 2032 5477 2142 5542; x_wconf 25' lang='lat' dir='ltr'><strong>velc.</strong></span> 
     </span>
    </p>
   </div>
   <div class='ocr_carea' id='block_1_107' title="bbox 1916 5551 2075 5616">
    <p class='ocr_par' dir='ltr' id='par_1_107' title="bbox 1916 5551 2075 5616">
     <span class='ocr_line' id='line_1_113' title="bbox 1916 5551 2075 5616; baseline 0.006 -15"><span class='ocrx_word' id='word_1_786' title='bbox 1916 5551 2075 5616; x_wconf 74' lang='grc' dir='ltr'><strong>(Βιϐ.)</strong></span> 
     </span>
    </p>
   </div>
   <div class='ocr_carea' id='block_1_108' title="bbox 723 5644 2257 5728">
    <p class='ocr_par' dir='ltr' id='par_1_108' title="bbox 723 5644 2257 5728">
     <span class='ocr_line' id='line_1_114' title="bbox 723 5644 2257 5728; baseline 0.011 -30"><span class='ocrx_word' id='word_1_787' title='bbox 723 5645 826 5728; x_wconf 33' lang='grc' dir='ltr'><strong>’(ὺ)</strong></span> <span class='ocrx_word' id='word_1_788' title='bbox 857 5644 1173 5704; x_wconf 83' lang='lat' dir='ltr'><strong>lnanimalia</strong></span> <span class='ocrx_word' id='word_1_789' title='bbox 1204 5661 1250 5728; x_wconf 68' lang='lat' dir='ltr'><strong>et</strong></span> <span class='ocrx_word' id='word_1_790' title='bbox 1276 5654 1642 5728; x_wconf 81' lang='lat' dir='ltr'><strong>incorporalia.</strong></span> <span class='ocrx_word' id='word_1_791' title='bbox 1677 5657 1880 5711; x_wconf 89' lang='lat' dir='ltr'><strong>Alludit</strong></span> <span class='ocrx_word' id='word_1_792' title='bbox 1907 5659 1972 5712; x_wconf 93' lang='lat' dir='ltr'><strong>ad</strong></span> <span class='ocrx_word' id='word_1_793' title='bbox 2001 5658 2257 5728; x_wconf 82' lang='lat' dir='ltr'><strong>hymnum</strong></span> 
     </span>
    </p>
   </div>
   <div class='ocr_carea' id='block_1_109' title="bbox 668 5724 2257 5799">
    <p class='ocr_par' dir='ltr' id='par_1_109' title="bbox 668 5724 2257 5799">
     <span class='ocr_line' id='line_1_115' title="bbox 668 5724 2257 5799; baseline 0.009 -30"><span class='ocrx_word' id='word_1_794' title='bbox 668 5724 830 5799; x_wconf 67' lang='lat' dir='ltr'><strong>trium</strong></span> <span class='ocrx_word' id='word_1_795' title='bbox 877 5735 1180 5799; x_wconf 78' lang='lat' dir='ltr'><strong>puerorum</strong></span> <span class='ocrx_word' id='word_1_796' title='bbox 1207 5724 1341 5799; x_wconf 83' lang='lat' dir='ltr'><strong>Dan.</strong></span> <span class='ocrx_word' id='word_1_797' title='bbox 1377 5727 1430 5788; x_wconf 80' lang='lat'><strong>5,</strong></span> <span class='ocrx_word' id='word_1_798' title='bbox 1471 5727 1629 5799; x_wconf 69' lang='lat' dir='ltr'><strong>juxta</strong></span> <span class='ocrx_word' id='word_1_799' title='bbox 1671 5729 1962 5783; x_wconf 85' lang='lat' dir='ltr'><strong>editionem</strong></span> <span class='ocrx_word' id='word_1_800' title='bbox 2005 5724 2257 5787; x_wconf 75' lang='lat' dir='ltr'><strong>Theodo-</strong></span> 
     </span>
    </p>
   </div>
   <div class='ocr_carea' id='block_1_110' title="bbox 659 5794 2256 5858">
    <p class='ocr_par' dir='ltr' id='par_1_110' title="bbox 659 5794 2256 5858">
     <span class='ocr_line' id='line_1_116' title="bbox 659 5794 2256 5858; baseline 0.012 -19"><span class='ocrx_word' id='word_1_801' title='bbox 659 5794 860 5858; x_wconf 83' lang='lat' dir='ltr'><strong>tionis;</strong></span> <span class='ocrx_word' id='word_1_802' title='bbox 909 5807 1030 5846; x_wconf 89' lang='lat' dir='ltr'><strong>nam</strong></span> <span class='ocrx_word' id='word_1_803' title='bbox 1071 5796 1124 5847; x_wconf 92' lang='lat' dir='ltr'><strong>in</strong></span> <span class='ocrx_word' id='word_1_804' title='bbox 1167 5794 1383 5850; x_wconf 83' lang='lat' dir='ltr'><strong>ltebrao</strong></span> <span class='ocrx_word' id='word_1_805' title='bbox 1423 5794 1527 5853; x_wconf 75' lang='lat' dir='ltr'><strong>nun</strong></span> <span class='ocrx_word' id='word_1_806' title='bbox 1567 5797 1751 5854; x_wconf 86' lang='lat' dir='ltr'><strong>haberi</strong></span> <span class='ocrx_word' id='word_1_807' title='bbox 1793 5811 1938 5856; x_wconf 87' lang='lat' dir='ltr'><strong>recte</strong></span> <span class='ocrx_word' id='word_1_808' title='bbox 1977 5805 2256 5858; x_wconf 87' lang='lat' dir='ltr'><strong>annotavit</strong></span> 
     </span>
    </p>
   </div>
   <div class='ocr_carea' id='block_1_111' title="bbox 657 5857 3588 5959">
    <p class='ocr_par' dir='ltr' id='par_1_111' title="bbox 657 5857 3588 5959">
     <span class='ocr_line' id='line_1_117' title="bbox 657 5857 3588 5959; baseline 0.012 -45"><span class='ocrx_word' id='word_1_809' title='bbox 657 5857 720 5914; x_wconf 86' lang='grc' dir='ltr'><strong>Β.</strong></span> <span class='ocrx_word' id='word_1_810' title='bbox 762 5859 1144 5937; x_wconf 86' lang='lat' dir='ltr'><strong>Hieronymus.</strong></span> <span class='ocrx_word' id='word_1_811' title='bbox 1192 5865 1456 5926; x_wconf 86' lang='lat' dir='ltr'><strong>Eumdem</strong></span> <span class='ocrx_word' id='word_1_812' title='bbox 1493 5869 1657 5926; x_wconf 86' lang='lat' dir='ltr'><strong>etiam</strong></span> <span class='ocrx_word' id='word_1_813' title='bbox 1690 5875 1818 5928; x_wconf 86' lang='lat' dir='ltr'><strong>citat</strong></span> <span class='ocrx_word' id='word_1_814' title='bbox 1858 5857 2253 5948; x_wconf 81' lang='lat' dir='ltr'><strong>exomologesis</strong></span> <span class='ocrx_word' id='word_1_815' title='bbox 2356 5857 3588 5959; x_wconf 44' lang='lat' dir='ltr'><strong>{dial};1136593.}?Bpiiiiiﬁbéiiieiiiiiém</strong></span> 
     </span>
    </p>
   </div>
   <div class='ocr_carea' id='block_1_112' title="bbox 2383 5311 3975 5387">
    <p class='ocr_par' dir='ltr' id='par_1_112' title="bbox 2383 5311 3975 5387">
     <span class='ocr_line' id='line_1_118' title="bbox 2383 5311 3975 5387; baseline 0.009 -23"><span class='ocrx_word' id='word_1_816' title='bbox 2383 5311 2475 5387; x_wconf 74' lang='lat' dir='ltr'><strong>sed</strong></span> <span class='ocrx_word' id='word_1_817' title='bbox 2504 5313 2572 5387; x_wconf 81' lang='lat' dir='ltr'><strong>ab</strong></span> <span class='ocrx_word' id='word_1_818' title='bbox 2598 5313 2749 5387; x_wconf 85' lang='lat' dir='ltr'><strong>initio</strong></span> <span class='ocrx_word' id='word_1_819' title='bbox 2771 5317 3039 5387; x_wconf 85' lang='lat' dir='ltr'><strong>nascentis</strong></span> <span class='ocrx_word' id='word_1_820' title='bbox 3068 5317 3344 5382; x_wconf 78' lang='lat' dir='ltr'><strong>Ecclesia,</strong></span> <span class='ocrx_word' id='word_1_821' title='bbox 3373 5311 3587 5387; x_wconf 82' lang='lat' dir='ltr'><strong>semper</strong></span> <span class='ocrx_word' id='word_1_822' title='bbox 3619 5323 3670 5374; x_wconf 90' lang='lat' dir='ltr'><strong>in</strong></span> <span class='ocrx_word' id='word_1_823' title='bbox 3697 5311 3844 5376; x_wconf 75' lang='grc' dir='ltr'><strong>υἱιιηὶ</strong></span> <span class='ocrx_word' id='word_1_824' title='bbox 3879 5311 3975 5379; x_wconf 65' lang='grc' dir='ltr'><strong>δοί-</strong></span> 
     </span>
    </p>
   </div>
   <div class='ocr_carea' id='block_1_113' title="bbox 2379 5381 3974 5450">
    <p class='ocr_par' dir='ltr' id='par_1_113' title="bbox 2379 5381 3974 5450">
     <span class='ocr_line' id='line_1_119' title="bbox 2379 5381 3974 5450; baseline 0.009 -15"><span class='ocrx_word' id='word_1_825' title='bbox 2379 5381 2659 5439; x_wconf 89' lang='lat' dir='ltr'><strong>lemnitatc</strong></span> <span class='ocrx_word' id='word_1_826' title='bbox 2691 5386 2744 5438; x_wconf 89' lang='lat' dir='ltr'><strong>itt</strong></span> <span class='ocrx_word' id='word_1_827' title='bbox 2775 5388 2944 5441; x_wconf 90' lang='lat' dir='ltr'><strong>sacris</strong></span> <span class='ocrx_word' id='word_1_828' title='bbox 2975 5386 3207 5443; x_wconf 85' lang='lat' dir='ltr'><strong>ﬁdelium</strong></span> <span class='ocrx_word' id='word_1_829' title='bbox 3240 5381 3580 5446; x_wconf 77' lang='lat' dir='ltr'><strong>decantatum</strong></span> <span class='ocrx_word' id='word_1_830' title='bbox 3614 5391 3776 5448; x_wconf 88' lang='lat' dir='ltr'><strong>fuisse</strong></span> <span class='ocrx_word' id='word_1_831' title='bbox 3803 5395 3974 5450; x_wconf 87' lang='lat' dir='ltr'><strong>trium</strong></span> 
     </span>
    </p>
   </div>
   <div class='ocr_carea' id='block_1_114' title="bbox 2377 5455 3970 5530">
    <p class='ocr_par' dir='ltr' id='par_1_114' title="bbox 2377 5455 3970 5530">
     <span class='ocr_line' id='line_1_120' title="bbox 2377 5455 3970 5530; baseline 0.009 -25"><span class='ocrx_word' id='word_1_832' title='bbox 2377 5468 2663 5530; x_wconf 63' lang='lat' dir='ltr'><strong>puerorum</strong></span> <span class='ocrx_word' id='word_1_833' title='bbox 2696 5455 2991 5530; x_wconf 81' lang='lat' dir='ltr'><strong>hymnum,</strong></span> <span class='ocrx_word' id='word_1_834' title='bbox 3031 5464 3296 5515; x_wconf 80' lang='lat' dir='ltr'><strong>testantur</strong></span> <span class='ocrx_word' id='word_1_835' title='bbox 3319 5463 3646 5528; x_wconf 81' lang='lat' dir='ltr'><strong>Augustinus</strong></span> <span class='ocrx_word' id='word_1_836' title='bbox 3676 5480 3842 5518; x_wconf 79' lang='lat' dir='ltr'><strong>serm.</strong></span> <span class='ocrx_word' id='word_1_837' title='bbox 3869 5465 3970 5530; x_wconf 69' lang='lat'><strong>47,</strong></span> 
     </span>
    </p>
   </div>
   <div class='ocr_carea' id='block_1_115' title="bbox 2371 5524 3971 5596">
    <p class='ocr_par' dir='ltr' id='par_1_115' title="bbox 2371 5524 3971 5596">
     <span class='ocr_line' id='line_1_121' title="bbox 2371 5524 3971 5596; baseline 0.009 -19"><span class='ocrx_word' id='word_1_838' title='bbox 2371 5524 2433 5578; x_wconf 87' lang='lat' dir='ltr'><strong>de</strong></span> <span class='ocrx_word' id='word_1_839' title='bbox 2483 5524 2906 5596; x_wconf 40' lang='lat' dir='ltr'><strong>Tempore&#39;(qui</strong></span> <span class='ocrx_word' id='word_1_840' title='bbox 2956 5531 3203 5586; x_wconf 88' lang='lat' dir='ltr'><strong>eumdem</strong></span> <span class='ocrx_word' id='word_1_841' title='bbox 3253 5524 3430 5587; x_wconf 42' lang='lat' dir='ltr'><strong>etiam—</strong></span> <span class='ocrx_word' id='word_1_842' title='bbox 3462 5536 3778 5590; x_wconf 85' lang='lat' dir='ltr'><strong>nominatim</strong></span> <span class='ocrx_word' id='word_1_843' title='bbox 3829 5524 3971 5592; x_wconf 61' lang='lat' dir='ltr'><strong>citat</strong></span> 
     </span>
    </p>
   </div>
   <div class='ocr_carea' id='block_1_116' title="bbox 2370 5597 3968 5726">
    <p class='ocr_par' dir='ltr' id='par_1_116' title="bbox 2370 5597 3968 5726">
     <span class='ocr_line' id='line_1_122' title="bbox 2370 5597 3968 5726; baseline 0.01 -78"><span class='ocrx_word' id='word_1_844' title='bbox 2370 5611 2457 5664; x_wconf 90' lang='lat' dir='ltr'><strong>ep.</strong></span> <span class='ocrx_word' id='word_1_845' title='bbox 2491 5597 2617 5679; x_wconf 62' lang='lat' dir='ltr'><strong>18f},</strong></span> <span class='ocrx_word' id='word_1_846' title='bbox 2673 5599 2736 5650; x_wconf 85' lang='lat' dir='ltr'><strong>de</strong></span> <span class='ocrx_word' id='word_1_847' title='bbox 2772 5597 2982 5669; x_wconf 80' lang='lat' dir='ltr'><strong>Jejunio</strong></span> <span class='ocrx_word' id='word_1_848' title='bbox 3025 5601 3388 5726; x_wconf 24' lang='lat' dir='ltr'><strong>sabbatizaet</strong></span> <span class='ocrx_word' id='word_1_849' title='bbox 3413 5600 3700 5671; x_wconf 79' lang='lat' dir='ltr'><strong>Ruflinus,</strong></span> <span class='ocrx_word' id='word_1_850' title='bbox 3747 5605 3841 5659; x_wconf 88' lang='lat' dir='ltr'><strong>lib.</strong></span> <span class='ocrx_word' id='word_1_851' title='bbox 3881 5606 3968 5674; x_wconf 76' lang='grc'><strong>2.,</strong></span> 
     </span>
     <span class='ocr_line' id='line_1_123' title="bbox 2370 5669 3958 5726; baseline 0.005 -8"><span class='ocrx_word' id='word_1_852' title='bbox 2370 5669 2488 5719; x_wconf 86' lang='lat' dir='ltr'><strong>adv.</strong></span> <span class='ocrx_word' id='word_1_853' title='bbox 2518 5669 2920 5726; x_wconf 82' lang='lat' dir='ltr'><strong>Hieronvmum.</strong></span> <span class='ocrx_word' id='word_1_854' title='bbox 2952 5671 3050 5726; x_wconf 90' lang='lat' dir='ltr'><strong>Cut</strong></span> <span class='ocrx_word' id='word_1_855' title='bbox 3083 5675 3220 5726; x_wconf 82' lang='lat' dir='ltr'><strong>idem</strong></span> <span class='ocrx_word' id='word_1_856' title='bbox 3269 5675 3607 5726; x_wconf 76' lang='lat' dir='ltr'><strong>iterouvmus</strong></span> <span class='ocrx_word' id='word_1_857' title='bbox 3636 5677 3958 5726; x_wconf 78' lang='lat' dir='ltr'><strong>resmmdet-</strong></span> 
     </span>
    </p>
   </div>
   <div class='ocr_carea' id='block_1_117' title="bbox 2367 5669 3959 5747">
    <p class='ocr_par' dir='ltr' id='par_1_117' title="bbox 2367 5669 3959 5747">
     <span class='ocr_line' id='line_1_124' title="bbox 2367 5669 3959 5747; baseline 0.009 -29"><span class='ocrx_word' id='word_1_858' title='bbox 2367 5669 2488 5747; x_wconf 56' lang='lat' dir='ltr'><strong>adv.</strong></span> <span class='ocrx_word' id='word_1_859' title='bbox 2518 5669 2920 5747; x_wconf 79' lang='lat' dir='ltr'><strong>Hieronymum.</strong></span> <span class='ocrx_word' id='word_1_860' title='bbox 2952 5671 3050 5726; x_wconf 91' lang='lat' dir='ltr'><strong>Cui</strong></span> <span class='ocrx_word' id='word_1_861' title='bbox 3083 5674 3220 5728; x_wconf 91' lang='lat' dir='ltr'><strong>idem</strong></span> <span class='ocrx_word' id='word_1_862' title='bbox 3241 5669 3607 5747; x_wconf 77' lang='lat' dir='ltr'><strong>Hieronymus</strong></span> <span class='ocrx_word' id='word_1_863' title='bbox 3636 5669 3959 5746; x_wconf 69' lang='lat' dir='ltr'><strong>respondet,</strong></span> 
     </span>
    </p>
   </div>
   <div class='ocr_carea' id='block_1_118' title="bbox 2363 5738 3968 5816">
    <p class='ocr_par' dir='ltr' id='par_1_118' title="bbox 2363 5738 3968 5816">
     <span class='ocr_line' id='line_1_125' title="bbox 2363 5738 3968 5816; baseline 0.008 -25"><span class='ocrx_word' id='word_1_864' title='bbox 2363 5738 2618 5816; x_wconf 85' lang='lat' dir='ltr'><strong>quidquid</strong></span> <span class='ocrx_word' id='word_1_865' title='bbox 2658 5738 2731 5795; x_wconf 80' lang='lat' dir='ltr'><strong>de</strong></span> <span class='ocrx_word' id='word_1_866' title='bbox 2765 5757 2830 5795; x_wconf 91' lang='lat' dir='ltr'><strong>eo</strong></span> <span class='ocrx_word' id='word_1_867' title='bbox 2869 5748 3159 5816; x_wconf 86' lang='lat' dir='ltr'><strong>scripserat</strong></span> <span class='ocrx_word' id='word_1_868' title='bbox 3209 5760 3304 5800; x_wconf 91' lang='lat' dir='ltr'><strong>sua</strong></span> <span class='ocrx_word' id='word_1_869' title='bbox 3343 5745 3396 5800; x_wconf 92' lang='lat' dir='ltr'><strong>in</strong></span> <span class='ocrx_word' id='word_1_870' title='bbox 3442 5738 3968 5816; x_wconf 48' lang='lat' dir='ltr'><strong>Danielem-praem:-</strong></span> 
     </span>
    </p>
   </div>
   <div class='ocr_carea' id='block_1_119' title="bbox 2358 5811 3960 5947">
    <p class='ocr_par' dir='ltr' id='par_1_119' title="bbox 2358 5811 3960 5947">
     <span class='ocr_line' id='line_1_126' title="bbox 2358 5811 3960 5947; baseline 0.009 -85"><span class='ocrx_word' id='word_1_871' title='bbox 2358 5811 2535 5890; x_wconf 73' lang='lat' dir='ltr'><strong>tione,</strong></span> <span class='ocrx_word' id='word_1_872' title='bbox 2568 5827 2633 5864; x_wconf 82' lang='lat' dir='ltr'><strong>ex</strong></span> <span class='ocrx_word' id='word_1_873' title='bbox 2673 5814 2941 5868; x_wconf 87' lang='lat' dir='ltr'><strong>sententia</strong></span> <span class='ocrx_word' id='word_1_874' title='bbox 2972 5811 3319 5870; x_wconf 67' lang='lat' dir='ltr'><strong>Hebraeorum</strong></span> <span class='ocrx_word' id='word_1_875' title='bbox 3349 5816 3571 5871; x_wconf 79' lang='lat' dir='ltr'><strong>dixisse.</strong></span> <span class='ocrx_word' id='word_1_876' title='bbox 3603 5811 3781 5947; x_wconf 52' lang='lat' dir='ltr'><strong>guid?</strong></span> <span class='ocrx_word' id='word_1_877' title='bbox 3806 5821 3960 5888; x_wconf 88' lang='lat' dir='ltr'><strong>quod</strong></span> 
     </span>
     <span class='ocr_line' id='line_1_127' title="bbox 2358 5881 3960 5947; baseline 0.006 -9"><span class='ocrx_word' id='word_1_878' title='bbox 2358 5885 2497 5938; x_wconf 86' lang='lat' dir='ltr'><strong>Idem</strong></span> <span class='ocrx_word' id='word_1_879' title='bbox 2527 5881 2886 5947; x_wconf 84' lang='lat' dir='ltr'><strong>Hieronymus</strong></span> <span class='ocrx_word' id='word_1_880' title='bbox 2913 5885 3071 5947; x_wconf 78' lang='lat' dir='ltr'><strong>epist.</strong></span> <span class='ocrx_word' id='word_1_881' title='bbox 3094 5887 3164 5945; x_wconf 87' lang='lat' dir='ltr'><strong>ad</strong></span> <span class='ocrx_word' id='word_1_882' title='bbox 3189 5887 3588 5947; x_wconf 85' lang='lat' dir='ltr'><strong>Demetriadem</strong></span> <span class='ocrx_word' id='word_1_883' title='bbox 3654 5905 3685 5947; x_wconf 91' lang='lat' dir='ltr'><strong>e</strong></span> <span class='ocrx_word' id='word_1_884' title='bbox 3713 5888 3960 5947; x_wconf 71' lang='lat' dir='ltr'><strong>Vireini~</strong></span> 
     </span>
    </p>
   </div>
   <div class='ocr_carea' id='block_1_120' title="bbox 3654 5888 3964 5965">
    <p class='ocr_par' dir='ltr' id='par_1_120' title="bbox 3654 5888 3964 5965">
     <span class='ocr_line' id='line_1_128' title="bbox 3654 5888 3964 5965; baseline 0.006 -17"><span class='ocrx_word' id='word_1_885' title='bbox 3654 5905 3685 5948; x_wconf 84' lang='lat' dir='ltr'><strong>e</strong></span> <span class='ocrx_word' id='word_1_886' title='bbox 3713 5888 3964 5965; x_wconf 79' lang='lat' dir='ltr'><strong>Virgini-</strong></span> 
     </span>
    </p>
   </div>
  </div>
