4262 6490
174 356 276 412 257

1247 359 1447 414 LIBER
1490 360 1855 418 ADVERSUS
1893 361 2392 419 HERMOGENEM.

3366 367 3474 424 258

177 487 280 543 quo
311 473 454 527 Deus
480 487 509 526 a
537 473 758 527 materia
792 481 996 527 tantum
1027 473 1281 541 distabat,
1317 485 1373 529 ut
1399 491 1574 546 neque
1603 475 1769 546 adpa-
1800 482 1852 540 Α
1879 477 2139 548 adparere
2180 488 2235 532 et
2279 478 2708 549 adpropinquare
2746 477 3022 534 cessavit?
3065 479 3263 552 Atquin
3301 484 3473 552 magis

179 577 319 621 reret
395 583 566 637 neque
611 567 1067 638 adprOpinquaret
1115 578 1241 623 ante
1289 570 1472 624 mundi
1530 570 1767 625 molitio-

180 661 323 714 nem?
355 662 551 726 Credo,
586 663 951 732 peregrinatus
983 673 1063 718 est
1085 663 1149 718 ad
1182 663 1328 718 illam
1348 663 1417 719 de
1450 664 1756 735 longinquo,

178 765 294 808 cum
326 755 560 824 primum
587 756 637 810 ei
667 755 831 809 voluit
856 755 1112 825 adparere
1136 764 1191 809 et
1215 756 1663 826 adprOpinquare.

753 849 978 905 CAPUT
1045 849 1207 905 XLV.

245 942 314 995 At
355 943 500 995 enim
543 941 817 1012 propheta:
865 950 920 996 et
969 942 1195 1012 apostoli
1271 956 1376 997 non
1424 943 1495 996 ita
1554 942 1776 998 tradunt

180 1034 439 1087 mundum
471 1049 500 1086 a
528 1034 642 1088 Deo
671 1033 890 1100 factum,
922 1043 1216 1105 apparente
1245 1034 1581 1090 solummodo
1606 1045 1660 1090 et
1683 1051 1777 1105 ap-

182 1127 572 1196 pr0pinquaute
605 1127 850 1182 materiae
875 1168 889 1192 ,
934 1127 1022 1197 qui
1056 1142 1152 1182 nec
1182 1129 1460 1182 materiam
1491 1128 1650 1181 ullam
1680 1143 1777 1181 noo

180 1221 539 1286 minaverunt,
565 1221 658 1274 sed
685 1220 858 1289 primo
879 1219 1134 1290 SOphiam
1176 1219 1443 1275 conditam
1470 1220 1670 1273 initium
1697 1217 1774 1290 (1)

182 1313 372 1363 viarum
410 1311 461 1364 in
487 1327 642 1380 opera
665 1311 824 1381 ipsius
875 1310 895 1382 (
925 1310 1104 1374 Prom,
1146 1309 1280 1372 VIII,
1306 1310 1378 1364 22
1408 1310 1426 1380 )
1465 1329 1477 1364 :
1507 1309 1701 1364 dehinc
1724 1320 1778 1364 et

180 1420 461 1458 sermonem
507 1403 772 1474 prolatum
801 1447 815 1466 ,
870 1420 959 1470 per
989 1419 1134 1472 quem
1173 1403 1345 1456 omnia
1382 1407 1518 1472 facta
1546 1412 1662 1456 sunt
1687 1443 1701 1467 ,
1732 1410 1780 1455 et

179 1499 280 1552 sine
304 1515 408 1569 quo
431 1500 620 1568 factum
649 1507 720 1552 est
748 1496 876 1552 nihil
904 1495 1125 1568 (Joan.,
1153 1495 1194 1560 I,
1217 1496 1250 1550 5
1277 1494 1319 1566 ).
1377 1496 1615 1565 Denique
1666 1512 1777 1549 ser-

180 1609 323 1644 mone
350 1593 464 1661 ejus
505 1593 617 1646 caeli
645 1591 932 1660 conﬁrmati
957 1600 1073 1645 sunt
1097 1631 1110 1652 ,
1155 1599 1201 1642 et
1239 1591 1421 1659 spiritu
1460 1591 1620 1660 ipsius
1659 1589 1777 1642 uni-

179 1699 331 1736 versa:
399 1684 605 1737 virtutes
655 1699 828 1737 eorum
877 1680 1022 1753 (Ps.
1082 1680 1344 1744 XXXIII,
1396 1680 1497 1752 6).
1552 1682 1646 1736 llic
1698 1689 1781 1737 est

181 1775 509 1829 Deidextera
538 1784 583 1828 et
627 1792 808 1828 manus
850 1775 1013 1828 amba:
1052 1790 1140 1843 per
1167 1791 1293 1844 quas
1335 1784 1572 1844 operatus
1609 1783 1681 1828 est
1723 1790 1781 1827 ea

1881 583 2142 641 apparere
2173 570 2334 640 erepit
2358 610 2373 634 ,
2414 578 2468 624 et
2507 570 2702 639 ubique
2740 572 3016 626 conveniri
3048 571 3190 628 Deus
3213 613 3230 640 ,
3269 588 3335 629 ex
3367 590 3476 645 quo

1885 659 2057 715 factus
2085 671 2167 716 est
2197 659 2449 716 mundus.
2491 660 2654 717 Vides
2679 677 2808 733 ergo
2845 663 3298 733 quemadmodum
3337 681 3470 737 ope-

1881 759 2090 809 ratione
2119 753 2213 809 Dei
2242 754 2491 810 universa
2543 754 2844 810 consistunt
2877 756 2979 827 (6),
3016 757 3095 827 (a)
3141 757 3364 812 valentia
3391 757 3473 812 fa-

1880 845 2076 900 cientis
2105 855 2325 910 terram,
2367 846 2704 917 intelligentia
2735 849 2973 917 parantis
2999 848 3207 915 orbem,
3234 858 3290 904 et
3319 866 3470 905 sensu

1882 939 2227 995 extendentis
2250 939 2445 996 caelum
2480 958 2494 995 :
2520 956 2626 995 non
2657 940 2961 1011 adparentis
2985 943 3342 1010 solummodo,
3366 961 3468 1001 nec

1895 1031 2392 1102 adprOpinquantis,
2435 1031 2530 1086 sed
2554 1031 2860 1087 adhibentis
2887 1042 3061 1088 tantos
3083 1035 3247 1090 animi
3277 1037 3356 1091 sui
3386 1037 3468 1092 ni-

1881 1139 1994 1191 sus,
2025 1124 2288 1194 sophiam,
2321 1124 2625 1189 valentiam,
2656 1140 2898 1191 sensum,
2948 1141 3287 1195 sermonem,
3318 1129 3476 1199 spiri-

1886 1226 1996 1271 tum
2024 1259 2036 1280 ,
2071 1217 2334 1272 virtutem
2362 1234 2375 1272 :
2402 1233 2521 1288 qua:
2552 1218 2624 1272 illi
2663 1234 2771 1273 non
2825 1230 2980 1275 erant
3021 1220 3102 1293 ('7)
3147 1225 3474 1289 necessaria,

1884 1311 1928 1364 si
1984 1308 2062 1383 (8)
2115 1311 2425 1382 adparendo
2465 1311 2835 1368 tantummodo
2887 1323 2942 1368 et
2996 1314 3479 1388 adprOpinquando

1885 1403 2158 1472 prolectus
2211 1404 2401 1459 fuisset
2452 1403 2554 1476 (9).
2607 1404 2732 1460 Haec
2782 1415 2961 1461 autem
3017 1417 3142 1462 sunt
3206 1409 3281 1483 (ὁ)
3347 1413 3478 1466 invi-

1883 1497 2052 1551 sibilia
2094 1499 2203 1568 ejus
2233 1540 2249 1564 ,
2296 1515 2416 1568 qua:
2461 1500 2753 1555 secundum
2799 1503 3102 1572 apostolum
3157 1505 3220 1558 ab
3271 1506 3478 1560 institu-

1887 1592 2022 1646 tione
2085 1592 2264 1645 mundi
2326 1591 2495 1663 (10)
2574 1593 2641 1648 de
2697 1592 2850 1649 factis
2912 1596 3029 1664 ejus
3097 1600 3482 1667 conspiciuntur

1887 1685 2112 1758 (Ilom.,
2157 1685 2424 1756 11,20),
2475 1702 2580 1742 non
2635 1689 2874 1742 materia:
2940 1691 3122 1744 nescio
3172 1707 3329 1758 quise,
3385 1697 3480 1748 sed

1887 1778 2155 1832 sensualia
2189 1778 2378 1847 ipsius.
2431 1777 2560 1845 Quis
2585 1779 2720 1832 enim
2746 1781 2976 1850 cognovit
3002 1795 3200 1836 sensum
3229 1781 3485 1838 Domini?

179 1884 289 1938 qua:
332 1868 417 1940 (2)
463 1869 671 1922 molitus
723 1877 795 1922 est
823 1868 842 1940 (
870 1866 972 1935 ls.,
1001 1866 1232 1932 XLVIII,
1266 1869 1333 1923 15
1363 1866 1405 1938 ).
1440 1867 1608 1934 Opera
1633 1867 1775 1922 enim
1808 1881 1854 1940 Β
1884 1871 1960 1925 De
1983 1886 2087 1941 quo
2107 1871 2370 1927 exclamat
2401 1871 2516 1941 (Il)
2548 1887 2560 1924 :
2593 1872 2638 1924 0
2679 1873 2988 1942 profundum
3015 1875 3304 1928 divitiarum
3330 1886 3378 1930 et
3397 1894 3484 1931 so-

180 1979 422 2016 manuum
450 1972 693 2026 tuarum,
751 1963 921 2032 inquit
953 2003 967 2026 ,
1010 1961 1124 2016 coeli
1159 1962 1177 2030 (
1212 1961 1304 2015 Ps.
1327 1960 1414 2016 CII
1443 2003 1458 2026 ,
1496 1960 1570 2015 26
1598 1961 1615 2032 )
1643 1977 1656 2024 ;
1691 1978 1780 2030 per

179 2069 303 2122 quas
338 2064 386 2106 et
415 2069 620 2109 mensus
649 2063 723 2106 est
750 2061 935 2106 tcrrant
955 2093 970 2117 ,
1011 2063 1055 2107 et
1084 2052 1255 2122 palmo
1283 2052 1464 2106 ctelum
1513 2052 1596 2123 (5)
1653 2053 1670 2123 (
1704 2051 1781 2107 ls.

181 2148 304 2214 XL,
343 2147 412 2202 I2
441 2147 480 2219 ).
523 2146 638 2202 Noli
691 2147 760 2201 ita
793 2148 870 2217 (4)
918 2147 1027 2201 Deo
1075 2145 1317 2209 adulari,
1363 2153 1420 2199 ut
1467 2145 1601 2200 velis
1632 2145 1782 2199 illum

181 2243 297 2298 solo
324 2242 447 2295 visu
493 2252 545 2295 et
587 2241 706 2296 solo
751 2255 972 2295 accessu
1014 2248 1091 2294 tot
1133 2255 1196 2294 ac
1238 2247 1413 2294 tantas
1459 2239 1785 2295 substantias

184 2334 508 2403 protulisse,
562 2342 615 2388 et
664 2350 769 2390 non
815 2333 1046 2403 propriis
1090 2332 1293 2387 viribus
1341 2333 1652 2388 instituisse.
1696 2332 1786 2388 Sic

188 2427 330 2480 enim
363 2437 418 2480 et
457 2427 722 2481 Jeremias
747 2427 1130 2492 commendat;
1176 2425 1318 2480 Deus
1363 2428 1552 2497 faciens
1600 2436 1787 2480 terrain

180 2520 228 2572 in
256 2520 481 2574 valentia
510 2537 624 2586 sua,
669 2537 856 2589 parans
886 2520 1054 2573 orbem
1085 2518 1422 2589 intelligentia
1447 2536 1541 2572 sua
1570 2561 1581 2579 ,
1617 2529 1663 2571 et
1691 2534 1783 2572 suo

179 2630 328 2667 sensu
345 2614 569 2668 extendit
586 2613 766 2667 caelum
784 2611 861 2683 (5)
879 2611 1118 2683 (Jerem.,
1142 2611 1224 2678 LI,
1251 2613 1336 2675 I5,
1370 2610 1458 2665 Ps.
1485 2610 1670 2677 LXIV,
1699 2611 1779 2681 7).

181 2704 275 2760 Hae
303 2716 429 2759 sunt
458 2706 600 2760 vires
628 2706 762 2774 ejus,
783 2704 1197 2774 quibusenixus,
1224 2703 1509 2758 totumhoc
1525 2703 1779 2757 condidit.

182 2798 353 2868 Major
383 2809 465 2854 cst
492 2799 660 2869 gloria
689 2799 886 2868 ejus.si
907 2799 1182 2853 laboravit.
1211 2798 1449 2868 Denique
1470 2799 1683 2869 septima
1705 2798 1786 2851 die

182 2893 425 2959 requievit
453 2891 516 2944 ab
537 2889 770 2960 aperibus
799 2890 963 2961 (Gen.
980 2890 1142 2962 ",2).
1167 2889 1461 2959 Utrumque
1485 2904 1583 2944 suo
1608 2906 1779 2944 more.

184 2986 292 3038 Aut
317 2985 362 3038 si
404 2983 672 3051 adpareus
710 2981 1050 3036 solummodo
1087 2990 1145 3037 et
1180 2981 1619 3051 adpropinquans
1659 2980 1784 3035 fecit

185 3078 329 3134 hunc
359 3076 619 3133 mundum
649 3117 665 3144 ,
699 3074 956 3146 mtmquid
983 3089 1107 3131 cum
1137 3073 1316 3130 facere
1351 3073 1510 3129 desiit
1537 3115 1550 3140 ,
1593 3089 1779 3129 rursus

1887 1964 2040 2035 p/tlw,
2073 1973 2130 2017 ut
2164 1962 2236 2034 (c)
2263 1963 2577 2017 inventibilia
2591 1963 2796 2032 judicia
2821 1966 2957 2035 ejus,
2982 1975 3027 2019 et
3053 1966 3476 2038 ininvestigabiles

1886 2057 1980 2110 vice
2003 2055 2155 2125 ejus!
2203 2054 2222 2128 (
2248 2054 2402 2110 Rom.
2434 2055 2524 2119 XI,
2556 2056 2626 2111 55
2653 2057 2693 2124 ).
2723 2056 2861 2124 Quid
2892 2057 3006 2112 haec
3033 2059 3202 2128 magis
3245 2061 3482 2129 sapiunt,

1889 2164 2048 2219 quam
2078 2155 2135 2202 ut
2164 2163 2229 2202 ex
2258 2147 2429 2202 nihilo
2459 2149 2640 2203 omnia
2682 2148 2822 2202 facta
2851 2149 3000 2203 sint?
3045 2165 3164 2220 quire
3203 2166 3303 2205 nec
3333 2151 3484 2207 inve-

1891 2240 2006 2293 nire
2033 2254 2131 2294 nec
2163 2238 2472 2309 investigari
2503 2240 2604 2294 nisi
2632 2254 2663 2293 a
2694 2240 2811 2294 solo
2842 2240 2953 2295 Deo
2977 2252 3198 2308 possent
3225 2259 3240 2308 ;
3280 2244 3478 2312 alioqui

1891 2329 2278 2401 investigabilia
2305 2372 2321 2396 ,
2367 2332 2411 2386 si
2447 2346 2511 2386 ex
2543 2332 2766 2385 materia
2793 2339 2920 2386 sunt
2966 2333 3282 2405 investigata
3313 2344 3368 2390 et
3399 2337 3482 2391 in-

1890 2434 2069 2477 venta.
2113 2422 2276 2493 Igitur
2304 2423 2354 2476 in
2395 2432 2652 2492 quantum
2693 2425 2937 2478 constitit
2975 2428 3253 2481 materiam
3286 2427 3486 2484 nullam

1892 2515 2078 2580 fuisse,
2112 2531 2176 2569 ex
2205 2515 2306 2569 hoc
2331 2515 2492 2570 etiam
2524 2515 2669 2585 quod
2698 2531 2799 2572 nec
2831 2517 2992 2571 talem
3025 2527 3298 2587 competat
3323 2520 3487 2575 fuisse

1889 2608 2062 2678 qualis
2108 2607 2397 2672 inducitur,
2451 2608 2505 2662 in
2547 2616 2753 2663 tantum
2797 2609 3055 2679 probatur
3099 2611 3216 2683 (I2)
3242 2613 3422 2666 omnia
3453 2628 3484 2667 a

1893 2702 2001 2756 Deo
2031 2717 2096 2755 ex
2127 2699 2295 2755 nihilo
2323 2698 2482 2767 facta,
2517 2700 2618 2755 nisi
2667 2701 2810 2771 quod
2846 2701 3209 2772 Hermogenes
3237 2703 3485 2758 eumdem

1888 2804 2082 2849 statum
2115 2793 2468 2849 describeudo
2499 2794 2737 2849 materia:
2758 2835 2773 2861 ,
2805 2809 2912 2864 quo
2943 2794 3056 2866 (l3)
3088 2805 3174 2850 est
3227 2796 3373 2866 ipse,
3407 2797 3486 2851 in-

1887 2887 2181 2950 conditum,
2211 2883 2526 2951 confusum,
2558 2885 2947 2952 turbulentum,
2979 2886 3225 2954 ancipitis
3250 2895 3305 2942 et
3344 2902 3482 2956 pra:-

1886 2982 2062 3051 cipitis
2092 2990 2146 3036 et
2182 2979 2370 3035 fervidi
2402 2987 2577 3036 motus
2598 3023 2612 3048 ,
2641 2982 3022 3038 documentum
3055 2981 3171 3054 (14)
3197 2984 3326 3039 artis
3375 2998 3490 3041 sua:

1885 3074 2014 3129 dum
2041 3073 2296 3139 ostendit,
2327 3073 2441 3144 ipse
2469 3087 2529 3129 se
2567 3072 2757 3144 pinxit.

1430 3186 1812 3245 LECTIONES
1849 3185 2260 3244 VARIANTES.

250 3313 323 3374 (1)
347 3310 491 3360 Initia
517 3310 661 3374 Rhea.
687 3305 836 3374 Seml.
859 3307 1054 3374 Oberth.

275 3366 323 3435 '2)
348 3376 513 3438 Atque
539 3373 735 3421 molitus
756 3372 899 3421 Rhen.
926 3368 1076 3438 Seml.
1099 3366 1292 3438 oberth.
1330 3426 1340 3438 Ι
1446 3428 1455 3438 ι
1533 3429 1561 3438 Α.
1640 3428 1649 3438 .

275 3426 326 3493 δ’)
357 3426 567 3488 ahenea.
595 3441 637 3483 et
660 3439 764 3496 post
777 3447 914 3496 eum,
930 3439 980 3482 ut
1001 3429 1168 3489 solent,
1208 3426 1359 3482 Seml.
1400 3428 1592 3480 Obertli.
1633 3428 1794 3479 inver-

185 3495 320 3549 sione
344 3496 506 3558 legunt
528 3510 545 3546 :
572 3497 743 3545 cmlum
772 3505 823 3544 et
847 3495 1004 3558 palmo
1027 3503 1223 3545 terram.

253 3562 304 3622 (4
352 3556 462 3608 non
482 3561 546 3608 ita
570 3559 711 3608 Rlien.
737 3556 884 3608 Seml.

253 3560 326 3684 (ὅ)
350 3622 513 3672 Crelos
533 3622 677 3672 then.
705 3618 854 3672 Seml.
881 3643 884 3661 ι

250 3617 326 3684 (5)
350 3622 513 3672 Crelos
533 3622 677 3672 then.
705 3618 854 3672 Seml.
881 3617 1076 3684 obertlt.

252 3679 328 3744 (δ’)
355 3685 598 3734 l'niversa
621 3686 871 3735 constituit
893 3683 1039 3734 tmen.
1062 3679 1213 3733 Seml.

254 3749 329 3812 (7)
355 3748 516 3798 Erunt
539 3746 685 3798 Rhen.
711 3745 864 3798 Seml.

1986 3301 2035 3360 8)
2063 3301 2129 3365 Ut
2148 3301 2428 3365 apparando
2447 3298 2642 3365 oberth.
2668 3313 2778 3351 eum
2798 3297 2914 3353 iisd.

1986 3366 2036 3426 9)
2063 3363 2238 3414 Abesse
2256 3363 2429 3426 fuisset
2444 3363 2557 3412 vult.
2582 3365 2682 3412 Lat.

1996 3423 2068 3486 Ib)
2097 3426 2171 3474 De
2191 3439 2283 3476 non
2305 3425 2452 3476 inser.
2475 3426 2625 3474 Rlien.
2651 3437 2739 3475 nec
2758 3423 2934 3486 Seml.,
2958 3437 3046 3475 nec
3071 3424 3265 3486 oborta.

1988 3484 2065 3553 11)
2091 3488 2152 3553 ξι
2170 3486 2338 3553 clamat
2364 3501 2374 3534 :
2401 3485 2688 3553 profundum
2709 3502 2722 3547 ;
2749 3484 2900 3537 iidem
2916 3484 3101 3550 pariter
3125 3485 3220 3553 leg.

1991 3547 2061 3601 12)
2092 3547 2560 3599 Probaretur‘s’idem
2581 3555 2748 3600 contra
2763 3547 2944 3601 omnes.

1995 3609 2068 3674 l3)
2093 3609 2174 3661 Al.
2199 3611 2328 3672 quod
2355 3620 2430 3662 est
2459 3616 2583 3674 ipse.

1994 3673 2068 3741 lli)
2093 3674 2415 3726 Documentut
2436 3673 2586 3726 Rhea.
2606 3673 2757 3726 Seml.
2781 3674 2977 3726 obertli.

1547 3845 2108 3906 COMMENTARIUS.

190 3986 302 4030 tate
335 3971 602 4030 servanda
623 4012 638 4036 ,
667 3971 796 4026 citet
821 3985 885 4024 ex
910 3968 1079 4037 ipsius
1107 3965 1295 4038 hymni
1325 3965 1637 4038 prmmissis,
1669 3979 1790 4034 qua

189 4048 452 4102 similiter
483 4044 533 4098 in
559 4043 773 4098 hebraco
799 4059 903 4094 non
930 4035 1213 4102 habentur,
1244 4036 1373 4091 illud
1396 4035 1538 4106 quod
1567 4051 1789 4090 succen-

189 4136 287 4172 sus
319 4119 396 4172 sit
418 4117 558 4188 ignis
585 4114 656 4188 479
682 4133 694 4168 :
725 4113 1050 4188 cubitorum.
1084 4108 1367 4188 Quomon
1385 4108 1542 4188 etiam
1681 4109 1792 4188 Au-

187 4180 472 4260 guStinns',
505 4187 632 4260 illud
660 4201 725 4241 ex
745 4184 988 4260 ejusdem
1017 4181 1295 4260 prooemio:
1331 4180 1593 4260 Quoniam
1617 4180 1796 4246 justus

190 4251 257 4317 Es
287 4263 340 4314 in
372 4257 624 4312 omnibus
652 4251 1374 4328 qute'lecistinobishepist.
1399 4251 1524 4306 122.
1559 4251 1699 4306 Pan.

268 4331 432 4387 CAP.
466 4329 625 4384 XLV.
662 4323 730 4368 5-—
783 4325 859 4399 (a)
899 4325 1132 4380 Valentia
1171 4323 1401 4393 facientis
1444 4334 1663 4384 terram,
1693 4330 1799 4376 etc.

191 4401 497 4458 Hieremias
524 4401 616 4464 5|,
645 4414 804 4454 voces
844 4412 1032 4468 graecae
1069 4405 1194 4450 sunt
1240 4408 1297 4468 τξι
1319 4399 1504 4468 laxo},
1536 4404 1802 4468 recepta,

187 4491 255 4541 τῇ
289 4483 503 4529 «uo-im.
538 4458 640 4525 Pro
669 4458 1459 4541 q:1ibu§tra_nstulit__ethie—et
1485 4458 1645 4541 paulo
1677 4458 1806 4541 post

190 4539 417 4610 auctor,
437 4535 729 4608 volentiam,
749 4541 800 4596 id
825 4550 926 4607 est,
953 4537 1343 4602 fortitudinem,
1373 4535 1804 4606 intelligentiam,

191 4632 452 4689 sensum.
490 4614 672 4689 Pan.“
789 4684 800 4689 Α
1110 4680 1144 4689 ἢ
1301 4677 1312 4689 ,
1629 4677 1720 4689 λ,

276 4685 706 4761 (1ι)ᾼ1ηυὶ811)ἱιὶα
754 4684 896 4751 eius,
947 4690 1053 4761 etc:
1110 4680 1266 4761 P_r_o,r
1300 4677 1581 4761 invisibilia
1628 4677 1724 4761 Dei
1774 4693 1806 4732 a

194 4749 398 4816 mundi
438 4759 712 4813 creatione
741 4749 1004 4811 creaturis
1033 4752 1305 4808 intellecta
1340 4749 1609 4805 videntur.
1643 4750 1802 4805 Rom.

198 4835 224 4888 1
242 4871 256 4885 .
295 4832 381 4889 ιε
404 4830 504 4884 Pu.

279 4902 362 4974 (c)
391 4899 773 4974 Iniiiventibilia
785 4895 988 4968 judicia
1003 4895 1132 4974 ejus,
1159 4903 1206 4948 et
1227 4892 1671 4974 ininuestigabiles,
1693 4900 1798 4972 etc.

195 4965 444 5045 Quando
470 4965 826 5043 pertinaciter
845 4967 1193 5025 consentiunt
1219 4965 1547 5036 exemplaria
1574 4979 1694 5036 quae
1721 4965 1803 5018 vi-

1893 3959 2278 4034 dimusomnia
2304 4002 2317 4026 ,
2349 3960 2582 4034 arbitror
2598 4033 2601 4034 7
2620 3960 3008 4017 ininventibilia
3034 3961 3233 4018 dictum
3272 3966 3497 4034 perinde

1895 4048 1958 4088 ac
1978 4034 2022 4088 si
2054 4032 2202 4088 dicas
2241 4032 2658 4101 iucompetibilia
2682 4073 2696 4097 ,
2753 4048 2945 4102 nempe
2975 4049 3094 4103 quae
3133 4032 3358 4090 inveniri
3392 4053 3492 4093 ne-

1897 4113 2117 4176 queant,
2160 4113 2214 4158 et
2239 4104 2824 4177 cognosciquainlibet
2849 4106 3155 4177 annitamnr
3185 4123 3198 4158 :
3230 4110 3494 4177 quemad-

1902 4175 2118 4232 modum
2149 4183 2201 4230 et
2237 4175 2608 4246 investigabile
2636 4175 2723 4229 hic
2754 4175 3014 4245 signiﬁcat
3043 4219 3056 4237 .
3089 4177 3230 4246 quod
3253 4175 3493 4233 investi-

1941 4248 2014 4302 ari
2045 4263 2148 4300 non
2180 4255 2374 4314 potest.
2429 4245 2735 4301 Meminisse
2774 4257 2956 4300 autem
2994 4245 3255 4303 deluamus
3283 4249 3493 4304 Tertul-

1930 4320 2106 4372 ianuni
2155 4318 2205 4370 in
2254 4317 2544 4372 reddendis
2588 4318 2780 4375 muscis
2825 4316 3194 4374 duriusculum
3244 4336 3384 4375 esse.
3438 4320 3498 4375 Id

1910 4390 2051 4457 quod
2082 4391 2134 4444 in
2165 4388 2531 4456 superioribus
2556 4388 2707 4442 libris
2738 4388 3113 4444 indicavimus.
3158 4389 3287 4445 Erat
3314 4401 3501 4447 autem

1911 4460 2026 4516 haec
2049 4476 2151 4515 vox
2176 4459 2335 4531 vulgo
2375 4459 2616 4514 fortassis
2646 4463 2911 4516 usitatior.
2959 4460 3069 4514 Nos
3092 4462 3196 4516 vim
3217 4463 3375 4531 ει·ωεί
3408 4479 3502 4514 νη-

1911 4532 2088 4589 cabuli
2115 4532 2299 4603 ,quod
2327 4541 2411 4587 est
2439 4538 2772 4603 ἀνεξερευνηται
2798 4532 3141 4587 attendentes
3163 4572 3181 4598 ,
3218 4532 3503 4587 inervibilia

1911 4602 2196 4671 aliquando
2239 4602 2523 4674 legendum
2573 4602 2894 4673 putavimus.
2941 4604 3190 4658 Busn.—
3220 4603 3503 4658 lninuenti-

1911 4675 2032 4754 bilia
2052 4675 2252 4754 judicia
2294 4677 2426 4754 eius,
2471 4685 2575 4731 etc.
2613 4674 3009 4754 Iii_grreeo___est
3035 4680 3378 4754 ἀνεξερςὺνητᾳ
3403 4679 3502 4754 hoc

1911 4755 1994 4802 est
2023 4746 2286 4816 impervia
2309 4755 2363 4801 et
2408 4747 2967 4814 incomprehensibilia
2990 4788 3005 4811 ,
3052 4759 3108 4800 ut
3131 4746 3319 4817 vulgus
3350 4747 3498 4816 legit.

1913 4817 2081 4874 Porro
2123 4833 2311 4887 parum
2351 4817 2573 4872 interest
2602 4818 2646 4871 si
2674 4817 2821 4884 legas
2851 4818 3250 4887 investigahiles
3287 4825 3378 4872 aut
3421 4818 3506 4872 in-

1913 4888 2329 4961 investigabiles,
2359 4900 2643 4961 utrumque
2671 4889 2818 4945 enim
2858 4888 3008 4946 reddi
3034 4897 3211 4961 potest
3233 4903 3297 4946 ex
3323 4903 3505 4960 graeco

1912 4958 2278 5030 ἀνεξιχνιειςτοι.
2311 4958 2389 5016 ιε
2418 4959 2517 5016 PR.

1290 5284 2453 5366 mw
