4262 6490
750 410 855 470 239

2174 405 2632 465 TERTULLIANI

3956 404 4061 463 9.40

1187 706 1565 795 QUINTI
1626 708 2123 781 SEPTIMII
2184 709 2812 783 FLOBENTIS
2873 711 3623 785 TERTULLIANI

1229 880 2294 1029 ADVERSUS
2374 882 3314 1034 MARCIOIV
3335 886 3622 1030 ΕΜ

1772 1104 2227 1214 LIBRI
2299 1104 2397 1232 Q
2424 1104 2801 1233 UINQ
2827 1104 3049 1216 UE.

2220 1338 2589 1392 -οθῡωὲᾶ-ο·

2135 1430 2705 1537 moventium.

1172 1620 1503 1680 SYNUPSIS
1563 1619 1947 1679 HISTORICA.

850 1756 1048 1811 Marcio
1088 1755 1297 1829 Synope
1364 1759 1416 1812 in
1468 1756 1631 1813 Ponto
1674 1768 1823 1812 natus
1878 1766 1949 1812 est
1999 1758 2133 1813 circa
2176 1775 2368 1813 annum

771 1847 1088 1913 CXLVIII,
1168 1850 1447 1920 imperante
1486 1850 1760 1905 Antonino.
1808 1849 1905 1903 llic
1945 1850 2087 1905 initio
2130 1853 2241 1906 vita:
2286 1867 2374 1905 ca-

769 1940 991 1994 stitatem
1045 1957 1153 2011 pra:
1205 1957 1257 1995 se
1317 1944 1481 2012 ferens
1544 1942 1908 1995 monachorum
1960 1942 2192 1995 instituta
2250 1959 2370 2012 pro-

770 2033 931 2103 fessus
956 2041 1063 2095 est,
1098 2042 1305 2101 parente
1356 2043 1504 2087 natus
1547 2032 1809 2086 catholica:
1849 2034 2216 2089 communionis
2261 2036 2369 2103 epi-

765 2138 940 2193 scopo.
998 2122 1205 2188 Postea,
1239 2140 1355 2177 cum
1405 2124 1650 2195 virginem
1712 2126 2018 2190 adamasset,
2064 2142 2122 2179 ea
2178 2127 2369 2182 abusus

769 2224 863 2269 est.
919 2213 996 2270 0b
1037 2218 1168 2268 hunc
1220 2216 1376 2286 igitur
1430 2218 1675 2269 incestum
1718 2216 1946 2269 Ecclesia
1990 2216 2051 2275 ab
2110 2218 2220 2287 ipso
2278 2235 2369 2286 pa-

770 2316 912 2361 rente
953 2308 1129 2377 pulsus
1159 2318 1251 2373 est,
1278 2311 1385 2362 viro
1426 2324 1540 2362 cum
1565 2310 1743 2379 primis
1779 2311 2036 2380 religioso,
2057 2328 2116 2365 ac
2151 2314 2372 2367 veritatis

772 2418 949 2455 amore
984 2401 1403 2473 flagrantissimo,
1440 2412 1487 2456 et
1517 2404 1569 2456 in
1616 2403 1921 2473 episcopalis
1949 2408 2178 2460 muneris
2208 2408 2372 2460 admi-

773 2494 1073 2549 nistratione
1108 2495 1549 2564 prwstantissimo.
1584 2496 1678 2549 Cui
1710 2511 1824 2548 cum
1858 2496 2054 2550 Marcio
2092 2499 2207 2563 diu,
2241 2500 2375 2551 ntul-

779 2597 986 2656 tumque
1014 2590 1370 2658 supplicasset,
1397 2605 1457 2641 ac
1486 2590 1834 2657 paenitentiam
1864 2591 2185 2659 postulasset,
2212 2608 2242 2642 a
2288 2607 2376 2660 pa-

779 2688 853 2732 tre
894 2680 1126 2749 precibus
1152 2680 1307 2733 nullis
1336 2680 1572 2732 obtinuit.
1602 2679 1823 2733 Romam
1857 2682 2023 2751 itaque
2052 2698 2104 2736 se
2129 2684 2370 2750 contulit,

774 2782 821 2826 et
842 2772 1062 2825 seniores
1085 2772 1284 2838 adiens,
1308 2773 1393 2843 qui
1424 2772 1487 2825 ab
1533 2774 1881 2842 apostolorum
1901 2776 2164 2845 discipulis
2187 2778 2369 2844 edocti,

774 2864 946 2919 adhuc
990 2875 1308 2935 supererant,
1360 2874 1415 2918 ut
1465 2866 1516 2918 in
1560 2868 1965 2921 comnmnionem
2002 2871 2370 2935 admitteretur,

779 2958 973 3027 frustra
1003 2956 1165 3025 petiit.
1200 2955 1536 3023 Quamobrem
1558 2959 1910 3013 exstimulatus
1939 2961 2131 3014 invidia
2152 3002 2166 3026 ,
2206 2978 2267 3015 ac
2298 2964 2373 3015 ira

781 3049 1021 3119 percitus,
1049 3048 1151 3102 illis
1180 3049 1307 3103 dixit
1325 3049 1648 3104 :Ecclesiam
1672 3061 1904 3106 vestram
1932 3068 2031 3122 ego
2053 3055 2374 3123 dissociabo,

777 3142 834 3196 in
866 3156 1091 3212 eamque
1118 3140 1350 3196 schisma
1378 3144 1764 3212 sempiternum
1798 3146 2082 3199 immittam
2108 3165 2120 3213 ;
2146 3160 2188 3201 et
2212 3151 2376 3203 disce-

784 3235 929 3302 dens,
953 3221 1020 3287 ad
1046 3235 1337 3304 impostoris
1362 3233 1605 3289 Cerdonis
1630 3238 1859 3289 liwresim
1897 3240 2169 3309 confugere
2195 3242 2245 3295 in
2268 3246 2380 3297 ani-

780 3344 921 3381 mum
948 3326 1144 3380 induxit
1167 3326 1244 3398 (S.
1264 3327 1610 3396 Epiphanius,
1640 3328 1833 3383 ltazres.
1864 3330 1978 3400 4‘2).
1997 3331 2239 3388 Ccrdonis
2268 3338 2378 3391 lucc

790 3427 941 3473 erant
986 3418 1225 3488 dogmata
1254 3434 1272 3472 :
1303 3416 1467 3472 Deum
1508 3420 1631 3488 legis
1671 3420 1984 3475 conditorem
2023 3425 2182 3478 aliunt
2211 3445 2314 3481 esse
2352 3446 2384 3481 a

788 3508 949 3565 Patre
972 3508 1181 3566 Domini
1220 3510 1379 3564 nostri
1404 3508 1437 3563 ,Ι
1446 3527 1531 3564 esu
1560 3508 1779 3578 Christi;
1820 3513 1953 3566 hunc
1978 3514 2161 3570 bonum
2193 3520 2348 3588 fuisse
2366 3563 2380 3587 ,

782 3603 933 3659 illum
962 3602 1391 3671 malutn;Jesum
1427 3605 1681 3659 Christum
1720 3623 1887 3660 veram
1927 3620 2207 3680 nostrceque
2262 3631 2383 3667 caue

787 3696 1175 3751 substantialem
1205 3712 1411 3753 carnem
1442 3714 1540 3750 non
1568 3702 1901 3769 assumpsisse
1928 3742 1941 3767 ,
1975 3720 2063 3757 nec
2098 3706 2161 3758 de
2192 3708 2385 3776 virgine

790 3785 963 3841 Maria
1002 3796 1176 3839 natum
1202 3787 1373 3855 fuisse.
1414 3787 1611 3843 Durtx.

862 3879 1007 3949 Opus
1034 3878 1275 3933 adversus
1303 3876 1616 3934 Marcionem
1664 3883 1979 3951 conscripsit
2005 3884 2383 3953 Tertullianus,

795 3982 1075 4042 postquam
1114 3971 1166 4025 in
1192 3969 1636 4026 Montanistaruut
1688 3989 1926 4030 errorem
1970 3977 2148 4046 lapsus
2176 3990 2257 4035 est
2281 4024 2294 4047 ,
2331 3992 2386 4036 ut

793 4072 1088 4133 apparetex
1110 4062 1213 4117 illis
1231 4062 1408 4117 verbis
1434 4064 1573 4135 (cup.
1596 4063 1789 4129 XXIX,
1815 4066 1901 4121 lib.
1925 4067 2004 4140 l):
2023 4068 2386 4143 Nubendijam

795 4154 975 4209 modus
1002 4154 1227 4225 ponitur,
1258 4152 1531 4209 l’aracleto
1560 4168 1787 4220 auctore,
1817 4175 1973 4213 unum
2003 4162 2055 4214 in
2088 4163 2190 4229 ﬁde
2216 4167 2392 4219 matri-

795 4250 1023 4304 monium
1037 4247 1399 4318 prazscribitur,
1423 4257 1476 4302 et
1500 4248 1624 4303 dum
1641 4266 1795 4304 novas
1817 4253 2111 4321 prop/tetias
2156 4270 2391 4314 comme-

798 4352 993 4405 morat,
1030 4348 1085 4395 et
1113 4342 1181 4396 de
1206 4340 1524 4411 quibusdam
1555 4343 1972 4399 revelationibus
2008 4346 2231 4418 loquens
2256 4353 2392 4405 scri-

797 4434 879 4490 bit
908 4434 1016 4505 (lib.
1046 4432 1137 4500 ιν,
1167 4450 1282 4506 cap.
1313 4433 1407 4506 22)
1439 4454 1451 4490 :
1486 4436 1561 4491 De
1597 4454 1696 4507 quo
1736 4441 1865 4497 inter
1892 4458 1981 4496 nos
2002 4484 2017 4510 ,
2047 4452 2092 4495 et
2126 4446 2391 4515 psgcltieos

801 4526 1012 4597 qua'stio
1056 4534 1163 4590 est;
1210 4540 1329 4595 qua:
1374 4526 1613 4596 profecw
1656 4530 1959 4599 distinctio,
2006 4538 2395 4592 communionis

802 4618 1048 4688 designat
1076 4616 1461 4673 diversitatem.
1490 4619 1613 4675 llaec
1638 4630 1813 4677 tamen
1842 4626 2060 4681 minime
2103 4628 2397 4697 impediunt

801 4711 930 4781 quin
960 4724 1096 4779 Opus
1125 4709 1264 4765 istud
1313 4708 1630 4766 Tertulliani
1686 4716 1941 4783 optimum
1978 4717 2079 4772 dici
2120 4729 2313 4788 queat,
2345 4731 2397 4775 et

808 4802 973 4857 veluti
1010 4802 1292 4857 thesaurus
1322 4804 1637 4873 antiquioris
1666 4805 1963 4878 theologia.
1994 4810 2229 4866 Primum
2258 4828 2392 4883 opu.

805 4894 1013 4950 sculum
1036 4893 1137 4948 hoc
1158 4897 1345 4949 eodem
1372 4895 1438 4951 de
1462 4907 1779 4967 argumento
1805 4912 2135 4969 exararerat,
2160 4903 2255 4959 sed
2276 4921 2399 4960 cur-

810 4988 970 5055 renti,
1002 4997 1056 5041 ut
1083 4986 1263 5052 aiunt,
1288 4990 1513 5052 calamo,
1544 4991 1684 5060 quod
1720 5001 1901 5061 postea
1935 4994 2045 5064 (tib.
2082 4996 2169 5063 IV,
2199 5015 2317 5067 cap.
2345 4997 2396 5071 l)
2426 5044 2475 5102 Β

814 5081 1040 5152 pleniore
1066 5080 1314 5149 positione
1342 5082 1651 5148 resciderat,
1682 5083 1775 5138 scd
1809 5095 1863 5139 et
1906 5085 2042 5141 istud
2069 5090 2253 5158 fraude
2291 5092 2398 5161 fra-

813 5174 903 5228 tris
924 5182 1175 5242 apostata:
1202 5174 1301 5228 sibi
1341 5174 1650 5245 subreptum
1681 5176 1810 5231 dicit
1834 5194 1848 5243 ;
1881 5194 2039 5249 quam
2062 5181 2321 5251 jacturam
2348 5195 2403 5240 ut

811 5272 1117 5334 repararet,
1178 5263 1346 5321 hocce
1391 5268 1603 5322 tertium
1634 5268 1968 5324 elucubravit
2008 5288 2149 5326 anno
2177 5274 2271 5329 XV
2307 5277 2402 5334 Sc-

821 5361 935 5414 vcrt
964 5357 1321 5428 imperatoris,
1353 5374 1383 5413 a
1407 5358 1605 5415 Christi
1633 5362 1792 5417 natali
1816 5361 2017 5419 CCVII.
2052 5364 2293 5423 Lcnpsn.

1107 5511 1351 5569 TOTIUS
1387 5512 1631 5573 OPERIS
1667 5515 2120 5577 CONSPECTL'S.

895 5675 1073 5731 Primo
1102 5676 1278 5744 itaque
1317 5675 1435 5732 loco
1464 5677 1559 5733 Dei
1613 5680 1869 5735 unitatem
1908 5690 1962 5736 et
1989 5683 2405 5754 singularitatem

822 5767 1076 5833 ostendit,
1106 5782 1228 5821 eum
1261 5767 1583 5838 impossibile
1634 5772 1843 5827 evincat
1880 5775 1984 5829 duo
2016 5777 2127 5831 dari
2159 5794 2407 5849 suprema

821 5864 997 5920 entia:
1026 5862 1110 5932 qui
1141 5861 1273 5915 enim
1314 5862 1413 5918 duo
1450 5867 1608 5932 potuit
1645 5868 1938 5941 admittere,
1969 5872 2101 5927 idem
2140 5884 2185 5931 et
2226 5875 2409 5945 plura;

2402 1634 2454 1692 Α
2483 1633 2593 1693 post
2619 1625 2721 1678 duo
2748 1624 2880 1678 enim
2908 1625 3199 1693 multitudo,
3232 1627 3416 1683 unione
3433 1629 3547 1701 jam
3578 1646 3806 1698 excussa,
3837 1648 4077 1689 nummis

2476 1727 2643 1772 autem
2684 1718 2959 1771 divinitatis
2988 1734 3185 1773 summa
3227 1723 3422 1775 ratione
3458 1734 3689 1779 constare
3715 1726 3875 1781 debet.
3908 1726 4079 1783 Porro

2478 1807 2709 1864 Marcion
2735 1852 2750 1876 ,
2786 1818 2843 1864 ut
2874 1808 2995 1863 bina
3023 1826 3117 1865 sua
3160 1811 3462 1870 adstruerct
3525 1819 3779 1888 principia
3803 1862 3817 1886 ,
3860 1820 4076 1876 dicebat

2478 1900 2787 1958 Creatorem
2819 1919 2939 1959 esse
2964 1903 3306 1973 culpandum,
3330 1908 3526 1977 quippe
3553 1910 3639 1978 qui
3668 1912 3929 1967 ntalorum
3961 1928 4081 1967 auc-

2476 2002 2561 2047 tor
2581 1994 2839 2049 diccudus
2867 1994 3024 2059 foret,
3057 1996 3330 2066 inquieute
3357 1999 3632 2069 Scriptura
3652 2002 3751 2073 (Is.
3778 2003 3943 2070 XLV,
3970 2006 4027 2075 Ἰ)
4060 2022 4072 2059 :

2476 2088 2589 2159 Ego
2621 2093 2847 2159 formans
2879 2108 3073 2159 pacem,
3103 2103 3149 2146 et
3173 2107 3351 2149 creans
3379 2099 3589 2150 malum.
3623 2102 3686 2154 At
3716 2098 4082 2157 Tertullianus

2478 2182 2716 2236 ostendit
2767 2183 2989 2253 impium
3046 2202 3183 2253 esse,
3220 2187 3589 2257 blasphemutn
3632 2201 3685 2245 et
3724 2194 4079 2247 temerarimu

2472 2274 2541 2329 de
2574 2274 2681 2330 Deo
2705 2275 2886 2331 dicere
2930 2276 3069 2347 (cap.
3103 2278 3165 2332 Ill
3189 2321 3203 2346 ,
3236 2280 3292 2350 4)
3325 2296 3337 2332 :
3368 2280 3458 2335 Sic
3488 2299 3587 2336 non
3610 2283 3779 2338 debuit
3814 2284 3979 2349 Deus,
4036 2296 4083 2339 et

2474 2367 2546 2419 sic
2564 2368 2725 2435 magis
2743 2367 2935 2421 debuit.
2966 2368 3168 2424 Deinde
3198 2370 3469 2426 Creatoris
3504 2373 3797 2429 bonitatem
3830 2375 4085 2445 patefecit

2479 2457 2531 2512 iu
2558 2460 2808 2513 omnibus
2834 2460 2952 2529 ejus
2982 2463 3235 2531 operibus
3254 2463 3671 2529 elueeseentem,
3696 2482 3758 2521 ac
3781 2470 4081 2537 praesertim

2480 2549 2530 2603 in
2564 2551 2715 2618 primi
2748 2551 2981 2608 hominis
3018 2553 3394 2611 el'formatione
3453 2572 3515 2612 ac
3554 2561 3845 2615 creatione.
3881 2561 4085 2619 Deinde

2477 2641 2670 2697 divin-.u
2698 2643 2918 2711 iustitiae
2962 2644 3015 2698 in
3066 2648 3327 2702 malorum
3374 2651 3652 2718 punitione
3696 2655 4084 2710 necessitatum

2479 2734 2717 2789 ostendit
2750 2776 2763 2798 ,
2798 2737 2863 2790 ad
2892 2738 3062 2790 malos
3092 2739 3422 2794 coercendos
3447 2753 3499 2797 et
3525 2743 3591 2797 ad
3625 2746 3918 2799 avertenda
3953 2762 4084 2817 pec-

2479 2837 2595 2880 cata
2616 2867 2629 2889 ,
2660 2843 2778 2894 qua!
2806 2840 2990 2881 contra
3026 2828 3119 2883 Dei
3182 2832 3489 2886 mandatum
3533 2844 3587 2889 ct
3616 2837 3943 2892 voluntatem
3984 2839 4084 2894 ad-

2406 2914 2452 2972 B
2483 2920 2764 2973 mittunrur
2803 2920 2910 2991 (lib.
2941 2921 3003 2987 ll,
3036 2938 3152 2990 cap.
3198 2924 3285 2994 15)
3323 2944 3335 2978 :
3374 2925 3494 2980 Non
3521 2928 3653 2981 enim
3682 2931 3969 2999 sufficiebat
3995 2934 4083 2987 bo-

2479 3028 2599 3064 num
2620 3029 2707 3079 per
2726 3016 3046 3081 semetipsum
3061 3019 3426 3083 commendari,
3448 3021 3543 3074 nisi
3567 3022 3639 3075 vis
3656 3024 3827 3092 aliqua
3850 3036 4087 3095 prwesset

2483 3104 2710 3169 timendi,
2736 3122 2850 3175 qute
2880 3107 3066 3161 bonum
3097 3110 3249 3163 etiam
3275 3112 3499 3166 nolentes
3532 3125 3807 3183 appeteret,
3838 3128 3884 3171 et
3911 3131 4086 3173 custo-

2484 3198 2591 3251 dire
2619 3199 2916 3268 impelleret.
2952 3201 3196 3255 Ell‘raenis
3228 3203 3387 3272 igitur
3411 3208 3663 3274 peccandi
3701 3210 3921 3265 libertas
3951 3228 4088 3280 pan-

2486 3289 2627 3343 ditur
2660 3292 3072 3359 peccatoribus,
3117 3292 3241 3345 dunt
3294 3295 3398 3350 illis
3444 3297 3582 3351 Deus
3627 3300 3961 3368 proponitur,
3995 3303 4088 3372 qui

2489 3381 2608 3450 igne
2638 3390 2691 3435 et
2727 3390 2924 3436 tartara
2955 3384 3144 3453 punire
3177 3386 3388 3455 nequit,
3419 3398 3472 3440 et
3501 3389 3590 3457 qui
3624 3389 3797 3444 timeri
3840 3408 3946 3447 non
3990 3410 4090 3464 po-

2490 3479 2613 3527 test.
2660 3482 2713 3526 et
2764 3472 2895 3526 nolit
2942 3471 3078 3544 (cap.
3144 3475 3252 3546 l6).
3306 3476 3509 3543 Quanto
3562 3480 3750 3534 malum
3802 3483 4086 3553 injustitia,

2488 3570 2626 3622 tanto
2654 3563 2836 3617 bonum
2858 3566 3103 3634 justitia;
3135 3566 3265 3620 bona
3292 3569 3445 3637 igitur
3473 3572 3739 3636 severitas,
3778 3575 3897 3643 quia
3927 3577 4087 3642 iusta,

2485 3655 2527 3708 si
2554 3656 2709 3709 bonus
2730 3658 2911 3726 judex,
2937 3658 2990 3710 id
3012 3668 3081 3712 est
3121 3660 3312 3729 justus.
3338 3659 3469 3713 Item
3490 3674 3669 3717 cratera
3691 3664 3841 3731 bona,
3867 3685 3960 3737 per
3981 3684 4091 3736 (μαι

2487 3763 2614 3815 Opus
2646 3748 2831 3801 bonum
2862 3750 3019 3802 currit
3050 3750 3193 3804 bona:
3218 3752 3513 3817 severitatis,
3537 3755 3639 3807 sire
3668 3757 3765 3822 ira,
3795 3759 3900 3812 sire
3924 3775 4091 3814 temu-

2491 3839 2634 3907 latio,
2666 3845 2768 3894 sive
2804 3843 3023 3908 servitia,
3058 3844 3150 3898 Dei
3188 3845 3433 3902 Videlicet
3474 3848 3790 3915 volitiones,
3830 3868 3965 3921 quas
3995 3872 4091 3911 nos

2492 3928 2637 3987 hisce
2669 3932 2892 3989 vocibus
2919 3936 3312 4005 signiﬁcamus,
3350 3954 3536 3995 omnes
3564 3951 3745 3997 tamen
3775 3944 4040 4002 humanas
4061 3965 4091 4005 a

2413 4021 2456 4083 C
2494 4022 2602 4077 Deo
2635 4025 2907 4094 passiones
2946 4028 3130 4097 procul
3166 4030 3496 4101 ablegantes.
3543 4034 3673 4089 Cum
3706 4045 3883 4093 tamen
3918 4040 4094 4110 philo-

2493 4116 2645 4185 sophi
2668 4158 2681 4179 ,
2715 4133 3011 4191 eorumque
3054 4132 3350 4178 sectatores
3393 4125 3661 4195 heretici,
3696 4145 3764 4185 ne
3796 4130 3966 4187 Deum
4006 4134 4092 4187 in-

2494 4206 2751 4263 ducerent
2773 4210 2891 4264 sive
2915 4212 3251 4280 passionibus
3273 4214 3586 4282 obnoxium,
3612 4218 3724 4274 sive
3750 4222 4089 4290 mutabilem,

2497 4308 2549 4353 et
2568 4314 2632 4353 ex
2656 4312 3018 4371 consequente
3034 4306 3436 4375 corruptibilem
3459 4318 3513 4363 et
3535 4312 3839 4379 mortalem,
3868 4318 4095 4372 omnino

2496 4392 2860 4449 insensibilem
2918 4397 3187 4466 [iungebant
3233 4399 3367 4470 (cap.
3426 4401 3537 4471 16).
3582 4400 3740 4471 Bene,
3797 4409 4097 4476 reponebat

2498 4486 2878 4555 Tertulliauus,
2903 4491 3037 4560 quod
3065 4491 3470 4548 Christianorum
3499 4504 3607 4561 est,
3647 4500 3799 4553 etiam
3838 4515 4096 4559 mortuum

2498 4576 2662 4632 Deum
2692 4580 2914 4647 credere,
2940 4592 2983 4635 et
3014 4593 3181 4637 tamen
3209 4586 3371 4640 vivere
3392 4587 3445 4640 in
3473 4603 3579 4643 tero
3604 4606 3850 4645 wearum.
3881 4595 4097 4652 Stultis—

2497 4671 2631 4735 siuti,
2666 4672 2752 4741 qui
2782 4674 2844 4726 de
2881 4674 3118 4730 humanis
3147 4677 3316 4730 divina
3344 4679 3644 4747 prcedicant,
3678 4693 3751 4751 ut,
3772 4687 4014 4754 quoniam
4043 4690 4095 4744 in

2501 4764 2701 4818 homine
2717 4769 3050 4837 corruptoriaa
3068 4771 3373 4824 conditionis
3391 4773 3635 4828 habentur
3657 4776 3953 4847 ltujusmodi
3975 4799 4100 4850 pas-

2501 4857 2666 4910 siones
2688 4899 2700 4923 ,
2730 4858 2919 4913 idcirco
2948 4870 2993 4914 et
3032 4862 3085 4913 in
3133 4861 3239 4916 Deo
3278 4864 3503 4934 ejusdem
3532 4877 3692 4922 status
3720 4871 4096 4928 existimentur.

2505 4948 2561 5003 In
2594 4950 2785 5020 quibus
2808 4952 2984 5007 verbis
3016 4962 3236 5023 apparet
3275 4949 3593 5012 Tertulliani
3619 4975 3735 5015 ωνο
3757 4973 4097 5023 constantem

2502 5042 2665 5099 fuisse
2716 5054 2768 5099 et
2802 5054 2970 5099 ratam
2998 5046 3065 5101 de
3095 5048 3292 5103 Christi
3313 5049 3607 5117 divinitate,
3636 5069 3699 5108 ac
3722 5056 3880 5110 trium
3905 5057 4103 5115 Perso-

2507 5154 2692 5191 narum
2712 5140 2910 5201 unitate
2925 5140 3241 5197 doctrinam.
3270 5143 3420 5212 Dein,
3441 5160 3595 5200 suum
3620 5163 3951 5221 prosequens
3979 5170 4101 5211 scr-

2508 5246 2755 5295 utonetn,
2787 5232 2965 5286 subdit
3022 5252 3033 5286 :
3082 5232 3326 5290 Discerne
3376 5236 3746 5309 substantiam,
3797 5252 3845 5297 et
3892 5261 4013 5301 suos
4058 5249 4105 5302 ei

2507 5324 2749 5377 distribue
2767 5341 2943 5378 sensus
2970 5334 3072 5377 tam
3094 5327 3334 5393 diversos,
3364 5344 3522 5395 quam
3546 5331 3839 5388 substantia:
3864 5337 4099 5409 exigunt,

2509 5418 2629 5471 licet
2658 5419 2910 5472 vocabulis
2952 5420 3324 5472 communicare
3348 5422 3632 5477 videantur.
3674 5422 3814 5479 Nam
3852 5438 3900 5483 et
3927 5430 4106 5488 dexte—

2512 5525 2642 5575 ram,
2677 5519 2721 5562 et
2757 5510 2957 5577 oculos,
2987 5520 3035 5564 et
3066 5512 3215 5579 pedes
3246 5509 3341 5565 Dei
3373 5514 3619 5584 legimus;
3646 5533 3746 5571 non
3779 5519 3895 5575 ideo
3933 5532 4108 5580 tamen

2514 5602 2745 5656 lnunanis
2786 5604 3233 5672 comparabuntur,
3274 5606 3391 5674 quia
3428 5606 3492 5659 de
3526 5609 3867 5675 appellatione
3907 5618 4110 5672 socian-

2512 5704 2660 5747 tur...
2689 5692 2841 5748 Prior
2881 5696 3075 5748 bonitas
3105 5695 3199 5751 Dei
3228 5698 3506 5751 secundum
3551 5711 3821 5769 naturam,
3868 5709 4110 5766 severitas

2515 5787 2758 5855 posterior
2784 5788 3059 5840 secundum
3085 5804 3314 5841 caussam
3333 5787 3467 5858 (cap.
3490 5790 3576 5853 13,
3596 5790 3707 5861 Η).
3735 5791 3972 5850 Primum
4008 5800 4111 5871 igi-

2518 5888 2600 5933 tur
2629 5879 2827 5935 malum
2861 5892 3168 5950 peccatum,
3197 5881 3338 5954 quod
3358 5897 3518 5953 pinna
3535 5884 3821 5944 subsecuta
3852 5900 3957 5962 est,
3986 5909 4111 5986 qqn
