4262 6490
177 402 267 459 241

174 611 540 679 rependuntur,
572 620 810 663 atterunt
836 627 926 664 suo
956 611 1156 663 nomine
1184 611 1337 674 bona,
1366 613 1484 680 quia
1520 611 1686 679 justo,
1725 622 1772 664 et

177 702 420 756 bonarum
462 703 768 772 defensoria,
829 713 875 758 et
912 704 1211 758 delictorum
1254 703 1481 771 inimica,
1531 714 1680 773 atque
1722 705 1774 757 in

175 798 268 849 hoc
289 796 470 848 ordine
500 794 609 848 Deo
637 796 815 865 digna.

247 889 316 944 Ut
349 905 479 943 vero
507 890 631 944 mali
660 890 923 958 originem
949 888 1184 959 detegat,
1218 888 1433 944 humani
1476 890 1772 945 libertatem

180 982 389 1036 arbitrii
422 981 701 1036 con~tituit
746 982 1145 1046 Tcrtullianus,
1189 982 1373 1037 dicens
1408 1000 1420 1036 :
1454 981 1520 1036 In
1555 999 1652 1048 quo
1682 984 1776 1036 hoc

178 1074 349 1143 ipsum
376 1074 544 1145 imago
572 1086 618 1127 et
641 1073 923 1127 similitudo
948 1072 1043 1127 Dei
1068 1074 1417 1144 deputaretur,
1448 1075 1645 1127 arbitrii
1674 1076 1746 1128 sci
1757 1104 1774 1114 -

184 1167 300 1219 licet
333 1166 541 1219 libertas
570 1175 616 1217 et
670 1174 907 1234 potestas.
938 1166 1007 1219 At
1053 1165 1228 1234 imago
1257 1180 1471 1235 semper
1500 1176 1581 1219 est
1618 1165 1779 1235 origi-

174 1256 279 1311 nali
308 1256 553 1319 inferior,
582 1265 629 1309 et
650 1272 779 1325 opus
800 1256 1016 1325 inferius
1036 1256 1250 1325 artiﬁce,
1279 1266 1559 1326 propterea
1590 1269 1777 1311 natura

174 1364 266 1403 sua
296 1346 603 1403 del'ectibilc
636 1348 774 1420 (cap.
811 1348 923 1417 10);
944 1358 990 1403 et
1016 1350 1142 1403 sicut
1175 1347 1309 1403 Deus
1330 1348 1522 1401 homini
1547 1349 1661 1402 vita:
1676 1358 1780 1401 sta-

175 1450 280 1494 tum
307 1442 519 1495 induxit
544 1485 558 1508 ,
587 1442 658 1495 ita
689 1446 839 1496 homo
868 1444 1042 1495 mortis
1071 1452 1255 1495 statum
1283 1444 1529 1509 adtraxit,
1558 1453 1610 1497 ct
1641 1443 1779 1497 idem

177 1532 246 1589 de
307 1533 505 1604 angelo
545 1533 867 1600 dicendum;
901 1534 1040 1589 Deus
1064 1534 1207 1588 enim
1238 1534 1484 1604 angelum
1517 1534 1660 1600 fecit,
1690 1535 1780 1605 qui

172 1627 414 1695 seipsuut
487 1628 537 1682 in
580 1628 880 1683 daemonem
938 1628 1307 1682 commutavit.
1355 1626 1425 1681 Et
1468 1627 1570 1681 hoc
1629 1638 1783 1696 paeto

172 1717 538 1787 objectionem
570 1718 751 1784 solvit,
779 1718 845 1772 ad
877 1718 1234 1774 accusandum
1256 1718 1569 1774 Creatorem
1594 1735 1657 1773 ex
1688 1720 1784 1772 bo-

172 1810 336 1865 miuis
370 1820 424 1865 et
457 1811 769 1879 angelorum
801 1810 950 1881 lapsu
980 1810 1315 1881 desumptam
1345 1827 1359 1877 ;
1395 1812 1643 1866 nimirum
1700 1812 1782 1865 vel

1279 403 1409 460 LIB.
1451 404 1467 459 Ι
1523 403 1885 462 ADVERSUS
1924 404 2345 463 MARCIONEM.

177 516 373 569 malum
418 523 536 581 est;
564 524 619 569 at
643 516 867 572 alterius
911 516 1130 587 generis
1160 516 1324 580 mula,
1356 517 1558 571 scilicet
1589 518 1772 586 quibus
1805 518 1851 576 Α

3366 401 3474 461 ω

1960 518 2320 573 Marcionisttc
2383 516 2708 588 objicicliant
2758 531 2974 575 carnem
3012 531 3291 577 assumere
3337 520 3481 575 indic

1878 624 2036 679 gnum
2104 609 2267 665 fuisse
2294 610 2506 665 Christo
2535 626 2651 667 eam
2675 612 2819 667 enim
2844 622 3095 668 terrenam
3120 612 3479 679 substantiam,

1877 704 2178 757 stercoribus
2207 704 2448 773 infertam
2470 745 2483 767 ,
2518 706 2744 759 cloacam
2772 714 2973 759 uterum
3002 706 3212 776 virginis
3239 705 3476 776 appella-

1880 797 2019 861 bant,
2046 809 2092 850 et
2119 807 2297 865 partus
2320 797 2585 851 immunda
2606 808 2653 851 et
2704 798 2942 868 pudenda
2966 806 3232 864 tormenta,
3256 805 3300 851 et
3330 814 3483 865 puer-

1880 891 2006 959 perii
2032 906 2243 957 spurcos
2265 932 2278 953 ,
2311 893 2513 957 noxios,
2548 890 2772 944 ludicros
2793 890 2958 945 exitus
2985 891 3087 945 late
3114 890 3479 959 persequeban-

1879 991 1962 1035 tur
1986 984 2123 1053 (cup.
2150 983 2259 1055 ll).
2290 986 2358 1038 At
2379 983 2493 1039 hare
2517 984 2692 1038 omnia
2718 983 2849 1039 dicit
2874 981 3237 1039 Tertullianus
3258 985 3479 1039 sanctis-

1881 1076 2010 1129 sima
2058 1092 2119 1127 ac
2144 1077 2417 1131 reverenda
2442 1093 2548 1132 esse
2571 1092 2726 1147 opera
2750 1085 2972 1142 natura,
3003 1092 3121 1145 qua:
3146 1086 3321 1133 tamen
3352 1090 3477 1131 cum

1882 1166 2081 1222 Marcio
2107 1167 2319 1239 indigna
2346 1169 2455 1223 Deo
2482 1167 2812 1233 ostenderet,
2838 1167 2971 1222 nihil
2998 1177 3173 1223 tamen
3204 1167 3478 1237 proﬁciet;

1882 1277 2000 1314 nam
2037 1277 2138 1315 non
2164 1262 2259 1316 erit
2286 1262 2547 1332 indignior
2572 1272 2735 1316 morte
2768 1260 3029 1325 nativitas,
3058 1269 3104 1314 et
3130 1276 3279 1314 cruce
3302 1260 3481 1331 infan-

1883 1354 1987 1419 tia,
2022 1362 2067 1407 et
2105 1364 2291 1407 natura
2327 1370 2510 1424 poma,
2548 1362 2595 1408 et
2625 1368 2778 1407 carne
2807 1351 3089 1405 damnatio.
3134 1349 3195 1403 Si
3232 1366 3346 1405 vere
3383 1352 3483 1405 ista

1886 1461 2063 1513 passus
2085 1454 2155 1499 est
2178 1444 2430 1510 Christus,
2458 1446 2626 1498 minus
2656 1444 2683 1513 f
2686 1443 2833 1498 uisset
2871 1444 3013 1497 nasci
3054 1443 3193 1512 (cap.
3222 1441 3339 1512 10).
3366 1440 3487 1497 Cte-

1887 1545 2085 1601 lerum,
2114 1537 2157 1590 si
2178 1537 2245 1590 ad
2285 1547 2476 1590 certum
2503 1545 2783 1604 spectemus
2807 1577 2823 1600 ,
2850 1534 2995 1589 nulla
3020 1535 3303 1591 substantia
3327 1534 3487 1604 digna

1887 1639 1958 1683 est
1981 1646 2134 1699 quant
2178 1628 2317 1683 Deus
2344 1629 2545 1681 induat.
2576 1626 2946 1696 Quodcumque
2984 1625 3208 1680 induerit
3245 1626 3373 1694 ipse,
3406 1625 3486 1679 di-

1887 1737 2039 1791 gnum
2070 1721 2215 1790 facit,
2246 1722 2441 1789 absque
2470 1719 2735 1773 mendacio
2759 1728 2963 1785 tamen;
3010 1728 3057 1772 et
3082 1719 3197 1772 ideo
3220 1718 3368 1787 quale
3411 1726 3487 1772 est

1888 1821 1942 1863 ut
1965 1810 2183 1866 dedecus
2208 1812 2569 1865 existimaverit
2596 1814 2858 1865 veritatem
2881 1810 3049 1880 potius
3097 1826 3253 1878 quam
3277 1810 3486 1863 menda-

171 1902 404 1958 iuscitie
426 1911 481 1957 et
503 1902 835 1973 ignorantiae,
861 1904 903 1957 si
932 1912 1205 1972 peccatum
1231 1904 1505 1973 utriusque
1523 1920 1623 1956 non
1650 1918 1782 1973 prze—
1815 1914 1860 1973 Β
1888 1906 2021 1958 ciunt
2070 1904 2283 1958 carnis?
2327 1904 2551 1971 Verum,
2586 1919 2710 1959 cum
2759 1903 3173 1974 praenuntiatum
3230 1902 3368 1957 foret
3420 1901 3488 1956 de

178 2006 370 2059 novit;
401 1997 488 2053 vel
521 1997 774 2064 malitiae,
806 1997 917 2067 qui,
948 2012 1066 2051 cum
1096 1996 1429 2066 prmvidcrit,
1478 2014 1581 2051 non
1616 1998 1783 2067 impe-

174 2086 328 2141 divit.
361 2087 495 2143 Nam
522 2088 662 2145 Deus
686 2099 743 2145 et
768 2090 923 2158 [idem
950 2098 1005 2143 et
1045 2091 1342 2159 gravitatem
1372 2104 1522 2143 suam
1555 2089 1605 2144 in
1637 2089 1782 2143 omni

176 2195 345 2250 Opere
368 2195 589 2235 servare
611 2179 873 2243 debebat;
901 2181 1238 2235 conservavit
1262 2180 1423 2247 igitur
1445 2196 1600 2250 opus,
1628 2182 1785 2251 quale

176 2271 500 2325 condiderat
527 2313 540 2336 ,
590 2272 640 2327 id
668 2284 747 2327 est
780 2274 946 2329 libero
976 2273 1256 2343 prtcditum
1285 2274 1507 2329 arbitrio
1537 2274 1674 2346 (cap.
1705 2277 1784 2345 7).

180 2363 242 2417 Si
270 2366 407 2417 enim
439 2365 593 2419 semel
625 2365 813 2419 homini
853 2367 1150 2435 permiserat
1178 2366 1376 2420 arbitrii
1430 2367 1705 2421 libertatem
1741 2379 1788 2421 et

182 2465 525 2525 potestatem,
574 2458 745 2527 utique
786 2459 1030 2528 fruendos
1074 2476 1159 2513 eas
1196 2474 1260 2514 ex
1296 2461 1407 2529 ipsa
1455 2460 1789 2517 institutione

184 2549 548 2617 permiserat:
586 2564 742 2620 posse
769 2560 947 2606 autem
976 2566 1199 2621 peccare
1227 2561 1310 2607 est
1342 2552 1496 2622 hujus
1529 2552 1791 2608 libertatis

186 2645 611 2711 consectarium,
636 2643 777 2716 quod
804 2644 944 2701 Deus
968 2646 1206 2714 permisit
1224 2660 1345 2700 cum
1368 2646 1632 2716 adjunctis
1654 2647 1787 2713 suis,

187 2735 430 2805 peccatis
473 2736 679 2791 scilicet
706 2746 761 2793 et
789 2737 1067 2808 suppliciis
1090 2778 1107 2803 ,
1138 2753 1260 2807 quae
1289 2739 1469 2794 omnia
1514 2750 1697 2809 postea
1738 2739 1792 2795 iu

190 2840 302 2882 sine
334 2830 524 2898 gloria:
551 2832 916 2887 ostensionem
946 2832 1232 2887 convertit.

262 2921 460 2977 Postea
510 2922 577 2977 ad
625 2922 833 2979 Messias
900 2925 1211 2980 missionem
1265 2933 1319 2980 et
1366 2924 1791 2982 incarnationem

190 3015 571 3087 progrediens,
600 3017 728 3072 dicit
773 3017 887 3087 (lib.
921 3018 1009 3082 Ill,
1041 3034 1159 3088 cap.
1192 3017 1249 3090 5)
1307 3016 1562 3073 Christum
1604 3035 1703 3072 non
1733 3036 1796 3073 ea:

193 3110 317 3164 solis
348 3110 614 3164 virtutibus
654 3111 960 3166 credendum
996 3112 1175 3183 fuisse,
1208 3112 1302 3167 sed
1333 3128 1399 3167 ex
1431 3114 1640 3182 praiviis
1664 3128 1791 3183 pro-

192 3200 482 3272 phetarum
524 3201 591 3255 de
623 3202 714 3257 illo
755 3205 1054 3271 vaticiniis;
1087 3205 1349 3275 siquidem
1394 3206 1595 3261 dictum
1639 3219 1792 3274 erat,

1893 1996 2141 2061 Christo,
2173 2012 2294 2051 eum
2340 1996 2643 2066 opprobriis
2673 1994 3019 2049 saturandum
3063 2003 3118 2049 et
3171 1991 3487 2048 confusione

1890 2088 2260 2160 Opericndum,
2293 2088 2427 2143 adeo
2459 2098 2515 2143 ut
2546 2086 2745 2142 vermis
2768 2095 3049 2157 appareret
3084 2094 3139 2141 et
3171 2101 3276 2140 non
3303 2084 3485 2149 homo,

1891 2180 2211 2235 erubescere
2238 2178 2519 2249 oportebat
2552 2177 2677 2249 (lib.
2709 2176 2801 2243 IV,
2843 2194 2957 2247 cap.
3000 2176 3090 2247 21)
3116 2217 3129 2239 ,
3162 2186 3213 2229 ut
3241 2175 3488 2230 dedecore

1891 2273 2002 2342 ejus
2030 2273 2168 2326 salus
2198 2281 2372 2326 nostra
2398 2280 2671 2335 constaret;
2702 2281 2747 2326 et
2774 2271 3016 2341 quoniam
3051 2271 3200 2325 homo
3237 2286 3336 2323 non
3364 2286 3488 2324 eru-

1893 2364 2066 2417 buerat
2121 2364 2345 2433 lapidem
2387 2374 2431 2417 et
2464 2364 2661 2433 lignum
2698 2365 2958 2427 adorans,
3000 2363 3175 2415 eadem
3207 2362 3490 2415 constantia

1895 2477 1994 2513 non
2022 2461 2263 2530 confusus
2281 2459 2342 2512 de
2354 2456 2555 2513 Christo
2574 2473 2667 2527 pro
2694 2456 3010 2527 impudentia
3035 2453 3343 2509 idololatria:
3368 2455 3492 2509 satis

1896 2551 2007 2606 Deo
2037 2556 2201 2622 fuerat
2241 2568 2330 2621 per
2361 2550 2729 2621 impudentiam
2758 2549 2898 2619 ﬁdei.
2929 2546 3094 2603 Addit
3129 2556 3314 2603 notum
3366 2562 3481 2601 om-

1894 2646 2053 2700 nibus
2091 2653 2531 2715 compertumque
2585 2641 2771 2706 fuisse,
2802 2641 3078 2697 Christum
3112 2649 3292 2695 uatum
3320 2656 3387 2695 ex
3416 2637 3493 2694 l‘a-

1898 2738 2040 2796 milia
2071 2738 2255 2802 David,
2285 2752 2407 2791 cum
2430 2735 2607 2791 adhuc
2631 2734 2775 2806 apud
2809 2734 3027 2790 Judteos
3059 2734 3289 2789 tribuum
3323 2744 3377 2788 et
3416 2732 3493 2786 fa-

1899 2834 2163 2887 miliarum
2193 2829 2468 2884 distinctio
2494 2826 2984 2894 custodireturUib.
3010 2825 3096 2889 ιγ,
3121 2826 3335 2896 cap.7),
3366 2834 3411 2878 et
3441 2826 3493 2879 in

1899 2941 2053 2979 censu
2094 2923 2419 2993 reperiretur
2454 2920 2691 2989 Augusti,
2734 2936 2881 2991 quem
2926 2928 3100 2972 testem
3140 2917 3493 2986 ﬁdelissimum

1900 3015 2185 3070 Dominica:
2222 3014 2497 3068 nativitatis
2544 3012 2779 3067 Romana
2817 3010 3021 3064 archiva
3076 3009 3387 3063 custodiunt.
3424 3006 3496 3063 Sc

1900 3108 2093 3163 Filium
2127 3107 2358 3160 hominis
2399 3105 2713 3175 appellavit,
2745 3103 2872 3157 dum
2913 3103 3015 3157 sibi
3042 3111 3361 3171 potestatem
3396 3101 3493 3154 tri-

1904 3200 2016 3255 buit
2053 3208 2269 3269 peccata
2298 3195 2623 3261 dimittendi,
2665 3205 2720 3249 ut
2763 3202 3061 3264 patescerct
3109 3208 3293 3248 verum
3330 3192 3495 3247 Deum

194 3295 387 3348 multos
418 3303 673 3361 venturos,
706 3305 754 3349 et
791 3298 937 3367 signa
977 3299 1200 3367 facturos
1221 3340 1235 3363 ,
1269 3308 1314 3349 et
1351 3298 1555 3352 virtutes
1585 3316 1797 3370 magnas
1825 3305 1869 3368 ρ
1903 3293 2061 3348 simul
2102 3306 2242 3357 esse,
2271 3298 2325 3344 et
2365 3287 2635 3343 hominem
2670 3301 2855 3341 verum
2890 3302 2903 3339 :
2935 3300 3092 3353 neque
3126 3284 3259 3338 enim
3295 3283 3498 3336 mentiri

196 3386 448 3448 edituros,
475 3401 565 3439 nec
584 3386 697 3441 ideo
726 3396 891 3441 tamen
917 3388 1273 3443 admittendos.
1306 3388 1405 3443 Ubi
1437 3400 1488 3443 et
1517 3390 1645 3444 illud
1675 3392 1795 3445 ani-

199 3478 491 3534 madvertit
531 3494 561 3531 a
596 3479 870 3549 prophetis
936 3480 1069 3550 (cap.
1106 3479 1161 3551 5)
1199 3481 1317 3535 ideo
1345 3485 1517 3551 futura
1546 3484 1798 3536 interdum

198 3588 294 3641 pro
324 3572 442 3640 jam
476 3572 741 3625 transactis
769 3572 1056 3639 enuntiari,
1087 3573 1209 3642 quia
1238 3572 1377 3641 apud
1409 3573 1571 3627 Deum
1606 3592 1705 3628 non
1735 3575 1798 3628 sit

198 3662 495 3729 cli/ferentia
522 3666 778 3734 temporis,
808 3664 949 3735 apud
976 3680 1122 3734 quem
1149 3666 1452 3735 nuiformem
1472 3676 1657 3720 statum
1679 3678 1803 3721 teut-

199 3771 385 3825 porum
412 3755 586 3824 dirigit
614 3756 887 3820 wternitas,
918 3764 963 3809 et
992 3757 1291 3811 divinationi
1312 3759 1621 3826 prophetica?
1648 3758 1801 3827 fami-

204 3850 333 3903 liare
361 3860 434 3904 est
483 3849 620 3920 quod
658 3851 927 3919 prospicit,
958 3851 1077 3905 dum
1107 3852 1351 3920 prospicit
1366 3852 1482 3921 jam
1508 3852 1691 3919 visunt,
1725 3861 1805 3905 ot-

199 3958 301 4011 quc
344 3944 416 3996 ita
450 3944 563 4013 jam
601 3952 938 4009 expunctum,
989 3944 1043 3996 id
1093 3953 1165 3997 est
1207 3946 1345 3997 οηιηὶ
1387 3944 1537 3997 modo
1574 3947 1805 4014 futurum

205 4038 573 4090 demonstrare.
598 4035 669 4093 Ut
695 4051 823 4092 vero
844 4036 1154 4091 ostenderet
1188 4036 1357 4091 Deum
1415 4050 1600 4089 verum
1626 4036 1800 4093 homi-

204 4144 331 4186 nem
364 4128 553 4196 fuisse,
586 4145 693 4185 non
725 4129 1066 4187 umbratilem
1097 4139 1151 4185 et
1182 4128 1573 4201 phantastieum
1594 4169 1609 4195 ,
1641 4128 1802 4197 dicit,

206 4224 252 4279 si
288 4224 343 4278 in
373 4221 591 4279 Christo
611 4238 717 4279 non
747 4222 939 4279 fuisset
964 4238 1088 4278 vera
1114 4223 1435 4287 humanitas,
1462 4237 1561 4278 nec
1582 4222 1808 4278 creden-

206 4316 333 4371 dam
379 4318 433 4371 in
464 4330 531 4372 eo
567 4332 748 4372 veram
786 4316 1120 4372 divinitatem
1158 4315 1297 4386 (cap.
1342 4313 1399 4385 8)
1438 4332 1451 4369 :
1495 4315 1715 4382 Nam,si
1754 4316 1809 4369 in

207 4407 417 4465 Christo
445 4425 548 4463 non
600 4420 707 4463 erat
751 4409 889 4480 quod
917 4407 1195 4475 videbatur,
1223 4418 1271 4461 et
1300 4406 1434 4477 quod
1460 4416 1567 4461 erat
1595 4408 1807 4461 mentie-

209 4502 384 4567 batur,
419 4516 539 4555 caro
564 4516 653 4555 nec
686 4516 839 4562 caro.
882 4500 1031 4554 homo
1073 4516 1163 4554 nec
1207 4500 1391 4567 homo,
1434 4501 1646 4569 proinde
1673 4499 1811 4554 Deus

210 4593 472 4657 Christus,
500 4610 589 4648 nec
614 4592 774 4648 Deus.
800 4593 902 4649 Cur
922 4595 1176 4648 enimnon
1205 4594 1354 4647 etiam
1387 4591 1481 4647 Dei
1507 4594 1810 4663 phantasma

1905 3395 2069 3456 posset
2100 3383 2335 3440 Christus
2359 3424 2374 3448 ,
2410 3392 2461 3435 nt
2486 3398 2537 3436 se
2570 3378 2767 3434 Filium
2795 3379 3014 3433 hominis
3037 3376 3424 3449 pronuntiaret,
3454 3376 3499 3429 si

1904 3496 2002 3533 non
2028 3495 2140 3532 vere
2168 3487 2308 3539 erat;
2337 3490 2435 3529 nec
2477 3483 2689 3543 peccata
2726 3472 3030 3536 dimittere,
3058 3472 3105 3527 si
3142 3487 3300 3527 verus
3360 3472 3500 3524 Deus

1904 3584 2008 3624 neu
2041 3568 2247 3634 fuisset,
2274 3566 2545 3621 hominem
2577 3564 2801 3634 proinde
2832 3562 3000 3618 fuisse
3028 3563 3175 3616 illum
3209 3577 3366 3633 quem
3398 3560 3501 3615 Da-

1906 3661 2060 3716 nielis
2108 3658 2389 3729 prOphetia
2439 3666 2761 3711 consecutum
2811 3653 3188 3725 praznuntiabat
3226 3651 3501 3723 judicandi

1908 3764 2225 3825 potestatem.
2260 3750 2457 3806 Verum
2493 3748 2559 3804 de
2588 3748 2789 3803 Christi
2826 3762 2995 3818 regno
3024 3747 3251 3816 loquens
3283 3743 3501 3802 Tertul-

1908 3844 2099 3908 lianus,
2134 3842 2472 3912 apertissime
2506 3838 2744 3894 ostendit
2777 3853 2837 3893 se
2868 3837 3235 3893 chiliastarum
3261 3834 3503 3906 opinioni

1908 3936 2220 3999 adhaesisse,
2252 3933 2394 4004 quod
2424 3933 2619 3987 mirum
2652 3946 2757 3985 non
2788 3944 2911 3985 esse
2948 3930 3109 3985 debet
3142 3927 3502 3999 perpendenti

1909 4040 1964 4085 et
1992 4028 2429 4084 Montanistarum
2459 4024 2752 4079 visionibus
2778 4022 2938 4079 ﬁdem
2969 4020 3303 4077 adhibuisse.

1982 4122 2051 4179 Ut
2093 4136 2271 4175 rerum
2296 4120 2609 4175 Creatorem
2652 4124 2970 4172 accusarent
3015 4113 3395 4179 Marcionistte,
3436 4123 3504 4168 eo

1911 4216 2207 4288 praesertim
2254 4213 2540 4269 utebantur
2581 4210 2805 4265 artilicio
2859 4219 2914 4265 et
2954 4206 3102 4274 dolo,
3146 4220 3253 4277 quo
3297 4203 3507 4261 Novum

1912 4308 2313 4363 Testamentum
2341 4302 2522 4358 Veteri
2570 4300 2912 4372 opponebam
2936 4314 2951 4364 ;
2975 4306 3032 4355 et
3068 4298 3111 4353 si
3151 4311 3272 4369 quae
3300 4296 3416 4352 sive
3456 4296 3510 4351 in

1915 4402 2050 4471 lege,
2103 4400 2222 4455 sive
2267 4398 2319 4453 iu
2364 4394 2641 4467 prophetis
2670 4394 2753 4449 vel
2784 4392 2915 4448 dura
2957 4391 3044 4446 vel
3093 4389 3386 4461 abjecliora
3414 4402 3511 4444 oc-

1914 4493 2241 4556 currebant,
2291 4490 2437 4561 parvi
2506 4487 2803 4559 penderent
2858 4494 2913 4541 et
2957 4498 3055 4540 ceu
3093 4480 3514 4553 contemptibilia

1918 4592 2322 4659 exaggerarent.
2358 4587 2427 4638 At
2466 4580 2827 4637 Tertullianus
2875 4578 2965 4633 illa
3012 4576 3121 4632 duo
3168 4575 3513 4630 Testamenta

210 4688 439 4759 portavit
458 4686 484 4740 .’
523 4687 603 4741 Ait
640 4686 844 4741 credam
867 4688 914 4742 ei
940 4686 1003 4740 de
1031 4686 1270 4740 interiore
1294 4661 1604 4752 substantia,
1637 4687 1722 4755 qui
1748 4686 1812 4739 sit
1838 4703 1891 4763 υ
1917 4696 2023 4736 non
2054 4694 2081 4731 a
2113 4676 2328 4732 diverso
2358 4672 2625 4745 prodiisse
2673 4678 2891 4726 auctore
2918 4664 3293 4763 patefaciebat,
3322 4661 3417 4719 sed
3444 4661 3515 4763 ab

210 4784 280 4837 de
298 4782 552 4837 exteriore
569 4780 881 4850 frustratus?
908 4780 1099 4835 Verum
1122 4791 1301 4835 autem
1326 4780 1594 4834 hominem
1627 4779 1809 4842 fuisse,

211 4873 402 4929 omnia
432 4871 718 4927 ostendunt
761 4887 880 4943 quae
908 4872 976 4925 de
1002 4886 1068 4926 eo
1096 4871 1147 4926 iu
1180 4870 1486 4941 Evangeliis
1511 4870 1709 4940 scripta
1734 4870 1814 4926 le-

212 4974 439 5039 guntur.
466 4962 713 5019 videlicet
735 4973 789 5019 et
815 4962 1075 5033 tetigisse,
1099 4972 1153 5017 et
1178 4972 1375 5017 tactum
1399 4963 1467 5017 ab
1487 4961 1607 5016 aliis
1628 4960 1814 5027 fuisse;

211 5061 482 5129 scriptum
507 5067 593 5113 est
614 5058 758 5114 enim
806 5057 1074 5127 tangendo
1101 5058 1342 5112 inﬁrmos
1364 5070 1459 5111 eos
1487 5056 1763 5121 liberasse,
1789 5070 1819 5110 a

213 5152 525 5227 peccatriee
548 5160 715 5206 tactos
746 5149 863 5221 ejus
894 5149 1057 5221 pedes
1086 5164 1149 5205 ac
1200 5150 1412 5219 pertuso
1432 5158 1705 5218 unguento
1726 5145 1821 5201 de-

214 5247 448 5310 lihutos,
476 5258 576 5299 nec
600 5258 706 5299 non
734 5258 973 5314 passum,
1004 5250 1296 5308 mortuum,
1319 5242 1635 5310 etSpiritum
1663 5240 1729 5294 ab
1755 5254 1821 5295 eo

211 5340 507 5402 emissum,
542 5346 598 5393 et
643 5346 763 5408 post
818 5335 1267 5391 resurrectionem
1294 5349 1352 5389 se
1377 5347 1592 5388 carnem
1622 5340 1677 5388 et
1698 5346 1821 5387 ossa

215 5434 429 5490 habere
452 5430 871 5495 demonstrasse,
908 5425 1149 5499 jubeudo
1196 5435 1400 5481 utequ
1434 5418 1717 5495 {angerent
1768 5433 1824 5481 et

215 5527 543 5598 palparent;
574 5522 808 5592 alioquin
831 5562 846 5586 ,
869 5520 915 5576 si
942 5534 1122 5576 veram
1153 5534 1258 5574 non
1289 5517 1561 5573 habuisset
1582 5532 1820 5584 carnem,

216 5635 328 5676 nec
360 5631 554 5688 passus
574 5656 592 5684 ,
625 5630 727 5672 nec
764 5623 1005 5670 mortuus
1038 5612 1253 5677 fuisset,
1287 5620 1570 5682 propterea
1602 5625 1703 5665 nec
1732 5625 1821 5664 re-

218 5713 591 5776 surrexisset;
634 5708 863 5780 proinde
901 5707 1075 5762 inanis
1116 5714 1200 5761 est
1238 5704 1372 5759 lidcs
1402 5713 1605 5765 nostra,
1648 5702 1825 5757 inanis

216 5820 278 5865 et
311 5802 627 5876 praedicatio
652 5801 1049 5875 japostolorum,
1075 5798 1164 5872 qui
1208 5796 1327 5852 falsi
1357 5796 1448 5853 Dei
1479 5804 1640 5853 testes
1676 5796 1824 5852 iuve-

220 5900 497 5956 nlrcntur.

1919 4789 2029 4829 uno
2062 4770 2361 4841 eodemque
2390 4809 2404 4830 ,
2446 4767 2535 4838 qui
2584 4774 2760 4820 tamen
2809 4763 3024 4819 diverso
3060 4775 3121 4816 se
3153 4759 3321 4831 gessit
3349 4754 3513 4812 modo

1917 4866 2066 4937 juxta
2100 4865 2317 4918 humani
2355 4859 2568 4932 generis
2608 4867 2803 4913 statum
2833 4866 2889 4912 et
2916 4853 3301 4910 conditionem.
3333 4848 3517 4906 Primo

1921 4960 2064 5014 enim
2088 4956 2230 5013 Deus
2260 4953 2471 5009 nonnisi
2498 4952 2738 5007 tenuiora
2769 4947 3033 5020 pollicitus
3051 4953 3136 5001 est
3163 4943 3403 5014 pramia,
3426 4955 3519 4996 ve-

1922 5052 2019 5107 luti
2044 5048 2375 5105 arrhabones
2404 5044 2712 5100 sublimium
2757 5041 3063 5097 divitiarum
3089 5079 3105 5103 ,
3137 5050 3271 5108 quas
3298 5034 3400 5089 illis
3427 5047 3519 5088 re-

1923 5142 2175 5199 servavit.
2206 5137 2420 5193 Divitias
2450 5144 2690 5207 praestare
2709 5132 2821 5189 Deo
2850 5148 2952 5187 non
2988 5132 3328 5199 incongruens
3352 5123 3519 5191 dicit,

1926 5254 2016 5308 per
2055 5251 2181 5305 quas
2224 5233 2385 5287 multa
2425 5229 2543 5285 inde
2584 5244 2741 5297 opera
2760 5225 2979 5299 justitite
3017 5233 3066 5277 et
3108 5218 3394 5276 dilectionis
3420 5217 3521 5270 ad-

1926 5329 2301 5389 ministrantur,
2329 5324 2467 5379 sicut
2493 5332 2548 5377 et
2571 5322 2675 5377 alia
2708 5330 2921 5375 terrena
2954 5316 3094 5372 bona
3136 5313 3258 5368 data
3299 5318 3355 5365 et
3398 5322 3524 5379 pro-

1928 5425 2090 5479 missa
2137 5422 2189 5476 in
2214 5419 2393 5474 Veteri
2422 5416 2806 5477 Testamento;
2834 5425 2953 5483 qua:
2994 5424 3100 5464 non
3130 5406 3309 5460 minus
3358 5415 3524 5473 quam

1926 5513 2166 5573 ctelestia
2196 5511 2263 5565 ad
2291 5508 2601 5565 Creatorem
2634 5504 2756 5560 C(Bli
2796 5512 2851 5559 et
2897 5511 3056 5557 terra;
3100 5496 3420 5552 distribuere
3467 5498 3526 5546 et

1930 5607 2144 5679 elargiri
2178 5605 2408 5675 pertinet
2433 5603 2535 5671 (l).
2571 5599 2792 5667 Objecta
2823 5608 3037 5667 quoque
3059 5591 3218 5647 diluit
3241 5588 3526 5679 desumpta

1930 5720 1994 5760 ex
2022 5678 2377 5758 Israelitarum
2407 5695 2570 5757 l'urto,
2600 5692 2742 5763 quod
2771 5692 2824 5746 in
2852 5689 3135 5762 Egyptios
3161 5684 3268 5738 Deo
3292 5678 3523 5749 jubente

1931 5794 2265 5851 commisisse
2295 5790 2540 5846 videntur
2567 5786 2777 5843 Hebraei
2800 5827 2814 5850 ,
2837 5794 2889 5840 et
2912 5783 3011 5837 alia
3044 5795 3109 5835 ex
3133 5782 3525 5849 praeceptorum

1932 5885 2353 5943 contradictione
2382 5882 2697 5953 deprompta
2725 5921 2737 5945 ,
2764 5877 2841 5932 uti
2871 5872 3085 5947 quando
3114 5870 3217 5925 illis
3250 5866 3327 5941 (Ξ)
3365 5866 3499 5924 vetui
