4262 6490
784 394 893 456 265

2214 392 2671 452 TERTULLIANI

3990 395 4101 452 ΣΗ

785 516 957 581 facere
977 513 1359 570 similitudinem
1389 512 1615 569 omnium
1665 528 1780 583 qute
1827 522 1944 567 sunt
1978 512 2032 565 in
2060 511 2221 578 ctelo,
2253 521 2301 565 et
2329 512 2384 566 in
2410 523 2464 581 Α
2490 519 2549 566 ut
2587 510 2791 566 facilius
2823 510 2983 566 homo
3023 510 3092 566 ad
3131 510 3480 582 jejunandum
3514 510 3622 567 Deo
3660 509 4087 579 formaretur...,

786 618 942 669 terra,
972 616 1019 661 et
1050 607 1101 660 in
1129 606 1311 676 aquis,
1348 615 1403 661 et
1441 604 1599 660 simul
1638 604 1796 674 juSsit
1862 613 1919 658 ut
1962 604 2209 675 serpentis
2257 602 2385 657 tenei

786 702 1010 772 efﬁgiem
1038 702 1390 771 efformarent,
1408 708 1456 753 et
1474 697 1744 753 Cherubim
1766 706 1813 750 et
1858 696 2134 765 Seraphim
2151 713 2307 750 aurea
2334 696 2388 751 in

785 811 922 849 arca:
938 796 1215 867 figuratum
1231 794 1514 865 exemplum
1531 792 1635 865 (3),
1661 792 1749 847 ubi
1773 792 1902 847 dicit
1942 792 2199 860 imagines
2220 790 2389 847 solius

792 888 1110 943 idololatria:
1139 901 1327 942 caussa
1371 886 1664 957 prohiberi.
1713 885 1805 941 Sic
1854 896 1909 940 et
1964 886 2168 939 talionis
2225 884 2387 954 legem

788 981 911 1037 idco
959 979 1138 1035 datam
1186 978 1339 1047 dicit,
1396 989 1451 1033 ut
1500 978 1788 1032 commissio
1838 978 2045 1049 injuriae
2085 985 2219 1030 metu
2266 976 2388 1030 vicis

787 1073 961 1127 statim
988 1087 1278 1126 occursuro:
1317 1070 1719 1139 repastinaretur
1740 1111 1755 1136 ,
1784 1079 1831 1125 et
1862 1069 2068 1123 licentia
2092 1068 2387 1123 retributio-

785 1166 864 1219 nis
895 1163 1166 1233 prohibitio
1190 1172 1316 1217 esset
1343 1162 1739 1232 provocationis.

864 1257 1132 1313 Ridebant
1156 1256 1393 1311 haeretici
1419 1264 1474 1309 ct
1500 1254 1925 1325 aspernabantur
1976 1268 2099 1323 qua:
2131 1253 2184 1307 in
2210 1252 2388 1308 Veteri

791 1350 1140 1405 Testamento
1178 1349 1470 1417 abjectiora
1518 1347 1861 1413 videbantur,
1913 1346 2213 1417 cuiusmodi
2260 1357 2387 1403 sunt

786 1451 1009 1497 cruenta
1037 1442 1296 1498 sacriﬁcia
1329 1440 1433 1513 (4),
1474 1441 1791 1495 ablutionum
1819 1441 2091 1511 negotiosa:
2120 1441 2389 1508 scrupulo-

788 1538 961 1589 sitates
1013 1544 1068 1589 et
1097 1534 1339 1589 ciborum
1373 1533 1634 1589 delectus.
1668 1533 1792 1587 [huc
1818 1542 1995 1587 autem
2020 1534 2199 1587 omnia
2223 1550 2251 1587 a
2279 1534 2388 1588 Deo

786 1629 999 1683 fuerunt
1028 1629 1355 1699 praestituta,
1386 1636 1442 1680 ut
1484 1627 1595 1681 istis
1626 1628 1869 1697 legalibus
1897 1628 2179 1696 disciplinis
2206 1644 2387 1681 occur-

786 1726 1010 1780 rentibus
1036 1725 1235 1795 ubique,
1279 1724 1459 1779 neulli
1487 1734 1735 1778 momento
1782 1735 2015 1779 vacarent
2061 1743 2093 1778 a
2142 1724 2233 1778 Dei
2280 1740 2388 1779 res-

791 1828 1104 1890 pectu...:ut
1130 1819 1259 1873 nihil
1280 1818 1342 1873 de
1366 1819 1566 1872 arcanis
1587 1818 1833 1889 attingam
1860 1819 2240 1891 signiﬁcantiis,
2266 1819 2389 1890 legis

2493 602 2879 659 sacriﬁciorum
2906 619 3120 676 quoque
3142 619 3330 668 onera,
3360 614 3414 659 et
3437 604 3835 674 operationum,
3860 614 3913 659 et
3941 604 4098 658 ablu-

2493 698 2698 751 tinnum
2746 698 3055 768 negotiosas
3095 698 3539 767 scrupulositates
3592 712 3753 752 nemo
3804 696 4101 767 reprehen-

2491 787 2689 855 dat...;
2718 789 2811 844 sed
2842 790 2984 843 illam
3018 790 3109 846 Dei
3140 790 3455 845 industriam
3483 791 3677 845 sentiat
3715 806 3815 860 qua
3845 792 4101 862 p0pulum

2492 896 2722 953 pronum
2771 883 2823 936 in
2874 881 3229 937 idololatriam
3270 891 3326 939 et
3398 884 3902 951 transgressionem,
3950 884 4103 953 ejus-

2491 975 2636 1030 modi
2666 974 2856 1029 olliciis
2885 976 3128 1047 religioni
3156 991 3268 1030 sua:
3302 975 3469 1031 voluit
3506 976 3863 1044 adstringere,
3894 974 4096 1046 quibus

2492 1068 2819 1137 superstitio
2848 1068 3029 1123 saeculi
3069 1067 3347 1138 agebatur,
3392 1068 3541 1123 utab
3586 1084 3647 1123 ea
3693 1078 3944 1124 avocaret
3975 1070 4101 1123 illos

2496 1161 2597 1233 (6).
2630 1160 2737 1217 Sed
2768 1162 2819 1217 in
2850 1162 2978 1232 ipsis
3005 1163 3352 1218 commerciis
3380 1164 3503 1217 vita:
3555 1172 3610 1218 et
3670 1164 4101 1218 conversationis

2493 1255 2743 1310 humana:
2788 1254 2934 1311 domi
2960 1270 3024 1310 ac
3054 1256 3186 1310 loris
3212 1298 3225 1321 ,
3257 1254 3324 1310 ad
3350 1271 3519 1325 usque
3542 1270 3726 1311 curam
3755 1256 4098 1309 vasculorum

2492 1348 2831 1404 omnifariam
2881 1349 3165 1418 diSIinxit,
3216 1359 3273 1404 ut
3324 1350 3441 1405 istis
3490 1350 3751 1421 legalibus
3797 1350 4103 1419 disciplinis

2492 1445 2901 1499 occurrentibus
2944 1444 3174 1515 ubique,
3202 1460 3269 1499 nc
3312 1446 3407 1499 ulli
3460 1454 3734 1499 momento
3775 1452 4029 1499 vacarent
4072 1458 4103 1496 a

2494 1536 2589 1592 Dei
2631 1547 2952 1607 respectu...
2988 1536 3067 1590 Ad
3114 1536 3216 1592 hoc
3262 1536 3583 1591 beneﬁcium
3609 1576 3626 1601 ,
3659 1550 3764 1590 non
3797 1550 3933 1589 onus
3966 1534 4103 1603 legis

2491 1629 2856 1699 adjuvandnm
2908 1628 3204 1701 prophetas
3249 1628 3540 1695 ordinavit,
3570 1627 3827 1682 docentes
3879 1627 3989 1680 Deo
4016 1627 4103 1679 di-

2493 1738 2618 1793 gna,
2666 1723 2893 1778 auferre
2939 1722 3212 1792 nequitias
3258 1722 3326 1776 dc
3374 1722 3590 1787 anima,
3635 1720 3917 1789 exquirere
3955 1718 4103 1787 judi-

2494 1816 2684 1879 cium,
2778 1822 2833 1869 et
2912 1824 3128 1876 caetera,
3180 1828 3301 1883 qua:
3342 1812 3618 1883 religionis
3684 1811 3972 1866 essentiam
4049 1820 4105 1865 et

794 1913 1079 1983 spiritualis
1122 1913 1313 1967 scilicet
1355 1924 1401 1967 et
1444 1914 1772 1983 prophett'cw,
1815 1926 1860 1967 et
1907 1914 1959 1967 in
2006 1914 2237 1967 omnibus
2264 1930 2389 1983 pene
2420 1926 2467 1986 Β
2504 1908 2891 1981 perfectionem
2940 1910 2991 1962 in
3061 1908 3257 1961 virtute
3306 1916 3359 1961 et
3404 1905 3559 1959 bouis
3583 1903 3836 1975 operibus
3867 1903 4100 1957 locatam

790 2008 1102 2076 argumentis
1127 2007 1361 2078 ﬁgurata:
1388 2006 1488 2077 (5).
1529 2024 1547 2057 ι
1580 2008 1632 2061 Si
1662 2007 1769 2072 lex,
1792 2007 1998 2069 scribit,
2032 2006 2229 2077 aliquid
2253 2006 2389 2062 cibis

790 2102 1047 2166 detrahit,
1080 2111 1137 2158 et
1172 2100 1444 2157 immunda
1487 2100 1798 2170 pronuntiat
1825 2100 2097 2165 animalia,
2132 2115 2251 2170 quze
2291 2100 2388 2155 ali-

790 2193 1007 2263 quando
1032 2193 1312 2249 benedicta
1342 2202 1507 2259 sunt,
1536 2192 1818 2247 consilium
1858 2192 2174 2247 exercenda:
2205 2192 2382 2247 conti-

793 2288 990 2341 nentiae
1012 2285 1269 2357 intellige,
1290 2295 1342 2341 et
1365 2285 1560 2340 Irzenos
1582 2285 1948 2355 impositosilli
1971 2284 2107 2355 gnlze
2127 2300 2381 2355 agnosce,

786 2394 1073 2449 quae,cum
1116 2393 1305 2447 panem
1351 2377 1535 2433 ederet
1584 2378 1894 2448 angelormn
1952 2391 2300 2443 cucumeres,
2334 2386 2389 2433 et

792 2486 1028 2543 pepones
1073 2470 1446 2543 Egyptiorum
1473 2470 1836 2527 desiderabat.
1878 2473 2123 2542 Agnosce
2150 2471 2391 2526 simulet

787 2565 1080 2620 comitibus
1116 2564 1275 2635 gulae,
1311 2564 1513 2619 libidini
1567 2564 1771 2619 scilicet
1819 2574 1980 2635 atque
2010 2563 2235 2619 luxnria:
2262 2578 2385 2634 pro-

791 2666 1133 2728 spectum...:
1167 2655 1393 2726 proinde
1423 2665 1479 2710 ut
1506 2666 1561 2711 et
1586 2657 1826 2726 pecunia:
1857 2658 2015 2710 ardor
2029 2657 2391 2726 restinguere-

789 2761 876 2808 tur
915 2770 983 2809 ex
1023 2762 1210 2824 parte,
1240 2753 1307 2807 de
1350 2768 1453 2823 qua
1498 2754 1667 2808 victus
1714 2752 2033 2808 necessitate
2086 2759 2385 2815 caussatur,

786 2845 1146 2915 pretiosorum
1185 2847 1424 2903 ciborum
1448 2848 1666 2904 ambitio
1692 2846 1926 2903 detracta
1949 2855 2065 2913 cst;
2092 2855 2385 2917 postremo,

2494 2005 2767 2060 evincunt.
2816 2002 3052 2071 Longius
3107 1999 3449 2071 progreditur
3509 1999 3563 2053 in
3630 1999 3731 2051 hac
3780 1995 4106 2065 exponenda

2492 2096 2735 2152 doctrina
2762 2137 2777 2161 ,
2809 2104 2863 2150 et
2890 2096 2943 2149 in
2974 2094 3091 2163 lege
3122 2101 3443 2161 prmceptam
3479 2090 3669 2159 probat
3692 2089 3973 2143 caritatem
3996 2129 4013 2153 ,
4043 2095 4104 2142 et

2491 2183 2809 2257 Injuriarum
2841 2186 3074 2249 veniam,
3109 2193 3382 2238 reservata
3422 2182 3533 2236 Deo
3570 2180 3826 2245 vindicta,
3860 2194 3980 2248 qua!
4008 2193 4107 2232 ne-

2492 2279 2729 2335 cessaria
2774 2286 2878 2341 est,
2930 2286 2988 2331 ut
3032 2274 3245 2331 scelesti
3298 2274 3545 2327 homines
3593 2272 3644 2325 in
3685 2271 3879 2324 ordine
3928 2270 4107 2324 conti-

2500 2384 2730 2429 neantur
2801 2372 2904 2444 (7).
2947 2369 3111 2426 Addit
3174 2367 3445 2423 Christum
3508 2362 3921 2420 conditionaliter
3965 2380 4104 2417 mmc

2496 2470 2675 2541 fecisse
2712 2467 2914 2522 divortii
2966 2465 3356 2535 prohibitionem
3384 2504 3399 2528 ,
3454 2461 3497 2515 si
3547 2460 3662 2513 ideo
3710 2458 3823 2528 quis
3877 2457 4109 2510 dimittat

2494 2580 2727 2629 uxorem,
2766 2571 2821 2616 ut
2859 2562 3017 2615 aliam
3053 2560 3225 2613 ducat.
3277 2557 3519 2627 Denique
3570 2556 3707 2607 hanc
3748 2552 3887 2607 circa
3937 2550 4101 2603 ﬁdem

2494 2654 2734 2724 regulam
2778 2652 2936 2707 tradit
2966 2650 3045 2721 (8)
3078 2692 3091 2711 .
3139 2649 3269 2703 nihil
3314 2659 3500 2703 temere
3537 2644 3867 2707 credendum,
3916 2651 4105 2696 temere

2495 2765 2648 2819 porro
2674 2747 2849 2813 credi,
2884 2746 3235 2816 quodcumque
3276 2744 3385 2798 sine
3425 2741 3637 2812 originis
3682 2738 3942 2808 agnitione
3983 2750 4101 2787 ere-

2494 2840 2648 2895 ditur.
3707 2830 3927 2885 Lenem
3939 2868 3951 2880 .

791 2963 4110 2989 _______________________________._

1845 3056 2319 3166 LIBER
2391 3052 3028 3164 PRIMUS.

2174 3287 2649 3344 οθιοῶιοορφ

2114 3456 2751 3564 argumentum.

850 3649 979 3705 Cum
1047 3649 1190 3719 prius
1246 3648 1548 3719 apusculum
1584 3663 1733 3704 suum
1761 3662 2030 3704 soveusus
2066 3662 2375 3704 IABCIONEI
2403 3649 2448 3711 C
2551 3644 2640 3701 Vl.
2675 3646 2835 3718 Atque
2858 3644 3009 3711 adeo,
3040 3660 3142 3699 non
3170 3644 3323 3699 modo
3361 3644 3465 3698 duo
3496 3660 3645 3714 pares
3666 3686 3681 3711 ,
3731 3647 3822 3701 sed
3846 3664 3938 3703 nec
3967 3650 4084 3704 dis-

783 3743 1012 3814 pleniore
1054 3750 1228 3811 postea
1273 3742 1636 3809 compositione
1676 3742 1960 3796 rescidisset
1994 3740 2373 3805 Tertullianus,

780 3845 828 3888 et
872 3850 984 3887 eam
1012 3837 1174 3904 frater
1199 3831 1407 3903 quidam
1435 3832 1617 3885 deinde
1645 3841 1885 3901 apostata
1932 3832 2375 3887 mendosissimum

779 3926 1109 3991 exhibuisset,
1156 3925 1425 3978 necessitas
1482 3924 1560 3979 illi
1606 3929 1745 3996 facta
1790 3934 1863 3978 est
1911 3924 2296 3989 emendationis,
2329 3931 2377 3977 et

773 4020 1115 4074 innovationis
1159 4019 1355 4073 occasio
1398 4019 1595 4090 aliquid
1636 4020 1860 4091 adjicere
1900 4020 2185 4091 persuasit;
2242 4020 2377 4073 unde

774 4113 829 4166 in
859 4114 1079 4182 quinque
1105 4112 1260 4167 libros
1285 4128 1412 4181 opus
1433 4112 1571 4167 istud
1600 4114 1839 4177 excrevit,
1870 4129 2084 4183 quorum
2112 4112 2265 4184 primi
2301 4111 2369 4164 li-

774 4206 853 4259 bri
877 4216 1227 4277 argumentum
1252 4208 1333 4260 hic
1355 4208 1560 4265 damus.
2349 4212 2355 4217 ’

846 4297 888 4353 l.
939 4298 1003 4352 In
1028 4299 1205 4369 primis
1231 4302 1400 4368 itaque
1448 4308 1559 4369 post
1606 4299 1904 4354 invectivam
1942 4299 2015 4352 in'
2052 4297 2368 4353 Marcionem

778 4389 1070 4453 Ponticum,
1100 4392 1239 4462 quod
1284 4391 1487 4460 nuptias
1514 4391 1795 4458 abstulerit,
1825 4390 2107 4462 Evangelia
2136 4408 2368 4445 corrose-

775 4484 865 4549 ril,
889 4493 939 4537 et
961 4481 1128 4537 Deum
1153 4498 1301 4553 quem
1329 4483 1606 4549 invenerat,
1636 4484 1855 4537 extincto
1884 4484 2073 4538 lumine
2097 4483 2218 4550 fidei
2244 4484 2368 4537 mni-

772 4577 927 4640 serit;
944 4578 1057 4649 jam
1088 4576 1446 4629 destinandum
1474 4576 1766 4631 htereticum
1795 4576 1975 4641 docet;
1999 4578 2139 4647 quia,
2173 4577 2368 4631 deserto

767 4668 905 4739 quod
933 4669 1072 4737 prius
1120 4671 1291 4739 fuerat
1316 4708 1331 4735 ,
1360 4667 1413 4721 id
1446 4677 1619 4738 postea
1674 4668 1770 4722 sibi
1806 4668 2008 4739 elegerit
2051 4668 2188 4738 quod
2230 4679 2367 4723 retro

769 4774 874 4812 non
899 4770 1044 4823 erat;
1074 4760 1224 4813 sicuti
1262 4760 1414 4813 latius
1443 4760 1571 4815 libro
1601 4777 1667 4816 ne
1702 4775 2222 4818 ementertoumvs
2264 4779 2360 4818 Αυ-

764 4866 967 4909 vensus
992 4868 1303 4910 ιυειιετιςοε
1328 4855 1643 4910 sustinuerit.

840 4945 901 5001 II.
928 4944 1146 5015 Deinde,
1176 4947 1303 5001 duos
1331 4948 1451 5003 deos
1483 4948 1628 5002 illum
1654 4949 1929 5015 adtulisse;
1959 4947 2276 5015 Creatorem,
2306 4949 2362 5005 id

767 5049 844 5096 est
868 5048 1199 5108 nostrum;et
1224 5057 1375 5101 suum
1399 5058 1459 5096 ac
1498 5042 1729 5099 cerdonis
1766 5044 2113 5115 informatoris
2152 5048 2233 5102 sui
2253 5065 2272 5114 ;
2298 5048 2355 5102 il-

763 5134 871 5187 lum
897 5132 1109 5200 malum,
1141 5134 1295 5205 hujus
1322 5151 1438 5190 vero
1467 5135 1677 5190 bonum.

831 5223 917 5279 III.
955 5222 1164 5290 Verum,
1199 5224 1543 5281 Christianam
1562 5230 1829 5283 veritatem
1867 5228 2096 5285 districte
2121 5247 2354 5301 pronun-

766 5317 919 5373 tiasse
943 5333 962 5368 :
991 5316 1176 5383 Deum,
1206 5319 1250 5373 si
1272 5336 1404 5375 unus
1426 5336 1529 5375 non
1566 5322 1653 5385 sit,
1681 5338 1783 5377 non
1806 5339 1934 5389 esse,
1966 5340 2024 5379 eo
2048 5326 2187 5396 quod
2209 5341 2352 5380 sum-

755 5424 871 5463 mus
898 5425 1111 5480 magnus
1136 5412 1222 5472 sit,
1248 5411 1331 5464 cui
1354 5411 1485 5465 nihil
1505 5414 1768 5482 adaquari
1792 5415 1970 5485 possit.

826 5498 919 5556 IV.
953 5498 1075 5555 Non
1096 5517 1247 5573 posse
1265 5502 1417 5557 etiam
1453 5504 1554 5560 duo
1580 5522 1777 5562 summa
1801 5524 1988 5580 magna
2008 5550 2024 5577 ,
2058 5509 2208 5565 etiam
2238 5510 2349 5565 dis-

755 5593 914 5649 tincta
933 5593 1038 5647 suis
1068 5595 1255 5663 ﬁnibus
1280 5598 1574 5653 consistere.

826 5685 892 5741 V.
921 5685 983 5742 Si
1002 5687 1137 5741 enim
1164 5687 1266 5741 duo
1291 5692 1491 5744 summa
1533 5708 1741 5763 magna,
1766 5694 1917 5748 etiam
1949 5694 2100 5766 plura
2141 5696 2346 5751 admitti

751 5780 947 5841 debere,
978 5795 1094 5832 cum
1132 5777 1423 5847 Valentino,
1456 5785 1543 5853 qui
1571 5802 1725 5855 usque
1772 5786 1841 5841 ad
1885 5788 2098 5858 triginta
2136 5806 2344 5844 wonum

748 5873 918 5942 fletus,
943 5887 1155 5926 examen
1182 5872 1460 5931 divinitatis
1489 5874 1687 5944 eludit.

2387 4812 2441 4873 D

2486 3755 2634 3809 pares
2664 3738 2786 3793 deos
2816 3754 2963 3804 posse
2984 3736 3243 3791 constitui.

2558 3832 2667 3887 VII.
2702 3831 2883 3901 Neque
2907 3847 3025 3885 vero
3079 3830 3158 3885 illi
3205 3831 3519 3902 patrocinnri
3546 3848 3729 3887 nomen
3758 3830 3857 3887 Dei
3881 3876 3898 3899 ,
3928 3836 4083 3897 etiam

2481 3926 2598 3979 aliis
2622 3926 2922 3995 permissum
2951 3927 3003 3979 in
3028 3922 3313 3993 Scripturis
3332 3942 3351 3992 ;
3371 3925 3490 3996 quia
3509 3926 3699 3981 idcirco
3726 3927 3796 3982 eis
3820 3944 3921 3983 non
3942 3946 4083 3984 cont-

2481 4019 2603 4088 petit
2634 4018 2882 4085 possessio
2904 4017 3086 4071 summi
3115 4018 3309 4088 magni.

2553 4108 2685 4163 \‘lll.
2717 4108 2879 4163 Porro
2898 4109 3111 4163 Ineresin
3135 4106 3587 4163 Marcionistarum
3618 4111 3696 4165 vel
3716 4112 3834 4166 inde
3844 4116 4077 4184 probari,

2475 4203 2610 4274 quod
2640 4218 2823 4257 novum
2860 4200 3037 4257 Deum
3066 4201 3289 4277 faciant,
3322 4218 3440 4257 cum
3478 4219 3626 4259 verus
3668 4202 3809 4261 Deus
3850 4219 4073 4265 teternus

2473 4297 2559 4349 sit.

2542 4388 2633 4445 IX.
2668 4389 2863 4461 quue,
2898 4391 3095 4446 etiamsi
3139 4392 3307 4447 solum
3336 4394 3593 4465 agnitione
3616 4411 3804 4449 novum
3854 4396 4071 4467 dicant,

2469 4483 2605 4554 quod
2636 4483 2772 4539 Deus
2795 4485 3001 4557 ignotus
3026 4501 3135 4540 esse
3161 4502 3263 4540 non
3290 4487 3531 4558 potuerit,
3563 4504 3723 4558 neque
3744 4489 3992 4545 incertus.

2542 4574 2609 4630 X.
2644 4574 2751 4629 Sed
2775 4592 2807 4630 a
2838 4576 3121 4645 primordio
3150 4593 3349 4649 semper
3395 4580 3635 4650 agnitus;
3689 4580 3875 4651 quippe
3919 4598 4071 4651 quem

2472 4667 2643 4720 anima
2668 4677 2715 4723 et
2742 4669 3066 4735 conscientia,
3096 4671 3247 4725 etiam
3275 4670 3497 4738 ethnica,
3523 4674 3739 4726 noverit.

2541 4758 2635 4815 XI.
2683 4760 2931 4828 Proinde,
2975 4778 3091 4816 cum
3140 4761 3243 4818 Dei
3282 4765 3384 4819 sint
3410 4765 3601 4832 omnia,
3630 4766 3677 4821 si
3698 4766 3829 4821 nihil
3851 4771 4064 4838 creavit,

2466 4855 2617 4911 deum
2644 4872 2744 4909 non
2764 4872 2871 4911 esse
2896 4873 3045 4929 quem
3068 4856 3302 4913 Marcion
3324 4860 3523 4913 statuit.

2536 4948 2652 5003 Xll.
2685 4949 2753 5004 Ut
2780 4958 2949 5007 autem
2972 4951 3121 5006 illum
3166 4953 3320 5007 deum
3347 4968 3456 5007 esse
3482 4954 3715 5022 conﬁteri
3758 4972 4060 5028 possemus,

2461 5042 2571 5097 sine
2594 5060 2774 5099 caussa
2800 5053 2967 5098 tamen
2996 5062 3105 5101 esse
3122 5062 3237 5100 eum
3262 5046 3555 5103 deberemus
3581 5052 3945 5119 argumentari,
3972 5056 4062 5123 qui

2460 5152 2567 5191 rem
2586 5153 2686 5191 non
2710 5138 2943 5207 haberet,
2960 5156 3074 5193 cum
3096 5155 3177 5195 res
3202 5154 3384 5195 caussa
3412 5141 3477 5194 sit
3504 5150 3559 5195 ut
3579 5142 3643 5196 sit
3666 5142 3882 5211 aliquid.

2531 5228 2671 5285 XIII.
2700 5228 2880 5302 Neque
2897 5247 3012 5285 vero
3038 5248 3165 5302 opus
3189 5248 3298 5287 esse
3326 5248 3509 5303 parum
3534 5234 3746 5306 dignum
3771 5235 3881 5289 Deo
3911 5253 4059 5293 mun-

2459 5321 2621 5386 dum;
2649 5324 2774 5392 ipsis
2799 5323 3095 5379 testimoniis
3123 5324 3543 5396 philosophorum
3566 5326 3763 5396 probat.

2529 5416 2669 5472 XIV.
2705 5415 2818 5472 lmo
2852 5418 3003 5472 etiam
3047 5418 3323 5473 minutiora
3366 5419 3615 5474 animalia
3639 5429 3727 5472 aut
3756 5420 3939 5491 juvare
3963 5434 4056 5478 aut

2460 5508 2675 5573 laedere;
2700 5518 2747 5563 et
2775 5525 2866 5564 nec
2924 5525 3110 5581 aquam
3153 5509 3249 5563 Dei
3295 5512 3536 5567 creatoris
3580 5512 3840 5583 reprobari
3882 5531 3914 5567 a
3956 5518 4055 5571 deo

2456 5600 2737 5657 Marcionis
2760 5644 2776 5669 ,
2808 5618 2908 5673 qua
2933 5618 3052 5657 suos
3089 5601 3249 5657 abluit
3281 5620 3294 5655 :
3320 5619 3409 5657 nec
3436 5604 3605 5660 oleum
3628 5644 3644 5673 ,
3666 5620 3767 5676 quo
3793 5622 3913 5661 suos
3943 5623 4050 5662 tm-

2452 5696 2559 5766 guit
2585 5714 2598 5749 :
2629 5711 2719 5749 nec
2745 5711 2956 5762 panem,
2988 5712 3086 5766 quo
3108 5697 3275 5765 ipsum
3299 5712 3483 5767 corpus
3520 5713 3669 5751 suum
3708 5711 4051 5769 repra'sentat

2450 5788 2571 5860 (hoc
2597 5796 2670 5841 est
2698 5802 2917 5855 praesens
2939 5789 3181 5853 ostendit)
3204 5789 3256 5841 in
3285 5789 3639 5843 sacramentis.

2522 5878 2637 5936 XV.
2671 5879 2863 5933 Deinde
2916 5880 3078 5946 addit,
3135 5881 3231 5935 deo
3280 5881 3560 5936 Marcionis
3606 5897 3705 5937 non
3736 5898 3846 5937 esse
3889 5900 4046 5941 suum
