4262 6490
235 407 350 466 245

1341 403 1470 458 LIB.
1510 403 1529 458 I
1571 395 1935 458 ADVERSUS
1972 397 2398 457 MARCIONEM.

3434 399 3542 458 246

235 524 421 579 emtum
444 532 493 578 et
516 524 761 578 mundum
780 521 869 593 (de
881 537 978 593 quo
1008 520 1158 575 latius
1181 519 1318 590 infra
1347 518 1435 573 lib.
1464 517 1552 588 V),
1577 526 1683 571 tum
1705 515 1840 586 quod
1867 515 1921 573 Λ
2018 516 2184 573 XXV.
2216 517 2465 583 Proinde,
2503 516 2666 573 Deum
2694 534 2797 573 non
2821 518 2933 573 sola
2960 517 3184 573 bonitate
3209 517 3537 574 censendum.

236 618 313 671 ad
338 618 713 688 quindecimum
759 633 918 684 usque
947 614 1123 670 Severi
1152 612 1477 683 imperatoris
1501 628 1692 665 annum
1719 610 1841 681 (quo

240 709 354 764 hcec
382 710 648 778 scripsisse
686 724 740 762 se
775 717 956 762 auctor
993 706 1205 777 indicat)
1232 705 1377 759 nulla
1405 705 1523 758 talis
1551 702 1841 757 substantia

236 809 502 872 comperta
531 802 619 865 sit,
643 809 750 853 tum
787 798 923 867 quod
966 798 1159 869 alioqui
1199 813 1379 852 novem
1420 798 1541 850 deos
1579 795 1843 866 assignare

236 896 527 952 censebitur
559 892 814 947 Marcion.

313 986 455 1043 XVI.
486 985 666 1058 Neque
692 988 839 1041 illum
877 1002 985 1042 esse
1008 986 1282 1041 invisibilia
1320 984 1430 1041 sola
1458 991 1721 1054 operatum
1750 981 1843 1055 (si-

234 1083 345 1134 cuti
388 1080 543 1133 latius
590 1080 741 1133 etiam
766 1079 902 1133 dicto
927 1080 1015 1134 lib.
1045 1078 1112 1145 V,
1144 1076 1328 1151 infra),
1357 1078 1446 1133 sed
1472 1075 1697 1149 ejusdem
1737 1091 1844 1131 esse

234 1175 466 1228 auctoris
497 1173 715 1228 visibilia
738 1183 784 1227 et
811 1172 1106 1227 invisibilia.

316 1263 479 1320 XVII.
534 1264 602 1318 Et
630 1281 745 1319 vero
766 1280 867 1319 non
893 1264 1115 1334 suﬁcere
1132 1262 1210 1316 illi
1237 1262 1332 1317 deo
1370 1276 1528 1315 unum
1555 1276 1683 1331 Opus
1713 1258 1838 1313 libe-

235 1358 453 1410 rationis
493 1355 745 1423 hominis,
786 1371 902 1409 cum
956 1355 1106 1409 etiam
1147 1368 1236 1423 per
1279 1352 1383 1406 alia
1436 1368 1591 1422 opera
1638 1367 1840 1407 severus

238 1446 388 1503 Deus
418 1447 680 1518 protulerit
706 1448 761 1502 in
780 1448 1031 1502 notitiam.

316 1538 501 1595 XVIII.
538 1538 838 1594 Revelatum
873 1539 991 1593 item
1040 1538 1189 1593 illum
1228 1553 1333 1593 non
1370 1544 1504 1592 recte
1548 1535 1650 1590 dici
1680 1577 1695 1603 ,
1752 1534 1839 1604 qui

234 1648 401 1700 neque
426 1640 611 1685 natura
654 1647 718 1685 ea:
764 1631 999 1701 operibus
1025 1672 1041 1700 ,
1094 1647 1251 1700 neque
1293 1631 1525 1685 doctrina
1555 1645 1618 1685 ea:
1652 1629 1839 1701 praedi-

233 1724 525 1779 cationibus
546 1725 793 1780 revelatus
819 1725 903 1779 sit.

311 1818 453 1873 XIX.
488 1816 668 1889 Neque
690 1818 843 1872 etiam
867 1819 921 1872 in
943 1816 1144 1872 Christo
1172 1815 1319 1885 Iesu,
1370 1827 1478 1872 tum
1502 1819 1638 1889 quod
1685 1819 1730 1873 is
1756 1835 1838 1873 re-

2020 608 2213 665 XXVI.
2256 610 2443 665 Verum
2464 611 2527 665 de
2544 613 2737 679 iudicio
2766 628 2983 683 quoque,
3036 613 3122 683 qui
3143 612 3361 669 vindicet
3407 628 3524 685 pec-

1948 712 2084 766 cata.
2114 712 2160 757 et
2185 704 2413 758 damnet.

2020 792 2233 850 XXVII.
2267 795 2469 866 Alioqui
2498 795 2842 866 peccatoribus
2872 796 3076 851 nullum
3105 798 3337 852 timorem
3365 798 3497 868 fore.

2024 888 2261 944 XXVIII.
2286 889 2353 944 Et
2382 892 2456 944 sic
2480 892 2634 945 etiam
2658 901 2791 946 stare
2814 907 2916 946 non
2938 908 3085 962 posse
3107 891 3225 958 ﬁdei
3251 907 3542 946 sacramen-

1948 990 2056 1035 tum
2089 982 2338 1052 baptisma
2358 1023 2373 1044 ,
2402 981 2542 1051 quod
2563 983 2795 1037 remissio
2835 991 2906 1037 est
2936 982 3258 1047 delictorum,
3286 984 3540 1039 absolutio

1946 1077 2143 1144 mortis,
2175 1075 2507 1147 regeneratio,
2537 1077 2823 1131 consecutio
2869 1076 3099 1147 Spiritus
3141 1079 3337 1145 sancti,
3369 1078 3541 1149 signat

1947 1171 2165 1240 denique
2194 1180 2241 1225 et
2270 1169 2403 1224 lavat
2434 1185 2451 1224 :
2480 1184 2594 1240 qua:
2620 1173 2855 1240 conferre
2895 1186 2998 1224 non
3024 1179 3220 1239 potest,
3261 1170 3362 1224 nisi
3389 1171 3477 1241 qui
3504 1188 3539 1225 a

1946 1264 2227 1335 primordio
2252 1264 2437 1319 creavit
2479 1263 2757 1329 hominem,
2811 1271 2859 1317 et
2910 1264 3133 1318 animam
3156 1264 3201 1317 ei
3231 1263 3467 1332 contulit,
3491 1273 3541 1320 et

1946 1376 2040 1433 pro
2068 1367 2270 1427 peccato
2290 1358 2358 1410 ad
2382 1367 2593 1414 mortem
2617 1357 2897 1411 damnavit.

2016 1450 2211 1507 XXIX.
2238 1449 2505 1506 Postremo
2548 1449 2827 1504 Marcionis
2871 1449 3088 1504 Iueresin
3125 1448 3410 1521 impugnat,
3439 1465 3539 1520 qua

1945 1546 2108 1616 tingui
2132 1543 2331 1599 nolebat
2359 1544 2455 1598 nisi
2480 1542 2695 1613 virgines
2725 1552 2770 1597 et
2800 1543 2997 1597 ctelibes
3030 1584 3044 1608 ,
3089 1549 3195 1595 tum
3237 1542 3375 1613 quod
3405 1558 3533 1597 con-

1940 1636 2144 1712 iugium
2169 1642 2475 1696 benedixerit
2511 1639 2667 1707 Deus,
2704 1649 2809 1694 tum
2834 1639 2989 1709 quod,
3014 1638 3056 1692 si
3077 1638 3268 1710 nuptiae
3287 1653 3388 1692 non
3411 1637 3538 1704 sint,

1943 1736 2187 1789 sanctitas
2211 1733 2305 1787 erit
2330 1733 2473 1787 nulla
2505 1750 2524 1787 :
2554 1733 2656 1787 imo
2700 1733 2794 1787 hoc
2823 1732 2915 1788 erit
2942 1740 3214 1786 sementem
3255 1738 3414 1783 totum
3443 1746 3537 1801 ge-

1943 1826 2077 1881 neris
2106 1826 2318 1881 humani
2339 1842 2680 1894 compescere.

233 1911 434 1965 velatus
483 1912 550 1965 sit
613 1910 730 1981 plus
776 1920 979 1965 centum
1018 1910 1307 1980 quindecim
1347 1912 1496 1966 annis
1528 1921 1646 1965 ante
1674 1910 1836 1966 Deum
1864 1911 1913 1973 B
2012 1919 2182 1975 xxx.
2217 1919 2463 1989 Denique,
2494 1920 2694 1992 epilogo
2720 1920 2853 1975 brevi
2895 1920 3132 1976 lectorem
3162 1918 3231 1975 ad
3276 1927 3537 1993 sequentes

234 2004 545 2071 Marcionis,
587 2006 673 2075 qui
722 2007 813 2059 sub
841 2006 1136 2069 Antonino;
1179 2014 1319 2069 tum,
1366 2010 1507 2075 quod
1526 2007 1837 2076 pratcesserit

231 2099 607 2166 separationem
634 2096 777 2151 illam
803 2095 952 2167 Legis
972 2107 1020 2151 et
1044 2096 1330 2169 Evangelii,
1348 2113 1503 2167 quam
1534 2097 1588 2151 in
1611 2098 1833 2152 antithe-

231 2189 377 2243 sibus
408 2188 638 2243 Marcion
670 2190 865 2259 primus
882 2198 1196 2244 commentus
1216 2199 1310 2245 est.

307 2280 431 2337 XX.
464 2281 683 2336 Frustra
725 2291 891 2335 autem
927 2281 1149 2351 obstrepi
1178 2282 1241 2335 ab
1271 2281 1471 2337 diversa
1500 2292 1668 2353 parte,
1700 2284 1837 2354 quod

235 2373 475 2429 Marcion
520 2373 751 2445 regulam
794 2388 896 2427 non
924 2374 1200 2438 innovarit,
1246 2374 1336 2428 sed
1387 2385 1525 2430 retro
1569 2375 1835 2431 adultera-

231 2474 340 2518 tam
382 2466 629 2518 recurarit
654 2506 671 2531 ,
700 2464 933 2533 exemplo
964 2461 1141 2527 Pauli,
1193 2465 1280 2532 qui
1307 2463 1524 2520 Petrum
1562 2470 1837 2537 reprehen-

233 2558 389 2623 derit,
434 2559 555 2626 quia
580 2558 631 2611 in
658 2556 749 2611 illo
775 2556 942 2611 solum
970 2558 1402 2612 conversationem
1436 2559 1835 2629 reprehenderit,

231 2666 339 2704 non
367 2650 521 2717 ﬁdem
546 2648 818 2703 Creatoris.

307 2742 454 2798 XXI.
492 2743 705 2798 Stetisse
731 2744 905 2814 itaque
923 2757 1127 2811 semper
1142 2742 1292 2807 ﬁdem
1314 2743 1369 2797 in
1390 2741 1685 2798 Creatorem
1710 2756 1759 2799 et
1784 2746 1838 2799 in

232 2832 498 2890 Christum
528 2837 660 2905 ejus,
686 2852 787 2889 non
812 2834 960 2890 modo
991 2834 1085 2889 sub
1125 2836 1393 2906 apostolis,
1416 2835 1508 2890 sed
1530 2837 1651 2891 etin
1678 2854 1836 2908 apos-

234 2926 404 2981 tolicis
436 2926 678 2983 Ecclesiis
707 2945 726 2982 :
755 2929 897 2998 apud
921 2944 1049 2999 quas
1077 2927 1307 2984 Christus
1329 2969 1345 2995 ,
1380 2944 1483 2983 non
1511 2930 1723 2987 alterius
1757 2931 1837 2986 dei

235 3038 395 3093 quam
426 3022 686 3077 Creatoris
710 3022 1013 3077 ostenditur.

284 3136 453 3193 XXII.
471 3135 593 3190 lam
609 3152 726 3192 vero
743 3137 1048 3192 naturaliter
1065 3136 1252 3192 bonum
1273 3138 1375 3193 dici
1395 3154 1497 3194 non
1515 3155 1660 3209 posse
1684 3140 1837 3194 deum

236 3229 523 3284 Marcionis
541 3272 557 3297 ,
578 3230 667 3301 qui
698 3229 759 3283 ab
782 3230 927 3284 initio
963 3230 1158 3285 homini
1196 3231 1343 3302 lapso
1372 3248 1475 3287 non
1504 3233 1830 3288 succurrerit.

308 3346 507 3403 XXIII.
542 3345 720 3418 Neque
756 3348 1130 3404 rationabiliter
1170 3350 1376 3418 bonum,
1402 3367 1459 3407 eo
1478 3353 1616 3423 quod
1640 3354 1836 3408 homini

237 3442 413 3511 (iuxta
443 3436 761 3494 Marcionem
786 3458 818 3493 a
844 3456 897 3494 se
921 3440 1112 3511 alieno)
1140 3458 1429 3497 succurrere
1453 3444 1687 3499 voluerit.

308 3531 506 3589 XXIV.
539 3530 718 3602 Neque
746 3534 964 3603 perfecte
990 3533 1177 3587 bonum
1205 3574 1220 3599 ,
1283 3535 1437 3605 quod,
1479 3538 1642 3608 juxta
1682 3538 1835 3593 Mar-

235 3628 462 3693 cionem,
493 3628 719 3681 animant
744 3627 907 3681 solam
932 3625 1113 3694 salvet,
1144 3644 1246 3682 non
1263 3644 1499 3697 carnem,
1527 3648 1641 3701 quia
1667 3620 1855 3691 tamen-

234 3722 382 3794 apud
405 3722 556 3775 illum
586 3720 853 3792 tinguitur,
883 3720 946 3774 de
970 3720 1161 3791 nuptiis
1202 3721 1421 3787 tollitur,
1460 3731 1505 3776 et
1534 3724 1587 3777 in
1624 3726 1829 3797 confes-

234 3817 384 3873 sione
408 3816 630 3871 nominis
653 3816 902 3871 stevitiam
940 3814 1155 3885 patitur.

1940 2012 2095 2069 libros
2124 2020 2400 2083 prteparat.
2434 2012 2572 2069 PAM.

2461 2128 2691 2187 CAPUT
2711 2128 3001 2188 PRIMUM.

2012 2242 2068 2299 Si
2093 2242 2219 2315 quid
2242 2252 2390 2301 retro
2410 2254 2617 2315 gestum
2639 2254 2720 2300 est
2742 2244 2895 2301 nobis
2913 2245 3170 2302 adversus
3190 2245 3536 2316 Marcionem,

1935 2334 2049 2407 jam
2078 2335 2201 2391 hinc
2235 2335 2427 2390 viderit
2458 2336 2558 2409 (a).
2594 2335 2799 2391 Novam
2833 2353 2944 2392 rem
2985 2337 3328 2410 adgredimur
3348 2355 3415 2396 ex
3440 2355 3536 2395 ve-

1941 2433 2074 2481 tere.
2110 2426 2185 2498 (b)
2225 2427 2465 2482 Primum
2497 2429 2814 2498 opusculum
2845 2430 2997 2499 quasi
3041 2440 3383 2502 properatum
3427 2432 3541 2503 ple-

1941 2518 2095 2574 niore
2116 2528 2301 2589 postea
2330 2520 2722 2590 compositione
2768 2522 3111 2579 rescideram.
3149 2525 3297 2581 Ilanc
3326 2541 3539 2596 quoque

1941 2610 2181 2667 nondum
2231 2611 2573 2682 exemplariis
2625 2611 2925 2683 sull‘ectam,
2953 2613 3141 2671 fraude
3172 2616 3245 2689 (c)
3278 2626 3403 2672 tunc
3429 2617 3540 2673 ira-

1940 2706 2058 2771 tris,
2104 2704 2300 2761 dehinc
2342 2714 2621 2776 apostatar,
2660 2707 2851 2771 amisi;
2882 2708 2972 2777 qui
3004 2706 3140 2762 forte
3184 2709 3544 2780 descripserat

1941 2799 2184 2873 qumdam
2223 2800 2655 2869 mendosissime,
2698 2812 2752 2857 et
2784 2800 2864 2873 (ά)
2909 2801 3151 2857 exhibuit
3198 2802 3536 2874 frequentiae.

1941 2893 2349 2949 Emendationis
2393 2894 2687 2949 necessitas
2716 2894 2854 2949 facta
2898 2904 3000 2949 est.
3034 2892 3399 2951 Innovationis
3421 2898 3541 2967 ejus

1939 2986 2151 3041 occasio
2201 2984 2402 3055 aliquid
2453 2986 2687 3056 adjicere
2752 2987 3039 3057 persuasit.
3096 2986 3173 3042 Ita
3223 2988 3394 3060 stylos
3439 2990 3541 3046 iste

1939 3092 2082 3133 nunc
2105 3076 2172 3133 de
2194 3076 2436 3132 secundo
2461 3077 2670 3144 tertius,
2698 3078 2840 3133 etde
2868 3078 3146 3149 tertiojam
3175 3079 3297 3134 hinc
3311 3081 3538 3149 primus,

1939 3172 2080 3228 hunc
2106 3173 2347 3243 opusculi
2373 3174 2455 3229 sui
2482 3175 2685 3230 exitum
2717 3172 3025 3229 necessario
3050 3173 3322 3243 praefatur,
3350 3172 3424 3245 (ε)
3470 3190 3539 3230 ne

1938 3280 2096 3337 quem
2144 3264 2221 3339 (l)
2250 3268 2477 3323 varietas
2515 3266 2631 3336 ejus
2666 3265 2718 3321 in
2754 3266 2999 3338 disperso
3053 3277 3266 3337 reperta
3308 3265 3539 3321 confun-

1938 3356 2051 3413 dat.
2086 3355 2154 3429 ({)
2185 3357 2386 3414 Pontus
2415 3358 2506 3428 qui
2530 3357 2725 3414 dicitur
2751 3356 2830 3431 (g)
2858 3358 3097 3415 Euxinus
3119 3356 3219 3433 (2),
3242 3368 3425 3414 natura
3452 3358 3533 3431 (5)

1940 3461 2186 3522 negatur,
2212 3452 2700 3507 nomineilluditur.
2723 3453 3014 3520 Cancrum,
3041 3453 3361 3524 hospitalem
3395 3454 3539 3507 Pon-

1939 3554 2051 3600 tum
2074 3560 2174 3602 nec
2209 3546 2279 3602 de
2317 3548 2421 3603 situ
2447 3547 2684 3603 estimes
2715 3564 2728 3602 :
2755 3548 2824 3602 ita
2851 3546 2921 3603 ab
2956 3546 3362 3603 humanioribus
3386 3546 3537 3603 fretis

1938 3640 2323 3711 nostris,quasi
2351 3640 2583 3711 quodam
2615 3640 2876 3697 barbariae
2914 3656 3025 3696 sua:
3054 3640 3257 3712 pudore
3288 3642 3537 3697 secessit.

1939 3729 2142 3789 Gentes
2170 3732 2520 3789 ferocissima:
2542 3732 2836 3789 inhabitant
2858 3730 2963 3807 (h),
2982 3731 3027 3787 si
3065 3740 3243 3787 tamen
3270 3730 3538 3787 habitatur

1941 3832 1993 3886 in
2018 3832 2274 3903 plaustro.
2292 3827 2819 3895 Sedesincerta,vita
2836 3826 3022 3894 cruda,
3043 3825 3209 3883 libido
3231 3825 3536 3899 promiscua

1492 3935 1875 4002 LECTIONES
1912 3944 2324 4004 VABIANTES.

920 4106 1141 4160 Euxinus
1160 4109 1307 4161 Rhea.

2018 4062 2092 4128 (5)
2124 4064 2306 4117 Natura
2327 4061 2479 4117 omitt.
2507 4065 2654 4117 Rhen.

1594 4224 2150 4295 COMMENTARIUS.

313 4328 473 4405 CAP.
492 4329 688 4405 I.—(a)
722 4330 795 4405 Si
812 4332 936 4401 quid
958 4339 1099 4405 retro
1114 4342 1309 4405 gestum
1328 4345 1401 4391 est
1431 4338 1575 4394 nobis
1596 4342 1839 4399 adversus

241 4399 583 4465 Marcionem,
610 4399 728 4473 jam
778 4399 896 4457 hinc
943 4399 1143 4458 viderit'.
1186 4399 1575 4465 Di'ssertissime
1624 4413 1838 4471 abdicat

240 4473 499 4544 quicquid
526 4473 784 4530 adversus
803 4473 1125 4531 Marcionem
1150 4485 1274 4532 ante
1302 4476 1466 4534 hosce
1496 4481 1663 4539 libros
1687 4499 1833 4541 com-

243 4554 521 4618 posuerat.
539 4544 597 4601 Id
624 4560 752 4601 vero
770 4545 933 4618 luisse
954 4560 1205 4618 versuum
1229 4548 1446 4618 aliquid,
1465 4553 1684 4611 minime
1707 4572 1829 4612 esse

243 4616 541 4698 putandum
596 4616 958 4698 ostendimus,
994 4616 1677 4698 pr.el'atione'ad_poe_mata
1713 4642 1833 4698 qure

243 4686 411 4757 vulgo
450 4687 763 4744 Tertulliani
807 4690 1024 4743 nomine
1078 4687 1337 4746 adversus
1381 4686 1705 4753 Marcionem
1732 4686 1835 4754 ’ἰη-

244 4760 459 4829 scripta
472 4775 566 4824 pro
594 4759 936 4829 Septimianis
963 4758 1174 4814 obtrudi
1202 4762 1395 4818 solent.
1421 4763 1538 4821 Βιο.

318 4828 403 4901 (b)
432 4828 677 4904 Primum
706 4831 1023 4904 opusculum
1044 4832 1191 4901 quasi
1228 4845 1576 4904 properatum.
1610 4839 1837 4898 Inchoa-

247 4900 479 4983 tutn'et
513 4902 668 4983 rude,
720 4900 895 4983 qualia
937 4900 1155 4983 Origeni
1199 4900 1255 4983 et
1283 4900 1649 4983 Quintiliano,
1679 4924 1839 4983 atque

247 4974 413 5051 etiam
437 4972 610 5051 "fullio
638 4971 881 5042 quaedam
906 4971 1374 5051 excidisseinlib.
1402 4978 1471 5031 ad
1504 4971 1834 5051 Herennium,

247 5043 420 5119 refert
446 5042 827 5119 Hieronymus,
859 5058 1059 5119 comm.
1086 5046 1138 5100 in
1165 5046 1391 5119 Abdiam
1423 5066 1435 5102 :
1469 5051 1531 5106 Si
1581 5055 1675 5107 hoc
1726 5042 1833 5119 ille;

248 5125 356 5168 tam
385 5115 449 5193 de
484 5115 623 5193 libris
651 5114 720 5193 ad
743 5114 1076 5193 ﬂerennium,
1102 5133 1257 5193 quam
1304 5117 1369 5173 de
1403 5121 1684 5188 rhetoricis,
1709 5114 1834 5193 quoi

246 5189 445 5259 egorvel
476 5188 864 5259 perfectissimos
915 5196 1054 5258 puto,
1098 5188 1168 5242 ad
1204 5193 1637 5259 comparationem
1665 5188 1835 5251 senilis

244 5258 451 5335 ριτξζὶφ
473 5258 641 5335 dicere
660 5259 843 5335 potuit,
870 5261 1241 5335 quantomagis
1256 5258 1348 5332 ego
1377 5262 1530 5318 libere
1565 5267 1836 5335 proﬁtebor

239 5328 293 5384 et
320 5329 451 5381 illud
475 5330 630 5399 fuisse
650 5328 861 5398 puerilis
886 5330 1096 5399 ingenii,
1128 5328 1179 5384 et
1200 5328 1524 5388 hoématura:
1547 5328 1833 5393 senectutis.

240 5399 319 5456 In
350 5400 490 5473 libris
532 5415 730 5473 quoque
759 5409 936 5454 contra
966 5399 1279 5457 Marcionem
1309 5405 1587 5473 Septimius
1634 5407 1837 5463 Tertul-

240 5475 424 5547 lianus
453 5471 549 5525 hoc
569 5471 700 5547 idem
723 5486 902 5547 passus
931 5481 1035 5547 est;
1058 5482 1115 5547 _et
1140 5471 1390 5547 Origenes
1413 5477 1463 5529 in
1494 5476 1688 5533 Cantic.
1714 5498 1836 5535 can-

239 5546 484 5605 ticorum,
510 5552 554 5596 et
580 5541 924 5608 Quintilianus
947 5544 999 5596 in
1035 5541 1300 5600 duodecim
1327 5547 1469 5601 libris
1496 5547 1837 5607 lnslitulionis

245 5614 529 5669 Oratorite.
570 5613 691 5669 R16.

324 5682 567 5765 (c)-Tunc
591 5685 788 5765 fratris,
820 5685 939 5740 dein
960 5696 1233 5765 apostataz.
1274 5688 1582 5765 Marcionis,
1614 5695 1702 5765 qui
1731 5695 1838 5751 fra-

241 5754 343 5813 ter
361 5754 473 5834 run
500 5754 940 5834 qugt_mdiu_vcre_
949 5754 1304 5834 Christianus.
1348 5762 1540 5834 Liquet
1568 5754 1645 5821 ex'
1662 5769 1838 5823 verbis

242 5826 708 5900 antecedentibus
758 5826 1145 5886 Tertullianum
1209 5826 1464 5890 adversus
1517 5836 1836 5894 Mareionem

242 5898 553 5968 scripsisse.
582 5895 658 5952 [ε
680 5896 773 5952 Pu.

1985 4352 2098 4434 .(d)
2132 4354 2382 4434 Exhibuit
2412 4358 2727 4434 (sequentia.
2769 4356 2883 4434 Hoc
2907 4364 3012 4422 est,
3032 4351 3212 4434 emisit
3232 4356 3292 4434 in
3309 4357 3534 4434 vulgus.

1941 4420 2035 4509 §ie
2149 4420 2523 4509 Applogetico;
2552 4430 2857 4503 frequentias
2921 4420 3183 4485 montium
3214 4428 3349 4485 dixit
3390 4420 3535 4487 ἷξε-δε

1939 4499 2199 4551 montium
2227 4499 2453 4556 incolas.
2485 4499 2603 4557 mc.

2016 4566 2093 4643 (e_)
2123 4567 2374 4643 Nequem
2402 4574 2617 4626 varietas
2656 4573 2767 4641 ejus
2793 4572 2847 4626 in
2875 4570 3108 4643 disperso
3158 4580 3359 4643 reperta
3407 4588 3535 4628 con-

1941 4639 2145 4715 fundat.
2198 4640 2311 4715 Hoc
2359 4644 2552 4698 frustra
2604 4639 2867 4715 metueret
2912 4639 2980 4715 de
3014 4639 3275 4707 versibus,
3313 4643 3356 4698 si
3397 4659 3536 4715 quos

1942 4708 2203 4783 adversus
2221 4712 2542 4769 Marciouem
2562 4714 2885 4783 scripsisset.
2910 4714 3042 4769 Nam
3069 4715 3143 4769 illi
3168 4714 3303 4770 satis
3325 4708 3446 4772 sese
3464 4716 3534 4771 ab

1945 4779 2049 4835 hoc
2074 4783 2195 4907 stgli
2219 4800 2414 4853 genere
2440 4779 2729 4841 secernunt
2759 4786 2963 4854 procul.
2995 4786 3115 4842 Βία.

2019 4851 2086 4907 (fl
2159 4867 2307 4907 ontus
2352 4857 2440 4907 aui
2483 4858 2667 4907 dicitur
2694 4856 2947 4907 Euxinus.
2981 4869 3115 4907 natm

2019 4851 2086 4925 (I')
2111 4851 2307 4929 Pontus
2352 4857 2440 4925 qui
2483 4858 2667 4929 dicitur
2694 4851 2948 4921 Euxinus,
2981 4869 3166 4911 natura
3191 4866 3423 4929 negatur.
3453 4857 3544 4914 Sic

1942 4925 2369 4999 emendavimus,
2403 4928 2662 4999 suadente
2690 4936 2932 4999 veterum
2984 4925 3541 4999 exemplariumscri-

1943 5004 2103 5069 plura
2139 4998 2475 5069 hujusmodi,
2514 4998 2711 5053 Pontus
2749 4998 2835 5069 qui
2872 4999 3029 5069 igitur
3058 4998 3311 5055 Euainus.
3346 4998 3540 5053 Voluce

1942 5077 2027 5119 rat
2049 5068 2301 5135 l’ithasus,
2332 5068 2527 5124 Pontus
2572 5072 2657 5138 qui
2683 5086 2714 5122 a
2749 5067 2943 5123 (ἱππεῖς
2973 5070 3220 5124 Euxinus.
3252 5069 3537 5124 Nihilomi-

1942 5153 2045 5192 nus
2082 5148 2256 5211 tamen
2302 5141 2511 5209 probari
2543 5149 2719 5209 potest
2746 5141 2956 5209 vulgata
2982 5142 3159 5203 lectio,
3194 5140 3389 5194 Pontus
3434 5142 3532 5211 igi-

1940 5218 2027 5263 tur
2069 5210 2157 5279 qui
2202 5208 2436 5267 Euainus
2480 5208 2664 5265 natura
2717 5208 2967 5283 negatur,
3016 5214 3219 5335 nqqnine
3281 5208 3537 5267 illuditur.

3108 5300 3176 5335 ια.

3084 5286 3176 5340 IlG.

2016 5351 2093 5423 (ε)
2124 5350 2377 5412 Euxinus.
2406 5364 2593 5408 natura
2627 5363 2856 5425 negatur.
2894 5353 3105 5409 Etenim
3147 5353 3280 5408 lallit
3317 5354 3538 5409 menda—

1942 5426 2030 5480 cio
2078 5428 2429 5496 cognominis.
2484 5442 2604 5481 cum
2633 5427 2702 5481 ob
2750 5427 3021 5495 ingenium
3052 5426 3149 5479 loci
3179 5440 3241 5479 ac
3268 5425 3531 5496 feritatem

1943 5495 2170 5569 natura,
2198 5506 2354 5563 ἄξενος
2380 5500 2482 5553 dici
2502 5499 2713 5553 debeat.
2737 5497 2855 5552 lita.
2900 5527 2967 5536 —-
2996 5497 3130 5551 Cum
3157 5496 3259 5569 diei
3292 5495 3535 5551 debuerit

1941 5568 2299 5639 inhospitalis,
2326 5572 2462 5625 unde
2485 5570 2665 5623 Ovid.:

2036 5683 2195 5743 Quem
2218 5688 2359 5732 tenet
2380 5682 2556 5733 Euxini
2582 5682 2793 5733 mendax
2819 5682 3109 5746 cognomine
3130 5685 3348 5791 p0?lllls'.n

3214 5759 3260 5790 ,ιε

3214 5759 3260 5790 ,ε
3281 5759 3369 5790 ιἰι.

2022 5834 2101 5908 (Ιι)
2134 5833 2315 5908 Gentes
2347 5834 2671 5908 ferocissimis
2696 5830 3000 5887 inhabitant.
3033 5834 3230 5892 Gentes
3252 5836 3356 5891 ilhc
3386 5836 3535 5890 tuere

1945 5905 2221 5975 Sarmatas,
2254 5905 2464 5976 Geloni,
2494 5906 2800 5976 Massagetae
2841 5909 2895 5957 et
2917 5923 3084 5982 genus
3107 5910 3414 5965 universum
3440 5922 3533 5977 po-
