4262 6490
764 393 873 454 945

2194 390 2650 448 TERTULLIANI

3969 391 4078 446 2-H

766 516 936 580 facere
958 511 1338 569 similitudinem
1369 511 1595 566 omnium
1645 526 1759 580 qua:
1808 519 1924 564 sunt
1959 509 2011 562 in
2041 509 2200 575 caelo,
2233 518 2280 561 et
2309 509 2363 562 in
2391 519 2442 578 Α
2471 516 2528 563 ut
2568 507 2771 562 facilius
2802 506 2962 562 homo
3003 507 3072 562 ad
3111 507 3459 578 jejunandum
3493 507 3601 562 Deo
3640 505 4064 575 formaretur...,

767 617 922 667 terra,
953 614 1000 659 et
1030 605 1081 658 in
1110 605 1291 674 aquis,
1328 613 1384 658 et
1421 603 1578 658 simul
1618 602 1776 671 juSsit
1843 611 1900 655 ut
1943 601 2188 672 serpentis
2237 600 2365 654 tenei

767 701 990 770 efﬁgiem
1019 701 1370 769 efforntarent,
1389 706 1434 750 et
1455 695 1724 750 Cherubini
1746 704 1792 747 et
1839 694 2113 762 Seraphin:
2131 710 2286 747 aurea
2315 694 2368 747 in

766 810 902 847 arca:
919 794 1195 866 ﬁguratum
1212 793 1493 862 exemplum
1512 791 1615 862 ('5),
1641 791 1728 844 ubi
1754 790 1882 844 dicit
1922 789 2179 857 imagines
2201 788 2368 844 solius

774 887 1090 941 idololatria:
1120 899 1307 940 caussa
1351 884 1644 955 prohiberi.
1693 883 1784 939 Sic
1835 893 1889 937 et
1945 883 2148 936 talionis
2206 881 2367 951 legem

769 979 891 1034 ideo
940 978 1118 1032 datam
1168 977 1319 1044 dicit,
1377 987 1431 1031 ut
1481 976 1768 1030 commissio
1818 975 2024 1046 injuria:
2066 982 2199 1027 metu
2247 973 2368 1026 vicis

768 1072 942 1125 statim
969 1085 1258 1124 occursuro:
1298 1069 1700 1137 repastinaretur
1722 1109 1736 1134 ,
1765 1077 1811 1121 et
1843 1067 2048 1120 licentia
2073 1065 2366 1119 retributio-

766 1165 845 1216 nis
876 1162 1146 1231 prohibitio
1171 1171 1296 1214 esset
1324 1160 1718 1230 provocationis.

846 1255 1112 1310 Ridebant
1138 1254 1373 1308 haeretici
1401 1262 1454 1306 et
1481 1251 1906 1322 aspernabantur
1957 1265 2079 1320 qum
2112 1251 2164 1304 in
2192 1249 2368 1305 Veteri

772 1349 1120 1403 Testamento
1158 1347 1450 1415 abjectiora
1499 1345 1841 1410 videbantur,
1895 1344 2193 1413 cuiusmodi
2241 1355 2368 1399 sunt

767 1450 990 1495 cruenta
1018 1440 1276 1496 sacriﬁcia
1311 1439 1413 1511 (4),
1456 1439 1771 1492 ablutionunt
1801 1439 2071 1508 negotiosw
2101 1438 2370 1506 scrupulo-

769 1537 941 1587 sitates
995 1543 1048 1586 et
1078 1533 1320 1586 ciborum
1354 1532 1615 1586 delectus.
1650 1531 1772 1584 lliec
1801 1541 1976 1584 autem
2002 1531 2179 1584 omnia
2204 1547 2232 1583 a
2261 1531 2368 1585 Deo

768 1628 980 1681 luerunt
1009 1627 1335 1697 prwstituta,
1368 1634 1422 1678 ut
1466 1625 1576 1678 istis
1607 1626 1850 1694 legalibus
1879 1625 2159 1693 disciplinis
2187 1641 2368 1678 occur-

768 1725 990 1778 rentibus
1017 1723 1216 1793 ubique,
1260 1739 1322 1776 ne
1345 1723 1440 1776 ulli
1469 1733 1717 1775 momento
1764 1733 1996 1775 vacarent
2043 1741 2074 1774 a
2123 1721 2214 1775 Dei
2262 1738 2369 1775 res-

773 1827 1085 1888 pertu...:ut
1112 1817 1240 1871 nihil
1261 1817 1322 1870 de
1348 1818 1546 1869 arcanis
1569 1817 1814 1886 attingant
1841 1816 2221 1887 signi/icantiis,
2247 1815 2370 1886 legis

2473 599 2858 655 sacriﬁciorum
2887 616 3100 672 quoque
3123 616 3309 664 onera,
3340 610 3393 655 et
3417 600 3814 670 operationnm,
3840 609 3891 654 et
3920 600 4076 654 ablu-

2473 695 2678 746 tionum
2726 694 3034 764 negetiosas
3075 694 3519 763 serupulositates
3573 708 3733 747 nemo
3784 692 4080 762 reprehen-

2472 784 2668 851 dat...;
2698 786 2791 840 sed
2822 787 2964 840 illam
2999 787 3089 841 Dei
3120 786 3434 841 industriam
3463 787 3657 840 sentiat
3695 801 3796 856 qua
3826 788 4080 856 populum

2473 894 2702 949 pronmn
2752 880 2803 932 in
2855 878 3208 934 idololatriam
3251 888 3305 934 et
3379 880 3882 946 transgressionem,
3929 880 4083 948 ejus~

2472 972 2616 1026 modi
2647 971 2836 1026 olliciis
2865 972 3108 1042 religioni
3136 987 3248 1026 sua:
3283 971 3449 1026 voluit
3487 971 3843 1040 adstringere,
3875 970 4076 1041 quibus

2472 1065 2799 1134 superstitio
2829 1065 3010 1119 saeculi
3050 1063 3327 1135 agebatur,
3374 1073 3433 1118 ut
3453 1064 3520 1118 ab
3566 1080 3626 1118 ea
3673 1073 3923 1119 avocaret
3955 1065 4082 1118 illos

2476 1158 2576 1230 (6).
2611 1158 2717 1213 Sed
2749 1159 2799 1213 in
2831 1159 2958 1228 ipsis
2986 1159 3331 1214 commerciis
3361 1161 3482 1212 vita:
3535 1168 3589 1213 et
3651 1159 4082 1213 conversationis

2475 1252 2722 1306 humanae
2769 1251 2913 1307 domi
2941 1267 3004 1306 ac
3036 1252 3166 1306 loris
3192 1294 3205 1317 ,
3238 1251 3304 1305 ad
3331 1267 3499 1321 usque
3522 1267 3706 1306 curam
3737 1252 4079 1304 vasculorum

2473 1345 2812 1400 omnifariam
2862 1346 3145 1414 distinxit,
3197 1355 3253 1400 ut
3304 1347 3420 1401 istis
3471 1346 3732 1416 legalibus
3779 1346 4085 1414 disciplinis

2473 1441 2881 1496 occurrentibus
2925 1441 3154 1510 ubique,
3182 1456 3249 1495 nc
3293 1441 3387 1494 ulli
3441 1450 3715 1494 momento
3756 1447 4009 1493 vacarent
4053 1453 4086 1491 a

2476 1533 2570 1588 Dei
2612 1544 2932 1604 respectu...
2969 1533 3047 1586 Ad
3096 1533 3196 1587 hoc
3244 1533 3564 1586 beneﬁcium
3590 1573 3606 1597 ,
3640 1546 3745 1585 non
3778 1546 3913 1584 onus
3945 1529 4086 1598 legis

2473 1626 2836 1696 adjttvandtttn
2889 1625 3184 1696 prophetas
3230 1625 3520 1690 ordinavit,
3551 1623 3808 1678 docentes
3860 1623 3970 1676 Deo
3997 1622 4085 1674 di-

2474 1735 2599 1788 gna,
2648 1720 2768 1774 ante
2787 1733 2874 1773 rre
2921 1718 3192 1787 nequitias
3240 1719 3307 1772 de
3356 1718 3570 1782 anima,
3617 1715 3897 1785 exquirere
3937 1713 4086 1782 judi-

2475 1813 2664 1874 cium,
2759 1819 2814 1864 et
2893 1820 3109 1872 caetera,
3161 1825 3282 1879 qua:
3324 1808 3599 1878 religionis
3666 1807 3952 1861 essentiam
4029 1815 4089 1859 et

776 1912 1059 1982 spiritualis
1104 1911 1294 1965 scilicet
1337 1922 1382 1964 et
1426 1912 1753 1980 pi-Oplieticw,
1797 1924 1841 1964 et
1887 1912 1939 1963 in
1988 1912 2218 1963 omnibus
2246 1927 2370 1980 pene
2401 1923 2448 1982 Β
2486 1906 2872 1977 perfectionem
2922 1907 2972 1958 in
3042 1906 3238 1957 virtute
3287 1913 3340 1956 et
3385 1901 3540 1955 bouis
3565 1899 3817 1970 operibus
3850 1898 4083 1951 locatam

773 2007 1083 2075 argumentis
1109 2005 1342 2076 ﬁgurata:
1369 2004 1470 2075 (5).
1511 2023 1528 2054 ι
1561 2006 1613 2058 Si
1645 2005 1749 2069 lex,
1774 2005 1978 2066 scribit,
2013 2003 2210 2074 aliquid
2235 2004 2370 2058 cibis

773 2101 1028 2165 detrahit,
1062 2109 1118 2156 et
1154 2099 1425 2154 immunda
1469 2098 1778 2167 pronuntiat
1807 2097 2078 2162 animalia,
2114 2113 2232 2167 qua:
2273 2098 2369 2151 ali-

773 2192 989 2261 quando
1014 2192 1294 2247 benedicta
1324 2201 1449 2244 snnt
1473 2232 1489 2256 ,
1518 2190 1799 2244 consilium
1841 2189 2155 2243 exercendae
2187 2189 2363 2244 conti-

775 2286 971 2340 tientia
995 2284 1250 2354 intellige,
1271 2294 1323 2339 et
1347 2283 1542 2338 frtenos
1563 2282 1929 2352 impositosilli
1953 2281 2088 2352 gnlte
2109 2296 2363 2351 agnosce,

769 2392 1054 2447 quacum
1099 2392 1287 2445 panem
1333 2375 1516 2430 ederet
1567 2375 1876 2445 angelorum
1934 2389 2281 2439 encumeres,
2316 2384 2371 2429 et

775 2485 1009 2542 pepones
1056 2469 1428 2540 IEgyptiortttn
1456 2468 1817 2524 desiderabat.
1861 2471 2104 2539 Agnosco
2132 2469 2290 2522 simul
2317 2477 2373 2522 et

769 2563 1062 2619 comitibus
1098 2563 1256 2632 gulae.
1294 2562 1495 2616 libidini
1549 2562 1753 2616 scilicet
1801 2571 1962 2632 atque
1993 2561 2216 2616 luxuria:
2243 2575 2367 2630 pro-

774 2664 1115 2726 spectum...:
1149 2653 1374 2724 proinde
1406 2663 1461 2707 nt
1489 2664 1543 2708 et
1568 2655 1808 2724 pecunia:
1839 2655 1996 2706 ardor
2011 2655 2372 2723 restinguere-

771 2759 858 2806 tur
898 2768 966 2806 ex
1005 2760 1192 2822 parte,
1222 2752 1289 2806 de
1333 2767 1434 2820 qua
1481 2753 1650 2805 victus
1697 2750 2015 2805 necessitate
2069 2756 2366 2812 caussatur,

770 2843 1128 2913 pretiosorum
1168 2846 1406 2900 ciborum
1430 2846 1648 2900 ambitio
1674 2844 1908 2900 detracta
1931 2853 2047 2910 cst;
2075 2853 2367 2914 postremo,

2475 2001 2748 2056 evincunt.
2798 1999 3033 2068 Longius
3089 1995 3430 2067 progreditur
3491 1995 3543 2048 in
3612 1995 3713 2046 hac
3762 1991 4090 2060 exponenda

2474 2093 2715 2148 doctrina
2743 2133 2758 2157 ,
2791 2100 2844 2146 et
2872 2092 2924 2145 in
2956 2091 3072 2158 lege
3103 2097 3423 2157 prmceptatn
3461 2085 3650 2155 probat
3675 2085 3954 2138 caritatem
3979 2124 3994 2148 ,
4023 2091 4087 2137 et

2473 2181 2789 2254 lnjuriarum
2823 2183 3055 2244 veniam,
3091 2189 3362 2234 reservata
3405 2178 3514 2232 Deo
3553 2176 3808 2240 vindicta,
3843 2190 3962 2243 quae
3991 2189 4090 2227 ne-

2474 2275 2710 2331 cessaria
2755 2283 2859 2337 est,
2913 2283 2970 2326 nt
3013 2271 3226 2326 scelesti
3281 2270 3526 2323 homines
3575 2269 3625 2320 in
3667 2267 3861 2319 ordine
3911 2266 4092 2318 conti-

2482 2381 2711 2425 neantur
2783 2369 2885 2440 (7).
2929 2366 3092 2422 Addit
3156 2364 3426 2418 Christum
3491 2358 3902 2415 conditionaliter
3949 2375 4088 2411 nunc

2479 2467 2656 2537 fecisse
2694 2464 2896 2518 divortii
2948 2461 3338 2531 prohibitionem
3367 2500 3380 2522 ,
3436 2457 3478 2511 si
3529 2456 3644 2508 ideo
3693 2453 3805 2523 quis
3860 2453 4093 2504 dimittat

2476 2577 2709 2626 uxorem,
2748 2568 2802 2612 ut
2841 2558 2998 2611 aliam
3035 2557 3206 2608 ducat.
3259 2553 3500 2622 Denique
3552 2551 3689 2603 hanc
3730 2548 3869 2601 circa
3921 2546 4084 2598 [idem

2477 2651 2716 2720 regulam
2759 2649 2918 2703 tradit
2948 2646 3027 2718 (8)
3060 2689 3072 2706 .
3121 2646 3250 2700 nihil
3295 2655 3482 2698 temere
3520 2640 3850 2702 credendum,
3899 2647 4088 2690 temere

2477 2762 2629 2815 porro
2656 2743 2830 2810 credi,
2867 2742 3216 2812 quodcumque
3259 2741 3367 2794 sine
3407 2737 3618 2807 originis
3664 2733 3925 2803 agnitione
3968 2746 4084 2782 ere-

2476 2837 2630 2890 άξιυν,
3690 2825 3803 2880 Lt'u
3813 2839 3933 2876 PElt.

774 2959 4091 2987 ____________________________

1829 3053 2301 3163 LIBER
2374 3049 3010 3160 PRIMUS.

2156 3284 2631 3340 °§IOOEOOO@°-

2097 3454 2733 3560 atramentum.

834 3648 962 3704 Cum
1031 3647 1173 3716 prius
1230 3645 1531 3717 opusculum
1567 3661 1715 3701 suum
1745 3659 2012 3702 soveasus
2049 3659 2358 3700 HABCIONEI
2386 3646 2430 3707 C
2535 3641 2622 3697 VI.
2658 3643 2818 3714 Atque
2841 3641 2992 3706 adeo,
3023 3656 3124 3694 non
3153 3639 3305 3694 modo
3344 3639 3448 3693 duo
3479 3656 3627 3710 pares
3650 3682 3664 3706 ,
3715 3643 3803 3696 sed
3829 3659 3921 3697 nec
3953 3645 4068 3699 dis-

767 3741 995 3813 pleniore
1038 3749 1211 3808 postea
1258 3739 1619 3806 compositione
1660 3739 1943 3793 rescidisset
1978 3737 2355 3801 Tertullianus,

765 3844 811 3886 et
856 3848 967 3885 eam
996 3835 1157 3901 frater
1183 3830 1390 3900 quidam
1419 3829 1600 3882 deinde
1629 3839 1868 3898 apostata
1915 3829 2358 3883 mendosissimum

763 3924 1092 3989 exhibuisset,
1140 3923 1409 3976 necessitas
1466 3922 1544 3976 illi
1590 3926 1728 3992 facta
1774 3932 1847 3975 est
1895 3922 2279 3985 emendationis,
2313 3928 2360 3973 et

756 4018 1099 4072 innovationis
1143 4017 1338 4071 occasio
1382 4017 1577 4087 aliquid
1621 4017 1843 4087 adjicere
1883 4017 2168 4088 persuasit;
2226 4017 2360 4068 unde

758 4112 813 4164 in
843 4112 1063 4180 quinque
1089 4111 1244 4164 libros
1269 4125 1395 4178 opus
1417 4109 1554 4164 istud
1584 4111 1822 4174 excrevit,
1854 4126 2067 4180 quorum
2096 4109 2247 4180 primi
2285 4108 2351 4160 li-

759 4205 836 4257 bri
861 4214 1211 4274 argumentum
1237 4206 1317 4257 hic
1339 4206 1543 4262 damus.
2332 4210 2338 4212 ⁷

2469 3752 2617 3806 pares
2647 3735 2768 3789 deos
2800 3750 2946 3800 posse
2967 3732 3224 3786 constitui.

2542 3829 2649 3883 VII.
2684 3828 2866 3897 Neque
2892 3844 3008 3881 vero
3063 3827 3141 3880 illi
3189 3826 3502 3897 patrocinari
3530 3844 3712 3882 nomen
3743 3827 3839 3882 Dei
3864 3871 3879 3894 ,
3912 3832 4068 3892 etiam

2465 3923 2581 3976 aliis
2605 3923 2906 3990 permissum
2935 3923 2986 3974 in
3011 3918 3296 3990 Scripturis
3315 3939 3333 3987 ;
3354 3921 3471 3991 quia
3493 3921 3682 3975 idcirco
3710 3923 3779 3977 eis
3803 3940 3903 3978 non
3927 3941 4068 3979 com-

2465 4016 2586 4084 petit
2618 4015 2864 4082 possessio
2887 4012 3069 4066 summi
3099 4013 3292 4084 magni.

2536 4105 2668 4159 VIII.
2701 4105 2861 4159 Porro
2881 4105 3094 4159 heresin
3119 4102 3569 4158 Marcionistarum
3602 4107 3679 4160 vel
3699 4107 4062 4179 iudeprobari,

2458 4200 2594 4270 quod
2623 4215 2806 4253 novum
2845 4197 3020 4252 Deum
3050 4198 3272 4270 faciant,
3306 4214 3423 4252 cum
3461 4215 3608 4254 verus
3652 4198 3792 4256 Deus
3834 4214 4058 4261 ceternus

2457 4303 2542 4346 Sil.

2525 4385 2616 4441 IX.
2651 4386 2846 4457 quue,
2882 4388 3079 4442 etiamsi
3124 4388 3290 4443 solum
3320 4389 3576 4461 agnitione
3599 4407 3786 4444 novum
3839 4393 4057 4462 dicant,

2453 4480 2588 4550 quod
2620 4479 2756 4534 Deus
2779 4481 2984 4552 ignotus
3010 4497 3118 4536 esse
3145 4499 3246 4536 non
3274 4483 3514 4554 potuerit,
3546 4500 3705 4554 neque
3728 4485 3975 4540 incertus.

2525 4571 2592 4626 X.
2627 4571 2734 4626 Sed
2760 4589 2791 4625 a
2823 4572 3105 4642 primordio
3134 4589 3332 4644 semper
3379 4575 3617 4645 agnitus;
3672 4576 3861 4647 quippe
3905 4595 4056 4646 quem

2455 4664 2627 4717 anima
2652 4674 2699 4718 et
2726 4665 3050 4730 conscientia,
3080 4667 3230 4721 etiam
3260 4666 3480 4733 ethnica,
3507 4669 3722 4721 noverit.

2525 4755 2618 4812 XI.
2668 4756 2915 4824 Proinde,
2959 4774 3075 4812 cum
3125 4758 3226 4814 Dei
3267 4761 3368 4814 sint
3395 4761 3584 4827 omnia,
3615 4762 3660 4816 si
3681 4761 3813 4816 nihil
3837 4766 4049 4834 crearit,

2450 4853 2600 4907 deum
2628 4869 2728 4906 non
2748 4869 2855 4907 esse
2880 4869 3028 4925 quem
3053 4852 3286 4908 Marcion
3309 4856 3506 4909 statuit.

2520 4945 2636 5000 XII.
2670 4945 2736 5001 Ut
2764 4955 2932 5003 autem
2958 4948 3104 5001 illum
3150 4949 3303 5002 deum
3331 4965 3439 5003 esse
3466 4950 3698 5017 conﬁteri
3742 4968 4010 5019 possemus
4029 4999 4046 5024 ,

2445 5039 2555 5094 sine
2579 5057 2758 5095 caussa
2785 5050 2950 5094 tamen
2981 5058 3088 5096 esse
3106 5058 3221 5096 eum
3247 5041 3539 5099 deberemus
3565 5049 3931 5114 argumentari,
3957 5053 4048 5119 qui

2445 5149 2550 5188 rem
2571 5150 2670 5188 non
2695 5134 2927 5203 haberet,
2945 5151 3058 5189 cum
3080 5151 3162 5190 res
3186 5151 3368 5190 caussa
3397 5137 3461 5190 sit
3487 5146 3542 5190 ut
3563 5139 3626 5191 sit
3651 5138 3866 5206 aliquid.

2517 5226 2655 5281 XIII.
2684 5225 2864 5298 Neque
2881 5244 2996 5281 vero
3022 5244 3148 5298 opus
3175 5244 3282 5282 esse
3311 5245 3493 5298 parum
3518 5229 3730 5301 dignum
3756 5231 3864 5285 Deo
3898 5249 4046 5288 utun-

2443 5319 2605 5383 dum;
2633 5321 2758 5389 ipsis
2783 5320 3079 5375 testimoniis
3108 5320 3527 5391 philosophorum
3551 5322 3746 5392 probat.

2513 5413 2652 5468 XIV.
2689 5412 2802 5468 lmo
2837 5415 2987 5468 etiam
3032 5414 3306 5469 minutiora
3352 5415 3599 5469 animalia
3623 5425 3710 5468 aut
3741 5416 3925 5486 juvare
3949 5430 4042 5473 aut

2444 5505 2658 5570 ltedere;
2685 5515 2730 5559 et
2761 5521 2851 5560 nec
2910 5522 3094 5578 aquam
3138 5505 3233 5560 Dei
3280 5508 3520 5562 creatoris
3565 5507 3824 5578 reprobari
3866 5527 3899 5562 a
3942 5514 4042 5566 deo

2441 5597 2721 5654 Marcionis
2745 5641 2760 5665 ,
2793 5615 2892 5669 qua
2918 5615 3036 5653 suos
3074 5598 3233 5652 abluit
3266 5617 3279 5650 :
3305 5615 3394 5652 nec
3421 5600 3589 5655 oleum
3613 5640 3629 5667 ,
3651 5616 3751 5671 quo
3777 5617 3898 5656 suos
3929 5620 4036 5656 un-

2437 5693 2543 5763 guit
2569 5711 2582 5745 :
2614 5709 2702 5746 nec
2729 5708 2940 5758 panem,
2972 5709 3071 5762 quo
3093 5693 3260 5761 ipsum
3284 5709 3467 5762 corpus
3505 5709 3653 5746 suum
3693 5707 4036 5764 reprwsentat

2435 5785 2555 5856 (hoc
2582 5793 2654 5837 est
2683 5799 2901 5852 presens
2924 5786 3165 5840 ostenditl
3190 5785 3240 5837 in
3270 5785 3623 5838 sacramentis.

2509 5875 2622 5933 XV.
2657 5876 2846 5930 Deinde
2901 5877 3063 5942 addit,
3120 5878 3216 5930 deo
3265 5877 3545 5931 Marcionis
3591 5893 3689 5932 non
3721 5893 3831 5932 esse
3875 5896 4028 5936 suum

831 4295 872 4351 I.
923 4295 987 4349 In
1013 4297 1188 4366 primis
1215 4300 1382 4366 itaque
1432 4305 1543 4366 post
1590 4297 1888 4351 invectivam
1925 4297 1999 4348 in'
2035 4294 2352 4349 Marcionem

763 4386 1054 4450 Ponticum,
1085 4390 1223 4458 quod
1268 4388 1470 4458 nuptias
1498 4389 1779 4455 abstulerit,
1808 4388 2090 4459 Evangelia
2120 4405 2351 4442 corrose-

761 4481 850 4546 rit,
875 4490 924 4534 et
946 4479 1112 4533 Deum
1138 4496 1285 4550 quem
1313 4480 1590 4546 invenerat,
1620 4482 1839 4534 extincto
1868 4481 2056 4535 lumine
2081 4480 2202 4547 ﬁdei
2228 4481 2352 4533 (titti-

757 4575 911 4638 serit;
930 4575 1042 4646 jam
1074 4573 1430 4627 destinandum
1458 4574 1749 4629 hmreticum
1780 4574 1959 4637 docet;
1984 4576 2122 4644 quia,
2158 4574 2352 4628 deserto

752 4666 889 4737 quod
918 4667 1057 4735 prius
1105 4669 1316 4737 fuerat,
1345 4666 1398 4718 id
1430 4676 1602 4735 postea
1659 4666 1754 4719 sibi
1791 4666 1992 4736 elegerit
2035 4666 2171 4734 quod
2215 4677 2350 4720 retro

754 4772 860 4810 non
884 4767 1029 4820 erat;
1060 4757 1209 4810 sicuti
1247 4757 1397 4811 latius
1427 4759 1555 4812 libro
1585 4774 1651 4813 ne
1687 4773 2205 4814 patescatprtoa'tnvs
2248 4775 2344 4814 Αυο

749 4865 951 4908 νειιδυε
978 4866 1288 4907 HERETICOS
1313 4853 1626 4907 sustinuerit.

825 4944 885 4999 Il.
913 4942 1131 5012 Deinde,
1162 4945 1288 4998 duos
1317 4947 1434 5000 deos
1467 4946 1612 4999 illum
1638 4947 1912 5012 adtulisse;
1944 4944 2260 5011 Creatorem,
2291 4946 2345 5002 id

752 5048 828 5095 est
853 5047 1116 5106 nostrum,-
1138 5051 1183 5094 et
1210 5055 1359 5096 suum
1384 5055 1444 5093 ac
1483 5039 1714 5095 cerdonis
1751 5041 2098 5111 informatoris
2137 5045 2256 5111 sui;
2283 5045 2338 5099 il-

748 5133 856 5186 lum
882 5131 1093 5198 malum,
1126 5132 1279 5203 hujus
1307 5149 1422 5187 vero
1452 5132 1661 5187 bonum.

816 5222 901 5277 lll.
939 5221 1148 5287 Verum,
1184 5222 1527 5278 Christianam
1547 5227 1814 5280 veritatem
1853 5225 2080 5281 dislricte
2105 5245 2338 5296 pronun-

752 5317 903 5371 tiasse
929 5332 946 5366 :
976 5315 1160 5382 Deum,
1191 5318 1235 5370 si
1257 5334 1388 5373 unus
1411 5334 1514 5373 non
1551 5320 1637 5383 sit,
1665 5335 1768 5374 non
1792 5336 1919 5386 esse,
1951 5337 2008 5376 eo
2033 5323 2171 5393 quod
2194 5339 2336 5377 sum-

741 5423 855 5460 mus
883 5423 1095 5477 magnus
1121 5410 1206 5470 sit,
1234 5409 1315 5462 cui
1338 5409 1469 5463 nihil
1489 5411 1752 5479 adsequari
1777 5413 1955 5482 possit.

812 5496 904 5553 IV.
938 5497 1059 5552 Non
1081 5515 1232 5570 posse
1250 5501 1402 5554 etiam
1438 5502 1538 5557 duo
1565 5520 1761 5560 summa
1787 5521 1973 5577 magna
1993 5547 2008 5573 ,
2043 5506 2192 5560 etiam
2224 5507 2333 5562 dis-

741 5591 899 5646 tincta
919 5591 1023 5645 suis
1053 5593 1239 5660 ﬁnibus
1264 5595 1558 5650 consistere.

812 5683 878 5738 V.
907 5683 968 5739 Si
987 5685 1122 5738 enim
1150 5684 1250 5738 duo
1276 5689 1476 5741 summti
1519 5705 1726 5760 magna,
1751 5691 1901 5745 etiam
1934 5691 2085 5763 plura
2127 5693 2330 5747 admitti

737 5777 932 5838 debere,
965 5793 1079 5829 cum
1117 5775 1408 5844 Valentino,
1442 5783 1527 5850 qui
1557 5799 1710 5853 usque
1757 5784 1826 5838 ad
1871 5786 2082 5855 triginta
2122 5802 2329 5841 leonum

735 5871 904 5939 fletus,
929 5885 1140 5923 examen
1168 5869 1444 5928 divinitatis
1474 5872 1671 5942 e/I'udit.
