4262 6490
241 405 351 465 245

1344 401 1472 457 LIB.
1512 401 1532 457 I
1574 395 1938 456 ADVERSUS
1974 395 2401 456 MARCIONEM.

3437 399 3545 457 246

241 522 423 577 calum
446 531 495 577 et
518 522 764 576 mundum
783 519 870 591 (de
884 535 981 591 quo
1010 519 1161 574 latius
1183 517 1321 589 intra
1350 516 1438 571 lib.
1467 516 1555 587 V),
1579 525 1685 569 tum
1707 515 1842 585 quod
1869 514 1924 573 Λ
2020 515 2187 572 XXV.
2220 515 2467 584 Proinde,
2505 516 2669 573 Deum
2697 533 2800 572 non
2825 517 2937 573 sola
2962 516 3188 572 bonitate
3211 516 3539 573 censendum.

241 616 312 670 ad
337 616 715 686 quindeciutunt
762 631 920 682 usque
949 612 1125 668 Severi
1155 611 1479 682 imperatoris
1504 627 1694 665 annuat
1722 609 1843 680 (quo

243 708 353 763 haec
382 708 649 777 scripsisse
688 722 742 760 se
777 714 958 760 auctor
995 704 1208 775 iudicat)
1235 704 1381 757 nulla
1408 704 1526 757 talis
1554 702 1843 756 substantia

240 808 504 870 comperta
533 800 621 864 sit,
645 808 752 851 tum
789 796 925 865 quod
968 796 1162 867 alioqui
1202 811 1382 850 novem
1423 797 1543 849 deos
1582 794 1845 865 assignare

239 895 529 950 censebitur
560 891 816 946 Marcion.

311 985 456 1040 XVI.
487 984 668 1056 Neque
693 986 841 1039 illum
878 1001 987 1040 esse
1011 985 1284 1040 invisibilia
1323 983 1433 1039 sola
1461 990 1723 1053 operatum
1753 980 1845 1054 (si—

238 1080 344 1132 cuti
389 1078 545 1132 latius
592 1079 742 1132 etiam
767 1078 903 1132 dicto
929 1078 1017 1133 lib.
1047 1076 1115 1145 V,
1146 1074 1331 1149 infra),
1360 1077 1449 1132 sed
1475 1074 1699 1148 ejusdem
1739 1091 1847 1130 esse

237 1173 468 1226 auctoris
499 1172 716 1227 visibilia
739 1182 786 1226 et
812 1171 1108 1226 invisibilia.

316 1262 481 1319 XVII.
536 1262 603 1317 Et
631 1279 746 1317 vero
766 1279 868 1317 non
894 1263 1118 1333 suﬂ‘icere
1134 1261 1212 1315 illi
1240 1260 1334 1316 deo
1372 1276 1531 1314 unum
1558 1275 1685 1330 opus
1715 1258 1841 1313 libe-

237 1356 454 1408 rationis
495 1354 746 1421 hominis,
788 1370 903 1407 cum
957 1354 1109 1407 etiam
1149 1368 1238 1423 per
1282 1352 1387 1405 alia
1440 1367 1593 1421 opera
1641 1366 1843 1407 severus

240 1444 387 1500 Deus
417 1446 681 1515 protulerit
708 1446 761 1500 in
782 1447 1033 1501 notitiam.

316 1535 502 1592 XVIII.
538 1536 839 1593 Revelatum
874 1538 993 1591 item
1043 1537 1191 1591 illum
1230 1552 1335 1592 non
1374 1544 1507 1591 recte
1551 1534 1698 1602 dici,
1754 1533 1841 1604 qui

236 1646 399 1699 neque
425 1638 613 1683 natura
656 1645 719 1684 ea:
765 1630 1001 1700 operibus
1027 1671 1043 1699 ,
1096 1645 1254 1698 neque
1296 1629 1528 1684 doctrina
1558 1644 1621 1683 ex
1654 1628 1840 1700 prtedi-

235 1723 525 1777 rationibus
546 1723 794 1778 revelatus
819 1724 904 1778 sit.

309 1816 453 1871 XIX.
489 1815 670 1887 Neque
692 1817 845 1871 etiam
868 1817 923 1870 in
944 1815 1146 1871 Christo
1173 1814 1322 1884 Iesu,
1372 1826 1480 1871 tum
1504 1817 1641 1888 quod
1687 1817 1732 1871 is
1758 1834 1839 1872 re.

2023 608 2216 665 XXVI.
2257 609 2445 665 Verum
2466 611 2529 665 de
2546 612 2739 679 iudicio
2769 627 2986 683 quoque,
3039 612 3125 682 qui
3146 611 3364 667 vindicet
3410 627 3527 684 pec.

1951 712 2086 766 cata.
2116 712 2162 757 et
2187 704 2415 758 damnet.

2021 792 2235 850 XXVII.
2269 795 2471 867 Alioqui
2500 794 2845 867 peccatoribus
2874 795 3078 851 nullunt
3108 798 3339 852 timorem
3367 799 3500 868 fore.

2026 888 2262 944 XXVIII.
2288 889 2356 944 Et
2384 892 2457 944 sic
2481 892 2636 945 etiam
2659 901 2793 946 stare
2817 907 2919 946 non
2941 908 3087 962 posse
3110 891 3227 958 lidei
3254 908 3544 946 sacramen-

1951 988 2059 1035 tum
2091 981 2340 1052 baptisma
2360 1023 2374 1044 ,
2405 982 2543 1052 quod
2565 983 2798 1037 remissio
2836 991 2908 1037 est
2938 982 3261 1047 delictorum,
3289 983 3542 1039 absolutio

1948 1076 2146 1143 mortis,
2177 1076 2508 1147 regeneratio,
2539 1078 2824 1131 consecutio
2871 1076 3101 1147 Spiritus
3144 1078 3340 1145 sancti,
3372 1078 3543 1150 signat

1950 1170 2167 1239 denique
2196 1179 2242 1225 et
2271 1169 2405 1224 lavat
2436 1184 2453 1224 :
2481 1185 2595 1240 quae
2622 1173 2857 1241 conferre
2897 1186 3001 1224 non
3026 1179 3223 1239 potest,
3264 1171 3365 1225 nisi
3392 1172 3481 1241 qui
3507 1188 3542 1227 a

1948 1264 2229 1335 primordio
2254 1264 2438 1319 creavit
2480 1264 2758 1329 hominem,
2812 1271 2860 1318 et
2911 1264 3135 1318 animant
3160 1265 3205 1318 ei
3234 1264 3470 1333 contulit,
3494 1274 3543 1321 et

1948 1376 2042 1433 pro
2070 1366 2272 1427 peccato
2292 1357 2360 1410 ad
2384 1367 2595 1413 mortem
2618 1357 2898 1411 damnavit.

2018 1450 2213 1507 XXIX.
2239 1449 2506 1506 Postremo
2550 1449 2829 1504 Marcionis
2872 1450 3090 1504 Iucresin
3127 1449 3413 1522 impugnat,
3442 1466 3541 1520 qua

1947 1545 2110 1615 tingui
2133 1542 2333 1598 nolebat
2360 1543 2457 1597 uisi
2482 1543 2696 1613 virgines
2726 1552 2771 1597 et
2801 1543 2999 1597 ccelibes
3033 1584 3047 1608 ,
3091 1550 3197 1595 tum
3240 1543 3379 1613 quod
3408 1558 3535 1597 con-

1942 1642 2145 1711 iugium
2170 1641 2477 1695 benedixerit
2512 1639 2668 1707 Deus,
2705 1649 2810 1693 tum
2836 1639 2991 1709 quod,
3016 1638 3059 1692 si
3079 1640 3270 1710 nuptite
3289 1654 3391 1693 non
3414 1638 3541 1705 sint,

1944 1736 2188 1788 sanctitas
2213 1733 2306 1786 erit
2332 1733 2475 1787 nulla
2508 1749 2526 1787 :
2556 1733 2657 1787 imo
2701 1733 2795 1786 hoc
2824 1732 2916 1787 erit
2944 1740 3216 1786 sementem
3257 1738 3417 1783 totum
3445 1746 3539 1801 ge-

1944 1826 2079 1881 neris
2108 1826 2320 1879 humani
2340 1842 2681 1893 compescere.

236 1910 433 1963 velatus
484 1910 551 1963 sit
614 1909 731 1979 plus
778 1918 981 1963 centum
1019 1909 1309 1980 quindecim
1350 1911 1499 1965 annis
1530 1920 1648 1964 ante
1677 1909 1838 1964 Deum
1866 1909 1915 1971 B
2014 1917 2184 1973 XXX.
2218 1918 2465 1988 Denique,
2496 1920 2695 1991 epilogo
2722 1920 2854 1975 brevi
2897 1920 3134 1976 lectorem
3164 1918 3233 1975 ad
3278 1927 3539 1991 sequentes

235 2003 545 2069 Marcionis,
588 2005 674 2073 qui
723 2004 815 2057 sub
842 2004 1138 2067 Antonino;
1181 2013 1321 2068 tum,
1368 2009 1508 2074 quod
1528 2005 1838 2076 pra’cesserit

232 2098 608 2165 separationem
634 2094 779 2149 illam
804 2094 954 2165 Legis
974 2105 1022 2149 et
1045 2094 1332 2167 Evangelii,
1350 2112 1504 2166 quam
1536 2096 1590 2150 in
1612 2097 1834 2151 antithe-

232 2187 375 2241 sibus
405 2187 639 2241 Marcion
670 2188 867 2257 primus
884 2197 1198 2243 commentus
1218 2198 1311 2244 est.

305 2278 430 2335 XX.
465 2279 684 2335 Frustra
726 2288 892 2335 autem
929 2279 1150 2349 obstrepi
1180 2281 1242 2334 ab
1273 2280 1472 2336 diversa
1502 2290 1670 2352 parte,
1702 2283 1839 2353 quod

234 2372 476 2427 Marcion
520 2372 752 2443 regulum
795 2387 897 2425 non
925 2373 1202 2436 innovarit,
1248 2373 1338 2426 sed
1388 2384 1526 2429 retro
1570 2374 1836 2430 adultera-

234 2472 339 2517 tam
380 2465 630 2517 recurarit
656 2505 671 2529 ,
701 2462 934 2532 exemplo
965 2460 1143 2526 Pauli,
1194 2464 1282 2531 qui
1309 2462 1525 2519 Petrum
1563 2468 1839 2535 reprehen-

235 2556 387 2621 derit,
433 2558 555 2625 quia
580 2557 633 2610 in
659 2555 750 2610 illo
776 2556 942 2610 solunt
970 2556 1403 2611 conversationem
1437 2558 1835 2628 reprehenderit,

233 2665 339 2703 non
366 2648 522 2715 [idem
546 2647 819 2703 Creatoris.

306 2741 454 2797 XXI.
491 2742 706 2798 Stetisse
732 2744 905 2814 itaque
923 2757 1127 2811 semper
1141 2741 1293 2808 [idem
1315 2742 1370 2796 in
1391 2740 1685 2798 Creatorem
1710 2754 1760 2798 et
1784 2745 1838 2799 in

232 2832 498 2890 Christum
528 2836 661 2904 ejus,
686 2852 787 2889 non
813 2834 961 2889 modo
991 2834 1084 2888 sub
1124 2836 1395 2906 apostolis,
1417 2836 1509 2890 sed
1530 2837 1651 2891 etin
1678 2853 1837 2908 apos-

234 2926 403 2981 tolicis
437 2925 679 2982 Ecclesiis
707 2944 727 2981 :
756 2928 898 2998 apud
922 2944 1049 2997 quas
1076 2927 1309 2983 Christus
1331 2969 1347 2995 ,
1382 2944 1484 2983 non
1511 2930 1723 2986 alterius
1757 2931 1838 2986 dei

235 3038 393 3092 qttam
427 3021 687 3076 Creatoris
711 3022 1013 3076 ostenditur.

283 3136 453 3193 XXII.
472 3135 594 3190 Jam
610 3152 726 3191 vero
743 3137 1048 3191 naturaliter
1065 3135 1252 3192 bonum
1273 3138 1376 3193 dici
1396 3154 1497 3194 non
1515 3155 1661 3209 posse
1683 3140 1837 3193 deum

236 3229 523 3284 Marcionis
541 3271 555 3296 ,
577 3228 667 3301 qui
698 3228 759 3282 ab
782 3229 928 3283 initio
963 3229 1158 3285 homini
1196 3230 1343 3301 lapso
1372 3247 1475 3287 non
1505 3233 1831 3288 succurrerit.

308 3345 506 3402 XXIII.
541 3345 720 3418 Neque
756 3347 1130 3403 rationabiliter
1170 3350 1376 3417 bonum,
1402 3367 1460 3407 eo
1479 3352 1616 3423 quod
1640 3354 1837 3409 homini

237 3440 414 3510 (iuxta
441 3435 761 3493 Marcionem
786 3457 818 3493 a
844 3456 898 3494 se
921 3439 1112 3511 alieno)
1139 3457 1429 3497 succurrere
1454 3444 1687 3499 voluerit.

310 3530 505 3587 XXIV.
538 3529 717 3602 Neque
746 3534 965 3602 perfecte
990 3533 1176 3587 bonum
1205 3574 1220 3598 ,
1283 3535 1437 3603 quod,
1479 3538 1642 3607 juxta
1683 3538 1836 3593 Mar-

237 3627 461 3691 cionem,
492 3627 719 3680 animam
744 3626 906 3680 solam
933 3624 1113 3693 salvet,
1144 3643 1246 3681 non
1263 3644 1464 3683 carnent
1482 3671 1499 3697 ,
1527 3647 1641 3700 qua:
1667 3620 1856 3690 tamen.

237 3719 382 3790 apud
406 3719 555 3773 illum
585 3718 853 3791 tinguitur,
883 3718 946 3773 de
970 3719 1161 3790 nuptiis
1202 3720 1421 3787 tollitur,
1460 3730 1505 3776 et
1534 3724 1587 3777 in
1624 3726 1829 3797 confes-

237 3814 384 3870 sione
409 3815 630 3869 nominis
653 3814 902 3870 stevitiam
940 3814 1155 3883 patitur.

1942 2011 2096 2067 libros
2126 2019 2402 2082 praeparat.
2435 2011 2573 2067 Pint.

2463 2128 2692 2187 CAPUT
2712 2127 3003 2187 PRIMUM.

2013 2241 2069 2297 Si
2094 2242 2219 2314 quid
2242 2251 2392 2299 retro
2411 2252 2619 2314 gestum
2640 2254 2720 2300 eet
2743 2244 2897 2301 nobis
2916 2244 3171 2302 adversus
3191 2245 3538 2317 Marcionem,

1937 2333 2049 2405 jam
2078 2334 2201 2390 hinc
2236 2334 2428 2389 viderit
2459 2335 2560 2408 (a).
2595 2334 2800 2391 Novam
2834 2353 2946 2392 rem
2986 2337 3329 2409 adgredimur
3349 2356 3417 2396 ex
3443 2356 3538 2397 ve-

1943 2432 2075 2481 tere.
2112 2425 2186 2496 (b)
2226 2426 2467 2481 Primum
2498 2428 2815 2497 opusculum
2847 2430 2999 2498 quasi
3042 2440 3385 2501 properatum
3429 2433 3542 2503 ple.-

1943 2518 2096 2574 niore
2117 2528 2302 2589 postea
2331 2520 2724 2588 compositione
2768 2521 3112 2578 resciderant.
3152 2524 3300 2580 Ilanc
3328 2541 3541 2597 quoque

1943 2609 2182 2666 nondum
2231 2611 2575 2681 exemplariis
2626 2611 2926 2683 suilectam,
2955 2612 3143 2670 fraude
3174 2615 3247 2688 (c)
3280 2626 3405 2672 tunc
3432 2617 3542 2674 fra—

1942 2704 2060 2769 tris,
2105 2703 2300 2760 dehinc
2342 2714 2623 2776 apostatm,
2661 2708 2852 2773 amisi;
2884 2708 2973 2778 qui
3004 2706 3141 2763 forte
3185 2709 3545 2780 descripserat

1942 2799 2185 2872 quaedam
2224 2801 2656 2869 mendosissime,
2699 2812 2753 2857 et
2785 2801 2865 2875 (d)
2909 2803 3152 2858 exhibuit
3200 2802 3538 2875 frequentiae.

1942 2893 2350 2949 Emendationis
2393 2895 2689 2950 necessitas
2717 2894 2855 2949 facta
2898 2904 3000 2950 est.
3035 2892 3401 2952 Innovationis
3424 2899 3543 2968 ejus

1940 2986 2153 3041 occasio
2203 2984 2402 3056 aliquid
2452 2986 2687 3057 adjicere
2752 2988 3040 3057 persuasit.
3096 2987 3173 3043 Ita
3224 2990 3395 3062 stylus
3441 2991 3543 3047 iste

1940 3092 2083 3133 nunc
2106 3076 2174 3133 de
2196 3076 2437 3133 secundo
2461 3078 2670 3145 tertius,
2698 3087 2752 3133 et
2772 3079 2841 3134 de
2868 3079 3147 3149 tertiojam
3177 3080 3299 3135 hinc
3313 3082 3540 3151 primus.

1940 3172 2082 3228 hunc
2107 3173 2348 3244 Opusculi
2374 3174 2455 3229 sui
2482 3175 2685 3230 exitum
2717 3172 3025 3230 necessario
3050 3174 3323 3244 praefatur,
3350 3174 3425 3247 (e)
3472 3192 3541 3232 ne

1938 3280 2097 3337 quem
2145 3264 2223 3339 (l)
2251 3268 2476 3323 varietas
2516 3266 2631 3337 ejus
2666 3266 2718 3322 in
2754 3266 2999 3339 disperso
3055 3278 3267 3338 reperta
3309 3267 3540 3323 confun-

1939 3356 2051 3413 dat.
2087 3356 2155 3430 (Ι)
2186 3358 2386 3415 Pontus
2414 3358 2506 3429 qui
2530 3358 2726 3414 dicitur
2752 3357 2830 3432 (g)
2858 3359 3097 3415 Euxinus
3120 3358 3221 3433 (2),
3243 3369 3427 3415 natura
3454 3360 3534 3433 (5)

1941 3462 2187 3522 negatur,
2214 3452 2700 3508 nomineilluditur.
2724 3453 3014 3521 Ceterum,
3042 3454 3362 3525 hospitalem
3396 3455 3539 3509 Pon-

1940 3553 2052 3600 tum
2074 3560 2175 3602 nec
2210 3547 2280 3602 de
2318 3548 2421 3603 situ
2446 3548 2684 3603 testimes
2715 3565 2729 3601 :
2755 3547 2825 3601 ita
2852 3546 2920 3603 ab
2956 3546 3362 3604 humanioribus
3388 3547 3538 3605 fretis

1938 3640 2324 3711 nostris,quasi
2351 3641 2581 3711 quodam
2614 3639 2876 3697 barbariae
2914 3656 3025 3697 sum
3055 3641 3258 3713 pudore
3289 3644 3538 3697 secessit.

1939 3728 2143 3788 Gentes
2170 3732 2519 3789 ferocissimae
2541 3732 2837 3789 inhabitant
2859 3730 2964 3807 (h),
2982 3732 3028 3788 si
3066 3740 3243 3788 tamen
3271 3730 3539 3788 habitatur

1942 3832 1993 3886 in
2019 3832 2275 3903 plaustro.
2292 3828 2819 3897 Sedesincerta,vita
2836 3826 3022 3894 cruda,
3043 3826 3210 3884 libido
3232 3826 3537 3899 promiscua

1492 3934 1875 4002 LECTIONES
1912 3944 2325 4005 VARIAN'I‘ES.

414 4040 898 4172 ἓὲἓιῗὲιξὲῗῖυξίιξῗιί
919 4104 1141 4159 Euxinus
1162 4107 1307 4159 Rhea.

2020 4062 2093 4129 (5)
2124 4064 2306 4117 Natura
2328 4062 2479 4117 omitt.
2506 4066 2653 4117 Rhea.

1595 4224 2151 4295 COMMENTARIUS.

314 4327 472 4404 CAP.
491 4328 688 4403 I.-—(a)
721 4330 782 4387 Si
811 4331 935 4400 quid
958 4338 1094 4404 retro
1113 4340 1309 4404 gestum
1328 4343 1401 4390 est
1432 4337 1575 4393 nobis
1596 4341 1840 4398 adversus

242 4398 583 4473 Marcionem,
610 4398 728 4473 jam
777 4398 895 4457 hinc
943 4398 1142 4457 viderit.
1185 4398 1575 4464 Dissertissime
1624 4412 1839 4471 abdicat

240 4472 501 4543 quicquid
527 4472 783 4530 adversus
801 4474 1123 4531 Marcionem
1149 4485 1273 4532 ante
1301 4476 1467 4534 hosce
1496 4479 1663 4538 libros
1688 4498 1834 4540 com.

242 4553 521 4619 posuerat.
538 4543 597 4600 Id
624 4560 751 4600 vero
769 4545 933 4619 fuisse
953 4561 1205 4619 versuum
1228 4550 1446 4619 aliquid,
1465 4552 1684 4611 minime
1707 4571 1830 4612 esse

242 4615 540 4699 putandgm
565 4698 570 4699 γ
596 4617 958 4699 ostendimus,
993 4615 1677 4699 pr.efatione'at_l_poe_mata
1713 4643 1833 4699 quae

242 4686 411 4757 Vulgo
450 4686 762 4745 Tertulliani
807 4690 1024 4743 nomine
1078 4688 1335 4747 adversus
1381 4686 1705 4753 Marcionem
1732 4686 1836 4754 ’ἰη-

243 4759 455 4827 scripta
473 4774 567 4822 pro
594 4759 935 4827 Septimianis
963 4759 1173 4815 obtrudi
1200 4763 1395 4818 solent.
1420 4763 1536 4821 RIG.

318 4826 403 4899 (b)
432 4826 679 4904 Primum
706 4832 1023 4904 opusculum
1044 4833 1190 4901 quasi
1227 4846 1575 4904 properatum.
1608 4838 1837 4897 Inchoa.

245 4906 363 4983 turn
412 4910 479 4983 et
513 4900 669 4983 rude,
720 4901 896 4983 qualia
936 4900 1154 4983 Origeni
1198 4900 1253 4983 et
1282 4900 1648 4983 Quintiliano,
1679 4923 1839 4983 atque

246 4972 413 5051 etiam
436 4970 610 5051 Tullio
638 4971 881 5041 quaedam
907 4970 1372 5051 excidisseinlib.
1400 4970 1835 5051 adVHere'nniu'm,

246 5041 421 5120 refert
445 5042 827 5120 Hieronymus,
859 5057 1059 5120 comm.
1086 5044 1138 5097 in
1164 5044 1389 5120 Abdiam
1421 5065 1433 5102 :
1467 5050 1529 5105 Si
1578 5054 1674 5107 hoc
1726 5041 1833 5120 ille,

247 5124 355 5167 tam
384 5113 447 5192 de
484 5113 623 5192 libris
652 5112 719 5192 ad
742 5112 1076 5192 flerennium,
1102 5131 1256 5192 quam
1303 5117 1367 5171 de
1400 5120 1683 5189 rhetoricis,
1708 5112 1834 5192 quoi

245 5201 346 5257 ego
367 5186 443 5239 vel
475 5187 863 5255 perfectissimos
915 5194 1054 5256 puto,
1098 5185 1169 5240 ad
1205 5192 1636 5257 comparationem
1664 5185 1835 5251 senilis

246 5257 450 5334 peritus
472 5256 640 5334 dicere
661 5257 842 5334 potuit,
869 5259 1241 5334 quantqmagis
1256 5256 1347 5330 ego
1376 5261 1528 5317 libere
1564 5268 1836 5334 proﬁtebor

245 5326 296 5398 et
322 5328 450 5380 illud
475 5328 630 5398 fuisse
650 5326 859 5396 puerilis
884 5328 1095 5398 ingenii,
1128 5326 1177 5382 et,
1200 5326 1299 5385 hoc
1310 5342 1523 5387 matura:
1547 5326 1833 5392 senectutis.

247 5396 321 5452 In
350 5396 490 5472 libris
532 5414 729 5472 quoque
758 5396 1278 5455 contra’Marcionent
1308 5403 1587 5472 Septimius
1634 5406 1837 5463 Tertul-

247 5472 424 5552 liauus
453 5470 548 5524 ltoc
568 5469 699 5556 idem
721 5484 901 5556 pqssus
929 5479 1035 5550 est;
1057 5480 1114 5556 let
1140 5469 1390 5556 (frigenes
1412 5475 1462 5556 in
1494 5474 1688 5556 Cautio.
1714 5498 1837 5535 can.

244 5542 484 5603 ticorum,
509 5550 553 5594 et
579 5540 923 5605 Quintilianus
946 5542 999 5594 in
1034 5540 1299 5598 duodecim
1326 5545 1468 5600 libris
1496 5546 1838 5607 lnstitutiouis

250 5610 529 5666 Oratoriaz.
569 5610 689 5666 RIG.

326 5680 567 5765 (ej-Tunc
590 5682 786 5765 fratris,
818 5683 937 5738 dein
957 5694 1233 5765 ‘apostatte.
1274 5686 1582 5765 Marcionis,
1613 5694 1701 5765 qui
1731 5694 1839 5750 fra-

245 5752 341 5833 ter
361 5752 473 5833 fuit
500 5752 938 5833 qtta_mdiu_vere_
946 5752 1305 5833 Christianus.
1348 5761 1541 5833 Liquet
1568 5752 1644 5820 ex'
1661 5768 1838 5823 verbis

246 5823 707 5898 antecedentibus
757 5825 1144 5884 Tertullianum
1209 5823 1465 5890 adversus
1518 5836 1836 5895 Marcionem

245 5896 553 5965 scripsisse.
582 5894 657 5950 La
679 5894 772 5950 Ρη.

1862 4661 1916 4722 D

2019 4352 2099 4431 (εξ)
2132 4353 2382 4431 Exhibuit
2412 4357 2726 4431 frequentia.
2768 4358 2882 4416 Hoc
2907 4366 3012 4424 est,
3032 4353 3212 4431 emisit
3234 4358 3292 4431 in
3317 4358 3535 4431 vulgus.

1942 4419 2035 4476 Sic
2066 4419 2117 4507 in
2149 4419 2521 4507 Applogetico;
2552 4431 2857 4503 frequentius
2920 4419 3183 4487 montium
3214 4430 3349 4487 dixit
3389 4419 3535 4488 fcras

1940 4499 2199 4551 montium
2227 4499 2453 4556 incolas.
2485 4499 2604 4557 Bia.

2017 4564 2093 4644 (e)
2123 4566 2374 4644 Nequem
2402 4574 2618 4627 varietas
2657 4574 2767 4642 ejus
2793 4574 2847 4627 in
2875 4573 3107 4642 disperso
3158 4581 3358 4644 reperta
3407 4590 3535 4630 con-

1941 4638 2146 4715 fundat.
2199 4640 2311 4715 Hoc
2359 4644 2553 4699 frustra
2604 4638 2867 4699 metueret
2911 4638 2979 4700 de
3014 4638 3275 4708 versibus,
3313 4644 3356 4699 si
3397 4660 3536 4715 quos

1942 4707 2203 4785 adversus
2222 4712 2542 4769 Marcionem
2563 4716 2885 4785 scripsisset.
2910 4716 3041 4771 Nam
3069 4716 3142 4771 illi
3167 4707 3302 4772 satis
3325 4707 3445 4772 sese
3463 4717 3534 4772 ab

1945 4780 2195 4855 ltocAstyli
2220 4800 2415 4855 genere
2442 4780 2728 4841 secernunt
2759 4787 2962 4855 procul.
2995 4787 3114 4843 Βία.

2020 4800 2048 4836 c
2074 4800 2123 4837 St
2164 4800 2195 4838 ιι
2220 4800 2415 4855 genere
2442 4800 2728 4841 secernunt
2759 4800 2962 4855 procul.
2997 4800 3114 4843 HIC.

2019 4852 2086 4926 (f)
2111 4800 2307 4930 Pontus
2352 4857 2441 4925 qui
2484 4858 2667 4930 dicitur
2694 4857 2948 4922 Euxinus,
2981 4870 3164 4913 natura
3190 4867 3423 4930 negatur.
3452 4857 3545 4915 Sic

1943 4926 2369 4999 emendavimus.
2403 4928 2663 4999 suadente
2690 4937 2932 4983 veterum
2984 4926 3370 4999 exemplarium
3402 4932 3541 4985 scri-

1944 5004 2102 5070 ptura
2137 4998 2475 5070 qhnjusm‘ndi,
2514 4998 2712 5053 Pontus
2749 4999 2833 5070 qui
2871 4999 3029 5070 igitur
3057 4998 3312 5054 Euxinus.
3344 4999 3540 5056 Voluce

1943 5077 2027 5119 rat
2049 5068 2302 5133 l’ithasus,
2333 5068 2527 5123 Pontus
2572 5072 2658 5139 qui
2684 5086 2715 5123 a
2750 5068 2941 5125 Crtecis
2972 5069 3220 5125 Euxinus.
3251 5070 3536 5125 Nihilomi-

1942 5152 2045 5192 nus
2081 5148 2255 5213 tamen
2302 5141 2511 5208 probari
2544 5150 2720 5210 potest
2748 5143 2954 5210 vulgata
2981 5143 3159 5204 lcetio,
3194 5140 3389 5196 Pontus
3434 5143 3531 5213 igi-

1940 5219 2027 5263 tur
2069 5211 2155 5279 qui
2199 5208 2436 5267 Euxinus
2481 5208 2665 5266 natura
2718 5208 2965 5284 negatur,
3013 5215 3219 5267 nomine
3281 5208 3537 5269 illuditur.

3060 5285 3175 5340 IiIG.

2017 5352 2093 5425 (ε)
2124 5352 2378 5413 Euxinus.
2408 5365 2593 5409 natura
2628 5365 2855 5426 negatur.
2893 5354 3104 5410 Etenim
3146 5354 3280 5410 fallit
3318 5355 3538 5411 menda-

1942 5427 2030 5481 cio
2077 5428 2430 5497 cognominis.
2485 5444 2605 5482 cum
2634 5429 2703 5482 ob
2750 5428 3020 5496 ingenium
3051 5428 3149 5481 loci
3178 5441 3241 5481 ac
3268 5427 3531 5482 feritatem

1943 5508 2168 5571 natura.
2196 5506 2354 5565 ἄξενος
2381 5500 2483 5554 dici
2503 5499 2714 5554 debeat.
2738 5498 2853 5553 lita.
2899 5528 2965 5537 ——
2995 5498 3129 5552 Cum
3156 5498 3259 5571 dici
3291 5497 3534 5552 debuerit

1942 5568 2297 5639 inhospitalis,
2324 5573 2463 5627 unde
2486 5571 2665 5624 Uvid.:

2036 5682 2193 5742 Quem
2217 5688 2359 5734 tenet
2380 5685 2556 5734 Euxini
2582 5683 2793 5734 mendax
2818 5682 3109 5748 cognomine
3129 5686 3347 5791 ροὶιὲιίντιι

2023 5834 2101 5905 (b)
2135 5833 2315 5889 Gentes
2347 5836 2671 5905 ferocissime
2695 5831 2998 5889 inhabitant.
3032 5836 3229 5893 Gentes
3252 5837 3355 5891 illa:
3385 5836 3533 5890 fuere

1946 5904 2221 5973 Sarmatae,
2255 5904 2463 5976 Geloni,
2493 5907 2799 5976 Massagetae
2840 5910 2893 5958 et
2915 5924 3082 5982 genus
3107 5911 3413 5965 universum
3440 5922 3531 5977 po-
