4262 6490
708 391 814 451 247

2142 384 2605 443 TEBTULLIANI

3904 388 4018 449 ειε

711 522 767 566 et
793 509 1078 578 plurimum
1106 506 1269 570 nuda,
1298 508 1457 562 etiam
1487 522 1607 563 cum
1634 506 1989 570 abscondunt,
2032 507 2306 575 .suSpensis
2334 506 2383 563 Α
2414 506 2483 561 ris
2513 504 2740 561 testibus
2774 522 2785 559 :
2830 515 2887 560 ut
2915 506 3037 561 hinc
3060 505 3172 577 jam
3206 505 3463 561 destinari
3502 505 3673 577 possit
3702 506 4016 572 limrcticus,

714 602 929 673 dejugo
956 602 1226 670 pharetris
1257 600 1541 665 indicilms,
1568 616 1636 654 ne
1669 612 1869 655 temere
1888 601 2007 670 quis
2039 600 2116 669 (ι)
2147 599 2311 651 inter-

714 696 891 754 cedat.
919 695 993 767 (η)
1022 694 1097 750 Ita
1146 710 1245 749 nec
1282 696 1447 749 armis
1486 695 1597 748 suis
1623 695 1966 749 erubescunt.
2028 694 2314 748 Parentum

719 789 1008 852 cadavera,
1040 804 1160 843 cum
1203 788 1493 856 pecudibus
1521 802 1657 842 cmsa
1677 829 1691 852 ,
1723 788 1969 843 convivio
2000 795 2312 840 convorant.

715 882 816 951 Qui
846 898 951 937 non
980 882 1050 936 ita
1078 881 1429 948 decesserint,
1464 889 1520 936 ut
1554 882 1805 937 escatiles
1848 880 2063 944 fuerint,
2094 880 2318 936 maledi-

714 985 798 1029 cta
824 988 970 1030 mors
990 987 1091 1031 est.
1122 974 1231 1030 Nec
1261 975 1492 1031 heminae
1527 989 1656 1030 sexu
1688 976 2000 1045 mitigantur
2021 974 2315 1029 secundum

716 1066 1022 1138 pudorem:
1056 1068 1220 1123 ubera
1273 1066 1583 1133 excludunt,
1635 1083 1859 1139 pensum
1915 1068 2191 1123 securibus
2242 1067 2316 1122 fa-

719 1158 905 1223 riunt;
938 1158 1146 1213 malunt
1199 1159 1469 1224 militare,
1516 1173 1674 1229 quam
1722 1159 1943 1214 nubere.
2006 1159 2205 1214 Duritia
2250 1160 2318 1215 de

716 1253 856 1308 cmlo
906 1266 1140 1322 quoque.
1184 1251 1306 1306 Dies
1351 1266 1639 1322 numquam
1669 1260 1857 1321 patens
1885 1270 1895 1304 :
1926 1252 1998 1324 (ὁ)
2036 1256 2114 1307 sol
2166 1271 2320 1308 num-

716 1362 876 1417 quam
923 1345 1093 1399 libens
1126 1344 1229 1416 (2),
1264 1358 1400 1397 unus
1430 1359 1543 1408 aer,
1578 1344 1804 1407 nebula;
1839 1354 1979 1398 totus
2006 1361 2196 1408 annus,
2239 1346 2319 1401 hi-

717 1438 976 1502 bernum;
1000 1450 1161 1492 omne
1185 1435 1327 1506 quod
1353 1435 1579 1500 flaverit,
1611 1435 1802 1506 Aquilo
1840 1445 1942 1500 est,
1978 1436 2049 1508 (c)
2081 1438 2317 1507 liquores

717 1529 929 1599 ignibus
986 1528 1255 1593 redeunt,
1297 1544 1485 1583 amnes
1542 1528 1711 1598 glacie
1766 1538 2049 1599 negantur,
2107 1541 2318 1587 montes

720 1623 909 1690 pruina
937 1630 1347 1689 exaggerantur.
1393 1620 1584 1675 Omnia
1621 1631 1855 1691 torpent,
1886 1623 2063 1676 omnia
2096 1623 2272 1692 rigent
2302 1642 2314 1678 :

720 1716 853 1770 nihil
895 1715 1001 1769 illic
1028 1714 1128 1769 nisi
1158 1713 1343 1769 feritas
1372 1714 1541 1778 calet,
1581 1713 1667 1767 illa
1721 1713 1927 1768 scilicet
1965 1730 2084 1785 quae
2111 1715 2320 1772 fabulas

720 1806 899 1861 scenis
922 1805 1103 1870 dedit,
1149 1803 1217 1860 de
1258 1804 1536 1859 sacrificiis
1570 1805 1892 1869 Taurorum,
1942 1814 1997 1860 et
2041 1807 2318 1863 amoribus

2418 600 2532 668 qui,
2563 598 2780 653 deserto
2809 599 2950 668 quod
2982 601 3126 668 prius
3152 599 3355 665 fuerat,
3386 599 3434 653 id
3460 609 3641 669 postea
3672 600 3769 655 sibi
3798 600 4027 670 elegerit

2418 691 2558 759 quod
2588 702 2729 746 retro
2752 706 2856 746 non
2887 700 3023 746 erat.
3057 693 3111 747 lu
3142 702 3345 747 tantum
3369 694 3511 748 enim
3542 692 3765 748 hmresis
3794 692 4023 762 deputa-

2420 782 2561 836 bitur
2588 783 2730 853 quod
2758 794 2941 853 postea
2976 784 3265 849 inducitur,
3316 786 3365 838 in
3394 795 3653 855 quantum
3686 786 3883 846 veritas
3923 784 4024 839 ha-

2420 876 2634 933 bebitur
2660 878 2803 948 quod
2834 887 2979 933 retro
3008 888 3062 933 et
3092 893 3123 932 a
3162 879 3455 948 primordio
3489 878 3740 933 traditum
3781 887 3883 933 est.
3918 877 4025 932 Sed

2423 969 2557 1024 alius
2610 968 2819 1025 libellus
2858 969 2934 1041 (g)
2985 970 3126 1025 hunc
3167 970 3389 1041 gradum
3432 970 3717 1025 sustinebit
3763 969 4029 1024 adversus

2421 1062 2729 1131 hmreticos,
2758 1065 2917 1119 etiam
2947 1064 3064 1120 sine
3111 1073 3405 1119 retractatu
3451 1063 3821 1118 doctrinarum
3851 1062 4031 1118 ret-in-

2421 1157 2662 1221 eendos,
2701 1157 2844 1227 quod
2894 1156 2995 1211 hoc
3036 1158 3143 1211 sint
3184 1158 3253 1212 de
3292 1157 3698 1226 praescriptione
3752 1157 4025 1210 novitatis.

2422 1251 2574 1306 Nunc
2601 1260 2863 1320 quatenus
2887 1247 3216 1303 admittenda
3244 1250 3555 1317 congressio
3580 1258 3683 1312 est,
3723 1247 4021 1311 interdum,

2423 1362 2491 1402 ne
2535 1344 2910 1415 compendium
2945 1343 3398 1413 praescriptionis,
3432 1342 3628 1412 ubique
3666 1341 4027 1405 advocatum,

2422 1439 2732 1495 diffidentia:
2759 1438 3063 1507 deputetur.
3100 1437 3355 1505 Regulam
3386 1435 3678 1491 adversarii
3707 1436 3854 1504 prius
3881 1449 4024 1503 pra:-

2425 1542 2623 1598 tesam,
2658 1548 2724 1586 ne
2751 1533 2834 1585 cui
2871 1531 3030 1584 lateat
3060 1530 3110 1584 in
3138 1545 3240 1600 qua
3266 1528 3574 1599 principalis
3600 1528 3828 1598 qumstio
3867 1526 4027 1581 dimi-

2423 1635 2603 1679 calura
2633 1634 2733 1679 (‘SL

3048 1713 3273 1771 CAPUT
3312 1713 3380 1768 11.

2497 1812 2638 1866 Duos
2668 1809 2921 1865 Ponticus
2948 1806 3077 1863 deos
3105 1807 3259 1863 all'ert
3289 1807 3393 1877 (Ii),
3412 1814 3679 1875 tamquam
3703 1804 3837 1859 duas
3880 1818 4033 1877 sym-

718 1899 1041 1956 Colchorum
1064 1939 1081 1967 ,
1114 1910 1168 1954 et
1210 1898 1458 1954 crucibus
1486 1898 1867 1952 Caucasorum.
1898 1897 2001 1953 Sed
2049 1899 2180 1955 nihil
2210 1911 2315 1956 tam
2349 1899 2395 1959 B
2426 1907 2678 1978 plegadas
2707 1902 2969 1973 naufragii
3014 1902 3094 1957 sui
3126 1902 3191 1971 (i)
3229 1920 3242 1956 :
3271 1915 3430 1971 quem
3473 1916 3671 1969 negare
3700 1914 3805 1953 non
3835 1898 4037 1969 potuit,

718 1993 1004 2048 barbarum
1028 2006 1093 2048 ac
1122 1990 1275 2046 triste
1296 1990 1435 2059 apud
1460 1989 1711 2053 Pontum,
1745 1989 1825 2063 (Δ)
1851 2007 2007 2058 quam
2037 1993 2178 2062 quod
2212 1993 2319 2050 illic

718 2083 954 2139 Marcion
979 2091 1133 2136 natus
1163 2090 1265 2147 est,
1298 2079 1497 2151 Scytha
1539 2082 1747 2144 tetrior,
1779 2078 2114 2137 Hamaxohio
2164 2085 2323 2139 insta-

719 2175 901 2239 bilior,
926 2174 1221 2244 Massageta
1248 2171 1611 2236 inhumanior,
1650 2171 1721 2245 (ε)
1752 2174 2023 2227 Amazone
2040 2174 2316 2241 audacior;

722 2268 909 2325 nubilo
949 2266 1251 2331 obscurior,
1296 2265 1489 2337 hyeme
1543 2262 1816 2336 frigidior,
1863 2266 1984 2335 gelu
2046 2267 2317 2337 fragilior;

721 2362 859 2418 Istro
917 2360 1176 2424 fallacior,
1220 2358 1460 2413 Caucaso
1524 2358 1819 2428 abruptior.
1874 2359 2109 2427 Quidni?
2156 2377 2326 2432 penes

720 2470 881 2527 quem
912 2470 1068 2508 verus
1110 2451 1463 2511 Prometheus
1507 2450 1649 2506 Deus
1688 2452 2027 2521 omnipotens
2076 2453 2324 2526 blasphe-

719 2550 843 2605 miis
871 2548 1165 2603 lancinatur
1197 2545 1299 2618 (5).
1330 2545 1447 2600 lam
1476 2555 1529 2607 et
1559 2545 1742 2599 bestiis
1778 2545 1916 2600 illius
1942 2546 2201 2602 barbaric
2225 2548 2320 2603 im.

721 2640 1005 2712 portunior
1037 2638 1294 2693 Marcion.
1345 2636 1476 2705 Quis
1521 2638 1663 2691 enim
1710 2646 1815 2691 tam
1841 2648 2105 2695 castrator
2146 2644 2321 2698 carnis

722 2742 935 2799 castor,
964 2748 1122 2799 quam
1146 2733 1235 2802 qui
1270 2732 1480 2801 nuptias
1501 2731 1757 2786 abstulit?
1788 2734 1907 2803 quis
1938 2744 2043 2790 tam
2075 2752 2323 2795 conicsor

723 2840 843 2880 mus
872 2825 1118 2893 ponticns
1138 2864 1151 2884 ,
1186 2839 1342 2892 quam
1374 2824 1463 2893 qui
1497 2823 1778 2894 Evangelia
1825 2828 2089 2882 corrosit?
2119 2828 2210 2885 Nc
2244 2842 2318 2896 tu,

722 2916 964 2982 Euxine,
1013 2913 1424 2986 probabiliorem
1472 2912 1637 2968 feram
1688 2915 2021 2987 pliiloSOphis
2071 2920 2320 2990 edidisti,

722 3024 882 3076 quam
905 3006 1243 3062 Christianis.
1278 3008 1350 3077 (ι’)
1389 3004 1518 3059 Nam
1548 3007 1631 3061 illa
1662 3005 1742 3075 (4)
1783 3009 2022 3063 canicula
2066 3011 2324 3082 Diogenes

724 3099 999 3156 hominem
1048 3098 1285 3153 invenire
1330 3099 1598 3167 cupiebat,
1647 3097 1915 3155 lucernam
1964 3105 2186 3160 meridie
2215 3107 2323 3162 eir-

720 3193 1028 3250 cumferens
1060 3210 1073 3247 :
1111 3191 1343 3246 Marcion
1377 3191 1542 3245 Deum
1574 3207 1730 3261 quem
1755 3194 2065 3264 invenerat,
2090 3201 2325 3256 extincto

2426 2001 2477 2057 id
2526 2008 2611 2055 est
2650 2001 2726 2067 (6)
2775 1995 3189 2057 Creatorem,id
3212 2005 3293 2049 est
3336 2002 3600 2057 nostrum,
3632 2002 3686 2046 et
3717 2006 3876 2060 quem
3906 2004 4039 2059 pro-

2426 2093 2552 2148 bare
2580 2106 2683 2147 non
2734 2090 2947 2159 poterit,
2982 2087 3031 2141 id
3062 2096 3144 2141 est
3181 2100 3376 2140 suum:
3412 2099 3597 2153 passus
3657 2080 3839 2136 infelix
3876 2080 4040 2149 hujus

2426 2183 2859 2255 ρι’ωειιιιψιὶοιιίε
2892 2179 3201 2234 instinctum
3250 2180 3341 2246 (j),
3398 2175 3465 2231 de
3515 2175 3744 2244 simplici
3796 2174 4039 2244 capitulo

2427 2279 2720 2333 Dominime
2766 2272 3220 2344 pronuntiationis
3278 2271 3382 2342 (7),
3438 2270 3489 2323 in
3536 2269 3781 2323 homines
3830 2282 3935 2323 non
3979 2268 4036 2322 iii

2425 2370 2557 2426 deos
2594 2366 2925 2437 diSponeutis
2958 2364 3209 2434 exempla
3238 2362 3327 2415 illa
3352 2362 3507 2415 bona:
3537 2370 3591 2414 et
3617 2359 3771 2413 mala:
3795 2358 4036 2424 arboris,

2425 2462 2565 2533 quod
2582 2476 2752 2530 neque
2770 2461 2905 2513 bona
2921 2459 3108 2521 malos,
3137 2471 3307 2525 neque
3330 2456 3465 2507 mala
3488 2454 3657 2508 bonos
3673 2454 3910 2523 proferat
3926 2452 4039 2506 τηις

2425 2564 2539 2609 ctus
2556 2551 2911 2625 (.l!uttlt.\’lll,
2931 2552 3018 2619 18)
3036 2569 3050 2603 ε
3067 2549 3118 2602 id
3144 2559 3247 2611 εει,
3266 2561 3435 2615 neque
3452 2560 3601 2598 mens
3622 2544 3703 2597 vel
3720 2543 3854 2597 fides
3868 2543 4033 2609 bona,

2426 2648 2595 2701 malas
2626 2646 2748 2701 edat
2770 2659 2983 2714 operas,
3013 2657 3183 2709 neque
3202 2638 3337 2691 mala
3361 2639 3551 2691 bonas.
3577 2637 3858 2705 Languens
3881 2636 4032 2689 enim

2429 2738 2589 2810 (quod
2620 2746 2672 2791 et
2706 2751 2844 2790 nunc
2871 2734 3044 2797 multi,
3075 2740 3131 2786 ει
3157 2730 3385 2786 maxime
3416 2728 3675 2796 heretici)
3716 2728 3857 2782 circa
3904 2727 4036 2783 mali

2427 2834 2797 2901 qumstionem,
2821 2848 2837 2878 ι
2876 2826 3016 2881 unde
3054 2830 3248 2880 malum
3280 2825 3392 2894 (Ir)?
3429 2843 3446 2875 ι
3473 2832 3526 2877 ει
3551 2822 3759 2875 obtusis
3788 2822 4039 2877 sensibus

2430 2928 2540 2996 ipsa
2592 2924 2909 2980 enormitmc
2963 2920 3331 2983 curiositatis,
3393 2918 3669 2971 inveniens
3716 2916 4035 2972 Creatorem

2428 3019 2857 3088 pronuntiantem
2884 3013 3009 3085 (Is.,
3042 3013 3204 3079 LXV,
3236 3012 3291 3084 7)
3321 3010 3399 3083 (8)
3434 3029 3444 3063 :
3471 3006 3588 3080 Ego
3614 3012 3834 3079 suntqui
3864 3011 4035 3063 condo

2428 3117 2564 3169 mala
2588 3115 2678 3184 (l);
2705 3121 2901 3183 quanto
2922 3112 3091 3178 ipsum
3127 3115 3539 3177 prtesunipserat
3571 3104 3694 3158 mali
3728 3114 4031 3170 auctorem,

2429 3218 2481 3264 et
2511 3223 2572 3262 es
2606 3206 2725 3259 aliis
2765 3204 3119 3274 argumentis,
3148 3216 3268 3271 qure
3319 3200 3388 3252 ita
3420 3197 3742 3267 persuadent
3771 3212 4036 3267 perverso

720 3285 922 3341 lumine
950 3283 1070 3337 fidei
1099 3297 1210 3337 sua:
1234 3283 1433 3337 amisit.
1467 3281 1581 3338 Non
1610 3286 1879 3354 negabunt
1916 3288 2160 3360 discipuli
2203 3294 2319 3363 ejus

2426 3302 2637 3371 cuique,
2664 3308 2811 3354 tanto
2829 3299 2879 3352 in
2900 3297 3209 3353 Creatorem
3238 3294 3620 3361 interpretatus
3646 3288 3842 3343 malam
3863 3290 4033 3343 arbo-

723 3379 952 3450 primam
983 3376 1123 3434 illius
1144 3376 1225 3447 (5)
1255 3376 1413 3432 fidem
1441 3377 1718 3432 nobiscum
1769 3378 1953 3447 fuisse,
1997 3384 2164 3455 ipsius
2197 3390 2320 3447 lite-

2429 3412 2540 3451 rem
2571 3394 2740 3449 malos
2784 3391 2986 3448 fruCtus
3016 3388 3359 3451 condentem,
3412 3374 3617 3441 scilicet
3662 3385 3837 3450 mala;
3866 3381 4035 3439 alium

1901 3495 2279 3564 LECTIONES
2316 3510 2727 3569 VARIANTES.

784 3614 860 3677 (ι)
891 3611 967 3664 Ne
1000 3612 1112 3676 quis
1134 3616 1327 3662 temere
1351 3617 1465 3661 Jun.
1491 3618 1548 3661 ut
1570 3611 1813 3665 indicibus
1834 3622 2085 3679 notentur,
2110 3634 2174 3673 ne
2219 3627 2332 3687 quis

727 3679 878 3795 Rhein).
895 3737 1116 3800 Liquens
1145 3736 1391 3787 Wouwer.
1417 3735 1544 3785 liber
1572 3734 1729 3786 Pran.

784 3742 863 3865 (3)
895 3799 1172 3865 Lacitiiatur
1194 3796 1299 3849 alii.

810 3803 863 3863 ὅ)
896 3796 1172 3863 Laciniatur
1194 3796 1299 3849 alii.

786 3859 863 3925 (ι)
895 3862 986 3915 Ille
1010 3859 1216 3913 Semler.

2520 3628 2570 3686 5)
2606 3626 2708 3676 Illis
2730 3622 2804 3675 rel
2828 3622 2891 3686 illi
2916 3618 3019 3671 alii.

2519 3683 2570 3747 t3)
2604 3688 2658 3753 id
2685 3695 2761 3737 est
2782 3684 2934 3753 omitt.
2964 3683 3117 3753 Latin:

2518 3743 2568 3811 7)
2604 3750 3029 3799 Przeuuntiationis
3049 3743 3153 3811 alii.

2492 3807 2568 3877 (8)
2602 3813 3016 3865 Przcuuntiantem
3039 3807 3141 3859 alii.

2115 3977 2671 4044 COMMENTARIUS.

764 4093 970 4151 ulorum
998 4088 1560 4163 hamaxobiorumkde
1579 4087 1771 4160 quibus
1797 4100 2091 4163 eorumque
2112 4089 2323 4151 feritate

764 4108 970 4151 ntorum
1000 4108 1459 4153 Itamaxomorum,
1493 4108 1560 4144 oe

724 4108 1045 4221 Korreseunt
1086 4162 1341 4216 historiae.
1370 4161 1445 4215 LE
1471 4160 1570 4215 Pu.

800 4236 878 4308 (τι)
930 4235 1011 4290 lla
1038 4234 1317 4308 nec__armis
1341 4235 1442 4285 suis
1472 4234 1787 4308 erubescunt.
1820 4230 1946 4308 Haec
1971 4233 2115 4308 enim
2152 4236 2322 4307 turpis

726 4316 785 4364 et
811 4302 1100 4383 propatule
1124 4302 1482 4383 Veiierissuaa
1511 4305 1657 4383 signa
1682 4306 2025 4383 prostituunt.
2055 4305 2173 4362 th.

798 4372 877 4450 (Vb)
905 4372 996 4432 Sol
1026 4390 1299 4450 numquam
1323 4372 1499 4450 libens.
1529 4372 1617 4450 δῖε
1646 4372 1805 4450 liabet
1837 4385 1988 4430 vetus
2018 4378 2316 4450 exemplar.

727 4445 885 4505 Dicas
915 4450 1050 4503 hanc
1076 4445 1519 4519 regioneinasole
1547 4446 1683 4499 haud
1711 4447 1943 4502 libenter
1966 4445 2192 4519 adSpici,
2211 4459 2317 4504 tam

728 4522 869 4575 male
899 4522 1004 4575 illic
1037 4519 1199 4573 lucet.
1224 4516 1344 4569 Rto.

801 4591 877 4662 (c)
909 4591 1153 4659 Liquere:
1172 4588 1371 4662 ignibus
1397 4584 1705 4662 redeu_nt._l_n
1736 4587 1949 4662 Pontica
1970 4588 2061 4643 illa
2084 4588 2315 4662 feritate,

728 4658 921 4733 inquit,
961 4658 1107 4716 omne
1132 4659 1266 4728 quod
1294 4658 1491 4727 [laverit
1523 4658 1702 4733 Aquilo
1724 4670 1833 4733 est.
1865 4660 2050 4731 Itaque
2080 4661 2318 4731 liquores

731 4730 922 4787 omnes
954 4734 1075 4802 gelu
1102 4739 1476 4803 concrescunt,
1508 4744 1605 4783 nec
1636 4730 2066 4803 nisiﬁsuppositis
2112 4730 2320 4803 ignibus

731 4800 983 4869 redeunt,
1018 4804 1118 4856 hoc
1146 4811 1250 4864 est,
1291 4800 1636 4854 resolvuntur
1668 4804 1717 4855 in
1744 4800 1997 4871 liquores.
2030 4800 2149 4860 ιιιοζ

804 4875 883 4946 (d)
916 4876 1079 4941 Quam
1106 4873 1240 4942 quod
1267 4872 1370 4946 illic
1399 4871 1643 4946 @arcion
1662 4884 1807 4946 natus
1827 4873 2099 4946 est.Tetra
2130 4877 2250 4930 licet
2270 4886 2324 4929 et

732 4942 1009 5002 horribilia
1038 4950 1141 4998 sint
1163 4959 1281 5013 qua:
1311 4942 1375 4994 de
1406 4942 1575 4997 Ponto
1609 4943 1814 4999 Euxino
1852 4944 2324 5014 adjacentihusque

733 5018 945 5086 p0pulis
968 5019 1208 5071 feruntur
1232 5056 1247 5078 ,
1283 5014 1410 5067 nihil
1463 5022 1640 5086 tamen
1672 5016 1857 5069 tetrius
1882 5025 1977 5086 aut
2020 5017 2325 5072 horribilius

733 5084 955 5158 cogitari
997 5096 1175 5158 potest
1213 5100 1371 5156 quam
1402 5084 1544 5155 quod
1574 5086 1644 5139 ibi
1685 5096 1841 5141 natus
1871 5084 2031 5158 fuerit
2066 5088 2319 5143 Marcion.

809 5228 885 5301 (ε)
932 5231 1186 5281 Αιιιαιοηε
1219 5227 1481 5301 audacior.
1518 5226 1686 5301 Vulgo
1738 5157 2035 5283 Ainazmii:
2068 5158 2321 5285 l8)::‘ribena

735 5298 874 5357 dum
894 5310 949 5354 ut
972 5310 1053 5354 est
1083 5302 1131 5352 in
1155 5299 1467 5365 exemplari,
1507 5298 1783 5353 Amazona.
1814 5301 2138 5356 Amazonum
2170 5303 2320 5366 dicit,

738 5385 797 5427 ut
820 5374 1128 5428 Sirenaruin
1157 5385 1255 5444 pro
1283 5368 1553 5444 Sirenum,
1582 5379 1635 5425 et
1672 5372 1898 5443 Syuopa:
1924 5388 2019 5442 pro
2051 5372 2315 5444 Cynopes,

734 5444 869 5499 Vide
895 5443 1319 5512 Apologeticum.
1350 5439 1469 5494 Ric.

805 5514 871 5585 (f)
910 5511 1043 5567 Nam
1071 5511 1184 5566 Cilla
1234 5512 1467 5585 canicula
1508 5511 1782 5583 Diogenes,
1814 5524 1917 5571 etc.
1953 5514 2183 5584 Cynicus
2232 5516 2322 5570 ille

732 5584 999 5658 Diogenes
1028 5585 1199 5637 dictus
1229 5584 1296 5636 ob
1310 5585 1615 5658 libertatem
1635 5586 1879 5658 quainin
1907 5586 2185 5658 carpendis
2210 5596 2320 5639 tum

734 5654 1041 5711 horninibus
1068 5663 1223 5726 ,tum
1252 5654 1409 5707 etiam
1438 5655 1539 5726 diis
1580 5656 1911 5711 adsumebat.
1941 5656 2151 5713 Pariter
2183 5662 2321 5726 Apo-

735 5730 861 5797 log.,
895 5743 1012 5795 cap.
1047 5725 1135 5789 Μ,
1168 5724 1425 5797 Romanus
1450 5724 1665 5795 Cynicus
1694 5728 1851 5781 Varro
1880 5738 2121 5781 trecentos
2148 5724 2319 5791 leues,

732 5795 837 5857 etc.
876 5799 936 5855 Ut
965 5800 1171 5855 Scilicet
1200 5795 1389 5853 Greco
1422 5798 1636 5869 Diogeni
1668 5799 1964 5854 Romanum
2003 5800 2318 5867 obpoueret.

1944 5870 2020 5924 LE
2045 5871 2140 5925 Pa.

2504 4098 2582 4171 (εξ)
2616 4098 2721 4154 Sed
2747 4098 2880 4171 alius
2918 4096 3116 4171 libellus
3158 4089 3581 4171 hunc__gradunt_
3603 4088 4033 4171 sustinebitketc.

2428 4160 2575 4225 enat
2615 4171 2699 4224 hic
2745 4169 2884 4223 haud
2916 4168 3075 4223 dubie
3107 4168 3266 4222 modo
3293 4160 3495 4219 dictum
3528 4161 3722 4216 librum
3774 4162 3837 4215 de
3880 4160 4036 4218 Prte-

2428 4242 2783 4311 scriptionibus
2803 4243 3044 4294 adversus
3073 4236 3571 4311 haereticosujuippe
3599 4247 3706 4311 quo
3731 4231 3916 4287 docuit
3946 4248 4037 4311 re-

2428 4304 2727 4368 viueendos
2756 4312 3065 4375 lizeretieos,
3096 4311 3212 4364 sine
3257 4316 3484 4362 tractatu
3527 4304 3917 4372 doctrinarum,
3968 4305 4038 4361 de

2428 4386 2830 4454 praescriptione
2857 4382 3131 4437 novitatis.
3156 4381 3293 4436 Psu.

2494 4456 2650 4512 CAP.
2675 4454 3059 4528 ll.——(h)l)uos
3090 4448 3353 4528 Ponticus
3381 4450 3501 4503 deos
3528 4445 3699 4513 affert.
3732 4448 4037 4528 argumen-

2425 4534 2534 4581 tum
2560 4529 2718 4597 hujus
2734 4516 2922 4597 capitis
2941 4525 3031 4597 his
3045 4524 3226 4597 verbis
3249 4522 3447 4576 indicat
3476 4529 3709 4597 auctor_:_
3740 4516 4036 4597 De’duobns

2345 4611 2397 4669 D
2423 4600 2524 4652 diis
2569 4590 2868 4662 Marcionis,
2898 4596 3039 4669 quod
3072 4596 3623 4669 pracipuetractatur
3661 4590 3743 4643 his
3774 4591 3952 4669 primo
3974 4599 4039 4669 et

2424 4671 2662 4723 secundo
2719 4670 2869 4728 libris
2908 4662 3153 4723 adversus
3202 4664 3533 4719 Marcionem.
3562 4664 3636 4717 Dc
3661 4676 3767 4732 quo
3789 4662 3952 4716 etiam
3974 4662 4035 4716 Β.

2426 4739 2666 4796 Justinus
2694 4741 2933 4810 apolog.,
2957 4741 3019 4795 ll.
3045 4740 3180 4795 Pm.

2500 4810 2562 4882 (ι)
2600 4804 2881 4882 Tamque»;
2908 4813 3036 4867 duas
3063 4807 3419 4881 symplegadas
3444 4807 3703 4882 naufragii
3739 4804 3836 4881 sui.
3870 4804 4035 4882 Symf

2428 4877 2680 4953 ple'g'ades
2708 4877 2831 4939 sunt
2852 4885 2957 4938 duo
2986 4877 3211 4952 scopuli,
3234 4877 3347 4953 seu
3394 4877 3562 4931 mavis
3600 4892 3759 4953 rupes
3792 4880 3841 4927 in
3898 4877 4031 4953 mari

2428 4946 2492 5007 ad
2519 4946 2850 5025 Bosphorum
2882 4946 3205 5025 Thracium.
3230 4952 3688 5025 Dicunturpetrxe
3716 4946 3918 5025 Cyneg
3962 4947 4033 4999 ab

2429 5019 2715 5092 Apollonio
2744 5028 2944 5088 Rhod,
2979 5027 3071 5081 lib.
3102 5024 3143 5079 l.
3168 5026 3359 5092 Argon.
3392 5032 3447 5075 et
3470 5019 3696 5089 Cyanee
3728 5019 4033 5089 symplega-

2430 5097 2524 5151 des
2558 5100 2626 5153 ab
2660 5098 2911 5168 Euripide
2940 5099 2991 5153 in
3022 5094 3226 5151 Medea.
3245 5093 3331 5150 LE
3358 5093 3453 5147 Pn.

2503 5191 2569 5261 (j)
2627 5189 2819 5246 Passus
2883 5191 3036 5260 hujus
3104 5186 3516 5261 prwsumptionis
3570 5182 3889 5261 instinctum.
3944 5180 4034 5237 Sic

2428 5254 2687 5331 principio
2718 5264 2833 5317 libri
2880 5254 2963 5316 de'
2983 5254 3288 5331 Virginibus
3314 5257 3549 5331 velaudis
3576 5273 3587 5309 :
3622 5254 3901 5324 PrOpriuin
3932 5265 4033 5307 tant

2428 5328 2681 5405 negotium
2704 5350 2881 5403 passus
2908 5347 3032 5386 mea:
3059 5328 3335 5401 opinionis.
3370 5328 3487 5383 th.

2500 5426 2579 5498 (ιι)
2608 5423 2757 5480 Circa
2787 5428 2911 5481 mali
2951 5426 3296 5497 qua'slionem,
3334 5419 3482 5498 _unde
3512 5422 3724 5498 malum.
3772 5418 3894 5498 _lloc
3928 5429 4030 5481 est,

2430 5492 2740 5567 languentes
2792 5500 2930 5552 circa
2964 5492 3097 5549 'mali
3158 5496 3529 5564 quaestionem.
3584 5492 3822 5559 Quaestio
3852 5501 4029 5545 autem

2431 5571 2515 5623 illa
2546 5581 2663 5626 est:
2690 5570 2837 5624 Unde
2869 5569 3109 5623 malum?
3141 5568 3256 5620 lito.

2505 5661 2565 5729 (l)
2616 5661 2721 5731 ligo
2740 5678 2848 5714 sum
2870 5661 2954 5729 qui
2984 5660 3145 5712 condo
3167 5659 3321 5710 mala.
3353 5656 3522 5731 Vatic.
3559 5654 3596 5707 ll
3624 5655 3719 5731 Ms.
3741 5655 3864 5731 got].
3892 5672 4025 5731 erro,

2428 5742 2480 5785 ει
2514 5726 2677 5800 paulo
2696 5745 2809 5805 post
2850 5726 3119 5791 errantem,
3165 5746 3260 5799 pro
3303 5728 3619 5805 condentem.
3650 5726 3753 5805 Sed
3784 5726 3911 5805 illud
3944 5727 4021 5805 le-

2428 5796 2565 5873 gitur
2594 5796 2717 5856 ahb'i
2751 5806 2816 5857 ab
2860 5814 3098 5867 auctore,
3136 5796 3239 5855 non
3290 5801 3462 5873 solum
3521 5799 3613 5873 lih_.
3667 5800 3729 5852 de
3770 5796 3923 5872 Fuga
3973 5800 4024 5849 in

2427 5869 2692 5945 persecat,
2728 5874 2822 5929 sed
2852 5876 3007 5929 etiam
3042 5876 3133 5929 lib.
3164 5873 3201 5928 ll
3229 5872 3348 5927 adv.
3378 5871 3551 5925 Marc.
3572 5869 3711 5924 Pu.
