4262 6490
182 422 297 484 9‘9

1320 418 1452 475 LIB.
1491 418 1512 474 ι
1555 414 1915 473 ADVERSUS
1952 414 2377 473 MARCIONEM.

3397 409 3505 469 250

190 542 353 598 deum
392 539 737 611 prmsumpsit
765 552 885 593 esse
910 537 1108 593 debere
1129 537 1181 592 in
1211 547 1418 607 partem
1447 538 1604 591 honre
1635 535 1791 590 arbo-
1821 534 1871 592 Λ
1901 549 2184 603 magnum.
2219 547 2407 589 eversa
2438 532 2776 598 conditione,
2800 539 2873 596 et,
2907 538 2962 586 ut
2984 530 3053 585 ita
3085 528 3335 593 dixerim.
3383 528 3502 598 lege

193 633 273 687 ris
304 634 476 687 honos
508 631 732 685 fructus.
767 630 833 684 Et
859 630 932 684 ita
962 630 1015 684 in
1036 630 1252 684 Christo
1278 628 1429 699 quasi
1457 627 1612 682 aliam
1642 627 1794 682 inve-

190 726 347 780 niens
373 724 808 797 dispositionem.
843 722 1011 777 solius
1051 732 1105 777 et
1155 736 1303 791 purae
1344 718 1710 790 benignitatis,
1739 726 1798 773 ut

189 816 423 872 diversae
445 833 473 869 a
501 817 789 881 Creatore,
820 813 973 869 facile
1014 828 1204 868 novam
1228 820 1282 867 et
1326 811 1591 881 hospitam
1632 826 1795 882 argu-

192 918 468 964 mentatus
495 919 578 963 est
604 908 936 962 divinitatem
992 906 1047 961 in
1078 904 1293 962 Christo
1338 920 1436 960 suo
1480 904 1793 969 revelatam,

190 1001 515 1073 modicoque
541 1001 733 1056 exinde
762 1000 1027 1054 fermento
1056 1007 1222 1053 totam
1252 997 1373 1053 ﬁdei
1419 1012 1652 1052 massam
1685 996 1795 1052 hce-

190 1095 363 1150 relico
426 1108 585 1147 acore
634 1092 713 1161 (l)
744 1091 956 1162 decepit
998 1083 1098 1163 (ά).
1142 1090 1337 1146 Habuit
1391 1100 1446 1145 et
1497 1089 1797 1145 Cerdonem

192 1187 488 1259 quemdam
537 1187 609 1258 (b)
640 1186 1039 1240 informatorem
1082 1183 1318 1239 scandali
1374 1182 1560 1253 hujus;
1594 1181 1800 1253 quo‘fa-

191 1285 354 1343 cilius
382 1282 518 1336 duos
544 1282 675 1334 deos
722 1280 849 1334 caeci
880 1279 1219 1349 perspexisse
1247 1292 1307 1333 se
1332 1276 1795 1331 existimaverunt.

191 1376 377 1432 Unum
405 1376 549 1430 enim
578 1389 681 1428 non
712 1374 917 1443 integre
945 1371 1204 1426 viderant.
1225 1368 1593 1441 Lippientibus
1638 1369 1798 1423 etiam

192 1466 490 1537 singularis
552 1466 767 1519 lucerna
836 1474 1119 1517 numerosa
1173 1470 1274 1517 est.
1332 1461 1574 1517 Alterum
1644 1460 1802 1530 igitur

192 1561 380 1625 deum,
406 1575 565 1631 quem
597 1558 845 1613 conﬁteri
883 1556 1193 1628 cogebatur,
1230 1555 1296 1610 de
1326 1554 1468 1610 malo
1497 1553 1802 1609 inl'amando

191 1655 504 1710 destruxit:
536 1654 787 1717 alterum,
824 1667 983 1721 quem
1014 1650 1367 1706 commentari
1399 1649 1797 1714 connitebatur,

190 1746 264 1803 de
295 1749 439 1801 bono
484 1743 806 1815 proferendo
843 1744 1162 1799 construxit.
1200 1741 1306 1796 Has
1336 1753 1553 1795 naturas
1605 1741 1803 1812 quibus

190 1838 527 1905 disposuerit
553 1835 812 1901 articulis,
863 1850 959 1907 per
999 1836 1139 1905 ipsas
1167 1833 1546 1904 responsiones
1590 1842 1803 1890 nostras

197 1930 563 1987 ostendimus.

821 2018 1048 2076 CAPUT
1086 2018 1176 2075 Ill.

270 2112 591 2184 Principalis
640 2112 839 2183 itaque,
887 2121 941 2167 et
983 2111 1063 2183 (2)
1092 2109 1284 2167 exinde
1315 2119 1424 2167 tota
1468 2110 1799 2180 congressio,

193 2208 265 2265 de
293 2224 521 2264 numero
566 2224 580 2271 ;
612 2222 677 2263 an
700 2207 837 2262 duos
854 2207 986 2263 deos
1008 2208 1165 2261 liceat
1193 2206 1395 2274 induci,
1425 2206 1471 2261 si
1504 2207 1641 2261 forte
1670 2222 1797 2277 poe-

191 2301 301 2357 tica
355 2311 407 2357 et
441 2300 664 2370 pictoria
709 2301 923 2355 licentia
971 2298 1059 2374 (r),
1089 2308 1142 2353 et
1172 2300 1328 2353 tertia
1374 2298 1484 2366 jam
1527 2298 1799 2353 haeretica.

190 2393 303 2449 Sed
338 2392 538 2446 veritas
580 2390 871 2445 christiana
902 2390 1162 2445 destricte
1205 2389 1606 2458 pronuntiavit:
1639 2389 1800 2453 Dens,

192 2486 240 2540 si
275 2501 379 2537 non
410 2498 549 2537 unus
578 2491 679 2546 est,
714 2497 818 2536 non
848 2492 930 2536 est
961 2501 973 2535 :
1004 2483 1127 2550 quia
1145 2480 1357 2550 dignius
1384 2479 1655 2536 credimus
1696 2495 1801 2536 non

193 2594 355 2641 esse,
388 2577 768 2649 quodcumque
822 2592 926 2631 non
982 2578 1052 2630 ita
1094 2576 1250 2631 fuerit
1284 2586 1342 2631 ut
1392 2591 1513 2633 esse
1564 2575 1801 2632 debebit.

193 2671 365 2726 Deum
414 2680 591 2723 autem
639 2679 694 2725 ut
737 2670 875 2724 scias
939 2684 1103 2723 unum
1159 2683 1280 2724 esse
1341 2668 1575 2737 debere,
1623 2684 1806 2741 qua-re

190 2764 322 2832 quid
376 2765 448 2818 sit
516 2763 775 2828 Deus,et
839 2778 944 2817 non
989 2762 1147 2818 aliter
1214 2761 1475 2818 invenies.
1538 2763 1804 2830 Quantum

194 2855 430 2910 humana
456 2854 692 2909 conditio
716 2853 780 2909 de
817 2853 931 2908 Deo
974 2854 1201 2908 delinire
1230 2862 1426 2923 potest,
1478 2852 1531 2908 id
1602 2854 1804 2909 deﬁnio

198 2948 346 3018 quod
397 2957 453 3001 et
500 2948 738 3001 omnium
782 2947 1109 3003 conscientia
1150 2956 1450 3016 agnoscet:
1485 2946 1566 3018 (tl)
1598 2947 1765 3002 Deum
1788 2988 1804 3012 ,

193 3052 468 3095 summum
509 3052 629 3093 esse
670 3052 950 3106 magnum,
995 3038 1045 3090 in
1088 3039 1383 3092 eternitate
1422 3038 1796 3102 constitutum,

195 3135 442 3190 innatum
468 3174 481 3196 ,
506 3130 757 3185 infectum
778 3171 790 3189 .
822 3131 937 3184 sine
958 3129 1108 3184 initio
1128 3170 1141 3194 ,
1169 3129 1284 3183 sine
1312 3128 1435 3184 ﬁne.
1472 3128 1624 3184 llunc
1658 3131 1804 3185 enim

197 3236 399 3280 statum
430 3223 714 3279 :elernitati
733 3221 1057 3277 censendum
1084 3262 1099 3287 ,
1123 3236 1242 3291 qua:
1265 3235 1531 3276 summum
1558 3237 1807 3291 magnum

1901 641 2019 695 qum
2042 640 2255 679 summo
2281 640 2474 695 magno
2503 624 2633 680 nihil
2648 623 2777 678 sinit
2799 621 3095 694 adaquari.
3128 622 3267 693 Ergo
3285 620 3503 677 unicum

1901 722 1971 776 sit
1992 734 2213 776 necesse
2235 730 2354 787 est,
2399 719 2542 789 quod
2578 719 2735 774 tuerit
2765 732 3035 774 summum
3080 731 3332 786 magnum
3359 758 3375 782 ,
3406 729 3504 785 par

1903 830 2007 869 non
2033 813 2276 868 habendo
2296 854 2312 879 ,
2332 828 2399 867 ne
2421 827 2525 867 non
2545 812 2612 866 sit
2633 826 2899 867 summum
2924 825 3196 882 magnum.
3232 810 3373 879 Ergo
3394 824 3502 865 non

1902 906 2054 961 aliter
2080 908 2179 961 erit
2206 892 2363 976 quam
2389 920 2482 975 per
2509 903 2650 974 quod
2680 902 2840 959 habet
2867 918 2990 960 esse
3016 945 3031 969 ,
3076 902 3127 957 id
3158 912 3238 958 est
3269 901 3349 974 (ὅ)
3381 902 3502 958 uni-

1903 1014 2023 1055 cum
2065 998 2305 1053 omnino.
2347 997 2577 1053 Proinde
2623 997 2768 1053 Deus
2794 1012 2916 1052 cum
2944 1011 3212 1051 summum
3244 1007 3497 1065 msgnum

1902 1092 2011 1157 sit,
2051 1100 2196 1146 recte
2224 1089 2420 1144 veritas
2449 1098 2631 1143 nostra
2663 1089 3056 1159 pronuntiavit:
3092 1088 3270 1153 Deus,
3318 1088 3360 1142 si
3395 1102 3501 1144 non

1905 1200 2042 1241 unus
2063 1193 2176 1249 est,
2210 1198 2315 1237 non
2347 1191 2446 1236 est.
2480 1181 2595 1237 Non
2623 1181 2775 1253 quasi
2806 1181 3114 1239 dubitemus
3142 1194 3263 1237 esse
3295 1180 3459 1235 Deutn
3482 1222 3499 1248 ,

1904 1276 2167 1332 dicendo:
2212 1274 2267 1329 Si
2298 1289 2403 1329 non
2434 1290 2605 1341 unus,
2638 1289 2744 1330 non
2766 1282 2848 1330 est
2872 1290 2886 1339 ;
2913 1274 3006 1330 sed
3030 1275 3155 1345 quia
3182 1289 3339 1344 quem
3369 1288 3500 1329 eon-

1908 1370 2123 1426 ﬁdimus
2148 1383 2289 1435 esse,
2312 1367 2361 1423 id
2376 1383 2495 1422 eum
2528 1366 2610 1439 (4)
2635 1366 2954 1422 deﬁniamus
2984 1381 3105 1422 esse
3156 1366 3301 1438 quod
3325 1367 3368 1422 si
3396 1381 3503 1423 non

1905 1474 2015 1531 est,
2060 1465 2200 1521 Deus
2228 1482 2332 1522 non
2364 1475 2484 1534 est,
2528 1465 2607 1539 (ὅ)
2667 1480 2933 1520 summum
2970 1464 3175 1520 scilicet
3217 1480 3489 1535 magnum.

1905 1555 2076 1613 Porro
2101 1599 2115 1625 ,
2156 1574 2423 1615 sununum
2479 1574 2729 1629 magnum
2768 1557 2983 1613 unicum
3027 1557 3097 1612 sit
3135 1571 3355 1613 necesse
3393 1566 3498 1613 est.

1910 1650 2047 1722 Ergo
2075 1661 2127 1707 et
2147 1652 2287 1707 Deus
2317 1654 2506 1708 unicus
2526 1653 2648 1707 erit.
2689 1650 2806 1707 Non
2831 1652 2986 1705 aliter
3014 1651 3157 1705 Deus
3181 1692 3194 1713 ,
3224 1650 3325 1705 nisi
3352 1665 3503 1705 sum-

1906 1760 2050 1799 mum
2093 1760 2376 1817 magnum;
2421 1760 2521 1802 nec
2559 1745 2719 1802 aliter
2760 1760 3026 1800 summum
3068 1760 3351 1815 magnum,
3395 1744 3497 1799 nisi

1910 1855 2089 1908 parem
2131 1855 2234 1895 non
2278 1841 2520 1906 habens;
2564 1854 2665 1895 nec
2704 1839 2859 1894 aliter
2898 1853 3080 1909 parem
3122 1853 3226 1892 non
3260 1837 3501 1902 habens,

1835 1930 1883 1991 B
1913 1934 2011 1987 nisi
2054 1934 2239 1989 unicus
2278 1934 2457 1989 fuerit.
2499 1932 2659 1989 Certe
2698 1944 3093 2002 quemcumque
3131 1930 3296 1984 alium
3336 1930 3504 1984 Deum

1908 2025 2182 2082 induxeris
2203 2066 2220 2091 ,
2259 2041 2369 2081 non
2398 2026 2499 2081 alia
2529 2024 2737 2095 poteris
2767 2038 2889 2079 eum
2919 2019 3090 2076 forma
3123 2021 3260 2076 tueri
3291 2021 3497 2086 Deum,

1906 2133 2065 2187 quam
2094 2125 2151 2173 ut
2180 2126 2233 2173 et
2260 2118 2334 2172 illi
2363 2117 2635 2188 proprium
2664 2114 2961 2171 divinitatis
2989 2111 3343 2183 adscripseris
3369 2154 3384 2178 ,
3429 2113 3504 2167 si-

1908 2218 1998 2264 cut
2039 2218 2297 2264 nternum
2324 2251 2338 2277 ,
2388 2208 2461 2263 ita
2505 2218 2559 2263 et
2596 2222 2864 2263 summum
2918 2220 3192 2276 magnum.
3224 2204 3340 2259 Duo
3377 2218 3507 2274 ergo

1907 2318 2114 2358 summa
2143 2318 2330 2374 magna
2352 2301 2622 2374 quomodo
2642 2302 2941 2356 consistent
2964 2341 2979 2364 ,
3007 2313 3129 2353 cum
3154 2296 3256 2352 hoc
3273 2298 3343 2352 sit
3364 2311 3507 2350 sum-

1908 2411 2054 2450 nnun
2085 2410 2333 2465 magnum
2358 2435 2373 2459 ,
2417 2409 2513 2462 par
2540 2410 2643 2447 non
2679 2390 2923 2447 habere?
2955 2406 3048 2460 par
3073 2398 3251 2445 autem
3282 2404 3391 2443 non
3425 2386 3504 2459 (6)

1909 2487 2139 2550 habere,
2168 2503 2288 2543 cum
2333 2486 2412 2559 (7)
2438 2487 2526 2543 uni
2556 2494 2853 2557 competat,
2886 2488 2936 2539 in
2964 2482 3173 2539 duobus
3213 2496 3333 2538 esse
3361 2482 3507 2537 nullo

1908 2580 2069 2636 modo
2095 2580 2282 2651 possit.

2539 2670 2769 2728 CAPUT
2809 2667 2901 2726 IV.

1983 2764 2088 2821 Sed
2115 2763 2572 2836 argumentabitur
2601 2764 2864 2835 quilibet,
2896 2775 3056 2834 posse
3076 2768 3129 2817 et
3154 2759 3262 2815 duo
3288 2774 3505 2815 summa

1912 2874 2100 2929 magna
2132 2859 2430 2913 consistere
2460 2858 2709 2912 distincta
2742 2864 2903 2924 atque
2926 2854 3193 2924 disjuncta
3228 2853 3279 2907 in
3306 2853 3417 2907 suis
3448 2852 3509 2906 ﬁ-

1912 2953 2068 3007 nibus
2094 2994 2108 3015 ,
2146 2960 2200 3005 et
2226 2952 2411 3021 utique
2440 2950 2720 3005 advocabit
2748 2949 3052 3017 exetnplum
3079 2965 3091 2998 :
3136 2946 3318 3015 Regna
3343 2957 3513 2999 terra-

1912 3061 2028 3100 rum
2073 3053 2217 3098 tanta
2254 3056 2483 3097 numero
2506 3082 2522 3107 ,
2569 3050 2623 3095 et
2652 3052 2830 3094 tamen
2859 3053 3068 3093 summa
3102 3053 3290 3107 magna
3315 3037 3367 3091 in
3394 3036 3506 3091 suis

1912 3138 2210 3209 quibusque
2249 3132 2555 3206 regionibus
2577 3175 2591 3199 ,
2617 3142 2671 3187 et
2704 3131 2906 3200 putabit
2936 3147 2966 3183 n
2982 3130 3126 3200 tique
3163 3127 3241 3201 (8)
3278 3129 3510 3182 humana

1914 3228 2108 3284 divinis
2154 3225 2500 3283 conferenda.
2533 3224 2649 3279 Jam
2673 3237 2825 3291 ergo,
2856 3222 2899 3277 si
2922 3222 3044 3276 huic
3066 3219 3512 3291 argumentationi

197 3318 370 3374 Deum
400 3316 634 3382 efﬁciat,
666 3315 790 3369 dum
825 3314 926 3368 hoc
948 3324 1028 3368 cst
1058 3313 1109 3368 in
1152 3313 1263 3369 Deo
1290 3313 1403 3383 ipsa
1425 3356 1437 3377 ,
1469 3322 1627 3382 atque
1655 3313 1723 3367 ita
1756 3321 1811 3367 et
1838 3325 1881 3387 (ζ
1919 3322 2064 3377 locus
2093 3318 2308 3374 dabitur
2331 3360 2346 3385 ,
2377 3316 2505 3387 quid
2536 3314 2824 3386 prohibet,
2858 3327 2963 3367 non
2994 3312 3115 3367 dico
3144 3321 3197 3366 et
3220 3311 3432 3366 tertium
3460 3318 3514 3365 ct

194 3420 396 3464 cetera
427 3426 441 3472 ;
472 3417 528 3460 ut
548 3409 616 3461 sit
648 3406 791 3461 Deus
817 3421 1081 3460 summum
1116 3420 1368 3475 magnum
1397 3447 1411 3471 ,
1434 3414 1487 3459 et
1515 3407 1679 3459 forma
1705 3445 1720 3471 ,
1752 3414 1807 3460 et

195 3501 446 3563 ratione,
486 3508 541 3553 et
581 3499 665 3564 vi,
698 3506 751 3551 et
782 3506 1064 3567 potestate.
1102 3497 1236 3551 Cum
1275 3496 1343 3552 de
1378 3497 1482 3553 isto
1522 3499 1807 3552 conveniat

194 3591 338 3661 apud
363 3605 554 3645 omnes
577 3592 755 3655 (nemo
772 3591 913 3644 enim
943 3589 1156 3661 negabit
1176 3590 1339 3644 Deum
1373 3606 1640 3646 summum
1662 3607 1808 3663 mag-

200 3701 330 3739 num
377 3683 507 3755 quid
535 3698 687 3746 esse.
726 3684 825 3737 nisi
866 3684 953 3754 qui
993 3686 1185 3751 poterit
1222 3684 1388 3741 Deum
1415 3686 1600 3751 imum,
1632 3687 1805 3741 modi-

197 3792 321 3831 cmn
357 3774 486 3846 quid
509 3815 524 3840 ,
558 3790 588 3829 e
612 3776 880 3828 contrario
908 3776 1290 3844 pronuntiare,
1348 3785 1407 3830 ut
1452 3778 1616 3832 Deum
1650 3788 1803 3846 neget

195 3865 497 3923 auferendo
526 3864 665 3934 quod
701 3865 791 3919 Dei
821 3867 945 3936 cst),
976 3880 1095 3935 qua:
1116 3868 1216 3920 erit
1236 3866 1345 3935 jam
1370 3868 1605 3923 conditio
1638 3870 1803 3939 ipsius

196 3960 398 4015 summi
432 3958 650 4027 magni?
677 3972 867 4029 nempe
897 3968 955 4013 ut
978 3959 1105 4014 nihil
1132 3958 1209 4015 illi
1239 3960 1581 4032 aquuetur,
1616 3962 1665 4018 id
1697 3976 1800 4026 est,

200 4064 258 4109 ut
276 4068 381 4109 non
404 4052 474 4107 sit
491 4049 631 4105 aliud
650 4065 913 4105 summum
938 4067 1215 4122 magnum:
1239 4054 1383 4124 quia,
1407 4056 1452 4111 si
1472 4054 1649 4120 fuerit,
1667 4058 1806 4114 adat-

198 4147 457 4221 quabitur
478 4186 493 4212 ,
533 4154 586 4201 et
626 4143 671 4200 si
707 4144 1073 4217 aquuabitur
1095 4187 1111 4215 ,
1142 4163 1245 4202 non
1274 4148 1375 4203 erit
1399 4148 1507 4219 jam
1537 4164 1803 4206 summum

1911 3424 2159 3483 quartum
2208 3410 2367 3465 deum
2414 3408 2697 3471 inducere,
2757 3420 2944 3460 verum
2986 3413 3063 3459 tot
3116 3404 3225 3475 jam
3291 3417 3515 3459 numero

1911 3512 2038 3574 quot
2066 3512 2119 3557 et
2162 3501 2398 3572 gentium
2446 3499 2637 3569 reges?
2683 3498 2757 3552 De
2803 3497 2910 3551 Deo
2958 3498 3172 3565 agitur,
3210 3496 3364 3565 cujus
3412 3496 3514 3550 hoc

1913 3593 2275 3665 principaliter
2318 3592 2594 3663 proprium
2647 3599 2771 3653 est,
2814 3587 3014 3641 nullius
3050 3586 3281 3657 exempli
3322 3600 3515 3655 capere

1912 3686 2386 3756 comparationem.
2412 3684 2521 3739 lloe
2541 3690 2726 3737 natura
2748 3680 2860 3751 ipsa
2882 3722 2898 3745 ,
2936 3679 2981 3734 si
2996 3692 3100 3734 non
3119 3678 3308 3748 aliquis
3325 3677 3512 3746 Isaias,

1913 3781 1997 3837 vel
2031 3780 2143 3849 ipse
2174 3792 2267 3848 per
2294 3774 2485 3831 Isaiam
2514 3776 2652 3829 Deus
2678 3772 3091 3829 concionahitur
3137 3788 3150 3825 :
3191 3770 3269 3842 (e)
3319 3769 3413 3824 Cui
3439 3786 3517 3823 me

1907 3874 2193 3930 similabitis
2210 3871 2308 3943 (Is.
2328 3870 2439 3933 XL,
2456 3869 2583 3939 25)?
2603 3868 2801 3922 Divinis
2821 3866 3043 3921 forsitan
3065 3862 3518 3934 comparabuntur

1911 3968 2182 4023 humana?
2214 3967 2321 4021 Deo
2355 3978 2458 4018 non
2492 3964 2561 4017 ita
2595 3960 2867 4033 (9):aliud
2888 3960 3031 4014 enim
3052 3957 3210 4023 Dens,
3241 3956 3517 4026 aliudque

1906 4059 2001 4118 Dei
2014 4102 2025 4114 .
2038 4058 2300 4127 Denique,
2318 4055 2406 4126 qui
2422 4055 2668 4124 exemplo
2683 4053 2846 4109 uteris
2860 4049 3176 4122 regis,quasi
3192 4048 3385 4103 summi
3403 4063 3517 4102 ma-

1909 4156 2019 4225 gni,
2047 4153 2168 4209 vide
2196 4150 2389 4222 nejam
2418 4164 2523 4205 non
2552 4148 2723 4220 possis
2746 4162 2812 4204 eo
2836 4147 2929 4202 uti.
2949 4144 3061 4200 Rex
3081 4142 3519 4209 enim,etsisum-

1416 4267 1801 4330 LECTIONES
1841 4270 2150 4331 VARIANT
2160 4270 2264 4326 ES.

268 4381 337 4445 (t)
378 4382 566 4445 gerere
588 4379 799 4440 Semler,
822 4379 933 4432 cod.
960 4378 1157 4433 Pitluri.

267 4443 343 4506 (2)
378 4443 467 4494 Est
488 4444 611 4493 Jun.

267 4450 321 4506 (2
378 4450 467 4494 Est
488 4450 611 4493 Jun.

266 4450 343 4570 (3i
380 4506 435 4570 id
460 4513 513 4555 et
535 4507 656 4570 Jun.
688 4508 855 4570 Venet.
883 4503 991 4567 Rig.

268 4568 344 4639 (ξ)
380 4568 539 4639 [idem
563 4569 768 4639 Sentler.
784 4568 929 4639 idem
952 4577 1099 4621 Fran.

270 4629 345 4697 (5)
378 4631 444 4683 Et
464 4629 615 4683 inser.
662 4629 868 4684 Semler.

2005 4385 2051 4441 δι
2092 4384 2209 4435 Cum
2234 4394 2328 4431 non
2361 4388 2539 4428 tt'ouw.

2008 4435 2057 4509 7)
2095 4446 2213 4496 Cum
2236 4442 2415 4509 neglig.
2444 4435 2651 4509 Sentler.

2005 4502 2055 4569 8)
2096 4502 2318 4571 [Σὶιίψιί
2330 4502 2482 4571 Hemi:

2004 4558 2055 4638 9)
2089 4558 2262 4623 Nesti'a
2287 4567 2430 4619 Rhen.
2468 4564 2563 4616 Dei
2586 4564 2756 4613 nostro
2778 4558 2929 4612 Seml.

1592 4733 2146 4792 COMMENTARIUS.

278 4854 354 4925 (a)
385 4852 567 4907 Totam
596 4850 719 4925 ﬁdei
744 4866 961 4925 massam
994 4850 1227 4925 Ιιςεζειὶεο
1251 4865 1400 4925 acere
1430 4850 1646 4923 decepit.
1674 4852 1817 4925 Pro-
1850 4854 1903 4913 D
1932 4851 2364 4925 nitio,quantun_t_.
2382 4854 2441 4925 ut
2465 4843 2646 4925 verbis
2672 4838 3355 4925 anet-oris.prtecedentib‘us
3379 4849 3520 4925 utar,

203 4920 344 4998 prie,
375 4920 603 4995 decepit.
628 4924 725 4978 Est
753 4924 894 4979 enim
927 4920 1145 4994 perﬁdia
1168 4924 1412 4994 qua-dam
1445 4926 1497 4979 in
1546 4920 1685 4979 aceti
1711 4939 1807 4979 ne-

247 5000 399 5051 uitia.

200 5016 598 5139 αυξῖἷῗίιαῡυη
631 5075 677 5120 et
699 5064 976 5139 Cerdonem
1010 5066 1311 5139 quemdam.
1359 5064 1813 5139 Cierdonisdisci-

206 5136 374 5210 pulos
404 5139 639 5210 Marcion
710 5138 947 5207 magistri
992 5136 1294 5210 doctrinam
1332 5138 1530 5210 adhuc
1571 5137 1811 5203 adauxit,

201 5208 639 5336 Sicquelpesgimi
665 5210 900 5279 magistri
926 5210 1159 5279 optimus
1183 5208 1279 5263 fuit
1311 5209 1604 5279 discipulus
1620 5210 1815 5264 etimi-

204 5294 371 5336 tator.
452 5297 483 5336 ε
557 5296 610 5336 lt.

204 5294 371 5337 lalttl'.
408 5294 483 5336 LE
515 5294 610 5336 ΡΒ.

279 5353 440 5408 CAP.
463 5350 699 5423 lll.—(e)
738 5350 799 5406 Si
825 5354 956 5421 forte
984 5350 1180 5423 poetica
1230 5360 1276 5405 et
1316 5351 1530 5423 pictor-ia
1588 5350 1812 5405 licentia.

201 5426 476 5494 Queniam
507 5438 758 5478 concessa
795 5423 973 5494 omnia
1013 5422 1265 5476 videntur
1319 5422 1613 5491 pietoribus
1656 5432 1818 5492 atque

205 5491 387 5568 poetis
407 5538 421 5557 ,
454 5494 639 5548 eadem
658 5495 883 5568 licentia
910 5491 1145 5568 Marcion
1174 5494 1416 5568 ut_i_velle
1441 5508 1501 5568 se
1527 5491 1811 5568 signiﬁcat,

206 5563 269 5621 iit
300 5568 628 5636 impietatem
657 5566 707 5620 in
744 5565 907 5618 Deum
934 5563 1197 5618 adstrnat.
1223 5564 1402 5632 Neque
1432 5564 1498 5617 de
1532 5564 1696 5618 nihilo
1721 5564 1806 5619 hic

205 5635 437 5709 pictura:
462 5635 585 5709 facit
612 5638 964 5698 mentionem;
986 5650 1128 5709 nam,
1154 5637 1325 5689 utalio
1346 5636 1461 5709 loco
1481 5636 1803 5709 monuimus,

204 5705 434 5779 Apelles
457 5717 511 5762 ct
542 5705 904 5779 Hermogenes
944 5706 1279 5779 professione
1311 5708 1536 5779 pictores
1567 5705 1802 5779 fuerunt,

204 5778 502 5850 antequam
542 5778 615 5850 ad
670 5778 981 5833 turbandam
1014 5778 1309 5832 Ecclesium
1351 5778 1585 5831 animum
1618 5778 1805 5848 appel-

204 5848 408 5908 leren't.
432 5851 509 5905 Ls
535 5848 631 5904 Pa.

288 5924 371 5996 (d)
402 5922 569 5977 Deum
594 5937 845 5978 summum
874 5937 979 5979 esse
1003 5937 1265 5995 magnum.
1297 5920 1525 5979 Pulchra
1556 5919 1648 5977 Dei
1669 5918 1802 5975 deﬁ-

1930 4910 2153 4977 Itumuna
2202 4918 2425 4973 conditio
2476 4916 2539 4969 de
2603 4915 2711 4968 Deo
2768 4910 2982 4980 tle/inire
3038 4922 3214 4975 potest.
3267 4910 3523 4967 Similiter

1927 5004 2104 5049 autem
2132 4992 2266 5046 dixit
2302 4992 2433 5044 intra
2465 5003 2583 5054 cap.
2619 4988 2649 5039 7
2683 5003 2693 5037 :
2733 4984 2882 5040 Hanc
2931 4998 3123 5051 nempe
3150 4982 3244 5037 Dei
3273 4982 3523 5037 substan-

1928 5066 2052 5119 tiam
2082 5064 2303 5117 t'nvenies
2323 5062 2483 5115 solum
2513 5059 2763 5117 innatant,
2783 5057 3046 5126 infectant,
3071 5054 3233 5126 solum
3253 5062 3519 5126 tvtfrnam,

1918 5146 1966 5190 et
1995 5134 2331 5189 universitatis
2356 5130 2701 5184 conditrirent.
2753 5128 2815 5181 Et
2841 5122 2997 5194 supra
3054 5125 3149 5179 lib.
3192 5124 3260 5176 ad
3302 5122 3522 5177 Hermo-

1918 5222 2095 5277 genem
2127 5220 2247 5275 cap.
2287 5205 2318 5256 7
2345 5200 2549 5277 :_l)ett_m
2578 5211 2843 5257 wternum,
2873 5199 2980 5250 sine
3005 5197 3260 5277 innatu‘m,
3290 5195 3521 5277 omnibus

1922 5266 2168 5347 inajorent
2197 5266 2248 5329 et
2294 5273 2637 5347 sublimiorem
2661 5312 2674 5333 ,
2709 5286 2799 5323 nec
2825 5279 2999 5321 natum
3027 5282 3119 5321 nec
3166 5266 3381 5335 factum,
3411 5266 3521 5319 sine

1917 5344 2063 5402 initio
2082 5388 2098 5415 ,
2124 5349 2231 5402 sine
2257 5347 2375 5413 ﬁne.
2410 5344 2551 5398 Pu.

1992 5406 2146 5475 ca't’.
2172 5406 2416 5486 tv.'-—(c)
2445 5415 2537 5467 Cui
2559 5410 2969 5486 manantium?
2997 5407 3162 5486 Paulo
3197 5406 3517 5486 aliter-degi-

1922 5490 2169 5545 turlsaiaa
2191 5487 2278 5550 40,
2298 5476 2730 5539 (ἐιὶιίιεεὶηιίιηδιὲε
2750 5482 3044 5544 Dominum,
3061 5481 3211 5548 juxta
3234 5476 3397 5539 LXX,
3426 5476 3519 5533 aut

1920 5549 2276 5627 Deum,juxta
2310 5556 2607 5611 versionem
2651 5554 2709 5606 Β.
2745 5551 3101 5627 ll_ieronyu_ti?
3155 5549 3225 5627 Et
3273 5560 3419 5604 certe
3448 5565 3517 5603 ex

1913 5633 2017 5687 hoc
2048 5622 2164 5687 loco
2194 5629 2444 5685 didicisse
2468 5626 2723 5696 Sibyllam
2766 5623 2937 5696 Deum
2970 5623 3153 5696 dicere
3194 5622 3513 5696 immensum

1912 5716 1963 5759 ct
1987 5704 2270 5765 inlinitum,
2297 5690 2721 5753 traditCle'mens
2750 5692 3062 5765 Alexandr._,
3082 5692 3174 5745 lib.
3201 5690 3265 5745 lll
3290 5691 3511 5765 strenu,

1910 5758 2112 5843 etpost
2157 5758 2278 5827 eum
2337 5771 2618 5828 Eusebius.
2649 5764 2863 5843 lib._Xl|l
2896 5765 2973 5843 tte
3020 5761 3256 5831 Prosper.
3306 5758 3508 5843 ﬁgang.

1911 5832 2103 5917 graece.
2131 5846 2219 5899 ubi
2247 5846 2405 5917 docet
2430 5884 2442 5905 ,
2476 5857 2595 5910 qua:
2628 5838 2849 5917 pulchre
2878 5835 3025 5917 dicta
3060 5843 3185 5888 sunt
3186 5848 3238 5917 _a
3267 5832 3508 5903 philosoo

1910 5905 2051 5989 phis,
2084 5931 2149 5972 ex
2184 5905 2561 5986 prophetarum
2593 5905 2827 5967 ealibris
2858 5915 3155 5963 mutuasse.
3186 5905 3327 5961 Pau.
