  <div class='ocr_page' id='page_1' title='image "/cluster/home/n/w/nwhite01/storage/ocr_20150623/2/hvd.32044015466741/147.png"; bbox 0 0 4262 6490; ppageno 0'>
   <div class='ocr_carea' id='block_1_1' title="bbox 732 376 838 436">
    <p class='ocr_par' dir='ltr' id='par_1_1' title="bbox 732 376 838 436">
     <span class='ocr_line' id='line_1_1' title="bbox 732 376 838 436; baseline -0.019 0"><span class='ocrx_word' id='word_1_1' title='bbox 732 376 838 436; x_wconf 73' lang='grc'><strong>251</strong></span> 
     </span>
    </p>
   </div>
   <div class='ocr_carea' id='block_1_2' title="bbox 2122 371 2581 430">
    <p class='ocr_par' dir='ltr' id='par_1_2' title="bbox 2122 371 2581 430">
     <span class='ocr_line' id='line_1_2' title="bbox 2122 371 2581 430; baseline 0.002 -2"><span class='ocrx_word' id='word_1_2' title='bbox 2122 371 2581 430; x_wconf 80' lang='lat' dir='ltr'><strong>TERTULLIANI</strong></span> 
     </span>
    </p>
   </div>
   <div class='ocr_carea' id='block_1_3' title="bbox 3934 376 4044 433">
    <p class='ocr_par' dir='ltr' id='par_1_3' title="bbox 3934 376 4044 433">
     <span class='ocr_line' id='line_1_3' title="bbox 3934 376 4044 433; baseline -0.009 0"><span class='ocrx_word' id='word_1_3' title='bbox 3934 376 4044 433; x_wconf 71' lang='lat'><strong>9.52</strong></span> 
     </span>
    </p>
   </div>
   <div class='ocr_carea' id='block_1_4' title="bbox 739 487 4035 563">
    <p class='ocr_par' dir='ltr' id='par_1_4' title="bbox 739 487 4035 563">
     <span class='ocr_line' id='line_1_4' title="bbox 739 487 4035 563; baseline -0.001 -15"><span class='ocrx_word' id='word_1_4' title='bbox 739 505 888 548; x_wconf 89' lang='lat' dir='ltr'><strong>mum</strong></span> <span class='ocrx_word' id='word_1_5' title='bbox 927 503 1181 563; x_wconf 88' lang='lat' dir='ltr'><strong>magnum</strong></span> <span class='ocrx_word' id='word_1_6' title='bbox 1218 497 1304 546; x_wconf 92' lang='lat' dir='ltr'><strong>est</strong></span> <span class='ocrx_word' id='word_1_7' title='bbox 1340 488 1393 544; x_wconf 93' lang='lat' dir='ltr'><strong>in</strong></span> <span class='ocrx_word' id='word_1_8' title='bbox 1431 501 1531 544; x_wconf 90' lang='lat' dir='ltr'><strong>suo</strong></span> <span class='ocrx_word' id='word_1_9' title='bbox 1558 487 1694 544; x_wconf 88' lang='lat' dir='ltr'><strong>solio</strong></span> <span class='ocrx_word' id='word_1_10' title='bbox 1721 501 1890 560; x_wconf 90' lang='lat' dir='ltr'><strong>usque</strong></span> <span class='ocrx_word' id='word_1_11' title='bbox 1914 488 1981 544; x_wconf 92' lang='lat' dir='ltr'><strong>ad</strong></span> <span class='ocrx_word' id='word_1_12' title='bbox 2006 490 2176 545; x_wconf 87' lang='lat' dir='ltr'><strong>Deum</strong></span> <span class='ocrx_word' id='word_1_13' title='bbox 2203 531 2218 554; x_wconf 92' lang='lat'><strong>,</strong></span> <span class='ocrx_word' id='word_1_14' title='bbox 2256 500 2332 543; x_wconf 85' lang='lat' dir='ltr'><strong>ta-</strong></span> <span class='ocrx_word' id='word_1_15' title='bbox 2361 489 2413 548; x_wconf 84' lang='lat' dir='ltr'><strong>A</strong></span> <span class='ocrx_word' id='word_1_16' title='bbox 2442 500 2562 559; x_wconf 86' lang='lat' dir='ltr'><strong>post</strong></span> <span class='ocrx_word' id='word_1_17' title='bbox 2587 506 2786 557; x_wconf 86' lang='lat' dir='ltr'><strong>unum;</strong></span> <span class='ocrx_word' id='word_1_18' title='bbox 2832 499 2956 561; x_wconf 88' lang='lat' dir='ltr'><strong>post</strong></span> <span class='ocrx_word' id='word_1_19' title='bbox 2993 506 3156 547; x_wconf 90' lang='lat' dir='ltr'><strong>unum</strong></span> <span class='ocrx_word' id='word_1_20' title='bbox 3197 491 3364 558; x_wconf 88' lang='lat' dir='ltr'><strong>enim,</strong></span> <span class='ocrx_word' id='word_1_21' title='bbox 3396 505 3672 548; x_wconf 89' lang='lat' dir='ltr'><strong>numerus.</strong></span> <span class='ocrx_word' id='word_1_22' title='bbox 3705 490 3838 560; x_wconf 67' lang='lat' dir='ltr'><strong>Quae</strong></span> <span class='ocrx_word' id='word_1_23' title='bbox 3861 492 4035 562; x_wconf 89' lang='lat' dir='ltr'><strong>potuit</strong></span> 
     </span>
    </p>
   </div>
   <div class='ocr_carea' id='block_1_5' title="bbox 739 579 2338 651">
    <p class='ocr_par' dir='ltr' id='par_1_5' title="bbox 739 579 2338 651">
     <span class='ocr_line' id='line_1_5' title="bbox 739 579 2338 651; baseline -0.005 -9"><span class='ocrx_word' id='word_1_24' title='bbox 739 599 866 642; x_wconf 87' lang='lat' dir='ltr'><strong>men</strong></span> <span class='ocrx_word' id='word_1_25' title='bbox 914 581 1050 638; x_wconf 89' lang='lat' dir='ltr'><strong>infra</strong></span> <span class='ocrx_word' id='word_1_26' title='bbox 1080 582 1246 638; x_wconf 91' lang='lat' dir='ltr'><strong>Deum</strong></span> <span class='ocrx_word' id='word_1_27' title='bbox 1273 599 1286 635; x_wconf 90' lang='lat'>:</span> <span class='ocrx_word' id='word_1_28' title='bbox 1329 590 1670 651; x_wconf 87' lang='lat' dir='ltr'><strong>comparatus</strong></span> <span class='ocrx_word' id='word_1_29' title='bbox 1698 591 1876 636; x_wconf 89' lang='lat' dir='ltr'><strong>autem</strong></span> <span class='ocrx_word' id='word_1_30' title='bbox 1908 579 1975 634; x_wconf 90' lang='lat' dir='ltr'><strong>ad</strong></span> <span class='ocrx_word' id='word_1_31' title='bbox 2009 582 2174 636; x_wconf 92' lang='lat' dir='ltr'><strong>Deum</strong></span> <span class='ocrx_word' id='word_1_32' title='bbox 2199 624 2214 646; x_wconf 94' lang='lat'><strong>,</strong></span> <span class='ocrx_word' id='word_1_33' title='bbox 2244 597 2338 635; x_wconf 87' lang='lat' dir='ltr'><strong>cx-</strong></span> 
     </span>
    </p>
   </div>
   <div class='ocr_carea' id='block_1_6' title="bbox 741 673 2335 745">
    <p class='ocr_par' dir='ltr' id='par_1_6' title="bbox 741 673 2335 745">
     <span class='ocr_line' id='line_1_6' title="bbox 741 673 2335 745; baseline -0.002 -13"><span class='ocrx_word' id='word_1_34' title='bbox 741 676 884 732; x_wconf 85' lang='lat' dir='ltr'><strong>cidet</strong></span> <span class='ocrx_word' id='word_1_35' title='bbox 913 673 1023 744; x_wconf 90' lang='lat' dir='ltr'><strong>jam</strong></span> <span class='ocrx_word' id='word_1_36' title='bbox 1065 673 1133 730; x_wconf 92' lang='lat' dir='ltr'><strong>de</strong></span> <span class='ocrx_word' id='word_1_37' title='bbox 1179 687 1392 728; x_wconf 91' lang='lat' dir='ltr'><strong>summo</strong></span> <span class='ocrx_word' id='word_1_38' title='bbox 1428 687 1623 742; x_wconf 87' lang='lat' dir='ltr'><strong>magno</strong></span> <span class='ocrx_word' id='word_1_39' title='bbox 1652 674 1911 728; x_wconf 87' lang='lat' dir='ltr'><strong>translato</strong></span> <span class='ocrx_word' id='word_1_40' title='bbox 1949 673 2030 745; x_wconf 94' lang='lat' dir='ltr'>(t)</span> <span class='ocrx_word' id='word_1_41' title='bbox 2062 675 2113 729; x_wconf 93' lang='lat' dir='ltr'><strong>in</strong></span> <span class='ocrx_word' id='word_1_42' title='bbox 2146 676 2335 730; x_wconf 89' lang='lat' dir='ltr'><strong>Deum.</strong></span> 
     </span>
    </p>
   </div>
   <div class='ocr_carea' id='block_1_7' title="bbox 742 765 2337 838">
    <p class='ocr_par' dir='ltr' id='par_1_7' title="bbox 742 765 2337 838">
     <span class='ocr_line' id='line_1_7' title="bbox 742 765 2337 838; baseline -0.001 -14"><span class='ocrx_word' id='word_1_43' title='bbox 742 767 856 824; x_wconf 79' lang='lat' dir='ltr'><strong>Hoc</strong></span> <span class='ocrx_word' id='word_1_44' title='bbox 881 767 925 821; x_wconf 87' lang='lat' dir='ltr'><strong>si</strong></span> <span class='ocrx_word' id='word_1_45' title='bbox 947 767 1018 822; x_wconf 93' lang='lat' dir='ltr'><strong>ita</strong></span> <span class='ocrx_word' id='word_1_46' title='bbox 1039 809 1054 832; x_wconf 95' lang='lat'><strong>,</strong></span> <span class='ocrx_word' id='word_1_47' title='bbox 1088 765 1360 838; x_wconf 90' lang='lat' dir='ltr'><strong>quomodo</strong></span> <span class='ocrx_word' id='word_1_48' title='bbox 1399 767 1563 821; x_wconf 89' lang='lat' dir='ltr'><strong>uteris</strong></span> <span class='ocrx_word' id='word_1_49' title='bbox 1591 765 1710 834; x_wconf 84' lang='lat' dir='ltr'><strong>ejus</strong></span> <span class='ocrx_word' id='word_1_50' title='bbox 1740 767 1816 820; x_wconf 93' lang='lat' dir='ltr'><strong>rei</strong></span> <span class='ocrx_word' id='word_1_51' title='bbox 1845 769 2092 837; x_wconf 81' lang='lat' dir='ltr'><strong>exemplo</strong></span> <span class='ocrx_word' id='word_1_52' title='bbox 2144 769 2210 823; x_wconf 88' lang='lat' dir='ltr'><strong>ad</strong></span> <span class='ocrx_word' id='word_1_53' title='bbox 2243 768 2337 824; x_wconf 87' lang='lat' dir='ltr'><strong>Dei</strong></span> 
     </span>
    </p>
   </div>
   <div class='ocr_carea' id='block_1_8' title="bbox 743 859 2334 932">
    <p class='ocr_par' dir='ltr' id='par_1_8' title="bbox 743 859 2334 932">
     <span class='ocr_line' id='line_1_8' title="bbox 743 859 2334 932; baseline -0.002 -13"><span class='ocrx_word' id='word_1_54' title='bbox 743 861 1223 932; x_wconf 89' lang='lat' dir='ltr'><strong>comparationem,</strong></span> <span class='ocrx_word' id='word_1_55' title='bbox 1242 875 1382 931; x_wconf 69' lang='lat' dir='ltr'><strong>quae,</strong></span> <span class='ocrx_word' id='word_1_56' title='bbox 1399 859 1526 915; x_wconf 90' lang='lat' dir='ltr'><strong>dum</strong></span> <span class='ocrx_word' id='word_1_57' title='bbox 1548 860 1615 915; x_wconf 89' lang='lat' dir='ltr'><strong>ad</strong></span> <span class='ocrx_word' id='word_1_58' title='bbox 1633 861 2090 931; x_wconf 90' lang='lat' dir='ltr'><strong>comparationem</strong></span> <span class='ocrx_word' id='word_1_59' title='bbox 2106 862 2334 928; x_wconf 77' lang='lat' dir='ltr'><strong>accedit,</strong></span> 
     </span>
    </p>
   </div>
   <div class='ocr_carea' id='block_1_9' title="bbox 746 952 2340 1024">
    <p class='ocr_par' dir='ltr' id='par_1_9' title="bbox 746 952 2340 1024">
     <span class='ocr_line' id='line_1_9' title="bbox 746 952 2340 1024; baseline -0.002 -12"><span class='ocrx_word' id='word_1_60' title='bbox 746 954 1007 1012; x_wconf 86' lang='lat' dir='ltr'><strong>amittitur</strong></span> <span class='ocrx_word' id='word_1_61' title='bbox 1032 952 1057 1006; x_wconf 69' lang='grc'><strong><em>2</em></strong></span> <span class='ocrx_word' id='word_1_62' title='bbox 1083 953 1222 1023; x_wconf 86' lang='lat' dir='ltr'><strong>Quid</strong></span> <span class='ocrx_word' id='word_1_63' title='bbox 1252 967 1394 1008; x_wconf 88' lang='lat' dir='ltr'><strong>nunc</strong></span> <span class='ocrx_word' id='word_1_64' title='bbox 1417 993 1432 1019; x_wconf 89' lang='lat'><strong>,</strong></span> <span class='ocrx_word' id='word_1_65' title='bbox 1463 953 1510 1009; x_wconf 87' lang='lat' dir='ltr'><strong>si</strong></span> <span class='ocrx_word' id='word_1_66' title='bbox 1537 969 1635 1009; x_wconf 90' lang='lat' dir='ltr'><strong>nec</strong></span> <span class='ocrx_word' id='word_1_67' title='bbox 1658 955 1797 1009; x_wconf 90' lang='lat' dir='ltr'><strong>inter</strong></span> <span class='ocrx_word' id='word_1_68' title='bbox 1823 969 1977 1024; x_wconf 83' lang='lat' dir='ltr'><strong>reges</strong></span> <span class='ocrx_word' id='word_1_69' title='bbox 2004 954 2340 1024; x_wconf 81' lang='lat' dir='ltr'><strong>plurifarium</strong></span> 
     </span>
    </p>
   </div>
   <div class='ocr_carea' id='block_1_10' title="bbox 746 1045 2343 1116">
    <p class='ocr_par' dir='ltr' id='par_1_10' title="bbox 746 1045 2343 1116">
     <span class='ocr_line' id='line_1_10' title="bbox 746 1045 2343 1116; baseline 0.001 -17"><span class='ocrx_word' id='word_1_70' title='bbox 746 1045 917 1101; x_wconf 84' lang='lat' dir='ltr'><strong>videri</strong></span> <span class='ocrx_word' id='word_1_71' title='bbox 957 1053 1134 1114; x_wconf 88' lang='lat' dir='ltr'><strong>potest</strong></span> <span class='ocrx_word' id='word_1_72' title='bbox 1169 1058 1436 1099; x_wconf 91' lang='lat' dir='ltr'><strong>summum</strong></span> <span class='ocrx_word' id='word_1_73' title='bbox 1463 1059 1712 1116; x_wconf 87' lang='lat' dir='ltr'><strong>magnum</strong></span> <span class='ocrx_word' id='word_1_74' title='bbox 1743 1087 1758 1110; x_wconf 94' lang='lat'><strong>,</strong></span> <span class='ocrx_word' id='word_1_75' title='bbox 1786 1045 1879 1100; x_wconf 91' lang='lat' dir='ltr'><strong>sed</strong></span> <span class='ocrx_word' id='word_1_76' title='bbox 1905 1047 2120 1100; x_wconf 90' lang='lat' dir='ltr'><strong>unicum</strong></span> <span class='ocrx_word' id='word_1_77' title='bbox 2144 1057 2198 1100; x_wconf 91' lang='lat' dir='ltr'><strong>et</strong></span> <span class='ocrx_word' id='word_1_78' title='bbox 2229 1048 2343 1101; x_wconf 80' lang='lat' dir='ltr'><strong>sin-</strong></span> 
     </span>
    </p>
   </div>
   <div class='ocr_carea' id='block_1_11' title="bbox 748 1136 2345 1210">
    <p class='ocr_par' dir='ltr' id='par_1_11' title="bbox 748 1136 2345 1210">
     <span class='ocr_line' id='line_1_11' title="bbox 748 1136 2345 1210; baseline 0.001 -17"><span class='ocrx_word' id='word_1_79' title='bbox 748 1139 972 1208; x_wconf 79' lang='lat' dir='ltr'><strong>gulare;</strong></span> <span class='ocrx_word' id='word_1_80' title='bbox 1000 1136 1140 1204; x_wconf 91' lang='lat' dir='ltr'><strong>apud</strong></span> <span class='ocrx_word' id='word_1_81' title='bbox 1175 1153 1300 1193; x_wconf 88' lang='lat' dir='ltr'><strong>eum</strong></span> <span class='ocrx_word' id='word_1_82' title='bbox 1336 1138 1537 1194; x_wconf 81' lang='lat' dir='ltr'><strong>scilicet</strong></span> <span class='ocrx_word' id='word_1_83' title='bbox 1567 1141 1655 1210; x_wconf 88' lang='lat' dir='ltr'><strong>qui</strong></span> <span class='ocrx_word' id='word_1_84' title='bbox 1678 1153 1769 1194; x_wconf 90' lang='lat' dir='ltr'><strong>rex</strong></span> <span class='ocrx_word' id='word_1_85' title='bbox 1798 1155 1980 1208; x_wconf 82' lang='lat' dir='ltr'><strong>regum</strong></span> <span class='ocrx_word' id='word_1_86' title='bbox 2007 1141 2076 1194; x_wconf 92' lang='lat' dir='ltr'><strong>ob</strong></span> <span class='ocrx_word' id='word_1_87' title='bbox 2121 1142 2345 1195; x_wconf 87' lang='lat' dir='ltr'><strong>summi-</strong></span> 
     </span>
    </p>
   </div>
   <div class='ocr_carea' id='block_1_12' title="bbox 752 1229 2334 1303">
    <p class='ocr_par' dir='ltr' id='par_1_12' title="bbox 752 1229 2334 1303">
     <span class='ocr_line' id='line_1_12' title="bbox 752 1229 2334 1303; baseline 0 -16"><span class='ocrx_word' id='word_1_88' title='bbox 752 1241 913 1287; x_wconf 91' lang='lat' dir='ltr'><strong>tatem</strong></span> <span class='ocrx_word' id='word_1_89' title='bbox 936 1229 1314 1302; x_wconf 79' lang='lat' dir='ltr'><strong>magnitudinis</strong></span> <span class='ocrx_word' id='word_1_90' title='bbox 1358 1239 1414 1285; x_wconf 90' lang='lat' dir='ltr'><strong>et</strong></span> <span class='ocrx_word' id='word_1_91' title='bbox 1438 1230 1825 1300; x_wconf 78' lang='lat' dir='ltr'><strong>subiectionem</strong></span> <span class='ocrx_word' id='word_1_92' title='bbox 1853 1241 2174 1288; x_wconf 88' lang='lat' dir='ltr'><strong>c:cterorum</strong></span> <span class='ocrx_word' id='word_1_93' title='bbox 2205 1249 2334 1303; x_wconf 87' lang='lat' dir='ltr'><strong>gra-</strong></span> 
     </span>
    </p>
   </div>
   <div class='ocr_carea' id='block_1_13' title="bbox 750 1323 2344 1398">
    <p class='ocr_par' dir='ltr' id='par_1_13' title="bbox 750 1323 2344 1398">
     <span class='ocr_line' id='line_1_13' title="bbox 750 1323 2344 1398; baseline 0.001 -18"><span class='ocrx_word' id='word_1_94' title='bbox 750 1325 957 1392; x_wconf 89' lang='lat' dir='ltr'><strong>duum,</strong></span> <span class='ocrx_word' id='word_1_95' title='bbox 1006 1323 1157 1396; x_wconf 87' lang='lat' dir='ltr'><strong>quasi</strong></span> <span class='ocrx_word' id='word_1_96' title='bbox 1204 1324 1415 1380; x_wconf 89' lang='lat' dir='ltr'><strong>culmen</strong></span> <span class='ocrx_word' id='word_1_97' title='bbox 1462 1325 1844 1380; x_wconf 79' lang='lat' dir='ltr'><strong>dominationis</strong></span> <span class='ocrx_word' id='word_1_98' title='bbox 1888 1327 2196 1398; x_wconf 82' lang='lat' dir='ltr'><strong>excipitur?</strong></span> <span class='ocrx_word' id='word_1_99' title='bbox 2238 1325 2344 1381; x_wconf 83' lang='lat' dir='ltr'><strong>Sed</strong></span> 
     </span>
    </p>
   </div>
   <div class='ocr_carea' id='block_1_14' title="bbox 751 1415 2346 1489">
    <p class='ocr_par' dir='ltr' id='par_1_14' title="bbox 751 1415 2346 1489">
     <span class='ocr_line' id='line_1_14' title="bbox 751 1415 2346 1489; baseline 0.001 -15"><span class='ocrx_word' id='word_1_100' title='bbox 751 1418 914 1474; x_wconf 87' lang='lat' dir='ltr'><strong>etiam</strong></span> <span class='ocrx_word' id='word_1_101' title='bbox 936 1417 1161 1472; x_wconf 87' lang='lat' dir='ltr'><strong>alterius</strong></span> <span class='ocrx_word' id='word_1_102' title='bbox 1183 1415 1373 1472; x_wconf 65' lang='lat' dir='ltr'><strong>forma:</strong></span> <span class='ocrx_word' id='word_1_103' title='bbox 1399 1431 1555 1487; x_wconf 86' lang='lat' dir='ltr'><strong>reges</strong></span> <span class='ocrx_word' id='word_1_104' title='bbox 1582 1459 1598 1485; x_wconf 97' lang='lat'><strong>,</strong></span> <span class='ocrx_word' id='word_1_105' title='bbox 1621 1419 1711 1488; x_wconf 91' lang='lat' dir='ltr'><strong>qui</strong></span> <span class='ocrx_word' id='word_1_106' title='bbox 1740 1417 2038 1489; x_wconf 78' lang='lat' dir='ltr'><strong>singulares</strong></span> <span class='ocrx_word' id='word_1_107' title='bbox 2066 1419 2119 1472; x_wconf 93' lang='lat' dir='ltr'><strong>in</strong></span> <span class='ocrx_word' id='word_1_108' title='bbox 2149 1419 2346 1476; x_wconf 87' lang='lat' dir='ltr'><strong>unione</strong></span> 
     </span>
    </p>
   </div>
   <div class='ocr_carea' id='block_1_15' title="bbox 751 1510 2339 1584">
    <p class='ocr_par' dir='ltr' id='par_1_15' title="bbox 751 1510 2339 1584">
     <span class='ocr_line' id='line_1_15' title="bbox 751 1510 2339 1584; baseline 0.001 -16"><span class='ocrx_word' id='word_1_109' title='bbox 751 1511 962 1582; x_wconf 88' lang='lat' dir='ltr'><strong>imperii</strong></span> <span class='ocrx_word' id='word_1_110' title='bbox 992 1520 1258 1580; x_wconf 67' lang='lat' dir='ltr'><strong>praesunt,</strong></span> <span class='ocrx_word' id='word_1_111' title='bbox 1290 1511 1334 1565; x_wconf 91' lang='lat' dir='ltr'><strong>si</strong></span> <span class='ocrx_word' id='word_1_112' title='bbox 1367 1510 1447 1584; x_wconf 69' lang='grc' dir='ltr'><strong>(ε)</strong></span> <span class='ocrx_word' id='word_1_113' title='bbox 1480 1512 1825 1567; x_wconf 83' lang='lat' dir='ltr'><strong>niinutalibus</strong></span> <span class='ocrx_word' id='word_1_114' title='bbox 1847 1556 1863 1580; x_wconf 92' lang='lat'><strong>,</strong></span> <span class='ocrx_word' id='word_1_115' title='bbox 1897 1521 1955 1567; x_wconf 90' lang='lat' dir='ltr'><strong>ut</strong></span> <span class='ocrx_word' id='word_1_116' title='bbox 1979 1514 2050 1567; x_wconf 88' lang='lat' dir='ltr'><strong>ita</strong></span> <span class='ocrx_word' id='word_1_117' title='bbox 2076 1513 2303 1569; x_wconf 86' lang='lat' dir='ltr'><strong>dixerim</strong></span> <span class='ocrx_word' id='word_1_118' title='bbox 2324 1556 2339 1582; x_wconf 92' lang='lat'><strong>,</strong></span> 
     </span>
    </p>
   </div>
   <div class='ocr_carea' id='block_1_16' title="bbox 753 1601 2344 1676">
    <p class='ocr_par' dir='ltr' id='par_1_16' title="bbox 753 1601 2344 1676">
     <span class='ocr_line' id='line_1_16' title="bbox 753 1601 2344 1676; baseline -0.001 -18"><span class='ocrx_word' id='word_1_119' title='bbox 753 1605 933 1675; x_wconf 87' lang='lat' dir='ltr'><strong>regnis</strong></span> <span class='ocrx_word' id='word_1_120' title='bbox 963 1602 1197 1671; x_wconf 89' lang='lat' dir='ltr'><strong>undique</strong></span> <span class='ocrx_word' id='word_1_121' title='bbox 1223 1601 1568 1658; x_wconf 84' lang='lat' dir='ltr'><strong>conferantur</strong></span> <span class='ocrx_word' id='word_1_122' title='bbox 1615 1605 1665 1659; x_wconf 93' lang='lat' dir='ltr'><strong>in</strong></span> <span class='ocrx_word' id='word_1_123' title='bbox 1701 1605 2152 1660; x_wconf 87' lang='lat' dir='ltr'><strong>examinationcm</strong></span> <span class='ocrx_word' id='word_1_124' title='bbox 2186 1649 2201 1671; x_wconf 89' lang='lat'><strong>,</strong></span> <span class='ocrx_word' id='word_1_125' title='bbox 2245 1621 2344 1676; x_wconf 87' lang='lat' dir='ltr'><strong>qua</strong></span> 
     </span>
    </p>
   </div>
   <div class='ocr_carea' id='block_1_17' title="bbox 754 1697 2352 1769">
    <p class='ocr_par' dir='ltr' id='par_1_17' title="bbox 754 1697 2352 1769">
     <span class='ocr_line' id='line_1_17' title="bbox 754 1697 2352 1769; baseline -0.001 -15"><span class='ocrx_word' id='word_1_126' title='bbox 754 1706 965 1754; x_wconf 90' lang='lat' dir='ltr'><strong>constet</strong></span> <span class='ocrx_word' id='word_1_127' title='bbox 989 1698 1110 1769; x_wconf 90' lang='lat' dir='ltr'><strong>quis</strong></span> <span class='ocrx_word' id='word_1_128' title='bbox 1137 1712 1323 1752; x_wconf 90' lang='lat' dir='ltr'><strong>eorum</strong></span> <span class='ocrx_word' id='word_1_129' title='bbox 1350 1697 1624 1767; x_wconf 73' lang='lat' dir='ltr'><strong>praecellat</strong></span> <span class='ocrx_word' id='word_1_130' title='bbox 1650 1699 1702 1752; x_wconf 92' lang='lat' dir='ltr'><strong>in</strong></span> <span class='ocrx_word' id='word_1_131' title='bbox 1722 1698 2038 1752; x_wconf 75' lang='lat' dir='ltr'><strong>substantiis</strong></span> <span class='ocrx_word' id='word_1_132' title='bbox 2065 1707 2120 1754; x_wconf 92' lang='lat' dir='ltr'><strong>et</strong></span> <span class='ocrx_word' id='word_1_133' title='bbox 2149 1699 2352 1753; x_wconf 89' lang='lat' dir='ltr'><strong>viribus</strong></span> 
     </span>
    </p>
   </div>
   <div class='ocr_carea' id='block_1_18' title="bbox 755 1790 2352 1861">
    <p class='ocr_par' dir='ltr' id='par_1_18' title="bbox 755 1790 2352 1861">
     <span class='ocr_line' id='line_1_18' title="bbox 755 1790 2352 1861; baseline 0.001 -16"><span class='ocrx_word' id='word_1_134' title='bbox 755 1791 946 1860; x_wconf 89' lang='lat' dir='ltr'><strong>regni,</strong></span> <span class='ocrx_word' id='word_1_135' title='bbox 984 1790 1037 1844; x_wconf 93' lang='lat' dir='ltr'><strong>in</strong></span> <span class='ocrx_word' id='word_1_136' title='bbox 1064 1804 1231 1845; x_wconf 91' lang='lat' dir='ltr'><strong>unum</strong></span> <span class='ocrx_word' id='word_1_137' title='bbox 1270 1805 1494 1845; x_wconf 89' lang='lat' dir='ltr'><strong>necesse</strong></span> <span class='ocrx_word' id='word_1_138' title='bbox 1531 1797 1615 1844; x_wconf 90' lang='lat' dir='ltr'><strong>est</strong></span> <span class='ocrx_word' id='word_1_139' title='bbox 1651 1790 1934 1844; x_wconf 83' lang='lat' dir='ltr'><strong>summitas</strong></span> <span class='ocrx_word' id='word_1_140' title='bbox 1970 1792 2352 1861; x_wconf 81' lang='lat' dir='ltr'><strong>magnitudinis</strong></span> 
     </span>
    </p>
   </div>
   <div class='ocr_carea' id='block_1_19' title="bbox 2443 583 4042 654">
    <p class='ocr_par' dir='ltr' id='par_1_19' title="bbox 2443 583 4042 654">
     <span class='ocr_line' id='line_1_19' title="bbox 2443 583 4042 654; baseline -0.001 -17"><span class='ocrx_word' id='word_1_141' title='bbox 2443 583 2551 637; x_wconf 89' lang='lat' dir='ltr'><strong>duo</strong></span> <span class='ocrx_word' id='word_1_142' title='bbox 2573 583 2890 649; x_wconf 82' lang='lat' dir='ltr'><strong>admittere,</strong></span> <span class='ocrx_word' id='word_1_143' title='bbox 2935 583 3123 640; x_wconf 88' lang='lat' dir='ltr'><strong>eadem</strong></span> <span class='ocrx_word' id='word_1_144' title='bbox 3164 584 3337 653; x_wconf 91' lang='lat' dir='ltr'><strong>potuit</strong></span> <span class='ocrx_word' id='word_1_145' title='bbox 3375 593 3428 639; x_wconf 94' lang='lat' dir='ltr'><strong>et</strong></span> <span class='ocrx_word' id='word_1_146' title='bbox 3455 585 3644 654; x_wconf 85' lang='lat' dir='ltr'><strong>plura;</strong></span> <span class='ocrx_word' id='word_1_147' title='bbox 3672 594 3790 654; x_wconf 92' lang='lat' dir='ltr'><strong>post</strong></span> <span class='ocrx_word' id='word_1_148' title='bbox 3820 585 3901 654; x_wconf 97' lang='lat'><strong>(8)</strong></span> <span class='ocrx_word' id='word_1_149' title='bbox 3933 583 4042 637; x_wconf 95' lang='lat' dir='ltr'><strong>duo</strong></span> 
     </span>
    </p>
   </div>
   <div class='ocr_carea' id='block_1_20' title="bbox 2444 675 4041 747">
    <p class='ocr_par' dir='ltr' id='par_1_20' title="bbox 2444 675 4041 747">
     <span class='ocr_line' id='line_1_20' title="bbox 2444 675 4041 747; baseline -0.002 -17"><span class='ocrx_word' id='word_1_150' title='bbox 2444 677 2609 741; x_wconf 89' lang='lat' dir='ltr'><strong>enim,</strong></span> <span class='ocrx_word' id='word_1_151' title='bbox 2642 675 2923 729; x_wconf 90' lang='lat' dir='ltr'><strong>nmltitudo</strong></span> <span class='ocrx_word' id='word_1_152' title='bbox 2943 717 2957 742; x_wconf 90' lang='lat'><strong>,</strong></span> <span class='ocrx_word' id='word_1_153' title='bbox 2985 677 3182 730; x_wconf 90' lang='lat' dir='ltr'><strong>unione</strong></span> <span class='ocrx_word' id='word_1_154' title='bbox 3199 675 3307 745; x_wconf 86' lang='lat' dir='ltr'><strong>jam</strong></span> <span class='ocrx_word' id='word_1_155' title='bbox 3336 690 3579 730; x_wconf 90' lang='lat' dir='ltr'><strong>excessa.</strong></span> <span class='ocrx_word' id='word_1_156' title='bbox 3614 676 3876 747; x_wconf 88' lang='lat' dir='ltr'><strong>Denique,</strong></span> <span class='ocrx_word' id='word_1_157' title='bbox 3899 675 4041 745; x_wconf 89' lang='lat' dir='ltr'><strong>apud</strong></span> 
     </span>
    </p>
   </div>
   <div class='ocr_carea' id='block_1_21' title="bbox 2449 766 4041 838">
    <p class='ocr_par' dir='ltr' id='par_1_21' title="bbox 2449 766 4041 838">
     <span class='ocr_line' id='line_1_21' title="bbox 2449 766 4041 838; baseline -0.001 -15"><span class='ocrx_word' id='word_1_158' title='bbox 2449 783 2548 823; x_wconf 88' lang='lat' dir='ltr'><strong>nos</strong></span> <span class='ocrx_word' id='word_1_159' title='bbox 2584 769 2666 822; x_wconf 89' lang='lat' dir='ltr'><strong>vis</strong></span> <span class='ocrx_word' id='word_1_160' title='bbox 2691 769 2912 822; x_wconf 83' lang='lat' dir='ltr'><strong>rationis</strong></span> <span class='ocrx_word' id='word_1_161' title='bbox 2940 768 3096 824; x_wconf 89' lang='lat' dir='ltr'><strong>istius</strong></span> <span class='ocrx_word' id='word_1_162' title='bbox 3117 769 3236 837; x_wconf 87' lang='lat' dir='ltr'><strong>ipso</strong></span> <span class='ocrx_word' id='word_1_163' title='bbox 3267 767 3497 823; x_wconf 88' lang='lat' dir='ltr'><strong>termino</strong></span> <span class='ocrx_word' id='word_1_164' title='bbox 3525 769 3703 838; x_wconf 87' lang='lat' dir='ltr'><strong>plures</strong></span> <span class='ocrx_word' id='word_1_165' title='bbox 3728 768 3859 823; x_wconf 91' lang='lat' dir='ltr'><strong>deos</strong></span> <span class='ocrx_word' id='word_1_166' title='bbox 3889 766 4041 823; x_wconf 90' lang='lat' dir='ltr'><strong>credi</strong></span> 
     </span>
    </p>
   </div>
   <div class='ocr_carea' id='block_1_22' title="bbox 2447 859 4047 931">
    <p class='ocr_par' dir='ltr' id='par_1_22' title="bbox 2447 859 4047 931">
     <span class='ocr_line' id='line_1_22' title="bbox 2447 859 4047 931; baseline 0.001 -18"><span class='ocrx_word' id='word_1_167' title='bbox 2447 874 2555 914; x_wconf 94' lang='lat' dir='ltr'><strong>non</strong></span> <span class='ocrx_word' id='word_1_168' title='bbox 2586 861 2752 926; x_wconf 87' lang='lat' dir='ltr'><strong>sinit,</strong></span> <span class='ocrx_word' id='word_1_169' title='bbox 2798 859 2940 930; x_wconf 90' lang='lat' dir='ltr'><strong>quod</strong></span> <span class='ocrx_word' id='word_1_170' title='bbox 2981 875 3080 915; x_wconf 88' lang='lat' dir='ltr'><strong>nec</strong></span> <span class='ocrx_word' id='word_1_171' title='bbox 3117 859 3288 927; x_wconf 91' lang='lat' dir='ltr'><strong>duos,</strong></span> <span class='ocrx_word' id='word_1_172' title='bbox 3331 860 3418 914; x_wconf 92' lang='lat' dir='ltr'><strong>illa</strong></span> <span class='ocrx_word' id='word_1_173' title='bbox 3460 859 3643 931; x_wconf 87' lang='lat' dir='ltr'><strong>regula</strong></span> <span class='ocrx_word' id='word_1_174' title='bbox 3683 876 3848 915; x_wconf 89' lang='lat' dir='ltr'><strong>unum</strong></span> <span class='ocrx_word' id='word_1_175' title='bbox 3879 861 4047 915; x_wconf 87' lang='lat' dir='ltr'><strong>Deum</strong></span> 
     </span>
    </p>
   </div>
   <div class='ocr_carea' id='block_1_23' title="bbox 2449 953 4055 1025">
    <p class='ocr_par' dir='ltr' id='par_1_23' title="bbox 2449 953 4055 1025">
     <span class='ocr_line' id='line_1_23' title="bbox 2449 953 4055 1025; baseline 0.001 -17"><span class='ocrx_word' id='word_1_176' title='bbox 2449 955 2680 1020; x_wconf 92' lang='lat' dir='ltr'><strong>sistens,</strong></span> <span class='ocrx_word' id='word_1_177' title='bbox 2720 969 2824 1024; x_wconf 90' lang='lat' dir='ltr'><strong>qua</strong></span> <span class='ocrx_word' id='word_1_178' title='bbox 2866 954 3035 1008; x_wconf 90' lang='lat' dir='ltr'><strong>Deum</strong></span> <span class='ocrx_word' id='word_1_179' title='bbox 3070 953 3120 1008; x_wconf 91' lang='lat' dir='ltr'><strong>id</strong></span> <span class='ocrx_word' id='word_1_180' title='bbox 3159 969 3282 1009; x_wconf 93' lang='lat' dir='ltr'><strong>esse</strong></span> <span class='ocrx_word' id='word_1_181' title='bbox 3313 963 3561 1025; x_wconf 83' lang='lat' dir='ltr'><strong>Oporteat</strong></span> <span class='ocrx_word' id='word_1_182' title='bbox 3599 955 3684 1010; x_wconf 91' lang='lat' dir='ltr'><strong>cui</strong></span> <span class='ocrx_word' id='word_1_183' title='bbox 3744 954 3878 1010; x_wconf 87' lang='lat' dir='ltr'><strong>nihil</strong></span> <span class='ocrx_word' id='word_1_184' title='bbox 3909 955 4055 1011; x_wconf 66' lang='lat' dir='ltr'><strong>adae-</strong></span> 
     </span>
    </p>
   </div>
   <div class='ocr_carea' id='block_1_24' title="bbox 2449 1047 4046 1118">
    <p class='ocr_par' dir='ltr' id='par_1_24' title="bbox 2449 1047 4046 1118">
     <span class='ocr_line' id='line_1_24' title="bbox 2449 1047 4046 1118; baseline 0.003 -20"><span class='ocrx_word' id='word_1_185' title='bbox 2449 1055 2662 1116; x_wconf 91' lang='lat' dir='ltr'><strong>quetur,</strong></span> <span class='ocrx_word' id='word_1_186' title='bbox 2691 1056 2748 1100; x_wconf 93' lang='lat' dir='ltr'><strong>nt</strong></span> <span class='ocrx_word' id='word_1_187' title='bbox 2772 1061 2984 1101; x_wconf 86' lang='lat' dir='ltr'><strong>sumine</strong></span> <span class='ocrx_word' id='word_1_188' title='bbox 3007 1061 3228 1118; x_wconf 88' lang='lat' dir='ltr'><strong>magno;</strong></span> <span class='ocrx_word' id='word_1_189' title='bbox 3262 1047 3476 1102; x_wconf 90' lang='lat' dir='ltr'><strong>unicum</strong></span> <span class='ocrx_word' id='word_1_190' title='bbox 3498 1055 3673 1102; x_wconf 90' lang='lat' dir='ltr'><strong>autem</strong></span> <span class='ocrx_word' id='word_1_191' title='bbox 3700 1047 4046 1113; x_wconf 80' lang='lat' dir='ltr'><strong>sit,cuini|iil</strong></span> 
     </span>
    </p>
   </div>
   <div class='ocr_carea' id='block_1_25' title="bbox 2449 1138 4052 1211">
    <p class='ocr_par' dir='ltr' id='par_1_25' title="bbox 2449 1138 4052 1211">
     <span class='ocr_line' id='line_1_25' title="bbox 2449 1138 4052 1211; baseline 0.001 -18"><span class='ocrx_word' id='word_1_192' title='bbox 2449 1140 2777 1210; x_wconf 72' lang='lat' dir='ltr'><strong>adtrquctur.</strong></span> <span class='ocrx_word' id='word_1_193' title='bbox 2801 1138 2918 1193; x_wconf 83' lang='lat' dir='ltr'><strong>Jam</strong></span> <span class='ocrx_word' id='word_1_194' title='bbox 2944 1155 3105 1204; x_wconf 90' lang='lat' dir='ltr'><strong>nunc,</strong></span> <span class='ocrx_word' id='word_1_195' title='bbox 3135 1140 3242 1194; x_wconf 92' lang='lat' dir='ltr'><strong>duo</strong></span> <span class='ocrx_word' id='word_1_196' title='bbox 3274 1154 3481 1195; x_wconf 89' lang='lat' dir='ltr'><strong>summa</strong></span> <span class='ocrx_word' id='word_1_197' title='bbox 3507 1155 3716 1210; x_wconf 87' lang='lat' dir='ltr'><strong>magna,</strong></span> <span class='ocrx_word' id='word_1_198' title='bbox 3747 1139 3856 1194; x_wconf 91' lang='lat' dir='ltr'><strong>duo</strong></span> <span class='ocrx_word' id='word_1_199' title='bbox 3879 1140 4052 1211; x_wconf 86' lang='lat' dir='ltr'><strong>paria,</strong></span> 
     </span>
    </p>
   </div>
   <div class='ocr_carea' id='block_1_26' title="bbox 2451 1232 4054 1303">
    <p class='ocr_par' dir='ltr' id='par_1_26' title="bbox 2451 1232 4054 1303">
     <span class='ocr_line' id='line_1_26' title="bbox 2451 1232 4054 1303; baseline 0 -16"><span class='ocrx_word' id='word_1_200' title='bbox 2451 1233 2536 1287; x_wconf 92' lang='lat' dir='ltr'><strong>cui</strong></span> <span class='ocrx_word' id='word_1_201' title='bbox 2559 1247 2737 1301; x_wconf 70' lang='lat' dir='ltr'><strong>Operm</strong></span> <span class='ocrx_word' id='word_1_202' title='bbox 2759 1232 2949 1301; x_wconf 89' lang='lat' dir='ltr'><strong>pretio,</strong></span> <span class='ocrx_word' id='word_1_203' title='bbox 2970 1233 3053 1286; x_wconf 93' lang='lat' dir='ltr'><strong>cui</strong></span> <span class='ocrx_word' id='word_1_204' title='bbox 3077 1233 3444 1288; x_wconf 90' lang='lat' dir='ltr'><strong>emolumento</strong></span> <span class='ocrx_word' id='word_1_205' title='bbox 3473 1232 3860 1302; x_wconf 89' lang='lat' dir='ltr'><strong>deputarcntur</strong></span> <span class='ocrx_word' id='word_1_206' title='bbox 3879 1234 3905 1288; x_wconf 66' lang='grc' dir='ltr'><strong>’ἶ</strong></span> <span class='ocrx_word' id='word_1_207' title='bbox 3927 1234 4054 1303; x_wconf 91' lang='lat' dir='ltr'><strong>quid</strong></span> 
     </span>
    </p>
   </div>
   <div class='ocr_carea' id='block_1_27' title="bbox 2456 1325 4058 1396">
    <p class='ocr_par' dir='ltr' id='par_1_27' title="bbox 2456 1325 4058 1396">
     <span class='ocr_line' id='line_1_27' title="bbox 2456 1325 4058 1396; baseline -0.001 -16"><span class='ocrx_word' id='word_1_208' title='bbox 2456 1326 2694 1381; x_wconf 89' lang='lat' dir='ltr'><strong>interfuit</strong></span> <span class='ocrx_word' id='word_1_209' title='bbox 2729 1326 2937 1380; x_wconf 89' lang='lat' dir='ltr'><strong>numeri</strong></span> <span class='ocrx_word' id='word_1_210' title='bbox 2967 1367 2983 1392; x_wconf 95' lang='lat'><strong>,</strong></span> <span class='ocrx_word' id='word_1_211' title='bbox 3024 1342 3146 1381; x_wconf 90' lang='lat' dir='ltr'><strong>cum</strong></span> <span class='ocrx_word' id='word_1_212' title='bbox 3174 1325 3280 1380; x_wconf 91' lang='lat' dir='ltr'><strong>duo</strong></span> <span class='ocrx_word' id='word_1_213' title='bbox 3311 1327 3456 1396; x_wconf 89' lang='lat' dir='ltr'><strong>paria</strong></span> <span class='ocrx_word' id='word_1_214' title='bbox 3485 1341 3589 1380; x_wconf 93' lang='lat' dir='ltr'><strong>non</strong></span> <span class='ocrx_word' id='word_1_215' title='bbox 3614 1325 3869 1381; x_wconf 81' lang='lat' dir='ltr'><strong>differant</strong></span> <span class='ocrx_word' id='word_1_216' title='bbox 3898 1342 4009 1380; x_wconf 90' lang='lat' dir='ltr'><strong>uno</strong></span> <span class='ocrx_word' id='word_1_217' title='bbox 4036 1329 4058 1379; x_wconf 67' lang='grc' dir='ltr'><strong>’ἐ</strong></span> 
     </span>
    </p>
   </div>
   <div class='ocr_carea' id='block_1_28' title="bbox 2454 1420 4060 1492">
    <p class='ocr_par' dir='ltr' id='par_1_28' title="bbox 2454 1420 4060 1492">
     <span class='ocr_line' id='line_1_28' title="bbox 2454 1420 4060 1492; baseline -0.002 -14"><span class='ocrx_word' id='word_1_218' title='bbox 2454 1422 2572 1478; x_wconf 86' lang='lat' dir='ltr'><strong>Una</strong></span> <span class='ocrx_word' id='word_1_219' title='bbox 2600 1423 2742 1476; x_wconf 90' lang='lat' dir='ltr'><strong>enim</strong></span> <span class='ocrx_word' id='word_1_220' title='bbox 2773 1437 2861 1476; x_wconf 89' lang='lat' dir='ltr'><strong>res</strong></span> <span class='ocrx_word' id='word_1_221' title='bbox 2887 1430 2969 1476; x_wconf 91' lang='lat' dir='ltr'><strong>est</strong></span> <span class='ocrx_word' id='word_1_222' title='bbox 2994 1437 3113 1492; x_wconf 69' lang='lat' dir='ltr'><strong>quae</strong></span> <span class='ocrx_word' id='word_1_223' title='bbox 3139 1420 3326 1476; x_wconf 88' lang='lat' dir='ltr'><strong>cadem</strong></span> <span class='ocrx_word' id='word_1_224' title='bbox 3360 1421 3412 1475; x_wconf 95' lang='lat' dir='ltr'><strong>in</strong></span> <span class='ocrx_word' id='word_1_225' title='bbox 3438 1421 3647 1476; x_wconf 88' lang='lat' dir='ltr'><strong>duobus</strong></span> <span class='ocrx_word' id='word_1_226' title='bbox 3673 1430 3774 1475; x_wconf 90' lang='lat' dir='ltr'><strong>est.</strong></span> <span class='ocrx_word' id='word_1_227' title='bbox 3827 1420 4060 1474; x_wconf 79' lang='lat' dir='ltr'><strong>Etiamsi</strong></span> 
     </span>
    </p>
   </div>
   <div class='ocr_carea' id='block_1_29' title="bbox 2457 1511 4057 1585">
    <p class='ocr_par' dir='ltr' id='par_1_29' title="bbox 2457 1511 4057 1585">
     <span class='ocr_line' id='line_1_29' title="bbox 2457 1511 4057 1585; baseline -0.001 -17"><span class='ocrx_word' id='word_1_228' title='bbox 2457 1515 2609 1585; x_wconf 88' lang='lat' dir='ltr'><strong>plura</strong></span> <span class='ocrx_word' id='word_1_229' title='bbox 2648 1522 2827 1568; x_wconf 88' lang='lat' dir='ltr'><strong>essent</strong></span> <span class='ocrx_word' id='word_1_230' title='bbox 2867 1514 3037 1583; x_wconf 88' lang='lat' dir='ltr'><strong>paria,</strong></span> <span class='ocrx_word' id='word_1_231' title='bbox 3093 1513 3443 1568; x_wconf 89' lang='lat' dir='ltr'><strong>tandumdem</strong></span> <span class='ocrx_word' id='word_1_232' title='bbox 3491 1512 3669 1566; x_wconf 84' lang='lat' dir='ltr'><strong>omnia</strong></span> <span class='ocrx_word' id='word_1_233' title='bbox 3713 1527 3878 1566; x_wconf 90' lang='lat' dir='ltr'><strong>unum</strong></span> <span class='ocrx_word' id='word_1_234' title='bbox 3922 1511 4057 1566; x_wconf 90' lang='lat' dir='ltr'><strong>fuis-</strong></span> 
     </span>
    </p>
   </div>
   <div class='ocr_carea' id='block_1_30' title="bbox 2457 1603 4056 1677">
    <p class='ocr_par' dir='ltr' id='par_1_30' title="bbox 2457 1603 4056 1677">
     <span class='ocr_line' id='line_1_30' title="bbox 2457 1603 4056 1677; baseline -0.003 -16"><span class='ocrx_word' id='word_1_235' title='bbox 2457 1615 2614 1671; x_wconf 90' lang='lat' dir='ltr'><strong>sent,</strong></span> <span class='ocrx_word' id='word_1_236' title='bbox 2657 1605 2803 1660; x_wconf 87' lang='lat' dir='ltr'><strong>nullo</strong></span> <span class='ocrx_word' id='word_1_237' title='bbox 2842 1604 2920 1677; x_wconf 91' lang='lat'>(9)</span> <span class='ocrx_word' id='word_1_238' title='bbox 2961 1605 3100 1660; x_wconf 92' lang='lat' dir='ltr'><strong>inter</strong></span> <span class='ocrx_word' id='word_1_239' title='bbox 3136 1619 3196 1660; x_wconf 91' lang='lat' dir='ltr'><strong>se</strong></span> <span class='ocrx_word' id='word_1_240' title='bbox 3251 1603 3368 1676; x_wconf 75' lang='lat'>(10)</span> <span class='ocrx_word' id='word_1_241' title='bbox 3411 1603 3729 1669; x_wconf 77' lang='lat' dir='ltr'><strong>differendo,</strong></span> <span class='ocrx_word' id='word_1_242' title='bbox 3754 1619 3858 1675; x_wconf 91' lang='lat' dir='ltr'><strong>qua</strong></span> <span class='ocrx_word' id='word_1_243' title='bbox 3887 1603 4056 1674; x_wconf 85' lang='lat' dir='ltr'><strong>paria.</strong></span> 
     </span>
    </p>
   </div>
   <div class='ocr_carea' id='block_1_31' title="bbox 2459 1695 4062 1765">
    <p class='ocr_par' dir='ltr' id='par_1_31' title="bbox 2459 1695 4062 1765">
     <span class='ocr_line' id='line_1_31' title="bbox 2459 1695 4062 1765; baseline -0.004 -12"><span class='ocrx_word' id='word_1_244' title='bbox 2459 1699 2661 1765; x_wconf 86' lang='lat' dir='ltr'><strong>Porro,</strong></span> <span class='ocrx_word' id='word_1_245' title='bbox 2706 1699 2748 1751; x_wconf 89' lang='lat' dir='ltr'><strong>si</strong></span> <span class='ocrx_word' id='word_1_246' title='bbox 2781 1707 3030 1753; x_wconf 87' lang='lat' dir='ltr'><strong>neutrum</strong></span> <span class='ocrx_word' id='word_1_247' title='bbox 3063 1713 3131 1752; x_wconf 86' lang='lat' dir='ltr'><strong>ex</strong></span> <span class='ocrx_word' id='word_1_248' title='bbox 3161 1696 3372 1751; x_wconf 89' lang='lat' dir='ltr'><strong>duobus</strong></span> <span class='ocrx_word' id='word_1_249' title='bbox 3411 1696 3584 1751; x_wconf 90' lang='lat' dir='ltr'><strong>altero</strong></span> <span class='ocrx_word' id='word_1_250' title='bbox 3608 1695 3770 1750; x_wconf 80' lang='lat' dir='ltr'><strong>distat</strong></span> <span class='ocrx_word' id='word_1_251' title='bbox 3793 1734 3806 1754; x_wconf 90' lang='lat'><strong>.</strong></span> <span class='ocrx_word' id='word_1_252' title='bbox 3861 1695 3973 1764; x_wconf 88' lang='lat' dir='ltr'><strong>jam</strong></span> <span class='ocrx_word' id='word_1_253' title='bbox 4005 1704 4062 1748; x_wconf 92' lang='lat' dir='ltr'><strong>ut</strong></span> 
     </span>
    </p>
   </div>
   <div class='ocr_carea' id='block_1_32' title="bbox 2459 1787 4062 1861">
    <p class='ocr_par' dir='ltr' id='par_1_32' title="bbox 2459 1787 4062 1861">
     <span class='ocr_line' id='line_1_32' title="bbox 2459 1787 4062 1861; baseline -0.003 -16"><span class='ocrx_word' id='word_1_254' title='bbox 2459 1791 2618 1845; x_wconf 88' lang='lat' dir='ltr'><strong>ambo</strong></span> <span class='ocrx_word' id='word_1_255' title='bbox 2639 1806 2845 1845; x_wconf 89' lang='lat' dir='ltr'><strong>summa</strong></span> <span class='ocrx_word' id='word_1_256' title='bbox 2865 1805 3072 1861; x_wconf 91' lang='lat' dir='ltr'><strong>magna,</strong></span> <span class='ocrx_word' id='word_1_257' title='bbox 3091 1805 3192 1860; x_wconf 86' lang='lat' dir='ltr'><strong>qua</strong></span> <span class='ocrx_word' id='word_1_258' title='bbox 3221 1789 3267 1860; x_wconf 90' lang='lat' dir='ltr'><strong>(l</strong></span> <span class='ocrx_word' id='word_1_259' title='bbox 3284 1787 3437 1858; x_wconf 78' lang='lat' dir='ltr'><strong>i)dei</strong></span> <span class='ocrx_word' id='word_1_260' title='bbox 3460 1788 3639 1853; x_wconf 88' lang='lat' dir='ltr'><strong>ambo,</strong></span> <span class='ocrx_word' id='word_1_261' title='bbox 3661 1797 3911 1842; x_wconf 90' lang='lat' dir='ltr'><strong>neutrum</strong></span> <span class='ocrx_word' id='word_1_262' title='bbox 3942 1788 4062 1858; x_wconf 78' lang='lat' dir='ltr'><strong>plus</strong></span> 
     </span>
    </p>
   </div>
   <div class='ocr_carea' id='block_1_33' title="bbox 755 1879 4059 1954">
    <p class='ocr_par' dir='ltr' id='par_1_33' title="bbox 755 1879 4059 1954">
     <span class='ocr_line' id='line_1_33' title="bbox 755 1879 4059 1954; baseline -0.002 -14"><span class='ocrx_word' id='word_1_263' title='bbox 755 1884 1056 1954; x_wconf 89' lang='lat' dir='ltr'><strong>eliquetur,</strong></span> <span class='ocrx_word' id='word_1_264' title='bbox 1084 1882 1333 1939; x_wconf 88' lang='lat' dir='ltr'><strong>omnibus</strong></span> <span class='ocrx_word' id='word_1_265' title='bbox 1354 1883 1618 1953; x_wconf 89' lang='lat' dir='ltr'><strong>gradatim</strong></span> <span class='ocrx_word' id='word_1_266' title='bbox 1645 1898 1742 1953; x_wconf 84' lang='lat' dir='ltr'><strong>per</strong></span> <span class='ocrx_word' id='word_1_267' title='bbox 1779 1885 2198 1954; x_wconf 81' lang='lat' dir='ltr'><strong>comparationis</strong></span> <span class='ocrx_word' id='word_1_268' title='bbox 2233 1887 2350 1938; x_wconf 84' lang='lat' dir='ltr'><strong>exi-</strong></span> <span class='ocrx_word' id='word_1_269' title='bbox 2388 1890 2432 1948; x_wconf 84' lang='lat' dir='ltr'><strong>B</strong></span> <span class='ocrx_word' id='word_1_270' title='bbox 2461 1885 2628 1939; x_wconf 89' lang='lat' dir='ltr'><strong>altero</strong></span> <span class='ocrx_word' id='word_1_271' title='bbox 2672 1890 2925 1954; x_wconf 72' lang='lat' dir='ltr'><strong>prtestat&#39;,</strong></span> <span class='ocrx_word' id='word_1_272' title='bbox 2981 1882 3180 1937; x_wconf 93' lang='lat' dir='ltr'><strong>nullam</strong></span> <span class='ocrx_word' id='word_1_273' title='bbox 3226 1883 3488 1936; x_wconf 89' lang='lat' dir='ltr'><strong>rationem</strong></span> <span class='ocrx_word' id='word_1_274' title='bbox 3521 1879 3727 1934; x_wconf 87' lang='lat' dir='ltr'><strong>numeri</strong></span> <span class='ocrx_word' id='word_1_275' title='bbox 3754 1881 3838 1934; x_wconf 89' lang='lat' dir='ltr'><strong>sui</strong></span> <span class='ocrx_word' id='word_1_276' title='bbox 3869 1891 4059 1935; x_wconf 86' lang='lat' dir='ltr'><strong>osten-</strong></span> 
     </span>
    </p>
   </div>
   <div class='ocr_carea' id='block_1_34' title="bbox 757 1974 2350 2046">
    <p class='ocr_par' dir='ltr' id='par_1_34' title="bbox 757 1974 2350 2046">
     <span class='ocr_line' id='line_1_34' title="bbox 757 1974 2350 2046; baseline 0.001 -15"><span class='ocrx_word' id='word_1_277' title='bbox 757 1985 870 2031; x_wconf 91' lang='lat' dir='ltr'><strong>tum</strong></span> <span class='ocrx_word' id='word_1_278' title='bbox 906 1976 974 2031; x_wconf 91' lang='lat' dir='ltr'><strong>de</strong></span> <span class='ocrx_word' id='word_1_279' title='bbox 1013 1974 1400 2046; x_wconf 81' lang='lat' dir='ltr'><strong>magnitudinis</strong></span> <span class='ocrx_word' id='word_1_280' title='bbox 1439 1989 1648 2028; x_wconf 87' lang='lat' dir='ltr'><strong>summa</strong></span> <span class='ocrx_word' id='word_1_281' title='bbox 1688 1990 1754 2030; x_wconf 87' lang='lat' dir='ltr'><strong>ex</strong></span> <span class='ocrx_word' id='word_1_282' title='bbox 1772 1977 1969 2044; x_wconf 91' lang='lat' dir='ltr'><strong>pressis</strong></span> <span class='ocrx_word' id='word_1_283' title='bbox 2007 1985 2061 2029; x_wconf 93' lang='lat' dir='ltr'><strong>ct</strong></span> <span class='ocrx_word' id='word_1_284' title='bbox 2098 1976 2350 2032; x_wconf 83' lang='lat' dir='ltr'><strong>exclusis.</strong></span> 
     </span>
    </p>
   </div>
   <div class='ocr_carea' id='block_1_35' title="bbox 759 2067 2359 2138">
    <p class='ocr_par' dir='ltr' id='par_1_35' title="bbox 759 2067 2359 2138">
     <span class='ocr_line' id='line_1_35' title="bbox 759 2067 2359 2138; baseline -0.002 -13"><span class='ocrx_word' id='word_1_285' title='bbox 759 2067 911 2125; x_wconf 84' lang='lat' dir='ltr'><strong>Adeo</strong></span> <span class='ocrx_word' id='word_1_286' title='bbox 957 2068 1060 2125; x_wconf 84' lang='lat' dir='ltr'><strong>etsi</strong></span> <span class='ocrx_word' id='word_1_287' title='bbox 1105 2068 1157 2122; x_wconf 94' lang='lat' dir='ltr'><strong>in</strong></span> <span class='ocrx_word' id='word_1_288' title='bbox 1189 2067 1435 2138; x_wconf 89' lang='lat' dir='ltr'><strong>disperso</strong></span> <span class='ocrx_word' id='word_1_289' title='bbox 1469 2067 1810 2122; x_wconf 79' lang='lat' dir='ltr'><strong>multifariam</strong></span> <span class='ocrx_word' id='word_1_290' title='bbox 1842 2067 2052 2122; x_wconf 89' lang='lat' dir='ltr'><strong>videtur</strong></span> <span class='ocrx_word' id='word_1_291' title='bbox 2093 2083 2359 2122; x_wconf 88' lang='lat' dir='ltr'><strong>summum</strong></span> 
     </span>
    </p>
   </div>
   <div class='ocr_carea' id='block_1_36' title="bbox 761 2160 2354 2233">
    <p class='ocr_par' dir='ltr' id='par_1_36' title="bbox 761 2160 2354 2233">
     <span class='ocr_line' id='line_1_36' title="bbox 761 2160 2354 2233; baseline -0.004 -15"><span class='ocrx_word' id='word_1_292' title='bbox 761 2177 1010 2233; x_wconf 89' lang='lat' dir='ltr'><strong>magnum</strong></span> <span class='ocrx_word' id='word_1_293' title='bbox 1033 2203 1048 2227; x_wconf 90' lang='lat'><strong>,</strong></span> <span class='ocrx_word' id='word_1_294' title='bbox 1072 2162 1185 2216; x_wconf 84' lang='lat' dir='ltr'><strong>suis</strong></span> <span class='ocrx_word' id='word_1_295' title='bbox 1210 2160 1413 2216; x_wconf 87' lang='lat' dir='ltr'><strong>viribus</strong></span> <span class='ocrx_word' id='word_1_296' title='bbox 1440 2170 1495 2215; x_wconf 93' lang='lat' dir='ltr'><strong>et</strong></span> <span class='ocrx_word' id='word_1_297' title='bbox 1520 2175 1615 2214; x_wconf 90' lang='lat' dir='ltr'><strong>sua</strong></span> <span class='ocrx_word' id='word_1_298' title='bbox 1647 2169 1836 2214; x_wconf 90' lang='lat' dir='ltr'><strong>natura</strong></span> <span class='ocrx_word' id='word_1_299' title='bbox 1867 2170 1922 2216; x_wconf 91' lang='lat' dir='ltr'><strong>et</strong></span> <span class='ocrx_word' id='word_1_300' title='bbox 1951 2175 2050 2214; x_wconf 89' lang='lat' dir='ltr'><strong>suo</strong></span> <span class='ocrx_word' id='word_1_301' title='bbox 2081 2168 2220 2214; x_wconf 90' lang='lat' dir='ltr'><strong>statu</strong></span> <span class='ocrx_word' id='word_1_302' title='bbox 2237 2161 2354 2213; x_wconf 91' lang='lat' dir='ltr'><strong>uni-</strong></span> 
     </span>
    </p>
   </div>
   <div class='ocr_carea' id='block_1_37' title="bbox 761 2250 2360 2318">
    <p class='ocr_par' dir='ltr' id='par_1_37' title="bbox 761 2250 2360 2318">
     <span class='ocr_line' id='line_1_37' title="bbox 761 2250 2360 2318; baseline -0.004 -8"><span class='ocrx_word' id='word_1_303' title='bbox 761 2270 884 2310; x_wconf 90' lang='lat' dir='ltr'><strong>cum</strong></span> <span class='ocrx_word' id='word_1_304' title='bbox 915 2263 1018 2310; x_wconf 88' lang='lat' dir='ltr'><strong>est.</strong></span> <span class='ocrx_word' id='word_1_305' title='bbox 1051 2251 1304 2318; x_wconf 88' lang='lat' dir='ltr'><strong>Proinde,</strong></span> <span class='ocrx_word' id='word_1_306' title='bbox 1328 2267 1449 2307; x_wconf 89' lang='lat' dir='ltr'><strong>cum</strong></span> <span class='ocrx_word' id='word_1_307' title='bbox 1489 2250 1596 2305; x_wconf 92' lang='lat' dir='ltr'><strong>duo</strong></span> <span class='ocrx_word' id='word_1_308' title='bbox 1635 2250 1706 2305; x_wconf 93' lang='lat' dir='ltr'><strong>dii</strong></span> <span class='ocrx_word' id='word_1_309' title='bbox 1745 2252 2127 2315; x_wconf 84' lang='lat' dir='ltr'><strong>conterantur,</strong></span> <span class='ocrx_word' id='word_1_310' title='bbox 2170 2261 2226 2304; x_wconf 91' lang='lat' dir='ltr'><strong>ut</strong></span> <span class='ocrx_word' id='word_1_311' title='bbox 2250 2250 2360 2304; x_wconf 90' lang='lat' dir='ltr'><strong>duo</strong></span> 
     </span>
    </p>
   </div>
   <div class='ocr_carea' id='block_1_38' title="bbox 761 2343 2364 2420">
    <p class='ocr_par' dir='ltr' id='par_1_38' title="bbox 761 2343 2364 2420">
     <span class='ocr_line' id='line_1_38' title="bbox 761 2343 2364 2420; baseline -0.004 -16"><span class='ocrx_word' id='word_1_312' title='bbox 761 2363 917 2420; x_wconf 86' lang='lat' dir='ltr'><strong>reges</strong></span> <span class='ocrx_word' id='word_1_313' title='bbox 975 2357 1032 2403; x_wconf 90' lang='lat' dir='ltr'><strong>et</strong></span> <span class='ocrx_word' id='word_1_314' title='bbox 1097 2346 1204 2402; x_wconf 91' lang='lat' dir='ltr'><strong>duo</strong></span> <span class='ocrx_word' id='word_1_315' title='bbox 1243 2361 1450 2402; x_wconf 91' lang='lat' dir='ltr'><strong>summa</strong></span> <span class='ocrx_word' id='word_1_316' title='bbox 1493 2360 1682 2416; x_wconf 89' lang='lat' dir='ltr'><strong>magna</strong></span> <span class='ocrx_word' id='word_1_317' title='bbox 1708 2387 1723 2412; x_wconf 93' lang='lat'><strong>,</strong></span> <span class='ocrx_word' id='word_1_318' title='bbox 1767 2345 1818 2399; x_wconf 94' lang='lat' dir='ltr'><strong>in</strong></span> <span class='ocrx_word' id='word_1_319' title='bbox 1840 2344 2066 2399; x_wconf 88' lang='lat' dir='ltr'><strong>alterum</strong></span> <span class='ocrx_word' id='word_1_320' title='bbox 2090 2343 2364 2398; x_wconf 88' lang='lat' dir='ltr'><strong>concedat</strong></span> 
     </span>
    </p>
   </div>
   <div class='ocr_carea' id='block_1_39' title="bbox 761 2438 2364 2509">
    <p class='ocr_par' dir='ltr' id='par_1_39' title="bbox 761 2438 2364 2509">
     <span class='ocr_line' id='line_1_39' title="bbox 761 2438 2364 2509; baseline -0.006 -11"><span class='ocrx_word' id='word_1_321' title='bbox 761 2456 982 2498; x_wconf 77' lang='lat' dir='ltr'><strong>necesse</strong></span> <span class='ocrx_word' id='word_1_322' title='bbox 1021 2449 1105 2497; x_wconf 89' lang='lat' dir='ltr'><strong>est</strong></span> <span class='ocrx_word' id='word_1_323' title='bbox 1143 2441 1270 2496; x_wconf 92' lang='lat' dir='ltr'><strong>unio</strong></span> <span class='ocrx_word' id='word_1_324' title='bbox 1303 2439 1496 2494; x_wconf 89' lang='lat' dir='ltr'><strong>summi</strong></span> <span class='ocrx_word' id='word_1_325' title='bbox 1528 2439 1740 2509; x_wconf 91' lang='lat' dir='ltr'><strong>magni,</strong></span> <span class='ocrx_word' id='word_1_326' title='bbox 1765 2453 1832 2494; x_wconf 88' lang='lat' dir='ltr'><strong>ex</strong></span> <span class='ocrx_word' id='word_1_327' title='bbox 1859 2438 2125 2493; x_wconf 89' lang='lat' dir='ltr'><strong>sententia</strong></span> <span class='ocrx_word' id='word_1_328' title='bbox 2144 2452 2364 2507; x_wconf 89' lang='lat' dir='ltr'><strong>compa-</strong></span> 
     </span>
    </p>
   </div>
   <div class='ocr_carea' id='block_1_40' title="bbox 761 2528 2364 2603">
    <p class='ocr_par' dir='ltr' id='par_1_40' title="bbox 761 2528 2364 2603">
     <span class='ocr_line' id='line_1_40' title="bbox 761 2528 2364 2603; baseline -0.004 -14"><span class='ocrx_word' id='word_1_329' title='bbox 761 2532 1006 2598; x_wconf 88' lang='lat' dir='ltr'><strong>rationis,</strong></span> <span class='ocrx_word' id='word_1_330' title='bbox 1034 2547 1136 2602; x_wconf 90' lang='lat' dir='ltr'><strong>qua</strong></span> <span class='ocrx_word' id='word_1_331' title='bbox 1166 2532 1244 2603; x_wconf 79' lang='lat'>(5)</span> <span class='ocrx_word' id='word_1_332' title='bbox 1275 2546 1543 2586; x_wconf 90' lang='lat' dir='ltr'><strong>summum</strong></span> <span class='ocrx_word' id='word_1_333' title='bbox 1584 2545 1650 2586; x_wconf 87' lang='lat' dir='ltr'><strong>ex</strong></span> <span class='ocrx_word' id='word_1_334' title='bbox 1688 2528 1768 2601; x_wconf 66' lang='grc'><strong>(4)</strong></span> <span class='ocrx_word' id='word_1_335' title='bbox 1809 2529 2038 2584; x_wconf 86' lang='lat' dir='ltr'><strong>victoria</strong></span> <span class='ocrx_word' id='word_1_336' title='bbox 2076 2544 2170 2583; x_wconf 88' lang='lat' dir='ltr'><strong>sua</strong></span> <span class='ocrx_word' id='word_1_337' title='bbox 2205 2543 2364 2583; x_wconf 89' lang='lat' dir='ltr'><strong>cons-</strong></span> 
     </span>
    </p>
   </div>
   <div class='ocr_carea' id='block_1_41' title="bbox 763 2624 2357 2696">
    <p class='ocr_par' dir='ltr' id='par_1_41' title="bbox 763 2624 2357 2696">
     <span class='ocr_line' id='line_1_41' title="bbox 763 2624 2357 2696; baseline -0.004 -15"><span class='ocrx_word' id='word_1_338' title='bbox 763 2635 872 2693; x_wconf 88' lang='lat' dir='ltr'><strong>tat,</strong></span> <span class='ocrx_word' id='word_1_339' title='bbox 898 2635 1150 2696; x_wconf 89' lang='lat' dir='ltr'><strong>superato</strong></span> <span class='ocrx_word' id='word_1_340' title='bbox 1175 2624 1368 2680; x_wconf 73' lang='lat' dir='ltr'><strong>temqu</strong></span> <span class='ocrx_word' id='word_1_341' title='bbox 1392 2624 1502 2678; x_wconf 90' lang='lat' dir='ltr'><strong>alio</strong></span> <span class='ocrx_word' id='word_1_342' title='bbox 1532 2637 1745 2692; x_wconf 88' lang='lat' dir='ltr'><strong>magno,</strong></span> <span class='ocrx_word' id='word_1_343' title='bbox 1770 2637 1878 2677; x_wconf 91' lang='lat' dir='ltr'><strong>non</strong></span> <span class='ocrx_word' id='word_1_344' title='bbox 1899 2631 2076 2677; x_wconf 87' lang='lat' dir='ltr'><strong>tamen</strong></span> <span class='ocrx_word' id='word_1_345' title='bbox 2100 2636 2313 2676; x_wconf 91' lang='lat' dir='ltr'><strong>summo</strong></span> <span class='ocrx_word' id='word_1_346' title='bbox 2342 2637 2357 2686; x_wconf 89' lang='lat'><strong>;</strong></span> 
     </span>
    </p>
   </div>
   <div class='ocr_carea' id='block_1_42' title="bbox 765 2713 2367 2788">
    <p class='ocr_par' dir='ltr' id='par_1_42' title="bbox 765 2713 2367 2788">
     <span class='ocr_line' id='line_1_42' title="bbox 765 2713 2367 2788; baseline -0.002 -15"><span class='ocrx_word' id='word_1_347' title='bbox 765 2727 928 2788; x_wconf 88' lang='lat' dir='ltr'><strong>atque</strong></span> <span class='ocrx_word' id='word_1_348' title='bbox 965 2733 1030 2772; x_wconf 89' lang='lat' dir='ltr'><strong>ex</strong></span> <span class='ocrx_word' id='word_1_349' title='bbox 1069 2715 1369 2771; x_wconf 87' lang='lat' dir='ltr'><strong>defectione</strong></span> <span class='ocrx_word' id='word_1_350' title='bbox 1394 2713 1592 2781; x_wconf 67' lang='lat' dir='ltr'><strong>aemuli,</strong></span> <span class='ocrx_word' id='word_1_351' title='bbox 1623 2714 1964 2770; x_wconf 89' lang='lat' dir='ltr'><strong>solitudinem</strong></span> <span class='ocrx_word' id='word_1_352' title='bbox 1991 2713 2275 2784; x_wconf 81' lang='lat' dir='ltr'><strong>quamdam</strong></span> <span class='ocrx_word' id='word_1_353' title='bbox 2299 2713 2367 2769; x_wconf 90' lang='lat' dir='ltr'><strong>de</strong></span> 
     </span>
    </p>
   </div>
   <div class='ocr_carea' id='block_1_43' title="bbox 771 2805 2364 2881">
    <p class='ocr_par' dir='ltr' id='par_1_43' title="bbox 771 2805 2364 2881">
     <span class='ocr_line' id='line_1_43' title="bbox 771 2805 2364 2881; baseline -0.004 -15"><span class='ocrx_word' id='word_1_354' title='bbox 771 2809 1147 2881; x_wconf 89' lang='lat' dir='ltr'><strong>singularitate</strong></span> <span class='ocrx_word' id='word_1_355' title='bbox 1174 2807 1500 2877; x_wconf 67' lang='lat' dir='ltr'><strong>praestantia:</strong></span> <span class='ocrx_word' id='word_1_356' title='bbox 1535 2820 1645 2860; x_wconf 71' lang='lat' dir='ltr'><strong>sum</strong></span> <span class='ocrx_word' id='word_1_357' title='bbox 1676 2805 1984 2876; x_wconf 86' lang='lat' dir='ltr'><strong>possidens,</strong></span> <span class='ocrx_word' id='word_1_358' title='bbox 2020 2807 2232 2860; x_wconf 90' lang='lat' dir='ltr'><strong>unicum</strong></span> <span class='ocrx_word' id='word_1_359' title='bbox 2263 2815 2364 2860; x_wconf 88' lang='lat' dir='ltr'><strong>est.</strong></span> 
     </span>
    </p>
   </div>
   <div class='ocr_carea' id='block_1_44' title="bbox 770 2899 2372 2969">
    <p class='ocr_par' dir='ltr' id='par_1_44' title="bbox 770 2899 2372 2969">
     <span class='ocr_line' id='line_1_44' title="bbox 770 2899 2372 2969; baseline -0.001 -13"><span class='ocrx_word' id='word_1_360' title='bbox 770 2901 1135 2958; x_wconf 89' lang='lat' dir='ltr'><strong>lneluctabilis</strong></span> <span class='ocrx_word' id='word_1_361' title='bbox 1177 2901 1278 2955; x_wconf 92' lang='lat' dir='ltr'><strong>iste</strong></span> <span class='ocrx_word' id='word_1_362' title='bbox 1310 2899 1620 2969; x_wconf 82' lang='lat' dir='ltr'><strong>complexus</strong></span> <span class='ocrx_word' id='word_1_363' title='bbox 1651 2899 1706 2954; x_wconf 94' lang='lat' dir='ltr'><strong>in</strong></span> <span class='ocrx_word' id='word_1_364' title='bbox 1759 2899 1862 2954; x_wconf 82' lang='lat' dir='ltr'><strong>hoc</strong></span> <span class='ocrx_word' id='word_1_365' title='bbox 1893 2901 2211 2955; x_wconf 88' lang='lat' dir='ltr'><strong>sententiam</strong></span> <span class='ocrx_word' id='word_1_366' title='bbox 2243 2914 2372 2954; x_wconf 91' lang='lat' dir='ltr'><strong>con-</strong></span> 
     </span>
    </p>
   </div>
   <div class='ocr_carea' id='block_1_45' title="bbox 768 2991 2365 3064">
    <p class='ocr_par' dir='ltr' id='par_1_45' title="bbox 768 2991 2365 3064">
     <span class='ocr_line' id='line_1_45' title="bbox 768 2991 2365 3064; baseline -0.004 -12"><span class='ocrx_word' id='word_1_367' title='bbox 768 2994 1003 3064; x_wconf 81' lang='lat' dir='ltr'><strong>stringit,</strong></span> <span class='ocrx_word' id='word_1_368' title='bbox 1019 3001 1112 3048; x_wconf 87' lang='lat' dir='ltr'><strong>aut</strong></span> <span class='ocrx_word' id='word_1_369' title='bbox 1140 2991 1441 3064; x_wconf 89' lang='lat' dir='ltr'><strong>negandum</strong></span> <span class='ocrx_word' id='word_1_370' title='bbox 1468 2991 1631 3046; x_wconf 91' lang='lat' dir='ltr'><strong>Deum</strong></span> <span class='ocrx_word' id='word_1_371' title='bbox 1654 3005 1773 3046; x_wconf 90' lang='lat' dir='ltr'><strong>esse</strong></span> <span class='ocrx_word' id='word_1_372' title='bbox 1794 3006 2061 3046; x_wconf 90' lang='lat' dir='ltr'><strong>summum</strong></span> <span class='ocrx_word' id='word_1_373' title='bbox 2094 3007 2365 3062; x_wconf 84' lang='lat' dir='ltr'><strong>magnum,</strong></span> 
     </span>
    </p>
   </div>
   <div class='ocr_carea' id='block_1_46' title="bbox 769 3086 2367 3159">
    <p class='ocr_par' dir='ltr' id='par_1_46' title="bbox 769 3086 2367 3159">
     <span class='ocr_line' id='line_1_46' title="bbox 769 3086 2367 3159; baseline 0 -17"><span class='ocrx_word' id='word_1_374' title='bbox 769 3087 913 3158; x_wconf 88' lang='lat' dir='ltr'><strong>quod</strong></span> <span class='ocrx_word' id='word_1_375' title='bbox 937 3102 1099 3143; x_wconf 89' lang='lat' dir='ltr'><strong>nemo</strong></span> <span class='ocrx_word' id='word_1_376' title='bbox 1129 3087 1360 3159; x_wconf 88' lang='lat' dir='ltr'><strong>patietur</strong></span> <span class='ocrx_word' id='word_1_377' title='bbox 1376 3087 1590 3158; x_wconf 90' lang='lat' dir='ltr'><strong>sapiens</strong></span> <span class='ocrx_word' id='word_1_378' title='bbox 1613 3128 1629 3155; x_wconf 97' lang='lat'><strong>,</strong></span> <span class='ocrx_word' id='word_1_379' title='bbox 1677 3095 1766 3142; x_wconf 87' lang='lat' dir='ltr'><strong>aut</strong></span> <span class='ocrx_word' id='word_1_380' title='bbox 1795 3086 1925 3142; x_wconf 93' lang='lat' dir='ltr'><strong>nulli</strong></span> <span class='ocrx_word' id='word_1_381' title='bbox 1955 3086 2045 3142; x_wconf 85' lang='lat' dir='ltr'><strong>alii</strong></span> <span class='ocrx_word' id='word_1_382' title='bbox 2067 3087 2367 3142; x_wconf 88' lang='lat' dir='ltr'><strong>communi-</strong></span> 
     </span>
    </p>
   </div>
   <div class='ocr_carea' id='block_1_47' title="bbox 771 3181 1025 3239">
    <p class='ocr_par' dir='ltr' id='par_1_47' title="bbox 771 3181 1025 3239">
     <span class='ocr_line' id='line_1_47' title="bbox 771 3181 1025 3239; baseline -0.004 0"><span class='ocrx_word' id='word_1_383' title='bbox 771 3181 1025 3239; x_wconf 89' lang='lat' dir='ltr'><strong>candum.</strong></span> 
     </span>
    </p>
   </div>
   <div class='ocr_carea' id='block_1_48' title="bbox 1399 3270 1732 3329">
    <p class='ocr_par' dir='ltr' id='par_1_48' title="bbox 1399 3270 1732 3329">
     <span class='ocr_line' id='line_1_48' title="bbox 1399 3270 1732 3329; baseline -0.009 -1"><span class='ocrx_word' id='word_1_384' title='bbox 1399 3270 1627 3329; x_wconf 84' lang='lat' dir='ltr'><strong>CAPUT</strong></span> <span class='ocrx_word' id='word_1_385' title='bbox 1668 3270 1732 3326; x_wconf 86' lang='lat' dir='ltr'><strong>V.</strong></span> 
     </span>
    </p>
   </div>
   <div class='ocr_carea' id='block_1_49' title="bbox 847 3362 2370 3435">
    <p class='ocr_par' dir='ltr' id='par_1_49' title="bbox 847 3362 2370 3435">
     <span class='ocr_line' id='line_1_49' title="bbox 847 3362 2370 3435; baseline 0 -14"><span class='ocrx_word' id='word_1_386' title='bbox 847 3366 1087 3435; x_wconf 69' lang='lat' dir='ltr'><strong>Autquae</strong></span> <span class='ocrx_word' id='word_1_387' title='bbox 1108 3362 1246 3420; x_wconf 89' lang='lat' dir='ltr'><strong>ratio</strong></span> <span class='ocrx_word' id='word_1_388' title='bbox 1263 3362 1372 3419; x_wconf 92' lang='lat' dir='ltr'><strong>duo</strong></span> <span class='ocrx_word' id='word_1_389' title='bbox 1389 3379 1594 3418; x_wconf 89' lang='lat' dir='ltr'><strong>summa</strong></span> <span class='ocrx_word' id='word_1_390' title='bbox 1619 3378 1807 3434; x_wconf 89' lang='lat' dir='ltr'><strong>magna</strong></span> <span class='ocrx_word' id='word_1_391' title='bbox 1831 3365 2165 3435; x_wconf 87' lang='lat' dir='ltr'><strong>composuit?</strong></span> <span class='ocrx_word' id='word_1_392' title='bbox 2187 3365 2370 3422; x_wconf 86' lang='lat' dir='ltr'><strong>Primo</strong></span> 
     </span>
    </p>
   </div>
   <div class='ocr_carea' id='block_1_50' title="bbox 775 3456 2369 3531">
    <p class='ocr_par' dir='ltr' id='par_1_50' title="bbox 775 3456 2369 3531">
     <span class='ocr_line' id='line_1_50' title="bbox 775 3456 2369 3531; baseline 0.001 -17"><span class='ocrx_word' id='word_1_393' title='bbox 775 3459 919 3514; x_wconf 88' lang='lat' dir='ltr'><strong>enim</strong></span> <span class='ocrx_word' id='word_1_394' title='bbox 947 3459 1156 3528; x_wconf 84' lang='lat' dir='ltr'><strong>exigam</strong></span> <span class='ocrx_word' id='word_1_395' title='bbox 1185 3471 1282 3513; x_wconf 91' lang='lat' dir='ltr'><strong>cur</strong></span> <span class='ocrx_word' id='word_1_396' title='bbox 1309 3471 1412 3513; x_wconf 92' lang='lat' dir='ltr'><strong>non</strong></span> <span class='ocrx_word' id='word_1_397' title='bbox 1447 3457 1624 3527; x_wconf 91' lang='lat' dir='ltr'><strong>plura,</strong></span> <span class='ocrx_word' id='word_1_398' title='bbox 1643 3458 1686 3512; x_wconf 96' lang='lat' dir='ltr'><strong>si</strong></span> <span class='ocrx_word' id='word_1_399' title='bbox 1715 3456 1860 3512; x_wconf 85' lang='lat' dir='ltr'><strong>duo?</strong></span> <span class='ocrx_word' id='word_1_400' title='bbox 1885 3458 2100 3528; x_wconf 89' lang='lat' dir='ltr'><strong>quando</strong></span> <span class='ocrx_word' id='word_1_401' title='bbox 2123 3460 2369 3531; x_wconf 86' lang='lat' dir='ltr'><strong>locuple-</strong></span> 
     </span>
    </p>
   </div>
   <div class='ocr_carea' id='block_1_51' title="bbox 777 3551 2370 3621">
    <p class='ocr_par' dir='ltr' id='par_1_51' title="bbox 777 3551 2370 3621">
     <span class='ocr_line' id='line_1_51' title="bbox 777 3551 2370 3621; baseline 0.002 -14"><span class='ocrx_word' id='word_1_402' title='bbox 777 3552 968 3608; x_wconf 90' lang='lat' dir='ltr'><strong>tiorem</strong></span> <span class='ocrx_word' id='word_1_403' title='bbox 989 3560 1264 3621; x_wconf 86' lang='lat' dir='ltr'><strong>Oporteret</strong></span> <span class='ocrx_word' id='word_1_404' title='bbox 1283 3552 1429 3607; x_wconf 90' lang='lat' dir='ltr'><strong>credi</strong></span> <span class='ocrx_word' id='word_1_405' title='bbox 1446 3551 1796 3606; x_wconf 85' lang='lat' dir='ltr'><strong>substantiam</strong></span> <span class='ocrx_word' id='word_1_406' title='bbox 1815 3552 2126 3620; x_wconf 81' lang='lat' dir='ltr'><strong>divinitatis,</strong></span> <span class='ocrx_word' id='word_1_407' title='bbox 2155 3556 2198 3610; x_wconf 90' lang='lat' dir='ltr'><strong>si</strong></span> <span class='ocrx_word' id='word_1_408' title='bbox 2217 3571 2370 3610; x_wconf 84' lang='lat' dir='ltr'><strong>coni-</strong></span> 
     </span>
    </p>
   </div>
   <div class='ocr_carea' id='block_1_52' title="bbox 778 3643 2371 3717">
    <p class='ocr_par' dir='ltr' id='par_1_52' title="bbox 778 3643 2371 3717">
     <span class='ocr_line' id='line_1_52' title="bbox 778 3643 2371 3717; baseline 0.003 -17"><span class='ocrx_word' id='word_1_409' title='bbox 778 3653 986 3717; x_wconf 87' lang='lat' dir='ltr'><strong>peteret</strong></span> <span class='ocrx_word' id='word_1_410' title='bbox 1013 3654 1065 3700; x_wconf 94' lang='lat' dir='ltr'><strong>et</strong></span> <span class='ocrx_word' id='word_1_411' title='bbox 1093 3645 1351 3700; x_wconf 88' lang='lat' dir='ltr'><strong>numeris.</strong></span> <span class='ocrx_word' id='word_1_412' title='bbox 1385 3644 1460 3716; x_wconf 84' lang='lat' dir='ltr'>(a)</span> <span class='ocrx_word' id='word_1_413' title='bbox 1492 3643 1778 3700; x_wconf 89' lang='lat' dir='ltr'><strong>Honestior</strong></span> <span class='ocrx_word' id='word_1_414' title='bbox 1798 3655 1852 3700; x_wconf 90' lang='lat' dir='ltr'><strong>et</strong></span> <span class='ocrx_word' id='word_1_415' title='bbox 1881 3647 2152 3701; x_wconf 86' lang='lat' dir='ltr'><strong>liberalior</strong></span> <span class='ocrx_word' id='word_1_416' title='bbox 2177 3648 2371 3704; x_wconf 88' lang='lat' dir='ltr'><strong>Valen-</strong></span> 
     </span>
    </p>
   </div>
   <div class='ocr_carea' id='block_1_53' title="bbox 781 3735 2376 3810">
    <p class='ocr_par' dir='ltr' id='par_1_53' title="bbox 781 3735 2376 3810">
     <span class='ocr_line' id='line_1_53' title="bbox 781 3735 2376 3810; baseline 0.003 -19"><span class='ocrx_word' id='word_1_417' title='bbox 781 3737 947 3801; x_wconf 87' lang='lat' dir='ltr'><strong>tinus,</strong></span> <span class='ocrx_word' id='word_1_418' title='bbox 967 3737 1055 3806; x_wconf 90' lang='lat' dir='ltr'><strong>qui</strong></span> <span class='ocrx_word' id='word_1_419' title='bbox 1073 3735 1230 3791; x_wconf 89' lang='lat' dir='ltr'><strong>simul</strong></span> <span class='ocrx_word' id='word_1_420' title='bbox 1252 3750 1415 3790; x_wconf 84' lang='lat' dir='ltr'><strong>ausus</strong></span> <span class='ocrx_word' id='word_1_421' title='bbox 1441 3745 1525 3791; x_wconf 90' lang='lat' dir='ltr'><strong>est</strong></span> <span class='ocrx_word' id='word_1_422' title='bbox 1551 3737 1686 3791; x_wconf 88' lang='lat' dir='ltr'><strong>duos</strong></span> <span class='ocrx_word' id='word_1_423' title='bbox 1711 3736 2013 3806; x_wconf 85' lang='lat' dir='ltr'><strong>concipere,</strong></span> <span class='ocrx_word' id='word_1_424' title='bbox 2054 3738 2262 3809; x_wconf 89' lang='lat' dir='ltr'><strong>Bythou</strong></span> <span class='ocrx_word' id='word_1_425' title='bbox 2294 3741 2376 3810; x_wconf 88' lang='lat'>(5)</span> 
     </span>
    </p>
   </div>
   <div class='ocr_carea' id='block_1_54' title="bbox 781 3827 2379 3899">
    <p class='ocr_par' dir='ltr' id='par_1_54' title="bbox 781 3827 2379 3899">
     <span class='ocr_line' id='line_1_54' title="bbox 781 3827 2379 3899; baseline 0.003 -15"><span class='ocrx_word' id='word_1_426' title='bbox 781 3837 836 3884; x_wconf 90' lang='lat' dir='ltr'><strong>et</strong></span> <span class='ocrx_word' id='word_1_427' title='bbox 871 3827 1034 3898; x_wconf 87' lang='lat' dir='ltr'><strong>Sigen</strong></span> <span class='ocrx_word' id='word_1_428' title='bbox 1067 3845 1080 3883; x_wconf 91' lang='lat'><strong>:</strong></span> <span class='ocrx_word' id='word_1_429' title='bbox 1127 3841 1249 3883; x_wconf 91' lang='lat' dir='ltr'><strong>cum</strong></span> <span class='ocrx_word' id='word_1_430' title='bbox 1295 3827 1409 3899; x_wconf 90' lang='lat'>(6)</span> <span class='ocrx_word' id='word_1_431' title='bbox 1447 3843 1614 3899; x_wconf 89' lang='lat' dir='ltr'><strong>usque</strong></span> <span class='ocrx_word' id='word_1_432' title='bbox 1652 3828 1718 3883; x_wconf 89' lang='lat' dir='ltr'><strong>ad</strong></span> <span class='ocrx_word' id='word_1_433' title='bbox 1751 3829 1965 3899; x_wconf 88' lang='lat' dir='ltr'><strong>triginta</strong></span> <span class='ocrx_word' id='word_1_434' title='bbox 2025 3845 2238 3886; x_wconf 62' lang='lat' dir='ltr'><strong>menum</strong></span> <span class='ocrx_word' id='word_1_435' title='bbox 2278 3831 2379 3889; x_wconf 73' lang='lat' dir='ltr'><strong>fte-</strong></span> 
     </span>
    </p>
   </div>
   <div class='ocr_carea' id='block_1_55' title="bbox 781 3918 2380 3993">
    <p class='ocr_par' dir='ltr' id='par_1_55' title="bbox 781 3918 2380 3993">
     <span class='ocr_line' id='line_1_55' title="bbox 781 3918 2380 3993; baseline 0.003 -17"><span class='ocrx_word' id='word_1_436' title='bbox 781 3929 900 3986; x_wconf 90' lang='lat' dir='ltr'><strong>tus,</strong></span> <span class='ocrx_word' id='word_1_437' title='bbox 930 3919 1007 3993; x_wconf 82' lang='lat' dir='ltr'>(b)</span> <span class='ocrx_word' id='word_1_438' title='bbox 1033 3930 1300 3992; x_wconf 86' lang='lat' dir='ltr'><strong>tamquam</strong></span> <span class='ocrx_word' id='word_1_439' title='bbox 1327 3918 1537 3977; x_wconf 62' lang='lat' dir='ltr'><strong>Eneia:</strong></span> <span class='ocrx_word' id='word_1_440' title='bbox 1563 3921 1645 3993; x_wconf 91' lang='lat'>(7)</span> <span class='ocrx_word' id='word_1_441' title='bbox 1680 3921 1959 3993; x_wconf 66' lang='lat' dir='ltr'><strong>scropbaa,</strong></span> <span class='ocrx_word' id='word_1_442' title='bbox 1989 3937 2212 3980; x_wconf 83' lang='lat' dir='ltr'><strong>examen</strong></span> <span class='ocrx_word' id='word_1_443' title='bbox 2242 3925 2380 3981; x_wconf 90' lang='lat' dir='ltr'><strong>divi-</strong></span> 
     </span>
    </p>
   </div>
   <div class='ocr_carea' id='block_1_56' title="bbox 783 4017 2376 4092">
    <p class='ocr_par' dir='ltr' id='par_1_56' title="bbox 783 4017 2376 4092">
     <span class='ocr_line' id='line_1_56' title="bbox 783 4017 2376 4092; baseline 0.004 -19"><span class='ocrx_word' id='word_1_444' title='bbox 783 4019 966 4074; x_wconf 88' lang='lat' dir='ltr'><strong>nitatis</strong></span> <span class='ocrx_word' id='word_1_445' title='bbox 984 4017 1190 4073; x_wconf 75' lang='lat' dir='ltr'><strong>effudit.</strong></span> <span class='ocrx_word' id='word_1_446' title='bbox 1221 4017 1585 4089; x_wconf 70' lang='lat' dir='ltr'><strong>Quaecumque</strong></span> <span class='ocrx_word' id='word_1_447' title='bbox 1615 4019 1752 4073; x_wconf 88' lang='lat' dir='ltr'><strong>ratio</strong></span> <span class='ocrx_word' id='word_1_448' title='bbox 1781 4019 1928 4088; x_wconf 87' lang='lat' dir='ltr'><strong>plura</strong></span> <span class='ocrx_word' id='word_1_449' title='bbox 1946 4034 2153 4075; x_wconf 91' lang='lat' dir='ltr'><strong>summa</strong></span> <span class='ocrx_word' id='word_1_450' title='bbox 2182 4037 2376 4092; x_wconf 84' lang='lat' dir='ltr'><strong>magna</strong></span> 
     </span>
    </p>
   </div>
   <div class='ocr_carea' id='block_1_57' title="bbox 782 4108 2374 4184">
    <p class='ocr_par' dir='ltr' id='par_1_57' title="bbox 782 4108 2374 4184">
     <span class='ocr_line' id='line_1_57' title="bbox 782 4108 2374 4184; baseline 0.003 -17"><span class='ocrx_word' id='word_1_451' title='bbox 782 4125 891 4168; x_wconf 91' lang='lat' dir='ltr'><strong>non</strong></span> <span class='ocrx_word' id='word_1_452' title='bbox 930 4109 1130 4184; x_wconf 89' lang='lat' dir='ltr'><strong>patitur</strong></span> <span class='ocrx_word' id='word_1_453' title='bbox 1167 4108 1416 4176; x_wconf 90' lang='lat' dir='ltr'><strong>admitti,</strong></span> <span class='ocrx_word' id='word_1_454' title='bbox 1460 4109 1651 4166; x_wconf 89' lang='lat' dir='ltr'><strong>eadem</strong></span> <span class='ocrx_word' id='word_1_455' title='bbox 1680 4124 1780 4166; x_wconf 87' lang='lat' dir='ltr'><strong>nec</strong></span> <span class='ocrx_word' id='word_1_456' title='bbox 1803 4109 1944 4177; x_wconf 91' lang='lat' dir='ltr'><strong>duo,</strong></span> <span class='ocrx_word' id='word_1_457' title='bbox 1987 4120 2045 4166; x_wconf 91' lang='lat' dir='ltr'><strong>ut</strong></span> <span class='ocrx_word' id='word_1_458' title='bbox 2076 4113 2188 4181; x_wconf 91' lang='lat' dir='ltr'><strong>ipsa</strong></span> <span class='ocrx_word' id='word_1_459' title='bbox 2222 4115 2374 4183; x_wconf 90' lang='lat' dir='ltr'><strong>plura</strong></span> 
     </span>
    </p>
   </div>
   <div class='ocr_carea' id='block_1_58' title="bbox 2466 1973 4062 2047">
    <p class='ocr_par' dir='ltr' id='par_1_58' title="bbox 2466 1973 4062 2047">
     <span class='ocr_line' id='line_1_58' title="bbox 2466 1973 4062 2047; baseline -0.002 -17"><span class='ocrx_word' id='word_1_460' title='bbox 2466 1977 2619 2042; x_wconf 90' lang='lat' dir='ltr'><strong>dunt,</strong></span> <span class='ocrx_word' id='word_1_461' title='bbox 2651 1977 3012 2047; x_wconf 71' lang='lat' dir='ltr'><strong>prmstantiam</strong></span> <span class='ocrx_word' id='word_1_462' title='bbox 3045 1991 3151 2031; x_wconf 94' lang='lat' dir='ltr'><strong>non</strong></span> <span class='ocrx_word' id='word_1_463' title='bbox 3181 1975 3458 2030; x_wconf 84' lang='lat' dir='ltr'><strong>habentes.</strong></span> <span class='ocrx_word' id='word_1_464' title='bbox 3487 1973 3750 2028; x_wconf 85' lang='lat' dir='ltr'><strong>Numerus</strong></span> <span class='ocrx_word' id='word_1_465' title='bbox 3778 1984 3962 2028; x_wconf 87' lang='lat' dir='ltr'><strong>autem</strong></span> <span class='ocrx_word' id='word_1_466' title='bbox 3987 1974 4062 2027; x_wconf 88' lang='lat' dir='ltr'><strong>di-</strong></span> 
     </span>
    </p>
   </div>
   <div class='ocr_carea' id='block_1_59' title="bbox 2465 2068 4065 2138">
    <p class='ocr_par' dir='ltr' id='par_1_59' title="bbox 2465 2068 4065 2138">
     <span class='ocr_line' id='line_1_59' title="bbox 2465 2068 4065 2138; baseline -0.001 -14"><span class='ocrx_word' id='word_1_467' title='bbox 2465 2071 2700 2125; x_wconf 89' lang='lat' dir='ltr'><strong>vinitatis</strong></span> <span class='ocrx_word' id='word_1_468' title='bbox 2738 2087 2944 2125; x_wconf 89' lang='lat' dir='ltr'><strong>summa</strong></span> <span class='ocrx_word' id='word_1_469' title='bbox 2990 2072 3199 2126; x_wconf 87' lang='lat' dir='ltr'><strong>ratione</strong></span> <span class='ocrx_word' id='word_1_470' title='bbox 3241 2080 3491 2124; x_wconf 80' lang='lat' dir='ltr'><strong>constare</strong></span> <span class='ocrx_word' id='word_1_471' title='bbox 3519 2068 3762 2135; x_wconf 86' lang='lat' dir='ltr'><strong>deberet,</strong></span> <span class='ocrx_word' id='word_1_472' title='bbox 3812 2068 3901 2122; x_wconf 90' lang='lat' dir='ltr'><strong>vel</strong></span> <span class='ocrx_word' id='word_1_473' title='bbox 3932 2084 4065 2138; x_wconf 50' lang='lat' dir='ltr'><strong>quo-</strong></span> 
     </span>
    </p>
   </div>
   <div class='ocr_carea' id='block_1_60' title="bbox 2467 2163 4066 2234">
    <p class='ocr_par' dir='ltr' id='par_1_60' title="bbox 2467 2163 4066 2234">
     <span class='ocr_line' id='line_1_60' title="bbox 2467 2163 4066 2234; baseline -0.001 -15"><span class='ocrx_word' id='word_1_474' title='bbox 2467 2166 2606 2219; x_wconf 88' lang='lat' dir='ltr'><strong>niam</strong></span> <span class='ocrx_word' id='word_1_475' title='bbox 2658 2175 2713 2220; x_wconf 90' lang='lat' dir='ltr'><strong>et</strong></span> <span class='ocrx_word' id='word_1_476' title='bbox 2748 2167 2954 2219; x_wconf 85' lang='lat' dir='ltr'><strong>cultura</strong></span> <span class='ocrx_word' id='word_1_477' title='bbox 3012 2165 3129 2234; x_wconf 84' lang='lat' dir='ltr'><strong>ejus</strong></span> <span class='ocrx_word' id='word_1_478' title='bbox 3174 2165 3226 2219; x_wconf 92' lang='lat' dir='ltr'><strong>in</strong></span> <span class='ocrx_word' id='word_1_479' title='bbox 3272 2179 3468 2234; x_wconf 88' lang='lat' dir='ltr'><strong>anceps</strong></span> <span class='ocrx_word' id='word_1_480' title='bbox 3511 2163 3890 2219; x_wconf 82' lang='lat' dir='ltr'><strong>deduceretur.</strong></span> <span class='ocrx_word' id='word_1_481' title='bbox 3923 2163 4066 2218; x_wconf 85' lang='lat' dir='ltr'><strong>Ecce</strong></span> 
     </span>
    </p>
   </div>
   <div class='ocr_carea' id='block_1_61' title="bbox 2464 2255 4046 2326">
    <p class='ocr_par' dir='ltr' id='par_1_61' title="bbox 2464 2255 4046 2326">
     <span class='ocr_line' id='line_1_61' title="bbox 2464 2255 4046 2326; baseline -0.004 -12"><span class='ocrx_word' id='word_1_482' title='bbox 2464 2259 2627 2321; x_wconf 90' lang='lat' dir='ltr'><strong>enim,</strong></span> <span class='ocrx_word' id='word_1_483' title='bbox 2657 2257 2788 2312; x_wconf 91' lang='lat' dir='ltr'><strong>duos</strong></span> <span class='ocrx_word' id='word_1_484' title='bbox 2807 2258 3018 2312; x_wconf 89' lang='lat' dir='ltr'><strong>intuens</strong></span> <span class='ocrx_word' id='word_1_485' title='bbox 3039 2257 3170 2311; x_wconf 87' lang='lat' dir='ltr'><strong>deos</strong></span> <span class='ocrx_word' id='word_1_486' title='bbox 3196 2265 3302 2310; x_wconf 87' lang='lat' dir='ltr'><strong>tam</strong></span> <span class='ocrx_word' id='word_1_487' title='bbox 3326 2271 3480 2326; x_wconf 89' lang='lat' dir='ltr'><strong>pares</strong></span> <span class='ocrx_word' id='word_1_488' title='bbox 3511 2271 3668 2324; x_wconf 89' lang='lat' dir='ltr'><strong>quam</strong></span> <span class='ocrx_word' id='word_1_489' title='bbox 3699 2255 3805 2310; x_wconf 89' lang='lat' dir='ltr'><strong>duo</strong></span> <span class='ocrx_word' id='word_1_490' title='bbox 3833 2271 4046 2310; x_wconf 86' lang='lat' dir='ltr'><strong>summa</strong></span> 
     </span>
    </p>
   </div>
   <div class='ocr_carea' id='block_1_62' title="bbox 2469 2345 4068 2418">
    <p class='ocr_par' dir='ltr' id='par_1_62' title="bbox 2469 2345 4068 2418">
     <span class='ocr_line' id='line_1_62' title="bbox 2469 2345 4068 2418; baseline -0.003 -15"><span class='ocrx_word' id='word_1_491' title='bbox 2469 2363 2657 2418; x_wconf 87' lang='lat' dir='ltr'><strong>magna</strong></span> <span class='ocrx_word' id='word_1_492' title='bbox 2686 2389 2701 2412; x_wconf 91' lang='lat'><strong>,</strong></span> <span class='ocrx_word' id='word_1_493' title='bbox 2729 2345 2856 2418; x_wconf 88' lang='lat' dir='ltr'><strong>quid</strong></span> <span class='ocrx_word' id='word_1_494' title='bbox 2911 2348 3141 2402; x_wconf 88' lang='lat' dir='ltr'><strong>facerem</strong></span> <span class='ocrx_word' id='word_1_495' title='bbox 3167 2347 3190 2401; x_wconf 90' lang='lat'><strong>?</strong></span> <span class='ocrx_word' id='word_1_496' title='bbox 3243 2346 3297 2403; x_wconf 90' lang='lat' dir='ltr'><strong>Si</strong></span> <span class='ocrx_word' id='word_1_497' title='bbox 3329 2347 3524 2402; x_wconf 89' lang='lat' dir='ltr'><strong>ambos</strong></span> <span class='ocrx_word' id='word_1_498' title='bbox 3552 2347 3808 2411; x_wconf 88' lang='lat' dir='ltr'><strong>colerem,</strong></span> <span class='ocrx_word' id='word_1_499' title='bbox 3845 2362 4068 2401; x_wconf 87' lang='lat' dir='ltr'><strong>vererer</strong></span> 
     </span>
    </p>
   </div>
   <div class='ocr_carea' id='block_1_63' title="bbox 2468 2438 4066 2509">
    <p class='ocr_par' dir='ltr' id='par_1_63' title="bbox 2468 2438 4066 2509">
     <span class='ocr_line' id='line_1_63' title="bbox 2468 2438 4066 2509; baseline -0.004 -11"><span class='ocrx_word' id='word_1_500' title='bbox 2468 2459 2536 2498; x_wconf 89' lang='lat' dir='ltr'><strong>ne</strong></span> <span class='ocrx_word' id='word_1_501' title='bbox 2555 2486 2568 2509; x_wconf 94' lang='lat'><strong>,</strong></span> <span class='ocrx_word' id='word_1_502' title='bbox 2594 2440 2916 2498; x_wconf 79' lang='lat' dir='ltr'><strong>abundantia</strong></span> <span class='ocrx_word' id='word_1_503' title='bbox 2947 2440 3128 2503; x_wconf 89' lang='lat' dir='ltr'><strong>officii,</strong></span> <span class='ocrx_word' id='word_1_504' title='bbox 3157 2439 3466 2509; x_wconf 87' lang='lat' dir='ltr'><strong>superstitio</strong></span> <span class='ocrx_word' id='word_1_505' title='bbox 3493 2439 3669 2509; x_wconf 85' lang='lat' dir='ltr'><strong>potius</strong></span> <span class='ocrx_word' id='word_1_506' title='bbox 3690 2453 3850 2509; x_wconf 89' lang='lat' dir='ltr'><strong>quam</strong></span> <span class='ocrx_word' id='word_1_507' title='bbox 3875 2438 4066 2508; x_wconf 86' lang='lat' dir='ltr'><strong>religio</strong></span> 
     </span>
    </p>
   </div>
   <div class='ocr_carea' id='block_1_64' title="bbox 2469 2531 4069 2604">
    <p class='ocr_par' dir='ltr' id='par_1_64' title="bbox 2469 2531 4069 2604">
     <span class='ocr_line' id='line_1_64' title="bbox 2469 2531 4069 2604; baseline -0.004 -13"><span class='ocrx_word' id='word_1_508' title='bbox 2469 2536 2911 2599; x_wconf 80' lang='lat' dir='ltr'><strong>existimaretur;</strong></span> <span class='ocrx_word' id='word_1_509' title='bbox 2963 2534 3085 2604; x_wconf 85' lang='lat' dir='ltr'><strong>quia</strong></span> <span class='ocrx_word' id='word_1_510' title='bbox 3139 2532 3274 2587; x_wconf 91' lang='lat' dir='ltr'><strong>duos</strong></span> <span class='ocrx_word' id='word_1_511' title='bbox 3326 2541 3430 2586; x_wconf 88' lang='lat' dir='ltr'><strong>tam</strong></span> <span class='ocrx_word' id='word_1_512' title='bbox 3482 2546 3660 2602; x_wconf 88' lang='lat' dir='ltr'><strong>pares,</strong></span> <span class='ocrx_word' id='word_1_513' title='bbox 3701 2542 3755 2586; x_wconf 88' lang='lat' dir='ltr'><strong>et</strong></span> <span class='ocrx_word' id='word_1_514' title='bbox 3803 2531 3854 2585; x_wconf 93' lang='lat' dir='ltr'><strong>in</strong></span> <span class='ocrx_word' id='word_1_515' title='bbox 3895 2532 4069 2586; x_wconf 85' lang='lat' dir='ltr'><strong>altero</strong></span> 
     </span>
    </p>
   </div>
   <div class='ocr_carea' id='block_1_65' title="bbox 2470 2623 4068 2695">
    <p class='ocr_par' dir='ltr' id='par_1_65' title="bbox 2470 2623 4068 2695">
     <span class='ocr_line' id='line_1_65' title="bbox 2470 2623 4068 2695; baseline -0.004 -12"><span class='ocrx_word' id='word_1_516' title='bbox 2470 2629 2677 2694; x_wconf 89' lang='lat' dir='ltr'><strong>ambos,</strong></span> <span class='ocrx_word' id='word_1_517' title='bbox 2729 2641 2939 2695; x_wconf 88' lang='lat' dir='ltr'><strong>possem</strong></span> <span class='ocrx_word' id='word_1_518' title='bbox 2987 2626 3040 2678; x_wconf 90' lang='lat' dir='ltr'><strong>in</strong></span> <span class='ocrx_word' id='word_1_519' title='bbox 3093 2640 3199 2678; x_wconf 92' lang='lat' dir='ltr'><strong>uno</strong></span> <span class='ocrx_word' id='word_1_520' title='bbox 3226 2625 3490 2679; x_wconf 88' lang='lat' dir='ltr'><strong>demereri</strong></span> <span class='ocrx_word' id='word_1_521' title='bbox 3522 2642 3534 2676; x_wconf 86' lang='lat'><strong>:</strong></span> <span class='ocrx_word' id='word_1_522' title='bbox 3570 2623 3674 2678; x_wconf 85' lang='lat' dir='ltr'><strong>hoc</strong></span> <span class='ocrx_word' id='word_1_523' title='bbox 3703 2623 3876 2692; x_wconf 91' lang='lat' dir='ltr'><strong>ipsum</strong></span> <span class='ocrx_word' id='word_1_524' title='bbox 3911 2625 4068 2676; x_wconf 86' lang='lat' dir='ltr'><strong>testi-</strong></span> 
     </span>
    </p>
   </div>
   <div class='ocr_carea' id='block_1_66' title="bbox 2469 2714 4069 2789">
    <p class='ocr_par' dir='ltr' id='par_1_66' title="bbox 2469 2714 4069 2789">
     <span class='ocr_line' id='line_1_66' title="bbox 2469 2714 4069 2789; baseline -0.003 -16"><span class='ocrx_word' id='word_1_525' title='bbox 2469 2719 2652 2774; x_wconf 90' lang='lat' dir='ltr'><strong>monio</strong></span> <span class='ocrx_word' id='word_1_526' title='bbox 2682 2717 2795 2789; x_wconf 69' lang='lat' dir='ltr'>(l2)</span> <span class='ocrx_word' id='word_1_527' title='bbox 2824 2724 3084 2786; x_wconf 63' lang='lat' dir='ltr'><strong>prastans</strong></span> <span class='ocrx_word' id='word_1_528' title='bbox 3107 2715 3356 2784; x_wconf 88' lang='lat' dir='ltr'><strong>parilitati</strong></span> <span class='ocrx_word' id='word_1_529' title='bbox 3385 2725 3439 2769; x_wconf 87' lang='lat' dir='ltr'><strong>et</strong></span> <span class='ocrx_word' id='word_1_530' title='bbox 3473 2714 3662 2769; x_wconf 88' lang='lat' dir='ltr'><strong>unitati</strong></span> <span class='ocrx_word' id='word_1_531' title='bbox 3688 2729 3899 2778; x_wconf 91' lang='lat' dir='ltr'><strong>eorum,</strong></span> <span class='ocrx_word' id='word_1_532' title='bbox 3943 2714 4069 2769; x_wconf 90' lang='lat' dir='ltr'><strong>dum</strong></span> 
     </span>
    </p>
   </div>
   <div class='ocr_carea' id='block_1_67' title="bbox 2472 2806 4072 2873">
    <p class='ocr_par' dir='ltr' id='par_1_67' title="bbox 2472 2806 4072 2873">
     <span class='ocr_line' id='line_1_67' title="bbox 2472 2806 4072 2873; baseline -0.004 -6"><span class='ocrx_word' id='word_1_533' title='bbox 2472 2813 2696 2867; x_wconf 89' lang='lat' dir='ltr'><strong>alterum</strong></span> <span class='ocrx_word' id='word_1_534' title='bbox 2743 2812 2794 2864; x_wconf 91' lang='lat' dir='ltr'><strong>in</strong></span> <span class='ocrx_word' id='word_1_535' title='bbox 2843 2810 3015 2863; x_wconf 89' lang='lat' dir='ltr'><strong>altero</strong></span> <span class='ocrx_word' id='word_1_536' title='bbox 3045 2824 3329 2864; x_wconf 83' lang='lat' dir='ltr'><strong>venerarer</strong></span> <span class='ocrx_word' id='word_1_537' title='bbox 3355 2849 3372 2873; x_wconf 95' lang='lat'><strong>,</strong></span> <span class='ocrx_word' id='word_1_538' title='bbox 3405 2807 3530 2862; x_wconf 88' lang='lat' dir='ltr'><strong>tlnm</strong></span> <span class='ocrx_word' id='word_1_539' title='bbox 3563 2809 3613 2860; x_wconf 94' lang='lat' dir='ltr'><strong>in</strong></span> <span class='ocrx_word' id='word_1_540' title='bbox 3663 2822 3768 2861; x_wconf 90' lang='lat' dir='ltr'><strong>uno</strong></span> <span class='ocrx_word' id='word_1_541' title='bbox 3802 2807 3936 2861; x_wconf 86' lang='lat' dir='ltr'><strong>milii</strong></span> <span class='ocrx_word' id='word_1_542' title='bbox 3969 2806 4072 2862; x_wconf 87' lang='lat' dir='ltr'><strong>duo</strong></span> 
     </span>
    </p>
   </div>
   <div class='ocr_carea' id='block_1_68' title="bbox 2472 2899 4070 2971">
    <p class='ocr_par' dir='ltr' id='par_1_68' title="bbox 2472 2899 4070 2971">
     <span class='ocr_line' id='line_1_68' title="bbox 2472 2899 4070 2971; baseline -0.004 -11"><span class='ocrx_word' id='word_1_543' title='bbox 2472 2915 2616 2960; x_wconf 88' lang='lat' dir='ltr'><strong>sunt.</strong></span> <span class='ocrx_word' id='word_1_544' title='bbox 2645 2903 2700 2959; x_wconf 94' lang='lat' dir='ltr'><strong>Si</strong></span> <span class='ocrx_word' id='word_1_545' title='bbox 2722 2903 2948 2958; x_wconf 90' lang='lat' dir='ltr'><strong>alterum</strong></span> <span class='ocrx_word' id='word_1_546' title='bbox 2975 2903 3232 2967; x_wconf 87' lang='lat' dir='ltr'><strong>colerem,</strong></span> <span class='ocrx_word' id='word_1_547' title='bbox 3282 2916 3435 2970; x_wconf 82' lang='lat' dir='ltr'><strong>aeque</strong></span> <span class='ocrx_word' id='word_1_548' title='bbox 3462 2900 3812 2971; x_wconf 89' lang='lat' dir='ltr'><strong>recogitarem</strong></span> <span class='ocrx_word' id='word_1_549' title='bbox 3844 2915 3916 2955; x_wconf 93' lang='lat' dir='ltr'><strong>ne</strong></span> <span class='ocrx_word' id='word_1_550' title='bbox 3958 2899 4070 2954; x_wconf 57' lang='lat' dir='ltr'><strong>suf.</strong></span> 
     </span>
    </p>
   </div>
   <div class='ocr_carea' id='block_1_69' title="bbox 2474 2991 4065 3056">
    <p class='ocr_par' dir='ltr' id='par_1_69' title="bbox 2474 2991 4065 3056">
     <span class='ocr_line' id='line_1_69' title="bbox 2474 2991 4065 3056; baseline -0.004 -3"><span class='ocrx_word' id='word_1_551' title='bbox 2474 2997 2699 3054; x_wconf 83' lang='lat' dir='ltr'><strong>fundere</strong></span> <span class='ocrx_word' id='word_1_552' title='bbox 2725 2995 2937 3050; x_wconf 86' lang='lat' dir='ltr'><strong>viderer</strong></span> <span class='ocrx_word' id='word_1_553' title='bbox 2986 2993 3194 3049; x_wconf 90' lang='lat' dir='ltr'><strong>numeri</strong></span> <span class='ocrx_word' id='word_1_554' title='bbox 3244 2994 3556 3056; x_wconf 88' lang='lat' dir='ltr'><strong>vanitatem,</strong></span> <span class='ocrx_word' id='word_1_555' title='bbox 3605 2993 3723 3046; x_wconf 84' lang='lat' dir='ltr'><strong>sine</strong></span> <span class='ocrx_word' id='word_1_556' title='bbox 3760 2991 4065 3046; x_wconf 70' lang='lat' dir='ltr'><strong>differentia</strong></span> 
     </span>
    </p>
   </div>
   <div class='ocr_carea' id='block_1_70' title="bbox 2474 3086 4070 3162">
    <p class='ocr_par' dir='ltr' id='par_1_70' title="bbox 2474 3086 4070 3162">
     <span class='ocr_line' id='line_1_70' title="bbox 2474 3086 4070 3162; baseline -0.004 -17"><span class='ocrx_word' id='word_1_557' title='bbox 2474 3089 2789 3162; x_wconf 87' lang='lat' dir='ltr'><strong>supervacui</strong></span> <span class='ocrx_word' id='word_1_558' title='bbox 2821 3104 2836 3152; x_wconf 92' lang='lat'><strong>;</strong></span> <span class='ocrx_word' id='word_1_559' title='bbox 2880 3087 2980 3141; x_wconf 89' lang='lat' dir='ltr'><strong>boc</strong></span> <span class='ocrx_word' id='word_1_560' title='bbox 3020 3093 3104 3142; x_wconf 91' lang='lat' dir='ltr'><strong>est</strong></span> <span class='ocrx_word' id='word_1_561' title='bbox 3133 3127 3147 3152; x_wconf 95' lang='lat'><strong>,</strong></span> <span class='ocrx_word' id='word_1_562' title='bbox 3201 3086 3365 3139; x_wconf 91' lang='lat' dir='ltr'><strong>tutius</strong></span> <span class='ocrx_word' id='word_1_563' title='bbox 3393 3099 3672 3139; x_wconf 91' lang='lat' dir='ltr'><strong>censerem</strong></span> <span class='ocrx_word' id='word_1_564' title='bbox 3702 3095 3955 3139; x_wconf 86' lang='lat' dir='ltr'><strong>neutrum</strong></span> <span class='ocrx_word' id='word_1_565' title='bbox 3979 3100 4070 3138; x_wconf 85' lang='lat' dir='ltr'><strong>co-</strong></span> 
     </span>
    </p>
   </div>
   <div class='ocr_carea' id='block_1_71' title="bbox 2476 3176 4070 3250">
    <p class='ocr_par' dir='ltr' id='par_1_71' title="bbox 2476 3176 4070 3250">
     <span class='ocr_line' id='line_1_71' title="bbox 2476 3176 4070 3250; baseline -0.005 -13"><span class='ocrx_word' id='word_1_566' title='bbox 2476 3183 2715 3245; x_wconf 90' lang='lat' dir='ltr'><strong>lendnm,</strong></span> <span class='ocrx_word' id='word_1_567' title='bbox 2743 3194 2903 3250; x_wconf 88' lang='lat' dir='ltr'><strong>quam</strong></span> <span class='ocrx_word' id='word_1_568' title='bbox 2934 3178 3166 3233; x_wconf 89' lang='lat' dir='ltr'><strong>alterum</strong></span> <span class='ocrx_word' id='word_1_569' title='bbox 3186 3193 3308 3232; x_wconf 88' lang='lat' dir='ltr'><strong>cum</strong></span> <span class='ocrx_word' id='word_1_570' title='bbox 3337 3177 3589 3247; x_wconf 91' lang='lat' dir='ltr'><strong>scrupulo</strong></span> <span class='ocrx_word' id='word_1_571' title='bbox 3611 3176 3928 3242; x_wconf 89' lang='lat' dir='ltr'><strong>colendum,</strong></span> <span class='ocrx_word' id='word_1_572' title='bbox 3979 3183 4070 3230; x_wconf 90' lang='lat' dir='ltr'><strong>aut</strong></span> 
     </span>
    </p>
   </div>
   <div class='ocr_carea' id='block_1_72' title="bbox 2391 3278 2842 3347">
    <p class='ocr_par' dir='ltr' id='par_1_72' title="bbox 2391 3278 2842 3347">
     <span class='ocr_line' id='line_1_72' title="bbox 2391 3278 2842 3347; baseline -0.013 -13"><span class='ocrx_word' id='word_1_573' title='bbox 2391 3284 2438 3347; x_wconf 77' lang='grc' dir='ltr'><strong>ρ</strong></span> <span class='ocrx_word' id='word_1_574' title='bbox 2469 3278 2658 3339; x_wconf 86' lang='lat' dir='ltr'><strong>ambos</strong></span> <span class='ocrx_word' id='word_1_575' title='bbox 2683 3291 2842 3331; x_wconf 90' lang='lat' dir='ltr'><strong>vane.</strong></span> 
     </span>
    </p>
   </div>
   <div class='ocr_carea' id='block_1_73' title="bbox 3096 3364 3436 3423">
    <p class='ocr_par' dir='ltr' id='par_1_73' title="bbox 3096 3364 3436 3423">
     <span class='ocr_line' id='line_1_73' title="bbox 3096 3364 3436 3423; baseline -0.012 0"><span class='ocrx_word' id='word_1_576' title='bbox 3096 3364 3325 3423; x_wconf 83' lang='lat' dir='ltr'><strong>CAPUT</strong></span> <span class='ocrx_word' id='word_1_577' title='bbox 3347 3364 3436 3420; x_wconf 82' lang='lat' dir='ltr'><strong>Vl.</strong></span> 
     </span>
    </p>
   </div>
   <div class='ocr_carea' id='block_1_74' title="bbox 2545 3457 4078 3531">
    <p class='ocr_par' dir='ltr' id='par_1_74' title="bbox 2545 3457 4078 3531">
     <span class='ocr_line' id='line_1_74' title="bbox 2545 3457 4078 3531; baseline -0.01 -4"><span class='ocrx_word' id='word_1_578' title='bbox 2545 3471 2634 3528; x_wconf 88' lang='lat' dir='ltr'><strong>Sic</strong></span> <span class='ocrx_word' id='word_1_579' title='bbox 2657 3462 2830 3522; x_wconf 89' lang='lat' dir='ltr'><strong>adhuc</strong></span> <span class='ocrx_word' id='word_1_580' title='bbox 2859 3463 3106 3519; x_wconf 87' lang='lat' dir='ltr'><strong>videmur</strong></span> <span class='ocrx_word' id='word_1_581' title='bbox 3149 3461 3423 3531; x_wconf 88' lang='lat' dir='ltr'><strong>disputare</strong></span> <span class='ocrx_word' id='word_1_582' title='bbox 3443 3503 3457 3527; x_wconf 96' lang='lat'><strong>,</strong></span> <span class='ocrx_word' id='word_1_583' title='bbox 3490 3459 3640 3531; x_wconf 90' lang='lat' dir='ltr'><strong>quasi</strong></span> <span class='ocrx_word' id='word_1_584' title='bbox 3665 3457 3909 3515; x_wconf 85' lang='lat' dir='ltr'><strong>Marcion</strong></span> <span class='ocrx_word' id='word_1_585' title='bbox 3941 3458 4078 3514; x_wconf 87' lang='lat' dir='ltr'><strong>duos</strong></span> 
     </span>
    </p>
   </div>
   <div class='ocr_carea' id='block_1_75' title="bbox 2477 3554 4077 3639">
    <p class='ocr_par' dir='ltr' id='par_1_75' title="bbox 2477 3554 4077 3639">
     <span class='ocr_line' id='line_1_75' title="bbox 2477 3554 4077 3639; baseline -0.009 -18"><span class='ocrx_word' id='word_1_586' title='bbox 2477 3579 2635 3639; x_wconf 87' lang='lat' dir='ltr'><strong>pares</strong></span> <span class='ocrx_word' id='word_1_587' title='bbox 2677 3561 2986 3618; x_wconf 89' lang='lat' dir='ltr'><strong>constituat.</strong></span> <span class='ocrx_word' id='word_1_588' title='bbox 3024 3557 3322 3623; x_wconf 86' lang='lat' dir='ltr'><strong>Nam,dum</strong></span> <span class='ocrx_word' id='word_1_589' title='bbox 3356 3554 3702 3611; x_wconf 88' lang='lat' dir='ltr'><strong>defendimus</strong></span> <span class='ocrx_word' id='word_1_590' title='bbox 3733 3555 3903 3610; x_wconf 86' lang='lat' dir='ltr'><strong>Deum</strong></span> <span class='ocrx_word' id='word_1_591' title='bbox 3929 3570 4077 3609; x_wconf 81' lang='lat' dir='ltr'><strong>sum-</strong></span> 
     </span>
    </p>
   </div>
   <div class='ocr_carea' id='block_1_76' title="bbox 2480 3646 4080 3724">
    <p class='ocr_par' dir='ltr' id='par_1_76' title="bbox 2480 3646 4080 3724">
     <span class='ocr_line' id='line_1_76' title="bbox 2480 3646 4080 3724; baseline -0.008 -11"><span class='ocrx_word' id='word_1_592' title='bbox 2480 3672 2625 3713; x_wconf 90' lang='lat' dir='ltr'><strong>mum</strong></span> <span class='ocrx_word' id='word_1_593' title='bbox 2653 3668 2903 3724; x_wconf 87' lang='lat' dir='ltr'><strong>magnum</strong></span> <span class='ocrx_word' id='word_1_594' title='bbox 2932 3649 3145 3706; x_wconf 92' lang='lat' dir='ltr'><strong>unicum</strong></span> <span class='ocrx_word' id='word_1_595' title='bbox 3167 3647 3312 3704; x_wconf 91' lang='lat' dir='ltr'><strong>credi</strong></span> <span class='ocrx_word' id='word_1_596' title='bbox 3337 3656 3612 3718; x_wconf 83' lang='lat' dir='ltr'><strong>Oportere,</strong></span> <span class='ocrx_word' id='word_1_597' title='bbox 3639 3646 3994 3702; x_wconf 82' lang='lat' dir='ltr'><strong>excludentes</strong></span> <span class='ocrx_word' id='word_1_598' title='bbox 4013 3647 4080 3700; x_wconf 89' lang='lat' dir='ltr'><strong>ab</strong></span> 
     </span>
    </p>
   </div>
   <div class='ocr_carea' id='block_1_77' title="bbox 2480 3739 4071 3820">
    <p class='ocr_par' dir='ltr' id='par_1_77' title="bbox 2480 3739 4071 3820">
     <span class='ocr_line' id='line_1_77' title="bbox 2480 3739 4071 3820; baseline -0.009 -13"><span class='ocrx_word' id='word_1_599' title='bbox 2480 3767 2546 3808; x_wconf 89' lang='lat' dir='ltr'><strong>eo</strong></span> <span class='ocrx_word' id='word_1_600' title='bbox 2594 3748 2911 3820; x_wconf 88' lang='lat' dir='ltr'><strong>parilitatem</strong></span> <span class='ocrx_word' id='word_1_601' title='bbox 2939 3786 2954 3812; x_wconf 95' lang='lat'><strong>,</strong></span> <span class='ocrx_word' id='word_1_602' title='bbox 2988 3754 3257 3812; x_wconf 90' lang='lat' dir='ltr'><strong>tamquam</strong></span> <span class='ocrx_word' id='word_1_603' title='bbox 3303 3741 3372 3797; x_wconf 92' lang='lat' dir='ltr'><strong>de</strong></span> <span class='ocrx_word' id='word_1_604' title='bbox 3420 3741 3629 3796; x_wconf 88' lang='lat' dir='ltr'><strong>duobus</strong></span> <span class='ocrx_word' id='word_1_605' title='bbox 3653 3741 3870 3810; x_wconf 90' lang='lat' dir='ltr'><strong>paribus</strong></span> <span class='ocrx_word' id='word_1_606' title='bbox 3901 3740 3973 3795; x_wconf 90' lang='lat' dir='ltr'><strong>de</strong></span> <span class='ocrx_word' id='word_1_607' title='bbox 3990 3739 4071 3794; x_wconf 78' lang='lat' dir='ltr'><strong>liis</strong></span> 
     </span>
    </p>
   </div>
   <div class='ocr_carea' id='block_1_78' title="bbox 2481 3831 4068 3902">
    <p class='ocr_par' dir='ltr' id='par_1_78' title="bbox 2481 3831 4068 3902">
     <span class='ocr_line' id='line_1_78' title="bbox 2481 3831 4068 3902; baseline -0.008 -3"><span class='ocrx_word' id='word_1_608' title='bbox 2481 3839 2924 3899; x_wconf 88' lang='lat' dir='ltr'><strong>retractavimus:</strong></span> <span class='ocrx_word' id='word_1_609' title='bbox 2974 3835 3318 3890; x_wconf 87' lang='lat' dir='ltr'><strong>nihilominus</strong></span> <span class='ocrx_word' id='word_1_610' title='bbox 3375 3841 3577 3900; x_wconf 89' lang='lat' dir='ltr'><strong>tamen,</strong></span> <span class='ocrx_word' id='word_1_611' title='bbox 3635 3831 3879 3888; x_wconf 89' lang='lat' dir='ltr'><strong>docendo</strong></span> <span class='ocrx_word' id='word_1_612' title='bbox 3914 3847 4068 3902; x_wconf 88' lang='lat' dir='ltr'><strong>pares</strong></span> 
     </span>
    </p>
   </div>
   <div class='ocr_carea' id='block_1_79' title="bbox 2480 3922 4070 4001">
    <p class='ocr_par' dir='ltr' id='par_1_79' title="bbox 2480 3922 4070 4001">
     <span class='ocr_line' id='line_1_79' title="bbox 2480 3922 4070 4001; baseline -0.008 -12"><span class='ocrx_word' id='word_1_613' title='bbox 2480 3949 2601 3991; x_wconf 88' lang='lat' dir='ltr'><strong>esse</strong></span> <span class='ocrx_word' id='word_1_614' title='bbox 2621 3947 2725 3986; x_wconf 92' lang='lat' dir='ltr'><strong>non</strong></span> <span class='ocrx_word' id='word_1_615' title='bbox 2742 3944 2900 4001; x_wconf 91' lang='lat' dir='ltr'><strong>posse</strong></span> <span class='ocrx_word' id='word_1_616' title='bbox 2921 3925 3216 3983; x_wconf 90' lang='lat' dir='ltr'><strong>secundum</strong></span> <span class='ocrx_word' id='word_1_617' title='bbox 3241 3925 3437 3980; x_wconf 82' lang='lat' dir='ltr'><strong>sumini</strong></span> <span class='ocrx_word' id='word_1_618' title='bbox 3459 3924 3636 3996; x_wconf 86' lang='lat' dir='ltr'><strong>magni</strong></span> <span class='ocrx_word' id='word_1_619' title='bbox 3664 3922 3920 3991; x_wconf 84' lang='lat' dir='ltr'><strong>formam,</strong></span> <span class='ocrx_word' id='word_1_620' title='bbox 3941 3923 4070 3977; x_wconf 86' lang='lat' dir='ltr'><strong>satis</strong></span> 
     </span>
    </p>
   </div>
   <div class='ocr_carea' id='block_1_80' title="bbox 2478 4013 4066 4085">
    <p class='ocr_par' dir='ltr' id='par_1_80' title="bbox 2478 4013 4066 4085">
     <span class='ocr_line' id='line_1_80' title="bbox 2478 4013 4066 4085; baseline -0.01 -3"><span class='ocrx_word' id='word_1_621' title='bbox 2478 4021 2914 4082; x_wconf 88' lang='lat' dir='ltr'><strong>confirmavimus</strong></span> <span class='ocrx_word' id='word_1_622' title='bbox 2950 4018 3086 4072; x_wconf 91' lang='lat' dir='ltr'><strong>duos</strong></span> <span class='ocrx_word' id='word_1_623' title='bbox 3130 4031 3251 4072; x_wconf 83' lang='lat' dir='ltr'><strong>esse</strong></span> <span class='ocrx_word' id='word_1_624' title='bbox 3282 4031 3387 4069; x_wconf 91' lang='lat' dir='ltr'><strong>non</strong></span> <span class='ocrx_word' id='word_1_625' title='bbox 3418 4029 3596 4085; x_wconf 90' lang='lat' dir='ltr'><strong>posse.</strong></span> <span class='ocrx_word' id='word_1_626' title='bbox 3653 4014 3907 4084; x_wconf 80' lang='lat' dir='ltr'><strong>Alioquin</strong></span> <span class='ocrx_word' id='word_1_627' title='bbox 3935 4013 4066 4069; x_wconf 87' lang='lat' dir='ltr'><strong>certi</strong></span> 
     </span>
    </p>
   </div>
   <div class='ocr_carea' id='block_1_81' title="bbox 2481 4106 4083 4182">
    <p class='ocr_par' dir='ltr' id='par_1_81' title="bbox 2481 4106 4083 4182">
     <span class='ocr_line' id='line_1_81' title="bbox 2481 4106 4083 4182; baseline -0.009 -8"><span class='ocrx_word' id='word_1_628' title='bbox 2481 4116 2807 4174; x_wconf 81' lang='lat' dir='ltr'><strong>Marcionem</strong></span> <span class='ocrx_word' id='word_1_629' title='bbox 2836 4112 3076 4182; x_wconf 87' lang='lat' dir='ltr'><strong>dispares</strong></span> <span class='ocrx_word' id='word_1_630' title='bbox 3105 4109 3236 4166; x_wconf 91' lang='lat' dir='ltr'><strong>deos</strong></span> <span class='ocrx_word' id='word_1_631' title='bbox 3262 4109 3618 4175; x_wconf 89' lang='lat' dir='ltr'><strong>constituere,</strong></span> <span class='ocrx_word' id='word_1_632' title='bbox 3673 4107 3905 4164; x_wconf 92' lang='lat' dir='ltr'><strong>alterum</strong></span> <span class='ocrx_word' id='word_1_633' title='bbox 3943 4106 4083 4178; x_wconf 89' lang='lat' dir='ltr'><strong>judi-</strong></span> 
     </span>
    </p>
   </div>
   <div class='ocr_carea' id='block_1_82' title="bbox 2025 4224 2854 4288">
    <p class='ocr_par' dir='ltr' id='par_1_82' title="bbox 2025 4224 2854 4288">
     <span class='ocr_line' id='line_1_82' title="bbox 2025 4224 2854 4288; baseline 0.006 -9"><span class='ocrx_word' id='word_1_634' title='bbox 2025 4224 2317 4285; x_wconf 86' lang='lat' dir='ltr'><strong>LECTION</strong></span> <span class='ocrx_word' id='word_1_635' title='bbox 2325 4229 2403 4288; x_wconf 86' lang='lat' dir='ltr'><strong>ES</strong></span> <span class='ocrx_word' id='word_1_636' title='bbox 2442 4227 2854 4288; x_wconf 81' lang='lat' dir='ltr'><strong>VARIANTES.</strong></span> 
     </span>
    </p>
   </div>
   <div class='ocr_carea' id='block_1_83' title="bbox 877 4341 1524 4394">
    <p class='ocr_par' dir='ltr' id='par_1_83' title="bbox 877 4341 1524 4394">
     <span class='ocr_line' id='line_1_83' title="bbox 877 4341 1524 4394; baseline -0.009 0"><span class='ocrx_word' id='word_1_637' title='bbox 877 4342 923 4394; x_wconf 73' lang='lat' dir='ltr'><strong>li</strong></span> <span class='ocrx_word' id='word_1_638' title='bbox 956 4341 1230 4393; x_wconf 83' lang='lat' dir='ltr'><strong>Translatio</strong></span> <span class='ocrx_word' id='word_1_639' title='bbox 1263 4347 1371 4392; x_wconf 72' lang='lat' dir='ltr'><strong>cazt.</strong></span> <span class='ocrx_word' id='word_1_640' title='bbox 1397 4351 1524 4391; x_wconf 88' lang='lat' dir='ltr'><strong>omn.</strong></span> 
     </span>
    </p>
   </div>
   <div class='ocr_carea' id='block_1_84' title="bbox 873 4401 1363 4457">
    <p class='ocr_par' dir='ltr' id='par_1_84' title="bbox 873 4401 1363 4457">
     <span class='ocr_line' id='line_1_84' title="bbox 873 4401 1363 4457; baseline 0 -5"><span class='ocrx_word' id='word_1_641' title='bbox 873 4401 924 4457; x_wconf 75' lang='lat'>2)</span> <span class='ocrx_word' id='word_1_642' title='bbox 962 4405 1016 4455; x_wconf 84' lang='lat' dir='ltr'><strong>in</strong></span> <span class='ocrx_word' id='word_1_643' title='bbox 1038 4402 1186 4457; x_wconf 78' lang='lat' dir='ltr'><strong>inser.</strong></span> <span class='ocrx_word' id='word_1_644' title='bbox 1213 4401 1363 4455; x_wconf 81' lang='lat' dir='ltr'><strong>Seml.</strong></span> 
     </span>
    </p>
   </div>
   <div class='ocr_carea' id='block_1_85' title="bbox 962 4467 1259 4526">
    <p class='ocr_par' dir='ltr' id='par_1_85' title="bbox 962 4467 1259 4526">
     <span class='ocr_line' id='line_1_85' title="bbox 962 4467 1259 4526; baseline -0.007 -11"><span class='ocrx_word' id='word_1_645' title='bbox 962 4468 1085 4526; x_wconf 87' lang='lat' dir='ltr'><strong>Quia</strong></span> <span class='ocrx_word' id='word_1_646' title='bbox 1110 4467 1259 4517; x_wconf 80' lang='lat' dir='ltr'><strong>Seml.</strong></span> 
     </span>
    </p>
   </div>
   <div class='ocr_carea' id='block_1_86' title="bbox 957 4527 1519 4592">
    <p class='ocr_par' dir='ltr' id='par_1_86' title="bbox 957 4527 1519 4592">
     <span class='ocr_line' id='line_1_86' title="bbox 957 4527 1519 4592; baseline -0.007 -13"><span class='ocrx_word' id='word_1_647' title='bbox 957 4529 1031 4579; x_wconf 80' lang='lat' dir='ltr'><strong>Ex</strong></span> <span class='ocrx_word' id='word_1_648' title='bbox 1057 4529 1188 4581; x_wconf 83' lang='lat' dir='ltr'><strong>abest</strong></span> <span class='ocrx_word' id='word_1_649' title='bbox 1222 4531 1384 4592; x_wconf 62' lang='lat' dir='ltr'><strong>Venet.</strong></span> <span class='ocrx_word' id='word_1_650' title='bbox 1413 4527 1519 4592; x_wconf 79' lang='lat' dir='ltr'><strong>Rig.</strong></span> 
     </span>
    </p>
   </div>
   <div class='ocr_carea' id='block_1_87' title="bbox 960 4590 1700 4656">
    <p class='ocr_par' dir='ltr' id='par_1_87' title="bbox 960 4590 1700 4656">
     <span class='ocr_line' id='line_1_87' title="bbox 960 4590 1700 4656; baseline -0.003 -15"><span class='ocrx_word' id='word_1_651' title='bbox 960 4592 1136 4656; x_wconf 57' lang='lat' dir='ltr'><strong>yythin</strong></span> <span class='ocrx_word' id='word_1_652' title='bbox 1163 4590 1529 4656; x_wconf 29' lang='lat' dir='ltr'><strong>ngfiBytliun</strong></span> <span class='ocrx_word' id='word_1_653' title='bbox 1551 4599 1700 4642; x_wconf 79' lang='lat' dir='ltr'><strong>Fran.</strong></span> 
     </span>
    </p>
   </div>
   <div class='ocr_carea' id='block_1_88' title="bbox 876 4531 903 4576">
    <p class='ocr_par' dir='ltr' id='par_1_88' title="bbox 876 4531 903 4576">
     <span class='ocr_line' id='line_1_88' title="bbox 876 4531 903 4576; baseline 0 0"><span class='ocrx_word' id='word_1_654' title='bbox 876 4531 903 4576; x_wconf 71' lang='grc'><strong>4</strong></span> 
     </span>
    </p>
   </div>
   <div class='ocr_carea' id='block_1_89' title="bbox 849 4469 1493 4719">
    <p class='ocr_par' dir='ltr' id='par_1_89' title="bbox 873 4469 1493 4719">
     <span class='ocr_line' id='line_1_89' title="bbox 962 4469 1259 4526; baseline -0.007 -11"><span class='ocrx_word' id='word_1_655' title='bbox 962 4469 1085 4526; x_wconf 87' lang='lat' dir='ltr'><strong>Quia</strong></span> <span class='ocrx_word' id='word_1_656' title='bbox 1110 4469 1259 4517; x_wconf 82' lang='lat' dir='ltr'><strong>Seml.</strong></span> 
     </span>
     <span class='ocr_line' id='line_1_90' title="bbox 876 4527 1493 4592; baseline -0.002 -15"><span class='ocrx_word' id='word_1_657' title='bbox 876 4531 903 4576; x_wconf 72' lang='grc'><strong>4</strong></span> <span class='ocrx_word' id='word_1_658' title='bbox 957 4529 1031 4579; x_wconf 83' lang='lat' dir='ltr'><strong>Ex</strong></span> <span class='ocrx_word' id='word_1_659' title='bbox 1057 4529 1188 4581; x_wconf 82' lang='lat' dir='ltr'><strong>abest</strong></span> <span class='ocrx_word' id='word_1_660' title='bbox 1222 4531 1384 4578; x_wconf 77' lang='lat' dir='ltr'><strong>Venet.</strong></span> <span class='ocrx_word' id='word_1_661' title='bbox 1413 4527 1493 4592; x_wconf 65' lang='grc' dir='ltr'><strong>Εἰς</strong></span> 
     </span>
     <span class='ocr_line' id='line_1_91' title="bbox 874 4590 1490 4656; baseline -0.003 -15"><span class='ocrx_word' id='word_1_662' title='bbox 874 4594 904 4641; x_wconf 86' lang='grc'>5</span> <span class='ocrx_word' id='word_1_663' title='bbox 960 4592 1136 4656; x_wconf 84' lang='lat' dir='ltr'><strong>Bythin</strong></span> <span class='ocrx_word' id='word_1_664' title='bbox 1163 4591 1311 4641; x_wconf 82' lang='lat' dir='ltr'><strong>Semf.</strong></span> <span class='ocrx_word' id='word_1_665' title='bbox 1334 4590 1490 4652; x_wconf 83' lang='lat' dir='ltr'><strong>Bythu</strong></span> 
     </span>
     <span class='ocr_line' id='line_1_92' title="bbox 873 4651 1493 4719; baseline -0.005 -15"><span class='ocrx_word' id='word_1_666' title='bbox 873 4656 926 4719; x_wconf 87' lang='lat'>6)</span> <span class='ocrx_word' id='word_1_667' title='bbox 959 4653 1084 4706; x_wconf 86' lang='lat' dir='ltr'><strong>Tum</strong></span> <span class='ocrx_word' id='word_1_668' title='bbox 1108 4651 1262 4706; x_wconf 77' lang='lat' dir='ltr'><strong>Latin.</strong></span> <span class='ocrx_word' id='word_1_669' title='bbox 1289 4651 1493 4704; x_wconf 83' lang='lat' dir='ltr'><strong>Semler.</strong></span> 
     </span>
    </p>
   </div>
   <div class='ocr_carea' id='block_1_90' title="bbox 904 4381 925 4656">
    <p class='ocr_par' dir='ltr' id='par_1_90' title="bbox 904 4381 925 4656">
     <span class='ocr_line' id='line_1_93' title="bbox 904 4381 925 4656; baseline 0 0"><span class='ocrx_word' id='word_1_670' title='bbox 904 4381 925 4656; x_wconf 65' lang='grc' dir='ltr'><em>ἕ</em></span> 
     </span>
    </p>
   </div>
   <div class='ocr_carea' id='block_1_91' title="bbox 2576 4410 3007 4460">
    <p class='ocr_par' dir='ltr' id='par_1_91' title="bbox 2576 4410 3007 4460">
     <span class='ocr_line' id='line_1_94' title="bbox 2576 4410 3007 4460; baseline 0 -2"><span class='ocrx_word' id='word_1_671' title='bbox 2576 4410 2626 4460; x_wconf 80' lang='lat' dir='ltr'><strong>8i</strong></span> <span class='ocrx_word' id='word_1_672' title='bbox 2662 4410 2834 4459; x_wconf 88' lang='lat' dir='ltr'><strong>Potest</strong></span> <span class='ocrx_word' id='word_1_673' title='bbox 2859 4410 3007 4460; x_wconf 81' lang='lat' dir='ltr'><strong>Rlien.</strong></span> 
     </span>
    </p>
   </div>
   <div class='ocr_carea' id='block_1_92' title="bbox 2554 4415 3171 4592">
    <p class='ocr_par' dir='ltr' id='par_1_92' title="bbox 2554 4415 3171 4592">
     <span class='ocr_line' id='line_1_95' title="bbox 2576 4415 3156 4530; baseline 0 -72"><span class='ocrx_word' id='word_1_674' title='bbox 2576 4415 2626 4530; x_wconf 77' lang='lat'><strong>8)</strong></span> <span class='ocrx_word' id='word_1_675' title='bbox 2662 4415 2834 4459; x_wconf 85' lang='lat' dir='ltr'><strong>Potest</strong></span> <span class='ocrx_word' id='word_1_676' title='bbox 2859 4415 3007 4481; x_wconf 64' lang='lat' dir='ltr'><strong>Rite».</strong></span> <span class='ocrx_word' id='word_1_677' title='bbox 3065 4467 3156 4520; x_wconf 47' lang='lat' dir='ltr'><strong>em!</strong></span> 
     </span>
     <span class='ocr_line' id='line_1_96' title="bbox 2554 4415 3171 4592; baseline 0.002 -8"><span class='ocrx_word' id='word_1_678' title='bbox 2554 4415 3002 4592; x_wconf 47' lang='lat' dir='ltr'><strong>inﬁmas:</strong></span> <span class='ocrx_word' id='word_1_679' title='bbox 3025 4472 3062 4522; x_wconf 70' lang='grc'>³</span> <span class='ocrx_word' id='word_1_680' title='bbox 3161 4509 3171 4519; x_wconf 91' lang='grc'><strong>·</strong></span> 
     </span>
    </p>
   </div>
   <div class='ocr_carea' id='block_1_93' title="bbox 2638 4535 3002 4596">
    <p class='ocr_par' dir='ltr' id='par_1_93' title="bbox 2638 4535 3002 4596">
     <span class='ocr_line' id='line_1_97' title="bbox 2638 4535 3002 4596; baseline 0.008 -13"><span class='ocrx_word' id='word_1_681' title='bbox 2638 4536 2656 4596; x_wconf 84' lang='grc'><strong><em>)</em></strong></span> <span class='ocrx_word' id='word_1_682' title='bbox 2693 4535 2734 4583; x_wconf 83' lang='grc' dir='ltr'><strong>Α</strong></span> <span class='ocrx_word' id='word_1_683' title='bbox 2756 4549 2812 4585; x_wconf 87' lang='lat' dir='ltr'><strong>se</strong></span> <span class='ocrx_word' id='word_1_684' title='bbox 2836 4535 3002 4596; x_wconf 80' lang='lat' dir='ltr'><strong>Paris.</strong></span> 
     </span>
    </p>
   </div>
   <div class='ocr_carea' id='block_1_94' title="bbox 2581 4595 2938 4658">
    <p class='ocr_par' dir='ltr' id='par_1_94' title="bbox 2581 4595 2938 4658">
     <span class='ocr_line' id='line_1_98' title="bbox 2581 4595 2938 4658; baseline 0.006 -14"><span class='ocrx_word' id='word_1_685' title='bbox 2581 4595 2656 4658; x_wconf 87' lang='lat' dir='ltr'><strong>ti)</strong></span> <span class='ocrx_word' id='word_1_686' title='bbox 2693 4597 2811 4654; x_wconf 58' lang='lat' dir='ltr'><strong>Qua</strong></span> <span class='ocrx_word' id='word_1_687' title='bbox 2834 4595 2938 4646; x_wconf 80' lang='lat' dir='ltr'><strong>alii.</strong></span> 
     </span>
    </p>
   </div>
   <div class='ocr_carea' id='block_1_95' title="bbox 2553 4338 3633 4530">
    <p class='ocr_par' dir='ltr' id='par_1_95' title="bbox 2553 4338 3633 4530">
     <span class='ocr_line' id='line_1_99' title="bbox 2553 4338 3633 4402; baseline -0.004 -6"><span class='ocrx_word' id='word_1_688' title='bbox 2553 4343 2603 4402; x_wconf 81' lang='lat'>(7</span> <span class='ocrx_word' id='word_1_689' title='bbox 2662 4346 2847 4396; x_wconf 67' lang='grc' dir='ltr'><strong>Ᾱὲοηὶερ</strong></span> <span class='ocrx_word' id='word_1_690' title='bbox 2872 4355 3019 4397; x_wconf 80' lang='lat' dir='ltr'><strong>Fran.</strong></span> <span class='ocrx_word' id='word_1_691' title='bbox 3052 4344 3218 4397; x_wconf 78' lang='lat' dir='ltr'><strong>Paris.</strong></span> <span class='ocrx_word' id='word_1_692' title='bbox 3245 4343 3463 4395; x_wconf 67' lang='lat' dir='ltr'><strong>Eoneiaa</strong></span> <span class='ocrx_word' id='word_1_693' title='bbox 3483 4338 3633 4394; x_wconf 81' lang='lat' dir='ltr'><strong>Semf.</strong></span> 
     </span>
     <span class='ocr_line' id='line_1_100' title="bbox 2576 4410 3007 4460; baseline 0 -2"><span class='ocrx_word' id='word_1_694' title='bbox 2576 4412 2606 4458; x_wconf 92' lang='lat'>8</span> <span class='ocrx_word' id='word_1_695' title='bbox 2662 4410 2834 4459; x_wconf 89' lang='lat' dir='ltr'><strong>Potest</strong></span> <span class='ocrx_word' id='word_1_696' title='bbox 2859 4410 3007 4460; x_wconf 81' lang='lat' dir='ltr'><strong>Rlien.</strong></span> 
     </span>
     <span class='ocr_line' id='line_1_101' title="bbox 2554 4349 3171 4530; baseline -0.003 -9"><span class='ocrx_word' id='word_1_697' title='bbox 2554 4349 2628 4530; x_wconf 48' lang='lat' dir='ltr'><strong>f9;</strong></span> <span class='ocrx_word' id='word_1_698' title='bbox 2662 4472 2804 4520; x_wconf 86' lang='lat' dir='ltr'><strong>Nulla</strong></span> <span class='ocrx_word' id='word_1_699' title='bbox 2826 4471 2999 4530; x_wconf 81' lang='lat' dir='ltr'><strong>conjic.</strong></span> <span class='ocrx_word' id='word_1_700' title='bbox 3025 4467 3171 4522; x_wconf 76' lang='lat' dir='ltr'><strong>Seml.</strong></span> 
     </span>
    </p>
   </div>
   <div class='ocr_carea' id='block_1_96' title="bbox 2407 4601 3342 4725">
    <p class='ocr_par' dir='ltr' id='par_1_96' title="bbox 2407 4601 3342 4725">
     <span class='ocr_line' id='line_1_102' title="bbox 2407 4601 3101 4722; baseline -0.004 -74"><span class='ocrx_word' id='word_1_701' title='bbox 2407 4639 2461 4698; x_wconf 71' lang='grc' dir='ltr'>Β</span> <span class='ocrx_word' id='word_1_702' title='bbox 2693 4601 2811 4654; x_wconf 76' lang='lat' dir='ltr'><strong>Quae</strong></span> <span class='ocrx_word' id='word_1_703' title='bbox 2834 4601 2967 4670; x_wconf 46' lang='lat' dir='ltr'><strong>aliti.</strong></span> <span class='ocrx_word' id='word_1_704' title='bbox 3091 4658 3101 4668; x_wconf 36' lang='lat'><em>.</em></span> 
     </span>
     <span class='ocr_line' id='line_1_103' title="bbox 2635 4655 3342 4725; baseline -0.003 -15"><span class='ocrx_word' id='word_1_705' title='bbox 2635 4663 2652 4725; x_wconf 93' lang='lat'><strong>)</strong></span> <span class='ocrx_word' id='word_1_706' title='bbox 2688 4661 2831 4711; x_wconf 84' lang='lat' dir='ltr'><strong>Forte</strong></span> <span class='ocrx_word' id='word_1_707' title='bbox 2854 4667 3189 4710; x_wconf 81' lang='lat' dir='ltr'><strong>testimonium</strong></span> <span class='ocrx_word' id='word_1_708' title='bbox 3213 4655 3342 4708; x_wconf 82' lang='lat' dir='ltr'><strong>Edd.</strong></span> 
     </span>
    </p>
   </div>
   <div class='ocr_carea' id='block_1_97' title="bbox 2152 4756 2707 4820">
    <p class='ocr_par' dir='ltr' id='par_1_97' title="bbox 2152 4756 2707 4820">
     <span class='ocr_line' id='line_1_104' title="bbox 2152 4756 2707 4820; baseline 0.014 -8"><span class='ocrx_word' id='word_1_709' title='bbox 2152 4756 2707 4820; x_wconf 81' lang='lat' dir='ltr'><strong>COMMENTARIUS.</strong></span> 
     </span>
    </p>
   </div>
   <div class='ocr_carea' id='block_1_98' title="bbox 865 4869 2378 4945">
    <p class='ocr_par' dir='ltr' id='par_1_98' title="bbox 865 4869 2378 4945">
     <span class='ocr_line' id='line_1_105' title="bbox 865 4869 2378 4945; baseline -0.004 -13"><span class='ocrx_word' id='word_1_710' title='bbox 865 4873 1020 4932; x_wconf 85' lang='lat' dir='ltr'><strong>CAP.</strong></span> <span class='ocrx_word' id='word_1_711' title='bbox 1039 4871 1264 4945; x_wconf 83' lang='lat' dir='ltr'><strong>V.—(a)</strong></span> <span class='ocrx_word' id='word_1_712' title='bbox 1287 4869 1564 4945; x_wconf 2' lang='lat' dir='ltr'><strong>(Honestior</strong></span> <span class='ocrx_word' id='word_1_713' title='bbox 1589 4881 1633 4925; x_wconf 87' lang='lat' dir='ltr'><strong>et</strong></span> <span class='ocrx_word' id='word_1_714' title='bbox 1654 4869 2260 4945; x_wconf 56' lang='lat' dir='ltr'><strong>liberalionVafentinus.</strong></span> <span class='ocrx_word' id='word_1_715' title='bbox 2285 4872 2378 4927; x_wconf 86' lang='lat' dir='ltr'><strong>Al-</strong></span> 
     </span>
    </p>
   </div>
   <div class='ocr_carea' id='block_1_99' title="bbox 794 4941 2378 5011">
    <p class='ocr_par' dir='ltr' id='par_1_99' title="bbox 794 4941 2378 5011">
     <span class='ocr_line' id='line_1_106' title="bbox 794 4941 2378 5011; baseline -0.003 -9"><span class='ocrx_word' id='word_1_716' title='bbox 794 4947 929 5003; x_wconf 92' lang='lat' dir='ltr'><strong>lndit</strong></span> <span class='ocrx_word' id='word_1_717' title='bbox 956 4947 1021 5000; x_wconf 90' lang='lat' dir='ltr'><strong>ad</strong></span> <span class='ocrx_word' id='word_1_718' title='bbox 1039 4945 1108 5001; x_wconf 80' lang='lat'><strong>&#39;50</strong></span> <span class='ocrx_word' id='word_1_719' title='bbox 1133 4941 1424 5000; x_wconf 81' lang='lat' dir='ltr'><strong>divinitatis</strong></span> <span class='ocrx_word' id='word_1_720' title='bbox 1450 4957 1628 4997; x_wconf 72' lang='lat' dir='ltr'><strong>mones</strong></span> <span class='ocrx_word' id='word_1_721' title='bbox 1667 4941 1957 5005; x_wconf 82' lang='lat' dir='ltr'><strong>Valentini,</strong></span> <span class='ocrx_word' id='word_1_722' title='bbox 1991 4943 2057 4996; x_wconf 92' lang='lat' dir='ltr'><strong>dc</strong></span> <span class='ocrx_word' id='word_1_723' title='bbox 2084 4944 2276 5011; x_wconf 88' lang='lat' dir='ltr'><strong>quibus</strong></span> <span class='ocrx_word' id='word_1_724' title='bbox 2301 4946 2378 4998; x_wconf 91' lang='lat' dir='ltr'><strong>la-</strong></span> 
     </span>
    </p>
   </div>
   <div class='ocr_carea' id='block_1_100' title="bbox 2486 4870 4084 4944">
    <p class='ocr_par' dir='ltr' id='par_1_100' title="bbox 2486 4870 4084 4944">
     <span class='ocr_line' id='line_1_107' title="bbox 2486 4870 4084 4944; baseline -0.004 -13"><span class='ocrx_word' id='word_1_725' title='bbox 2486 4879 2755 4942; x_wconf 89' lang='lat' dir='ltr'><strong>scribitur,</strong></span> <span class='ocrx_word' id='word_1_726' title='bbox 2785 4876 3037 4933; x_wconf 65' lang='lat' dir='ltr'><strong>Aioneia’.</strong></span> <span class='ocrx_word' id='word_1_727' title='bbox 3071 4876 3301 4932; x_wconf 93' lang='lat' dir='ltr'><strong>Omnino</strong></span> <span class='ocrx_word' id='word_1_728' title='bbox 3321 4873 3628 4944; x_wconf 85' lang='lat' dir='ltr'><strong>legendum,</strong></span> <span class='ocrx_word' id='word_1_729' title='bbox 3661 4871 3870 4928; x_wconf 63' lang='grc' dir='ltr'><strong>Εηεὶω</strong></span> <span class='ocrx_word' id='word_1_730' title='bbox 3902 4888 3917 4937; x_wconf 89' lang='lat'><strong>;</strong></span> <span class='ocrx_word' id='word_1_731' title='bbox 3950 4870 4084 4944; x_wconf 79' lang='lat' dir='ltr'><strong>allu-</strong></span> 
     </span>
    </p>
   </div>
   <div class='ocr_carea' id='block_1_101' title="bbox 2487 4942 4082 5018">
    <p class='ocr_par' dir='ltr' id='par_1_101' title="bbox 2487 4942 4082 5018">
     <span class='ocr_line' id='line_1_108' title="bbox 2487 4942 4082 5018; baseline -0.003 -17"><span class='ocrx_word' id='word_1_732' title='bbox 2487 4950 2564 5002; x_wconf 89' lang='lat' dir='ltr'><strong>dit</strong></span> <span class='ocrx_word' id='word_1_733' title='bbox 2593 4951 2734 5004; x_wconf 90' lang='lat' dir='ltr'><strong>enim</strong></span> <span class='ocrx_word' id='word_1_734' title='bbox 2763 4955 2828 5004; x_wconf 81' lang='lat' dir='ltr'><strong>ait</strong></span> <span class='ocrx_word' id='word_1_735' title='bbox 2862 4952 3003 5005; x_wconf 89' lang='lat' dir='ltr'><strong>illam</strong></span> <span class='ocrx_word' id='word_1_736' title='bbox 3032 4949 3219 5005; x_wconf 59' lang='lat' dir='ltr'><strong>[Encas</strong></span> <span class='ocrx_word' id='word_1_737' title='bbox 3245 4942 3548 5018; x_wconf 80' lang='lat' dir='ltr'><strong>scropham,</strong></span> <span class='ocrx_word' id='word_1_738' title='bbox 3579 4959 3720 5017; x_wconf 66' lang='lat' dir='ltr'><strong>quae,</strong></span> <span class='ocrx_word' id='word_1_739' title='bbox 3748 4951 3808 4999; x_wconf 91' lang='lat' dir='ltr'><strong>ut</strong></span> <span class='ocrx_word' id='word_1_740' title='bbox 3839 4951 3924 4999; x_wconf 89' lang='lat' dir='ltr'><strong>est</strong></span> <span class='ocrx_word' id='word_1_741' title='bbox 3946 4942 4082 5014; x_wconf 85' lang='lat' dir='ltr'><strong>apud</strong></span> 
     </span>
    </p>
   </div>
   <div class='ocr_carea' id='block_1_102' title="bbox 797 5012 2804 5093">
    <p class='ocr_par' dir='ltr' id='par_1_102' title="bbox 797 5012 2804 5093">
     <span class='ocr_line' id='line_1_109' title="bbox 797 5012 2804 5093; baseline 0.001 -19"><span class='ocrx_word' id='word_1_742' title='bbox 797 5019 1004 5075; x_wconf 90' lang='lat' dir='ltr'><strong>tissime</strong></span> <span class='ocrx_word' id='word_1_743' title='bbox 1031 5017 1121 5071; x_wconf 89' lang='lat' dir='ltr'><strong>lib.</strong></span> <span class='ocrx_word' id='word_1_744' title='bbox 1162 5015 1281 5070; x_wconf 76' lang='lat' dir='ltr'><strong>adu.</strong></span> <span class='ocrx_word' id='word_1_745' title='bbox 1319 5012 1807 5093; x_wconf 64' lang='lat' dir='ltr'><strong>Valentiu.;quibus</strong></span> <span class='ocrx_word' id='word_1_746' title='bbox 1831 5013 2259 5093; x_wconf 65' lang='lat' dir='ltr'><strong>derivatAuctor</strong></span> <span class='ocrx_word' id='word_1_747' title='bbox 2283 5031 2379 5093; x_wconf 83' lang='lat' dir='ltr'><strong>no-</strong></span> <span class='ocrx_word' id='word_1_748' title='bbox 2485 5019 2804 5093; x_wconf 78' lang='lat' dir='ltr'><strong>Virgilium:</strong></span> 
     </span>
    </p>
   </div>
   <div class='ocr_carea' id='block_1_103' title="bbox 797 5083 2380 5156">
    <p class='ocr_par' dir='ltr' id='par_1_103' title="bbox 797 5083 2380 5156">
     <span class='ocr_line' id='line_1_110' title="bbox 797 5083 2380 5156; baseline -0.003 -11"><span class='ocrx_word' id='word_1_749' title='bbox 797 5107 918 5146; x_wconf 88' lang='lat' dir='ltr'><strong>vatn</strong></span> <span class='ocrx_word' id='word_1_750' title='bbox 950 5103 1284 5151; x_wconf 85' lang='lat' dir='ltr'><strong>vocem,cum</strong></span> <span class='ocrx_word' id='word_1_751' title='bbox 1307 5084 1600 5156; x_wconf 63' lang='lat' dir='ltr'><strong>subiungit,</strong></span> <span class='ocrx_word' id='word_1_752' title='bbox 1623 5097 1883 5156; x_wconf 79' lang='lat' dir='ltr'><strong>tamquam</strong></span> <span class='ocrx_word' id='word_1_753' title='bbox 1898 5083 2106 5139; x_wconf 74' lang='lat' dir='ltr'><strong>/Eom&#39;te</strong></span> <span class='ocrx_word' id='word_1_754' title='bbox 2129 5087 2380 5156; x_wconf 74' lang='lat' dir='ltr'><strong>scropliw,</strong></span> 
     </span>
    </p>
   </div>
   <div class='ocr_carea' id='block_1_104' title="bbox 798 5154 2388 5227">
    <p class='ocr_par' dir='ltr' id='par_1_104' title="bbox 798 5154 2388 5227">
     <span class='ocr_line' id='line_1_111' title="bbox 798 5154 2388 5227; baseline -0.003 -11"><span class='ocrx_word' id='word_1_755' title='bbox 798 5161 1043 5216; x_wconf 89' lang='lat' dir='ltr'><strong>alludens</strong></span> <span class='ocrx_word' id='word_1_756' title='bbox 1056 5161 1122 5214; x_wconf 85' lang='lat' dir='ltr'><strong>ad</strong></span> <span class='ocrx_word' id='word_1_757' title='bbox 1147 5156 1390 5227; x_wconf 71' lang='lat' dir='ltr'><strong>scroplia:</strong></span> <span class='ocrx_word' id='word_1_758' title='bbox 1410 5154 1837 5227; x_wconf 57' lang='lat' dir='ltr'><strong>facunditatem,</strong></span> <span class='ocrx_word' id='word_1_759' title='bbox 1857 5172 1975 5226; x_wconf 73' lang='lat' dir='ltr'><strong>qua:</strong></span> <span class='ocrx_word' id='word_1_760' title='bbox 1991 5154 2388 5226; x_wconf 85' lang='lat' dir='ltr'><strong>nonnumquam</strong></span> 
     </span>
    </p>
   </div>
   <div class='ocr_carea' id='block_1_105' title="bbox 800 5226 2384 5300">
    <p class='ocr_par' dir='ltr' id='par_1_105' title="bbox 800 5226 2384 5300">
     <span class='ocr_line' id='line_1_112' title="bbox 800 5226 2384 5300; baseline -0.003 -14"><span class='ocrx_word' id='word_1_761' title='bbox 800 5233 866 5288; x_wconf 87' lang='lat' dir='ltr'><strong>ad</strong></span> <span class='ocrx_word' id='word_1_762' title='bbox 891 5243 1135 5286; x_wconf 86' lang='lat' dir='ltr'><strong>trecenos</strong></span> <span class='ocrx_word' id='word_1_763' title='bbox 1152 5226 1319 5300; x_wconf 78' lang='lat' dir='ltr'><strong>usque</strong></span> <span class='ocrx_word' id='word_1_764' title='bbox 1343 5231 1616 5300; x_wconf 86' lang='lat' dir='ltr'><strong>peperisse</strong></span> <span class='ocrx_word' id='word_1_765' title='bbox 1641 5226 1835 5300; x_wconf 65' lang='lat' dir='ltr'><strong>legitur</strong></span> <span class='ocrx_word' id='word_1_766' title='bbox 1853 5244 2061 5300; x_wconf 78' lang='lat' dir='ltr'><strong>porcos.</strong></span> <span class='ocrx_word' id='word_1_767' title='bbox 2089 5227 2220 5283; x_wconf 88' lang='lat' dir='ltr'><strong>Illud</strong></span> <span class='ocrx_word' id='word_1_768' title='bbox 2241 5231 2384 5284; x_wconf 88' lang='lat' dir='ltr'><strong>enim</strong></span> 
     </span>
    </p>
   </div>
   <div class='ocr_carea' id='block_1_106' title="bbox 801 5297 2391 5373">
    <p class='ocr_par' dir='ltr' id='par_1_106' title="bbox 801 5297 2391 5373">
     <span class='ocr_line' id='line_1_113' title="bbox 801 5297 2391 5373; baseline -0.003 -12"><span class='ocrx_word' id='word_1_769' title='bbox 801 5297 1247 5373; x_wconf 81' lang='lat' dir='ltr'><strong>antiquissimum</strong></span> <span class='ocrx_word' id='word_1_770' title='bbox 1261 5297 1427 5354; x_wconf 84' lang='lat' dir='ltr'><strong>fuisse</strong></span> <span class='ocrx_word' id='word_1_771' title='bbox 1456 5299 1706 5373; x_wconf 84' lang='lat' dir='ltr'><strong>scribitur</strong></span> <span class='ocrx_word' id='word_1_772' title='bbox 1733 5297 1857 5373; x_wconf 61' lang='lat' dir='ltr'><strong>aM.</strong></span> <span class='ocrx_word' id='word_1_773' title='bbox 1884 5298 2239 5373; x_wconf 62' lang='lat' dir='ltr'><strong>varronelib.</strong></span> <span class='ocrx_word' id='word_1_774' title='bbox 2257 5300 2300 5357; x_wconf 90' lang='lat' dir='ltr'><strong>ll</strong></span> <span class='ocrx_word' id='word_1_775' title='bbox 2329 5302 2391 5356; x_wconf 80' lang='lat' dir='ltr'><strong>de</strong></span> 
     </span>
    </p>
   </div>
   <div class='ocr_carea' id='block_1_107' title="bbox 803 5367 2389 5441">
    <p class='ocr_par' dir='ltr' id='par_1_107' title="bbox 803 5367 2389 5441">
     <span class='ocr_line' id='line_1_114' title="bbox 803 5367 2389 5441; baseline -0.002 -12"><span class='ocrx_word' id='word_1_776' title='bbox 803 5375 880 5429; x_wconf 79' lang='lat' dir='ltr'><strong>Re</strong></span> <span class='ocrx_word' id='word_1_777' title='bbox 900 5367 1121 5438; x_wconf 73' lang='lat' dir='ltr'><strong>rustica,</strong></span> <span class='ocrx_word' id='word_1_778' title='bbox 1165 5386 1285 5441; x_wconf 92' lang='lat' dir='ltr'><strong>cap.</strong></span> <span class='ocrx_word' id='word_1_779' title='bbox 1319 5373 1374 5434; x_wconf 79' lang='grc'>4,</span> <span class='ocrx_word' id='word_1_780' title='bbox 1409 5371 1551 5439; x_wconf 86' lang='lat' dir='ltr'><strong>quod</strong></span> <span class='ocrx_word' id='word_1_781' title='bbox 1592 5384 1686 5425; x_wconf 89' lang='lat' dir='ltr'><strong>sus</strong></span> <span class='ocrx_word' id='word_1_782' title='bbox 1714 5367 1900 5441; x_wconf 53' lang='lat' dir='ltr'><strong>(Enerc</strong></span> <span class='ocrx_word' id='word_1_783' title='bbox 1937 5370 2140 5424; x_wconf 88' lang='lat' dir='ltr'><strong>Lavinii</strong></span> <span class='ocrx_word' id='word_1_784' title='bbox 2168 5373 2237 5427; x_wconf 76' lang='lat'><strong>&#39;50</strong></span> <span class='ocrx_word' id='word_1_785' title='bbox 2266 5388 2389 5441; x_wconf 83' lang='lat' dir='ltr'><strong>por-</strong></span> 
     </span>
    </p>
   </div>
   <div class='ocr_carea' id='block_1_108' title="bbox 807 5440 2391 5514">
    <p class='ocr_par' dir='ltr' id='par_1_108' title="bbox 807 5440 2391 5514">
     <span class='ocr_line' id='line_1_115' title="bbox 807 5440 2391 5514; baseline -0.002 -15"><span class='ocrx_word' id='word_1_786' title='bbox 807 5463 902 5500; x_wconf 85' lang='lat' dir='ltr'><strong>cos</strong></span> <span class='ocrx_word' id='word_1_787' title='bbox 947 5440 1432 5514; x_wconf 26' lang='lat' dir='ltr'><strong>pepererit’albos.</strong></span> <span class='ocrx_word' id='word_1_788' title='bbox 1491 5442 1651 5514; x_wconf 77' lang='lat' dir='ltr'><strong>Atqui</strong></span> <span class='ocrx_word' id='word_1_789' title='bbox 1680 5451 1825 5514; x_wconf 86' lang='lat' dir='ltr'><strong>recte</strong></span> <span class='ocrx_word' id='word_1_790' title='bbox 1851 5440 2013 5496; x_wconf 88' lang='lat' dir='ltr'><strong>dicit:</strong></span> <span class='ocrx_word' id='word_1_791' title='bbox 2064 5441 2189 5496; x_wconf 77' lang='lat' dir='ltr'><strong>Post</strong></span> <span class='ocrx_word' id='word_1_792' title='bbox 2235 5440 2391 5497; x_wconf 86' lang='lat' dir='ltr'><strong>unum</strong></span> 
     </span>
    </p>
   </div>
   <div class='ocr_carea' id='block_1_109' title="bbox 803 5513 2392 5580">
    <p class='ocr_par' dir='ltr' id='par_1_109' title="bbox 803 5513 2392 5580">
     <span class='ocr_line' id='line_1_116' title="bbox 803 5513 2392 5580; baseline -0.003 -7"><span class='ocrx_word' id='word_1_793' title='bbox 803 5513 1205 5574; x_wconf 76' lang='lat' dir='ltr'><strong>enimnumerus</strong></span> <span class='ocrx_word' id='word_1_794' title='bbox 1238 5531 1252 5580; x_wconf 92' lang='lat'><strong>;</strong></span> <span class='ocrx_word' id='word_1_795' title='bbox 1281 5523 1334 5568; x_wconf 91' lang='lat' dir='ltr'><strong>et</strong></span> <span class='ocrx_word' id='word_1_796' title='bbox 1359 5527 1478 5566; x_wconf 78' lang='lat' dir='ltr'><strong>mox</strong></span> <span class='ocrx_word' id='word_1_797' title='bbox 1509 5529 1525 5571; x_wconf 72' lang='grc' dir='ltr'><strong>ι</strong></span> <span class='ocrx_word' id='word_1_798' title='bbox 1560 5513 1674 5566; x_wconf 83' lang='lat' dir='ltr'><strong>Duo</strong></span> <span class='ocrx_word' id='word_1_799' title='bbox 1703 5513 1836 5566; x_wconf 85' lang='lat' dir='ltr'><strong>enim</strong></span> <span class='ocrx_word' id='word_1_800' title='bbox 1863 5514 2134 5568; x_wconf 85' lang='lat' dir='ltr'><strong>multitudo</strong></span> <span class='ocrx_word' id='word_1_801' title='bbox 2164 5556 2176 5578; x_wconf 92' lang='lat'><strong>,</strong></span> <span class='ocrx_word' id='word_1_802' title='bbox 2209 5517 2392 5569; x_wconf 82' lang='lat' dir='ltr'><strong>unione</strong></span> 
     </span>
    </p>
   </div>
   <div class='ocr_carea' id='block_1_110' title="bbox 795 5584 2394 5662">
    <p class='ocr_par' dir='ltr' id='par_1_110' title="bbox 795 5584 2394 5662">
     <span class='ocr_line' id='line_1_117' title="bbox 795 5584 2394 5662; baseline 0.001 -23"><span class='ocrx_word' id='word_1_803' title='bbox 795 5592 909 5662; x_wconf 83' lang='lat' dir='ltr'><strong>jam</strong></span> <span class='ocrx_word' id='word_1_804' title='bbox 935 5603 1139 5642; x_wconf 70' lang='lat' dir='ltr'><strong>excessu</strong></span> <span class='ocrx_word' id='word_1_805' title='bbox 1158 5601 1178 5650; x_wconf 89' lang='lat'><strong><em>;</em></strong></span> <span class='ocrx_word' id='word_1_806' title='bbox 1203 5584 1539 5662; x_wconf 83' lang='lat' dir='ltr'><strong>quia_unitas</strong></span> <span class='ocrx_word' id='word_1_807' title='bbox 1552 5599 1658 5640; x_wconf 89' lang='lat' dir='ltr'><strong>non</strong></span> <span class='ocrx_word' id='word_1_808' title='bbox 1673 5599 1946 5651; x_wconf 88' lang='lat' dir='ltr'><strong>numerus,</strong></span> <span class='ocrx_word' id='word_1_809' title='bbox 1963 5584 2057 5640; x_wconf 91' lang='lat' dir='ltr'><strong>sed</strong></span> <span class='ocrx_word' id='word_1_810' title='bbox 2079 5586 2394 5657; x_wconf 89' lang='lat' dir='ltr'><strong>principium</strong></span> 
     </span>
    </p>
   </div>
   <div class='ocr_carea' id='block_1_111' title="bbox 802 5657 1458 5717">
    <p class='ocr_par' dir='ltr' id='par_1_111' title="bbox 802 5657 1458 5717">
     <span class='ocr_line' id='line_1_118' title="bbox 802 5657 1458 5717; baseline -0.014 0"><span class='ocrx_word' id='word_1_811' title='bbox 802 5657 887 5717; x_wconf 55' lang='grc' dir='ltr'><strong>εει</strong></span> <span class='ocrx_word' id='word_1_812' title='bbox 915 5672 1281 5713; x_wconf 87' lang='lat' dir='ltr'><strong>numerorum.</strong></span> <span class='ocrx_word' id='word_1_813' title='bbox 1323 5657 1458 5712; x_wconf 70' lang='lat' dir='ltr'><strong>Pu.</strong></span> 
     </span>
    </p>
   </div>
   <div class='ocr_carea' id='block_1_112' title="bbox 879 5726 2392 5802">
    <p class='ocr_par' dir='ltr' id='par_1_112' title="bbox 879 5726 2392 5802">
     <span class='ocr_line' id='line_1_119' title="bbox 879 5726 2392 5802; baseline 0 -19"><span class='ocrx_word' id='word_1_814' title='bbox 879 5730 958 5802; x_wconf 89' lang='lat' dir='ltr'>(b)</span> <span class='ocrx_word' id='word_1_815' title='bbox 1024 5726 1309 5802; x_wconf 9' lang='lat' dir='ltr'><strong>Usqueraaf</strong></span> <span class='ocrx_word' id='word_1_816' title='bbox 1358 5728 1574 5802; x_wconf 67' lang='lat' dir='ltr'><strong>triginta</strong></span> <span class='ocrx_word' id='word_1_817' title='bbox 1627 5743 1826 5802; x_wconf 66' lang='lat' dir='ltr'><strong>(sonum</strong></span> <span class='ocrx_word' id='word_1_818' title='bbox 1889 5728 2078 5802; x_wconf 67' lang='lat' dir='ltr'><strong>fatus,</strong></span> <span class='ocrx_word' id='word_1_819' title='bbox 2134 5738 2392 5802; x_wconf 79' lang='lat' dir='ltr'><strong>tamquam</strong></span> 
     </span>
    </p>
   </div>
   <div class='ocr_carea' id='block_1_113' title="bbox 805 5800 2390 5871">
    <p class='ocr_par' dir='ltr' id='par_1_113' title="bbox 805 5800 2390 5871">
     <span class='ocr_line' id='line_1_120' title="bbox 805 5800 2390 5871; baseline -0.001 -15"><span class='ocrx_word' id='word_1_820' title='bbox 805 5800 1010 5856; x_wconf 62' lang='lat' dir='ltr'><strong>Asnam</strong></span> <span class='ocrx_word' id='word_1_821' title='bbox 1056 5801 1305 5870; x_wconf 65' lang='lat' dir='ltr'><strong>seraphin.</strong></span> <span class='ocrx_word' id='word_1_822' title='bbox 1351 5800 1440 5871; x_wconf 87' lang='lat' dir='ltr'><strong>Sic</strong></span> <span class='ocrx_word' id='word_1_823' title='bbox 1465 5800 1867 5871; x_wconf 84' lang='lat' dir='ltr'><strong>emendavimus</strong></span> <span class='ocrx_word' id='word_1_824' title='bbox 1896 5801 2035 5870; x_wconf 90' lang='lat' dir='ltr'><strong>quod</strong></span> <span class='ocrx_word' id='word_1_825' title='bbox 2063 5800 2221 5870; x_wconf 88' lang='lat' dir='ltr'><strong>vulgo</strong></span> <span class='ocrx_word' id='word_1_826' title='bbox 2251 5800 2390 5871; x_wconf 82' lang='lat' dir='ltr'><strong>lege-</strong></span> 
     </span>
    </p>
   </div>
   <div class='ocr_carea' id='block_1_114' title="bbox 807 5869 2394 5943">
    <p class='ocr_par' dir='ltr' id='par_1_114' title="bbox 807 5869 2394 5943">
     <span class='ocr_line' id='line_1_121' title="bbox 807 5869 2394 5943; baseline -0.003 -11"><span class='ocrx_word' id='word_1_827' title='bbox 807 5872 981 5943; x_wconf 85' lang='lat' dir='ltr'><strong>batur,</strong></span> <span class='ocrx_word' id='word_1_828' title='bbox 1002 5869 1257 5943; x_wconf 84' lang='lat' dir='ltr'><strong>tamquam</strong></span> <span class='ocrx_word' id='word_1_829' title='bbox 1301 5870 1509 5928; x_wconf 69' lang='grc' dir='ltr'><strong>Αῐοηίω</strong></span> <span class='ocrx_word' id='word_1_830' title='bbox 1533 5873 1780 5943; x_wconf 76' lang='lat' dir='ltr'><strong>scropltw.</strong></span> <span class='ocrx_word' id='word_1_831' title='bbox 1814 5869 1868 5926; x_wconf 91' lang='lat' dir='ltr'><strong>ln</strong></span> <span class='ocrx_word' id='word_1_832' title='bbox 1897 5869 2082 5928; x_wconf 83' lang='lat' dir='ltr'><strong>codice</strong></span> <span class='ocrx_word' id='word_1_833' title='bbox 2109 5869 2394 5930; x_wconf 72' lang='lat' dir='ltr'><strong>Pitlimaiio</strong></span> 
     </span>
    </p>
   </div>
   <div class='ocr_carea' id='block_1_115' title="bbox 2589 5173 3709 5240">
    <p class='ocr_par' dir='ltr' id='par_1_115' title="bbox 2589 5173 3709 5240">
     <span class='ocr_line' id='line_1_122' title="bbox 2589 5173 3709 5240; baseline -0.004 -15"><span class='ocrx_word' id='word_1_834' title='bbox 2589 5176 2828 5227; x_wconf 87' lang='lat' dir='ltr'><strong>Littoreis</strong></span> <span class='ocrx_word' id='word_1_835' title='bbox 2850 5179 3028 5240; x_wconf 88' lang='lat' dir='ltr'><strong>ingens</strong></span> <span class='ocrx_word' id='word_1_836' title='bbox 3050 5178 3247 5226; x_wconf 88' lang='lat' dir='ltr'><strong>inventa</strong></span> <span class='ocrx_word' id='word_1_837' title='bbox 3270 5175 3366 5224; x_wconf 90' lang='lat' dir='ltr'><strong>sub</strong></span> <span class='ocrx_word' id='word_1_838' title='bbox 3391 5173 3588 5240; x_wconf 80' lang='lat' dir='ltr'><strong>ilicibus</strong></span> <span class='ocrx_word' id='word_1_839' title='bbox 3605 5173 3709 5222; x_wconf 87' lang='lat' dir='ltr'><strong>suls</strong></span> 
     </span>
    </p>
   </div>
   <div class='ocr_carea' id='block_1_116' title="bbox 2588 5238 3604 5304">
    <p class='ocr_par' dir='ltr' id='par_1_116' title="bbox 2588 5238 3604 5304">
     <span class='ocr_line' id='line_1_123' title="bbox 2588 5238 3604 5304; baseline -0.006 -13"><span class='ocrx_word' id='word_1_840' title='bbox 2588 5240 2806 5303; x_wconf 79' lang='lat' dir='ltr'><strong>Triginta</strong></span> <span class='ocrx_word' id='word_1_841' title='bbox 2830 5238 3040 5304; x_wconf 77' lang='lat' dir='ltr'><strong>capitum</strong></span> <span class='ocrx_word' id='word_1_842' title='bbox 3058 5240 3205 5290; x_wconf 83' lang='lat' dir='ltr'><strong>foetus</strong></span> <span class='ocrx_word' id='word_1_843' title='bbox 3229 5244 3373 5288; x_wconf 87' lang='lat' dir='ltr'><strong>enixa</strong></span> <span class='ocrx_word' id='word_1_844' title='bbox 3390 5238 3604 5301; x_wconf 61' lang='lat' dir='ltr'><strong>iacebat.</strong></span> 
     </span>
    </p>
   </div>
   <div class='ocr_carea' id='block_1_117' title="bbox 2569 5381 4088 5457">
    <p class='ocr_par' dir='ltr' id='par_1_117' title="bbox 2569 5381 4088 5457">
     <span class='ocr_line' id='line_1_124' title="bbox 2569 5381 4088 5457; baseline -0.009 -10"><span class='ocrx_word' id='word_1_845' title='bbox 2569 5393 2768 5447; x_wconf 87' lang='lat' dir='ltr'><strong>Eadem</strong></span> <span class='ocrx_word' id='word_1_846' title='bbox 2796 5387 2985 5442; x_wconf 87' lang='lat' dir='ltr'><strong>menda</strong></span> <span class='ocrx_word' id='word_1_847' title='bbox 3023 5387 3076 5442; x_wconf 91' lang='lat' dir='ltr'><strong>in</strong></span> <span class='ocrx_word' id='word_1_848' title='bbox 3121 5386 3215 5440; x_wconf 92' lang='lat' dir='ltr'><strong>illo</strong></span> <span class='ocrx_word' id='word_1_849' title='bbox 3240 5385 3578 5457; x_wconf 75' lang='lat' dir='ltr'><strong>Hieronymi,</strong></span> <span class='ocrx_word' id='word_1_850' title='bbox 3611 5385 3665 5438; x_wconf 95' lang='lat' dir='ltr'><strong>in</strong></span> <span class='ocrx_word' id='word_1_851' title='bbox 3691 5382 4008 5457; x_wconf 67' lang='lat' dir='ltr'><strong>Epistulam</strong></span> <span class='ocrx_word' id='word_1_852' title='bbox 4029 5381 4088 5435; x_wconf 84' lang='lat' dir='ltr'><strong>ad</strong></span> 
     </span>
    </p>
   </div>
   <div class='ocr_carea' id='block_1_118' title="bbox 2498 5453 4092 5529">
    <p class='ocr_par' dir='ltr' id='par_1_118' title="bbox 2498 5453 4092 5529">
     <span class='ocr_line' id='line_1_125' title="bbox 2498 5453 4092 5529; baseline -0.009 -9"><span class='ocrx_word' id='word_1_853' title='bbox 2498 5464 2714 5520; x_wconf 86' lang='lat' dir='ltr'><strong>Galatas</strong></span> <span class='ocrx_word' id='word_1_854' title='bbox 2741 5480 2752 5514; x_wconf 92' lang='lat'>:</span> <span class='ocrx_word' id='word_1_855' title='bbox 2792 5461 2929 5528; x_wconf 82' lang='lat' dir='ltr'><strong>Quos</strong></span> <span class='ocrx_word' id='word_1_856' title='bbox 2959 5457 3148 5512; x_wconf 69' lang='grc' dir='ltr'><strong>Αῖιιεὶα</strong></span> <span class='ocrx_word' id='word_1_857' title='bbox 3197 5461 3344 5529; x_wconf 67' lang='lat' dir='ltr'><strong>fatus</strong></span> <span class='ocrx_word' id='word_1_858' title='bbox 3382 5453 3600 5525; x_wconf 67' lang='lat' dir='ltr'><strong>scfoplia</strong></span> <span class='ocrx_word' id='word_1_859' title='bbox 3628 5455 3888 5529; x_wconf 75' lang='lat' dir='ltr'><strong>generavit</strong></span> <span class='ocrx_word' id='word_1_860' title='bbox 3912 5455 3937 5506; x_wconf 75' lang='lat'><strong>.9</strong></span> <span class='ocrx_word' id='word_1_861' title='bbox 3967 5453 4092 5529; x_wconf 55' lang='lat' dir='ltr'><strong>ﬁam</strong></span> 
     </span>
    </p>
   </div>
   <div class='ocr_carea' id='block_1_119' title="bbox 2501 5524 4093 5605">
    <p class='ocr_par' dir='ltr' id='par_1_119' title="bbox 2501 5524 4093 5605">
     <span class='ocr_line' id='line_1_126' title="bbox 2501 5524 4093 5605; baseline -0.006 -18"><span class='ocrx_word' id='word_1_862' title='bbox 2501 5538 2656 5605; x_wconf 87' lang='lat' dir='ltr'><strong>vulgo</strong></span> <span class='ocrx_word' id='word_1_863' title='bbox 2683 5524 2892 5605; x_wconf 74' lang='lat' dir='ltr'><strong>legitur,</strong></span> <span class='ocrx_word' id='word_1_864' title='bbox 2914 5529 3131 5605; x_wconf 45' lang='lat' dir='ltr'><strong>Agonia.</strong></span> <span class='ocrx_word' id='word_1_865' title='bbox 3160 5524 3219 5605; x_wconf 72' lang='lat' dir='ltr'><strong>In</strong></span> <span class='ocrx_word' id='word_1_866' title='bbox 3268 5524 3687 5605; x_wconf 64' lang='lat' dir='ltr'><strong>.‘lss.__scr_iptuin</strong></span> <span class='ocrx_word' id='word_1_867' title='bbox 3711 5527 3923 5605; x_wconf 59' lang='lat' dir='ltr'><strong>reperi,</strong></span> <span class='ocrx_word' id='word_1_868' title='bbox 3961 5524 4093 5578; x_wconf 80' lang='lat' dir='ltr'><strong>Eue—</strong></span> 
     </span>
    </p>
   </div>
   <div class='ocr_carea' id='block_1_120' title="bbox 2497 5597 3878 5680">
    <p class='ocr_par' dir='ltr' id='par_1_120' title="bbox 2497 5597 3878 5680">
     <span class='ocr_line' id='line_1_127' title="bbox 2497 5597 3878 5680; baseline -0.007 -20"><span class='ocrx_word' id='word_1_869' title='bbox 2497 5597 2617 5680; x_wconf 58' lang='lat' dir='ltr'><strong>gia;</strong></span> <span class='ocrx_word' id='word_1_870' title='bbox 2633 5597 2773 5678; x_wconf 83' lang='lat' dir='ltr'><strong>quod</strong></span> <span class='ocrx_word' id='word_1_871' title='bbox 2799 5612 2898 5668; x_wconf 81' lang='lat' dir='ltr'><strong>est,</strong></span> <span class='ocrx_word' id='word_1_872' title='bbox 2933 5601 3144 5657; x_wconf 63' lang='lat' dir='ltr'><strong>zEueia.</strong></span> <span class='ocrx_word' id='word_1_873' title='bbox 3178 5600 3476 5666; x_wconf 82' lang='lat' dir='ltr'><strong>Juvenalis,</strong></span> <span class='ocrx_word' id='word_1_874' title='bbox 3519 5601 3569 5653; x_wconf 90' lang='lat' dir='ltr'><strong>in</strong></span> <span class='ocrx_word' id='word_1_875' title='bbox 3604 5615 3674 5651; x_wconf 77' lang='lat' dir='ltr'><strong>v1.</strong></span> <span class='ocrx_word' id='word_1_876' title='bbox 3704 5597 3824 5653; x_wconf 87' lang='lat' dir='ltr'><strong>Sat.</strong></span> <span class='ocrx_word' id='word_1_877' title='bbox 3863 5615 3878 5650; x_wconf 91' lang='lat'><strong>:</strong></span> 
     </span>
    </p>
   </div>
   <div class='ocr_carea' id='block_1_121' title="bbox 2593 5756 3958 5829">
    <p class='ocr_par' dir='ltr' id='par_1_121' title="bbox 2593 5756 3958 5829">
     <span class='ocr_line' id='line_1_128' title="bbox 2593 5756 3958 5829; baseline -0.007 -12"><span class='ocrx_word' id='word_1_878' title='bbox 2593 5765 2752 5829; x_wconf 81' lang='lat' dir='ltr'><strong>Atque</strong></span> <span class='ocrx_word' id='word_1_879' title='bbox 2774 5765 2948 5817; x_wconf 89' lang='lat' dir='ltr'><strong>eadem</strong></span> <span class='ocrx_word' id='word_1_880' title='bbox 2970 5763 3175 5828; x_wconf 76' lang='lat' dir='ltr'><strong>scrapha</strong></span> <span class='ocrx_word' id='word_1_881' title='bbox 3194 5761 3354 5814; x_wconf 84' lang='lat' dir='ltr'><strong>Niobe</strong></span> <span class='ocrx_word' id='word_1_882' title='bbox 3379 5758 3647 5813; x_wconf 59' lang='lat' dir='ltr'><strong>fecundior</strong></span> <span class='ocrx_word' id='word_1_883' title='bbox 3668 5757 3794 5810; x_wconf 86' lang='lat' dir='ltr'><strong>alba.</strong></span> <span class='ocrx_word' id='word_1_884' title='bbox 3833 5756 3958 5808; x_wconf 78' lang='lat' dir='ltr'><strong>Rm.</strong></span> 
     </span>
    </p>
   </div>
  </div>
