4262 6490
267 355 378 412 255
1411 356 1538 412 LIB.
1579 357 1600 412 Î™
1643 353 2003 413 ADVERSUS
2041 355 2463 414 MARCIONEM.
3460 355 3575 418 954

268 489 408 539 cem,
433 473 757 541 ferum,belli
778 483 1077 546 potentem;
1101 473 1331 530 alterum
1349 474 1552 539 mitem,
1573 471 1862 544 placidum,
1893 471 1948 530 A
1972 472 2117 542 quod
2168 484 2292 528 sunt
2316 473 2648 530 detrahetur.
2663 471 2796 528 Nam
2823 480 2877 529 et
2903 472 3017 544 ipsa
3044 471 3184 530 idola
3210 470 3451 546 gentium
3484 472 3575 534 dei

270 581 328 623 et
362 567 734 623 tantummodo
761 569 961 624 bonum
988 578 1150 639 atque
1181 567 1478 636 Optimum;
1521 565 1870 635 dispiciamus
1973 568 2132 638 vulgo
2161 583 2175 632 ;
2233 567 2328 622 sed
2377 567 2512 623 deus
2557 581 2716 622 nemo
2740 581 2801 622 ea
2833 582 2892 623 re
2920 582 3024 637 qua
3067 567 3203 623 deus
3230 566 3445 623 dicitur.
3496 565 3572 623 Ita

267 677 424 731 mque
448 671 501 716 et
536 663 670 717 hanc
704 671 904 732 partem
931 703 946 727 ,
978 679 1045 716 an
1078 663 1359 717 diversitas
1392 661 1584 716 saltem
1614 662 1693 730 (I)
1731 660 1869 714 duos

269 756 469 824 capiat.
527 755 570 809 si
620 758 860 825 parilitas
902 770 1097 826 capere
1139 771 1242 811 non
1277 756 1471 826 potuit.
1503 755 1674 810 Porro
1696 763 1750 810 et
1780 754 1869 810 hic

271 845 464 902 eadem
513 849 691 918 regula
742 848 933 903 summi
986 849 1164 918 magni
1217 847 1635 932 patrocinabitur
1661 847 1856 913 nobis,

271 947 461 1008 utpote
497 954 616 1009 qu;c
663 948 831 994 totum
881 949 1078 994 statum
1111 939 1340 995 vindicet
1387 939 1698 994 divinitatis.
1730 938 1872 994 Con-

271 1032 498 1087 veniens
526 1033 667 1086 enim
696 1041 750 1087 ct
777 1032 1174 1103 quodammodo
1207 1033 1400 1103 injecta
1431 1048 1589 1086 manu
1617 1032 1868 1087 detinens

271 1125 570 1179 adversarii
625 1141 839 1179 sensum
887 1140 993 1181 non
1044 1127 1287 1196 negantis
1315 1125 1626 1181 Creatorem
1660 1126 1825 1180 Deum
1853 1167 1868 1192 ,

271 1219 574 1287 jnstissime
624 1220 912 1289 praescribo
962 1220 1035 1275 illi
1083 1218 1382 1275 diversitati
1408 1219 1582 1275 locum
1614 1233 1723 1274 non
1753 1234 1874 1275 esse

275 1310 418 1365 inter
456 1326 552 1366 eos
596 1312 686 1381 qui
741 1327 804 1366 ex
839 1327 994 1382 mquo
1051 1312 1183 1367 deos
1209 1309 1488 1366 confessus
1513 1353 1527 1376 ,
1560 1327 1664 1366 non
1700 1321 1874 1382 potest

275 1401 455 1458 facere
491 1404 770 1458 diversos:
817 1419 922 1459 non
968 1406 1089 1473 quia
1134 1419 1238 1458 non
1270 1413 1324 1460 et
1353 1404 1596 1460 homines
1625 1405 1747 1460 licet
1773 1405 1874 1459 sub

279 1495 473 1549 eadem
529 1496 886 1566 appellatione
941 1497 1332 1552 diversissimos
1389 1512 1511 1552 esse
1544 1538 1558 1562 ,
1609 1498 1703 1552 sed
1751 1498 1874 1568 quia

281 1588 418 1643 deus
461 1603 565 1642 nou
597 1588 699 1641 erit
728 1589 986 1644 dicendus
1012 1632 1026 1655 ,
1060 1590 1180 1657 quia
1232 1605 1330 1646 nec
1379 1589 1680 1644 credendus
1709 1632 1721 1654 ,
1772 1590 1874 1644 nisi

283 1697 554 1735 summum
590 1697 859 1751 maguum.
891 1681 1022 1737 Cum
1051 1698 1183 1754 ergo
1212 1698 1480 1738 summum
1509 1700 1759 1754 magnum
1785 1699 1875 1740 CO-

286 1785 441 1844 gatur
460 1790 757 1846 agnoscere
784 1793 942 1847 quem
967 1777 1139 1834 Deum
1184 1794 1292 1834 non
1339 1789 1518 1849 negat,
1563 1796 1667 1834 non
1700 1790 1877 1850 potest

1975 677 2075 733 ego
2104 676 2208 716 non
2237 660 2438 717 nomini
2463 661 2574 724 Dei,
2609 675 2710 716 nec
2734 675 2887 726 sono,
2921 674 3021 716 nec
3037 669 3178 716 nota:
3203 660 3438 717 nominis
3464 662 3568 717 litt-

1971 759 2080 828 jns,
2112 771 2380 811 summum
2412 771 2658 827 magnum
2692 755 2743 809 in
2776 755 3028 811 Creatore
3057 753 3286 810 defendo
3312 795 3329 822 ,
3359 755 3572 825 sedipsi

1975 848 2308 911 substantire,
2337 849 2422 903 cui
2451 863 2644 904 nomen
2679 847 2782 903 hoc
2809 847 3088 919 contingit.
3115 846 3268 904 Hanc
3297 847 3576 903 inveniens

1976 941 2147 995 solam
2220 943 2478 1007 innatam,
2529 939 2820 1008 infectam,
2874 941 3043 996 solam
3088 949 3346 996 mternam
3373 949 3428 997 et
3457 941 3576 997 uni-

1976 1033 2245 1090 versitatis
2273 1033 2619 1089 conditricem
2646 1049 2660 1086 :
2694 1049 2800 1088 non
2833 1033 3058 1099 nomini,
3106 1032 3200 1089 sed
3224 1033 3424 1100 statui,
3469 1049 3571 1091 uec

1977 1127 2344 1198 appellationi,
2389 1127 2485 1182 sed
2528 1127 2819 1182 conditioni
2856 1126 2975 1196 ejus
3017 1141 3288 1182 summum
3318 1143 3570 1198 magnum

1978 1230 2031 1276 et
2060 1219 2304 1275 adscribo
2330 1229 2386 1275 et
2404 1218 2635 1274 vindico.
2668 1217 2737 1274 Et
2763 1218 2882 1274 ideo
2910 1219 3033 1290 quia
3074 1219 3206 1274 deus
3246 1219 3355 1291 jam
3392 1221 3572 1276 vocari

1978 1314 2208 1369 obtinuit
2252 1313 2546 1369 substantia
2575 1313 2659 1368 cui
2683 1312 2930 1369 adscribo
2955 1355 2971 1380 ,
3020 1313 3220 1369 nomini
3261 1329 3348 1370 me
3377 1313 3581 1369 adscri-

1979 1407 2106 1462 bere
2154 1414 2346 1476 putas;
2378 1407 2499 1476 quia
2544 1420 2767 1461 necesse
2793 1415 2875 1462 est
2923 1421 3017 1476 per
3074 1420 3268 1463 nomen
3299 1407 3578 1463 ostendam

1979 1499 2065 1554 cui
2114 1499 2413 1555 adscribam
2472 1499 2785 1555 substantiae
2817 1517 2836 1565 ;
2866 1499 3071 1556 scilicet
3103 1515 3208 1570 qua
3240 1510 3452 1557 constat
3481 1502 3575 1572 qui

1983 1594 2123 1648 Deus
2165 1593 2393 1657 dicitur,
2422 1602 2477 1648 et
2527 1609 2798 1649 summum
2843 1609 3096 1664 magnum
3139 1609 3205 1651 ex
3231 1595 3528 1651 substantia
3563 1639 3579 1664 ,

1981 1702 2088 1742 non
2115 1703 2181 1742 ex
2209 1687 2426 1741 nomine
2475 1686 2780 1757 deputatur.
2841 1685 3081 1758 Denique
3119 1687 3224 1744 hoe
3249 1698 3304 1744 et
3343 1688 3580 1745 Marcion

1981 1795 2080 1835 suo
2140 1779 2244 1835 deo
2293 1779 2568 1836 vindicans
2617 1778 2912 1834 secundum
2981 1787 3198 1847 statum,
3248 1795 3358 1837 non
3387 1796 3583 1838 secun-

278 1868 488 1923 admitti
529 1878 583 1922 nt
609 1884 820 1926 summo
851 1887 1047 1942 magno
1073 1871 1305 1942 aliquam
1338 1872 1610 1928 adscrihat
1639 1873 1873 1928 diminu-
1908 1871 1956 1932 B
1985 1873 2111 1928 dum
2141 1871 2457 1927 vocabulum
2483 1870 2743 1927 vindicat.
2771 1871 2830 1927 Id
2867 1887 2996 1943 ergo
3025 1886 3295 1930 summum
3325 1888 3576 1945 magnum

280 1963 480 2017 tionem
506 2005 520 2025 ,
563 1978 668 2032 qua
717 1965 1031 2034 subjiciatur
1059 1965 1150 2019 alii
1177 1980 1388 2020 summo
1417 1981 1609 2037 magno
1635 1982 1648 2020 :
1682 1966 1880 2022 desinit

277 2053 422 2108 enim
448 2095 464 2120 ,
515 2054 559 2108 si
589 2055 920 2126 subjiciatur.
955 2056 1069 2111 Non
1103 2067 1185 2112 cst
1210 2067 1388 2114 autem
1415 2059 1508 2114 Dei
1531 2059 1780 2116 desinere
1813 2061 1882 2118 de

277 2156 419 2199 statu
443 2163 542 2201 suo
568 2190 583 2214 ,
627 2149 677 2202 id
705 2160 785 2204 est
816 2166 829 2204 :
860 2150 927 2206 de
961 2167 1173 2208 summo
1204 2168 1417 2221 magno.
1455 2153 1588 2208 Nam
1620 2164 1674 2209 et
1705 2156 1755 2209 in
1789 2157 1882 2212 illo

279 2241 382 2297 deo
415 2244 624 2313 potiore
672 2246 962 2316 periclitari
994 2249 1184 2316 poterit
1212 2264 1478 2303 summum
1513 2265 1796 2320 magnum,
1835 2252 1880 2306 si

279 2335 572 2403 depretiari
599 2340 740 2408 capit
771 2338 822 2392 in
853 2339 1111 2395 Creatorc
1138 2339 1236 2412 (a).
1258 2340 1356 2402 Ita,
1381 2356 1501 2395 cum
1530 2340 1637 2396 duo
1657 2342 1727 2396 dii
1754 2357 1879 2412 pro-

282 2429 598 2485 nuntiantur
619 2430 724 2485 duo
751 2447 958 2487 summa
988 2449 1184 2503 magna
1204 2475 1219 2501 ,
1266 2450 1489 2490 necesse
1516 2446 1600 2490 est
1631 2447 1878 2492 neutrum

278 2520 452 2575 altero
476 2532 568 2576 aut
594 2523 766 2593 majus
795 2525 863 2578 sit
920 2533 1008 2578 aut
1033 2526 1207 2579 minus
1238 2568 1252 2593 ,
1302 2537 1548 2581 neutrum
1576 2528 1752 2583 altero
1782 2540 1874 2585 aut

280 2613 566 2671 sublimius
618 2626 709 2670 aut
733 2617 1015 2686 dejectius.
1044 2619 1184 2689 Nega
1241 2619 1422 2685 deum,
1443 2637 1599 2692 quem
1628 2622 1761 2678 dicis
1787 2624 1880 2680 de-

283 2709 536 2764 teriorem
569 2728 582 2763 :
616 2726 750 2782 nega
778 2728 1047 2768 summum
1077 2729 1350 2784 magnum,
1380 2731 1540 2785 quem
1568 2716 1746 2772 credis
1776 2719 1878 2772 mi-

281 2816 491 2857 norem.
539 2802 706 2858 Deum
731 2819 862 2860 vero
889 2805 1165 2861 confessus
1187 2850 1199 2871 ,
1225 2815 1512 2879 utrumque
1539 2808 1647 2863 duo
1670 2824 1879 2866 summa

277 2910 475 2964 magna
500 2896 778 2952 confessus
799 2913 878 2954 es.
899 2898 1040 2955 Nihil
1063 2900 1216 2954 alteri
1239 2901 1466 2968 adimes,
1489 2911 1581 2956 aut
1606 2903 1760 2958 alteri
1783 2903 1878 2959 ad-

272 2987 502 3043 scribes.
533 2989 846 3059 Agnoscens
865 2990 1222 3058 divinitatem,
1244 2992 1451 3063 negasti
1480 2994 1875 3052 diversitatem.

891 3101 1117 3160 CAPUT
1167 3103 1278 3164 VII.

345 3211 603 3270 Tentabis
654 3215 721 3270 ad
767 3214 883 3272 haec
899 3216 966 3272 de
991 3217 1207 3274 nomine
1235 3218 1327 3275 Dei
1349 3229 1635 3277 concutere
1665 3221 1746 3296 (2)
1777 3238 1863 3280 re-

270 3312 583 3374 tractatum,
633 3306 708 3381 (b)
759 3318 818 3364 ut
870 3310 1101 3380 passivo,
1161 3319 1218 3366 et
1267 3312 1318 3367 in
1345 3313 1480 3369 alios
1505 3330 1718 3386 quoque
1745 3332 1865 3387 per-

264 3400 459 3465 misso,
492 3401 616 3469 quia
644 3405 901 3472 scriptum
924 3404 995 3458 sit
1023 3403 1141 3476 (Ps.
1168 3403 1430 3472 LXXXII,
1459 3406 1547 3478 i):
1578 3409 1718 3464 Deus
1745 3411 1864 3466 deo-

262 3507 378 3542 rum
399 3492 536 3544 stetit
570 3492 620 3546 in
645 3494 856 3547 ecclesia
877 3494 1120 3560 deorum;
1146 3497 1199 3550 in
1219 3499 1384 3551 medio
1402 3510 1572 3554 autem
1590 3501 1708 3556 deos
1721 3503 1858 3570 diju-

261 3580 454 3636 dicabit
477 3581 579 3655 (5).
606 3584 670 3639 Î•Î¹
692 3583 786 3656 (ib.
810 3603 855 3640 Ï….
876 3585 930 3658 6)
965 3603 978 3641 :
1000 3585 1113 3659 Ego
1129 3588 1236 3642 dixi
1249 3606 1266 3644 :
1284 3588 1382 3643 Vos
1397 3589 1469 3643 dii
1488 3593 1605 3646 estis
1628 3609 1646 3657 ;
1669 3609 1766 3648 nec
1780 3602 1860 3648 ta-

261 3688 390 3729 men
438 3675 638 3731 idcirco
677 3677 756 3732 eis
803 3688 1075 3749 competat
1124 3682 1395 3749 possessio
1423 3684 1615 3739 summi
1659 3686 1859 3756 magni,

264 3769 393 3835 quia
433 3766 524 3824 dei
573 3771 1016 3840 cognominentur
1041 3815 1056 3839 ,
1093 3774 1161 3827 ita
1194 3789 1292 3830 nec
1321 3774 1588 3834 Creatori.
1618 3778 1862 3851 Respon-

256 3859 400 3913 debo
431 3869 486 3914 et
511 3860 703 3927 stulto,
727 3862 944 3931 qui-nec
972 3863 1073 3919 hoc
1099 3866 1492 3936 recogitaverit,
1527 3884 1593 3925 ne
1622 3880 1854 3928 tantum-

255 3949 378 4004 dem
407 3961 464 4005 et
505 3951 556 4006 in
611 3952 768 4007 deum
809 3953 1096 4010 Marcionis
1153 3959 1321 4027 possit
1373 3963 1673 4034 retorqueri
1719 3973 1775 4019 ut
1802 3975 1856 4022 et

1985 1965 2126 2037 quod
2165 1967 2275 2022 Deo
2318 1964 2670 2020 adscribimus
2717 1980 2786 2021 ex
2823 1965 3138 2022 substantiae
3183 1966 3320 2038 lege,
3368 1981 3473 2022 non
3516 1983 3585 2023 ex

1985 2059 2219 2115 nominis
2255 2068 2423 2124 sorte.
2457 2057 2834 2116 contendimus
2874 2074 2940 2114 ex
2983 2059 3098 2129 pari
3141 2075 3264 2116 esse
3301 2059 3500 2116 debere
3531 2061 3583 2117 in

1985 2151 2217 2218 duobus,
2246 2150 2334 2222 qui
2359 2166 2419 2205 ea
2447 2149 2741 2206 substantia
2769 2160 3024 2207 constant
3051 2167 3154 2222 qua
3186 2152 3324 2208 Deus
3353 2152 3581 2209 dicitur:

1985 2245 2108 2316 quia
2149 2246 2200 2298 in
2233 2254 2490 2315 quantum
2520 2243 2595 2298 dii
2622 2254 2901 2311 vocantur,
2944 2243 2997 2300 id
3023 2254 3104 2300 est
3130 2261 3338 2301 summa
3368 2262 3582 2319 magna,

1984 2339 2300 2394 substantiae
2325 2339 2528 2394 scilicet
2562 2339 2755 2394 merito
2797 2339 2994 2395 innatae
3031 2348 3086 2395 et
3112 2349 3348 2406 arternaa,
3391 2355 3455 2396 ac
3491 2356 3587 2411 per

1985 2431 2088 2486 hoc
2127 2446 2332 2502 magnae
2379 2430 2481 2504 (4)
2533 2441 2587 2487 et
2635 2447 2882 2499 summie,
2936 2433 2987 2487 in
3037 2443 3239 2488 tantum
3263 2449 3370 2489 non
3419 2435 3588 2505 possit

1985 2537 2252 2578 summum
2279 2537 2526 2592 magnum
2551 2522 2729 2577 minus
2750 2530 2804 2576 et
2823 2521 3062 2579 deterius
3090 2523 3196 2578 alio
3231 2539 3445 2580 summo
3472 2541 3587 2580 ma-

1982 2630 2090 2686 gno
2119 2614 2322 2669 haberi.
2353 2613 2407 2669 Si
2433 2614 2629 2669 summi
2659 2615 2833 2684 magni
2871 2613 3096 2669 felicitas
3121 2624 3176 2670 et
3199 2615 3499 2673 sublimitas
3534 2627 3588 2675 ct

1983 2709 2260 2780 integritas
2287 2707 2462 2781 stabit
2503 2708 2555 2763 in
2603 2707 2704 2763 deo
2725 2706 3031 2775 Marcionis,
3063 2709 3227 2764 stabit
3251 2727 3404 2782 aeque
3434 2720 3488 2768 et
3532 2715 3584 2769 in

1984 2811 2206 2858 nostro:
2231 2802 2275 2856 si
2303 2816 2410 2856 non
2440 2809 2495 2856 et
2533 2801 2585 2856 in
2630 2811 2817 2857 nostro
2838 2842 2853 2869 ,
2881 2815 3034 2872 teque
3074 2815 3175 2858 nec
3201 2802 3252 2858 in
3278 2801 3581 2860 Marcionis.

1984 2894 2126 2966 Ergo
2152 2909 2250 2950 nec
2275 2894 2422 2965 paria
2450 2901 2611 2949 erunt
2643 2892 2750 2949 duo
2801 2907 3010 2949 summa
3055 2909 3269 2965 magna,
3312 2897 3436 2967 quia
3458 2912 3583 2968 pro-

1981 2988 2129 3044 hibet
2171 2986 2275 3060 (d)
2313 2986 2572 3056 disposita
2601 2985 2713 3056 jam
2762 2985 2943 3055 regula
2980 2986 3174 3043 summi
3206 2988 3404 3057 magni,
3435 3003 3584 3044 com-

1981 3080 2312 3151 parationem
2359 3093 2465 3133 non
2512 3077 2861 3142 sustinentis;
2913 3091 3014 3132 nec
3063 3077 3320 3149 disparia,
3371 3080 3497 3151 quia
3526 3091 3582 3138 et

1980 3175 2082 3230 alia
2112 3172 2306 3228 summi
2328 3171 2505 3242 magni
2531 3169 2712 3240 regula
2738 3171 2994 3235 occurrit,
3023 3170 3436 3228 diminutionem
3473 3189 3579 3230 non

1892 3264 1939 3330 C
1970 3267 2278 3323 admittens.
2305 3263 2538 3331 Haesisti,
2562 3263 2819 3328 Marcion,
2843 3264 2896 3319 in
2922 3262 3101 3320 medio
3126 3263 3282 3321 Ponti
3306 3265 3381 3320 tui
3402 3276 3539 3323 aestu
3559 3283 3580 3322 :

1970 3361 2221 3430 utrinque
2249 3369 2301 3414 te
2328 3357 2521 3413 ï¬‚uctus
2544 3355 2784 3412 veritatis
2810 3355 3109 3411 involvunt.
3134 3354 3249 3413 Nec
3272 3371 3454 3428 pares,
3480 3373 3578 3415 nec

1967 3455 2211 3523 dispares
2261 3451 2391 3507 deos
2436 3451 2627 3506 sistere
2676 3457 2848 3520 potes.
2902 3448 3019 3504 Duo
3065 3450 3206 3506 enim
3265 3466 3371 3506 non
3426 3462 3572 3522 sunt,

1967 3547 2110 3619 quod
2135 3544 2397 3616 pertineat
2424 3542 2635 3612 proprie
2654 3541 2720 3596 ad
2743 3541 2949 3597 muneri
2979 3550 3343 3599 retractatum.
3368 3542 3568 3611 Quam-

1965 3657 2126 3714 quam
2150 3648 2257 3696 tota
2289 3637 2511 3694 materia
2540 3636 2610 3692 de
2639 3636 2847 3692 duobus
2874 3635 2978 3691 diis
3007 3636 3291 3692 dimicetur
3314 3677 3328 3701 ,
3363 3635 3448 3692 his
3483 3639 3566 3693 in-

1967 3734 2121 3791 terim
2149 3732 2307 3788 lineis
2325 3747 2443 3787 eam
2473 3731 2753 3794 clusimus,
2777 3729 2913 3784 intra
2943 3745 3076 3801 quas
3099 3727 3167 3785 do
3193 3729 3557 3801 singularibus

1960 3827 2071 3898 jam
2099 3821 2510 3896 proprietatibus
2539 3819 2970 3893 congrediemur.

2569 3934 2796 3991 CAPUT
2826 3932 2964 3990 VIII.

253 4041 407 4097 illum
450 4041 632 4110 deum,
663 4059 764 4100 nec
793 4046 914 4102 ideo
941 4056 1118 4104 tamen
1147 4063 1416 4106 summum
1450 4069 1700 4125 magnum
1731 4072 1855 4128 pro-

259 4135 469 4202 batum,
489 4137 627 4192 sicut
645 4154 746 4195 nec
762 4141 935 4209 angeli
948 4153 1040 4197 aut
1057 4142 1298 4201 homines
1316 4147 1605 4204 Creatoris.
1633 4149 1690 4206 Si
1706 4165 1854 4208 com-

2031 4064 2236 4125 Primo,
2277 4055 2566 4130 supercilio
2607 4062 2880 4125 stuporem
2921 4064 3077 4106 suum
3109 4047 3381 4106 edificant
3424 4049 3565 4107 Mar-

1958 4156 2235 4221 cionistae,
2269 4150 2410 4223 quod
2458 4163 2653 4204 novum
2702 4145 2860 4201 deum
2909 4143 3214 4216 proferant,
3265 4147 3418 4215 quasi
3466 4160 3564 4201 nos

251 4229 442 4283 munio
467 4232 742 4286 nominum
763 4233 1156 4291 conditionibus
1185 4239 1522 4308 prmjudicat,
1549 4245 1730 4312 quanti
1756 4261 1851 4302 ne-

1966 4249 2149 4306 veteris
2181 4247 2272 4302 Dei
2303 4243 2516 4315 pudeat.
2545 4240 2802 4296 Inï¬‚antur
2839 4246 2894 4293 et
2920 4237 3071 4306 pueri
3114 4237 3268 4292 novis
3320 4235 3559 4304 calceis;

247 4337 411 4391 quam
436 4322 576 4376 servi
611 4337 792 4394 regum
810 4327 1405 4398 nominibusinsnltant,
1435 4331 1504 4403 (Îµ)
1529 4335 1841 4405 Alexandri,

1966 4343 2045 4400 ted
2080 4357 2110 4397 a
2136 4349 2317 4395 vetere
2345 4335 2632 4407 paedagogo
2662 4331 2762 4404 (Îµ)
2787 4329 3011 4384 calceati
3037 4343 3162 4383 mox
3209 4343 3402 4384 vanam
3438 4329 3557 4401 glo.

245 4425 301 4469 et
326 4415 494 4478 Darii,
545 4425 600 4470 et
655 4416 1141 4477 Holofernis?nec
1171 4432 1348 4483 tamen
1380 4423 1501 4481 ideo
1523 4429 1756 4497 regibus,
1788 4433 1840 4488 id
1950 4437 2085 4491 riam
2134 4429 2483 4501 vapulabunt.
2535 4423 2743 4482 Novum
2791 4421 2951 4492 igitur
3010 4419 3236 4481 audiens
3289 4419 3450 4479 deum
3504 4421 3557 4477 in

1487 4538 1869 4604 LECTIONES
1905 4543 2320 4604 VARIANTES.

2012 4659 2087 4728 (Î¾.)
2120 4651 2596 4728 Ïá¿‡Î¹Î¹á½±á½·á¿³á¿ƒÎ²Î·ÎµÎ·.

2012 4659 2064 4720 (3
2122 4659 2417 4722 Dijudicavit
2448 4659 2529 4703 nm

1868 4702 1923 4763 D
2012 4659 2087 4787 (si
2120 4715 2529 4774 Etomithhen.

1633 4821 2198 4887 COMMENTARIUS.

311 4934 465 4993 CAP.
481 4934 739 5017 VI.â€”(a)
770 4935 831 4992 Si
860 4937 1133 5017 depretiari
1159 4937 1295 5017 capit
1322 4948 1564 5017 creatore.
1590 4939 1678 4997 Sic
1707 4959 1828 5017 ver-
2003 4946 2080 5017 (cl
2111 4943 2388 5017 Alexandri
2413 4951 2458 4998 et
2488 4938 2654 5017 Darii
2672 4945 2720 4992 et
2749 4933 3068 5017 Holofernis.
3099 4934 3157 4991 In
3190 4935 3324 5017 _cod.
3352 4935 3546 4996 Pithmi

232 5008 388 5071 hum,
421 5007 1417 5088 capit,usurpat_s:epius,ï¬sicut'Graeci
1449 5018 1706 5088 á¼°Î½Î´Î¾ÎºÏ€Î±Î¹.
1730 5015 1827 5072 Hic
1929 5007 2143 5088 legitur,
2173 5027 2220 5071 et
2245 5016 2528 5088 Olofernie.
2553 5022 2610 5065 ut
2640 5009 2758 5088 hate
2785 5009 2893 5088 silit
2921 5007 2972 5088 in
3004 5008 3243 5088 secundo
3272 5023 3402 5064 casu
3451 5027 3548 5064 nu-

232 5088 445 5154 tantum
483 5076 653 5154 valet,
681 5094 743 5154 ac
786 5081 832 5133 si
858 5076 1106 5154 dicasiSi
1134 5081 1468 5154 conceditur,
1497 5076 1744 5154 si'dalur,
1768 5099 1826 5143 ut
1929 5076 2072 5144 mina
2099 5076 2382 5143 servorum
2437 5081 2750 5147 Alexandri,
2807 5076 2958 5154 parii
2982 5120 2996 5141 ,
3057 5078 3363 5154 ÏÎ¶Î¿á½·ÎµÎ½Î·á¿³Îµ
3423 5097 3544 5151 qua:

229 5151 462 5230 Creath
489 5151 837 5221 depretietur.
882 5150 970 5206 Sic
1008 5151 1102 5206 lib.
1134 5150 1210 5206 II:
1250 5154 1371 5223 quia
1405 5156 1448 5209 si
1487 5168 1686 5226 caperet
1731 5150 1832 5215 hoc
1935 5163 2197 5230 scriptura
2240 5155 2558 5230 Tertulliani
2603 5167 2724 5208 esse
2774 5151 3006 5230 videtur.
3063 5150 3534 5230 Dixit_0laferuw,

217 5223 578 5303 á¿˜Ï‰á½³ÎºÎ´á½·á½¶Îµá½²á¼•Î‡
767 5292 830 5303 -._
977 5295 988 5303 _
1139 5295 1150 5303 ,
1551 5221 1561 5226 â€™
1711 5302 1716 5303 Î³
1936 5221 2389 5303 quemadmodum
2437 5227 2660 5298 Cynapa:
2715 5230 2770 5278 et
2826 5221 3276 5303 Syrenarum,niu
3306 5221 3538 5295 Aâ€™polog.

303 5291 744 5368 CAP.Vll.-5-(b)
764 5292 834 5368 Ui
851 5295 1050 5363 passivo
1065 5304 1111 5349 et
1132 5295 1185 5350 in
1202 5297 1331 5351 alios
1344 5315 1540 5368 quoque
1560 5302 1822 5368 permisso.
1954 5291 1969 5303 â€™
2478 5291 2498 5298 â·
2582 5291 2591 5296 â€™
2736 5366 2741 5368 _
2987 5363 3015 5368 _
3094 5363 3106 5368 -
3190 5292 3312 5368 810Â°

226 5365 539 5440 Hieraperte
565 5365 798 5440 Seipsum
827 5367 1227 5440 interpretatur,
1255 5365 1712 5440 ostendeus'qnid
1741 5376 1828 5429 in-

224 5438 436 5515 telligat
494 5453 588 5505 per
634 5437 927 5515 passivum,
959 5453 1080 5492 cum
1131 5439 1297 5515 dicit,
1338 5441 1544 5515 ÏÎ±Î¹)Ï„Î¿
1569 5437 1738 5515 idest)
1771 5448 1826 5501 in

223 5508 361 5564 alios
390 5524 588 5578 quoque
604 5509 865 5578 permisso.
882 5508 1012 5562 Nam
1037 5512 1306 5580 passivum
1336 5508 1729 5571 illi'commuue'
1755 5519 1826 5571 si-

224 5581 450 5656 gnificat
484 5590 556 5656 _et
595 5581 977 5656 promiscuum,
1001 5586 1068 5656 ab
1107 5581 1360 5656 adverbio
1403 5587 1614 5655 passim.
1650 5588 1822 5656 Supra

220 5653 367 5727 dixit
395 5653 445 5727 in
476 5651 580 5727 fine
605 5650 668 5704 de
694 5650 1075 5727 carneChrisli:
1095 5653 1271 5727 Alium
1293 5650 1504 5710 caneris
1527 5650 1818 5727 passivum,

222 5723 542 5788 ignobilem,
569 5723 668 5776 hoc
693 5731 776 5776 cst
813 5725 1104 5793 vulgarem.
1133 5725 1437 5782 obscurum.
1479 5723 1650 5784 Rhea.
1673 5762 1745 5771 â€”
1764 5731 1816 5787 In

219 5793 748 5872 contriliisafrieanis
799 5796 999 5872 passiva
1045 5810 1270 5861 corpora
1311 5807 1619 5872 martyrum
1670 5803 1815 5861 dice-

219 5865 442 5930 bantur,
476 5865 525 5920 id
554 5874 654 5933 est,
686 5867 1007 5936 promiscua,
1040 5871 1258 5935 Ï„á½ºÏ‡á½¹Î½Î¹-ÎµÎ¹.
1290 5870 1455 5926 Î´ÎµÎ¸Îµá½·Î·

308 4643 355 4712 (t
366 4650 383 4712 )
419 4645 531 4712 Î¼Ï‚.
558 4643 751 4695 saltem.

308 4650 352 4710 (t
419 4650 531 4712 Leg.
558 4650 751 4695 saltem.

308 4650 383 4772 (2}
416 4707 717 4760 Convertere
742 4716 952 4772 Franeq.

2003 5373 2082 5447 (tl)
2151 5373 2410 5447 Disposita
2444 5371 2559 5442 jam
2599 5366 2797 5447 regula,
2844 5373 2951 5447 etc:
2987 5363 3164 5419 Posita
3210 5363 3298 5419 illa
3351 5369 3533 5447 regula

1928 5435 2024 5501 seu
2064 5435 2210 5514 'jacto
2240 5435 2587 5500 fundamento
2615 5435 2683 5494 de
2710 5452 2815 5514 qug
2864 5435 3034 5514 tribus
3062 5450 3220 5514 _s_up._
3242 5450 3389 5506 cap.,
3419 5435 3534 5493 duo

1926 5518 1998 5571 dii
2030 5506 2150 5573 esse
2180 5533 2286 5572 non
2310 5521 2581 5587 poterunt,
2611 5509 2753 5580 quod
2778 5509 3032 5564 Ponticus
3061 5506 3296 5564 Marcion
3322 5519 3530 5566 statue-

1927 5589 2038 5643 bat.
2065 5588 2140 5643 Le
2175 5589 2268 5643 Î¡Î·.

1994 5661 2149 5716 CAP.
2171 5655 2459 5733 VIII.â€”(e)
2488 5654 2711 5733 Calceati
2730 5667 2910 5706 vanam
2940 5650 3175 5733 gloriam.
3206 5649 3436 5733 Sicnlib.
3462 5652 3528 5733 I_II

1921 5731 2177 5787 adversus
2191 5720 2532 5792 MarcioiiÃ©m.
2560 5726 2819 5781 Calceatos
2843 5720 3520 5795 preparatiouemï¬‚vangi-

1919 5804 1977 5856 lii
1997 5805 2156 5874 pacis.
2206 5814 2259 5858 ct
2294 5803 2387 5858 lib.
2417 5801 2485 5858 de
2523 5789 2781 5864 'Corona.
2833 5789 3098 5850 Cairealus
3149 5791 3214 5849 de
3254 5789 3527 5868 Evang'elt't'

1913 5886 2177 5942 paratum.
2212 5876 2328 5932 Ilio.
