4262 6490
708 374 823 437 255

2138 378 2594 439 TERTULLIANI

3916 380 4025 440 256

709 506 895 553 vetere
938 493 1144 561 mundo
1166 504 1221 555 et
1270 494 1326 554 in
1352 502 1534 553 vetere
1560 508 1698 565 :evo,
1747 501 1803 553 et
1857 495 1959 553 sub
1986 504 2170 553 vetere
2202 496 2310 553 Deo
2338 498 2389 559 Α
2418 496 2494 551 ita
2516 505 2571 551 et
2597 496 2855 551 incertum
2908 493 3055 552 Deus
3078 503 3281 553 certus.
3333 494 3443 553 Sed
3490 509 3595 552 non
3643 495 3915 567 evagabor
3945 498 4025 552 uti

713 588 981 660 ignotum,
1018 589 1335 656 inauditum,
1389 604 1549 661 quem
1579 589 1743 645 tantis
1782 598 1929 645 retro
1956 590 2170 645 smculis
2214 604 2313 644 ne-

711 683 937 745 minem,
984 691 1036 735 et
1097 682 1207 751 ipsa
1239 680 1349 753 (l)
1388 681 1687 753 ignorantia
1746 682 2047 751 antiquum,
2096 680 2314 751 quidam

710 769 869 827 Jesus
912 772 1154 827 Christus
1192 770 1322 845 (2),
1352 782 1407 829 et
1453 772 1547 828 ille
1594 773 1649 827 in
1693 772 1966 827 veteribus
2009 773 2314 827 nominibus

712 881 885 923 novus
934 869 1278 934 revelaverit,
1331 882 1431 923 nec
1484 867 1621 923 alius
1668 865 1927 930 antehac;
1984 868 2182 937 gratias
2212 880 2315 936 ago

714 956 841 1014 huic
866 958 1051 1029 gloria:
1080 964 1290 1025 eorum,
1321 960 1556 1015 maximo
1582 957 1849 1029 adjutorio
1876 958 1993 1028 ejus
2040 960 2164 1013 hinc
2202 958 2312 1029 jam

713 1048 961 1107 heresim
990 1052 1331 1122 probaturus,
1365 1066 1517 1107 nova:
1553 1050 1761 1106 scilicet
1786 1048 2082 1105 divinitatis
2110 1049 2316 1119 profes-

712 1145 943 1202 sionem.
976 1144 1103 1201 Hec
1145 1146 1251 1201 erit
1280 1147 1514 1210 novitas,
1548 1160 1667 1216 qua?
1694 1144 1853 1200 etiam
1904 1142 2137 1199 ethnicis
2184 1143 2316 1198 deos

711 1238 943 1310 peperit,
988 1252 1128 1294 novo
1170 1252 1388 1309 semper
1426 1254 1491 1293 ac
1519 1252 1660 1293 novo
1690 1238 1843 1294 titulo
1889 1239 2315 1293 consecrationis

711 1329 991 1400 cujusque.
1038 1329 1169 1398 Quis
1218 1329 1351 1385 deus
1376 1343 1573 1397 novus,
1602 1330 1703 1386 nisi
1727 1330 1938 1385 falsus?
1966 1330 2069 1401 (η)
2114 1329 2191 1385 Ne
2217 1329 2317 1385 Sa-

713 1430 931 1477 turnum
953 1422 1168 1493 quidem
1188 1430 1330 1477 tanta
1355 1422 1515 1479 hodie
1535 1423 1826 1493 antiquitas
1859 1421 2019 1479 deum
2045 1421 2313 1493 probabit,

712 1515 839 1586 quia
891 1525 945 1568 et
998 1513 1144 1569 illum
1192 1515 1403 1570 novitas
1450 1514 1739 1586 aliquando
1807 1512 2140 1584 produxerit,
2192 1529 2314 1568 cum

712 1604 943 1678 primum
971 1606 1328 1662 consecravit.
1360 1606 1431 1662 At
1458 1606 1601 1661 enim
1620 1606 1736 1660 viva
1759 1615 1813 1660 et
1837 1620 2093 1676 germana
2115 1604 2314 1659 dirim-

714 1705 817 1761 tas,
869 1711 967 1753 nec
991 1697 1058 1753 de
1090 1700 1347 1759 novitate,
1399 1712 1499 1753 nec
1538 1696 1608 1753 de
1648 1705 1930 1760 vetustate,
1982 1696 2078 1751 sed
2125 1696 2193 1751 de
2217 1710 2315 1751 sua

710 1788 937 1844 veritate
958 1797 1231 1845 censetur.
1256 1787 1370 1844 Non
1398 1787 1558 1843 habet
1580 1798 1787 1859 tempus
1821 1787 2131 1854 aeternitas;
2155 1780 2317 1843 omne

2420 589 2614 644 dicam.
2644 588 2785 643 Deus
2832 589 2874 643 si
2906 590 2987 659 (4)
3018 590 3229 661 ignotus
3257 587 3355 644 fuit
3382 589 3665 661 latuitque,
3693 591 3842 645 illum
3874 592 4027 660 regio

2422 680 2746 736 latebrarum
2798 682 3159 748 obumbravit,
3193 698 3329 738 nova
3357 684 3543 754 utique
3583 694 3636 738 et
3664 684 3798 753 ipsa,
3829 694 3886 738 et
3912 683 4027 754 (5)

2420 773 2620 844 ignota,
2652 784 2707 829 et
2745 775 2995 831 similiter
3038 790 3179 831 nunc
3220 791 3436 847 quoque
3476 777 3720 843 incerta;
3751 787 3900 833 certe
3928 778 4031 832 im-

2418 881 2605 922 mensa
2635 866 2831 937 aliqua,
2856 876 2911 921 et
2932 869 3101 938 major
3124 867 3420 925 indubitate
3448 884 3513 925 eo
3534 869 4020 940 qnemahscondit.

2420 956 2525 1013 Sed
2556 958 2789 1015 breviter
2840 974 3135 1029 proponam
3160 1001 3177 1027 ,
3220 969 3274 1015 et
3303 960 3385 1033 (ιι)
3418 961 3728 1029 plenissime
3757 976 4026 1031 exsequar

2420 1052 2776 1122 prmscrihens
2843 1052 3005 1106 deum
3064 1051 3303 1122 ignorari
3348 1068 3447 1107 nec
3493 1054 3750 1123 potuisse,
3806 1054 4030 1109 nomine

2421 1142 2837 1214 magnitudinis,
2896 1157 2995 1198 nec
3041 1143 3316 1210 debuisse,
3378 1146 3597 1200 nomine
3655 1145 4021 1215 benignitatis,

2421 1236 2715 1305 praesertim
2773 1234 2826 1289 in
2874 1244 3103 1305 utroque
3129 1234 3491 1305 prtelatiorem
3522 1245 3707 1291 nostro
3744 1234 4025 1291 Creatore.

2418 1328 2523 1385 Sed
2551 1329 2808 1400 quoniam
2837 1328 3215 1385 animadverto
3243 1330 3295 1384 in
3323 1328 3642 1399 quibusdam
3695 1329 3760 1384 ad
3793 1328 4027 1385 formam

2418 1420 2695 1475 Creatoris
2722 1421 3003 1491 provocari
3034 1430 3288 1491 oportere
3316 1422 3493 1476 omnis
3527 1421 3619 1477 Dei
3647 1422 3769 1477 novi
3796 1431 3851 1477 et
3880 1432 4029 1477 retro

2422 1516 2585 1586 ignoti
2620 1514 3138 1586 prohationem,hoc
3191 1516 3364 1586 ipsum
3411 1516 3618 1570 ratione
3647 1514 3821 1571 fieria
3870 1514 4028 1569 nobis

2420 1613 2569 1681 prius
2610 1609 2991 1664 commendare
3030 1608 3259 1674 debebo,
3289 1623 3398 1679 quo
3424 1610 3755 1663 constantius
3788 1616 3909 1663 utar
3939 1621 4028 1661 ra-

2421 1704 2581 1759 tionis
2607 1702 2765 1758 edit:e
2794 1702 3115 1773 patrocinio.
3170 1704 3309 1758 Ante
3360 1703 3541 1757 omnia
3569 1701 3809 1772 quidem,
3863 1702 4027 1773 quale

2419 1805 2521 1860 est,
2554 1795 2716 1865 utqui
2742 1795 2911 1850 Deum
2953 1793 3198 1867 agnoscis
3223 1792 3558 1860 Creatorem,
3582 1803 3638 1849 et
3681 1793 3915 1865 priorem
3958 1793 4031 1849 de

716 1881 861 1937 enim
895 1890 1105 1951 tempus
1131 1881 1241 1951 ipsa
1273 1889 1377 1937 est.
1425 1879 1579 1948 Quod
1611 1880 1757 1949 facit,
1809 1881 1919 1951 pati
1968 1894 2073 1935 non
2118 1888 2314 1951 potest.
2349 1896 2397 1957 Β
2427 1888 2612 1943 notitia
2658 1888 2950 1954 conliteris,
3002 1902 3107 1942 non
3136 1886 3343 1942 eisdem
3388 1885 3564 1942 modis
3606 1896 3661 1942 et
3683 1886 3847 1940 alium
3887 1886 4030 1940 scias

714 1971 873 2029 Caret
903 1982 1080 2039 aetate,
1107 1973 1250 2044 quod
1280 1990 1383 2029 non
1412 1974 1538 2029 licet
1564 1974 1731 2029 nasci.
1764 1972 1937 2039 Deus,
1969 1972 2013 2025 si
2043 1980 2127 2028 est
2142 1982 2317 2045 vetus,

713 2082 821 2125 non
843 2067 997 2124 erit:
1048 2067 1095 2122 si
1146 2077 1230 2123 est
1277 2082 1464 2135 novus,
1519 2082 1625 2123 non
1665 2066 1785 2122 fuit.
1834 2065 2057 2124 Novitas
2108 2066 2317 2121 initium

714 2162 1053 2228 testificatur,
1079 2171 1316 2218 vetustas
1343 2162 1503 2217 finem
1535 2162 1915 2217 comminatur.
1948 2160 2089 2215 Dens
2136 2167 2315 2213 autem

716 2266 825 2311 tam
853 2256 1063 2311 alienus
1102 2256 1170 2309 ah
1216 2256 1367 2311 initio
1408 2267 1459 2311 et
1507 2256 1610 2313 line
1637 2264 1741 2321 est,
1783 2270 1945 2325 quam
1987 2269 2016 2307 a
2050 2264 2316 2325 tempore,

715 2349 921 2404 arbitro
941 2360 996 2404 et
1022 2357 1285 2404 metatore
1308 2348 1442 2403 initii
1469 2358 1523 2403 et
1557 2347 1700 2402 finis.

1324 2442 1553 2500 CAPUT
1590 2442 1681 2498 IX.

787 2536 914 2595 Scio
964 2536 1179 2610 quidem
1226 2552 1333 2610 quo
1361 2552 1521 2593 sensu
1568 2552 1765 2593 novum
1822 2536 1983 2593 deum
2029 2536 2314 2607 jactitent,

716 2634 987 2705 agnitione
1032 2634 1252 2704 utique;
1300 2632 1394 2688 sed
1442 2643 1495 2687 et
1528 2633 1698 2701 ipSam
1747 2633 2001 2687 novitatis
2056 2631 2319 2702 cognitio-

716 2742 842 2785 nem
899 2728 1044 2798 (5),
1106 2726 1496 2798 percutientem
1553 2726 1716 2781 rudes
1761 2728 1989 2792 animas,
2043 2728 2320 2797 ipsamque

722 2820 1022 2875 naturalem
1065 2819 1316 2875 novitatis
1354 2818 1744 2889 gratiositatem
1781 2818 1922 2873 volui
1954 2827 2315 2887 repercutere,

718 2918 774 2965 et
804 2909 928 2964 hinc
949 2908 1059 2979 jam
1086 2909 1154 2965 de
1198 2908 1379 2980 ignoto
1429 2909 1533 2964 deo
1584 2923 1898 2979 provocare.
1954 2909 2145 2978 Utique
2174 2909 2318 2963 enim

719 3017 879 3074 quem
909 3003 1181 3072 agnitione
1204 3017 1399 3057 novum
1422 3011 1721 3073 opponunt,
1747 3002 1985 3073 ignotum
2016 3011 2143 3056 ante
2172 3002 2321 3069 agni-

720 3100 921 3155 tionem
948 3098 1341 3153 demonstrant.
1394 3098 1506 3167 Age
1555 3096 1736 3167 igitur,
1782 3095 1849 3151 ad
1886 3097 2055 3151 lineas
2100 3109 2317 3151 rursum

719 3198 775 3247 et
802 3190 853 3244 in
876 3189 1131 3260 gradum;
1160 3187 1423 3260 persuade
1463 3187 1621 3244 deum
1648 3189 1886 3258 ignotum
1915 3203 2036 3242 esse
2058 3186 2315 3258 potuisse.

2426 1982 2518 2037 tibi
2543 1980 2985 2045 examinandum,
3031 1979 3225 2051 quibus
3252 1979 3363 2051 jam
3408 1979 3461 2034 in
3509 1979 3614 2033 alio
3660 1978 3890 2034 didicisti
3924 1977 4030 2049 (6)

2427 2075 2592 2130 Deum
2621 2075 2814 2130 nosse?
2844 2073 3031 2130 Omnis
3061 2088 3147 2129 res
3175 2072 3411 2128 anterior
3446 2070 3731 2143 posteriori
3776 2086 4023 2125 normam

2423 2167 2884 2239 praministravit.
2933 2167 3047 2220 Duo
3074 2178 3215 2220 nunc
3238 2164 3312 2219 dii
3356 2173 3749 2234 proponuntur,
3817 2163 4033 2232 ignotus

2424 2273 2474 2315 et
2505 2269 2683 2314 notus.
2734 2260 2808 2314 De
2837 2268 2964 2313 noto
3007 2268 3159 2313 vacat
3187 2257 3442 2328 quaestio:
3475 2271 3597 2311 esse
3625 2271 3746 2309 cum
3790 2263 4029 2322 constat,

2425 2356 2551 2424 quia
2578 2362 2735 2407 notus
2782 2368 2886 2406 non
2936 2351 3144 2415 fuisset,
3176 2351 3277 2405 nisi
3299 2358 3463 2405 esset.
3513 2349 3588 2404 De
3628 2349 3811 2421 ignoto
3863 2349 4032 2404 instat

2424 2446 2739 2500 altercatio:
2788 2454 2965 2515 potest
2995 2444 3141 2499 enim
3188 2452 3243 2499 et
3280 2458 3386 2498 non
3428 2455 3583 2509 esse;
3616 2444 3737 2512 quia
3784 2443 3828 2496 si
3857 2449 4027 2509 esset,

2425 2549 2584 2595 notus
2608 2538 2815 2593 fuisset.
2840 2535 2992 2603 Quod
3016 2550 3145 2607 ergo
3169 2536 3430 2606 quzritur
3450 2533 3703 2605 quamdiu
3732 2534 4030 2604 ignoratur,

2426 2634 2688 2689 incertum
2724 2632 2829 2704 (7)
2875 2640 2959 2687 est
2984 2629 3237 2701 quamdiu
3270 2631 3561 2700 quaeritur:
3589 2640 3644 2683 et
3697 2638 3876 2700 potest
3922 2643 4030 2684 non

2425 2740 2569 2789 esse,
2591 2724 2844 2795 quamdiu
2873 2723 3137 2777 incertum
3170 2721 3247 2792 (8)
3276 2731 3377 2776 est.
3405 2720 3580 2775 Habes
3605 2720 3771 2775 Deum
3792 2727 4026 2785 certum,

2424 2833 2528 2889 qua
2558 2826 2778 2879 notum;
2823 2825 2876 2869 et
2922 2816 3206 2880 incertum,
3260 2829 3362 2882 qua
3395 2814 3653 2882 ignotum.
3700 2812 3755 2868 Si
3801 2812 3875 2866 ita
3922 2822 4029 2879 cst,

2426 2908 2617 2979 ecquid
2648 2907 2740 2962 tibi
2784 2906 2999 2962 videtur
3035 2907 3178 2977 justa
3206 2905 3413 2960 ratione
3434 2904 3673 2969 defendi,
3704 2916 3759 2959 ut
3806 2903 3876 2959 ad
3907 2920 4034 2959 nor-

2427 3017 2566 3057 mam
2600 3009 2656 3054 ct
2684 2999 2909 3054 formam
2936 3008 2989 3053 et
3033 2997 3271 3068 regulam
3315 3006 3586 3051 certorum
3616 2996 3913 3067 probentur
3936 2996 4019 3050 in-

2424 3093 2613 3149 certa?
2640 3090 2939 3153 Caeterum,
2959 3090 3002 3144 si
3032 3088 3099 3144 ad
3129 3090 3263 3144 hanc
3290 3096 3631 3152 caussam,et
3660 3088 3829 3159 ipsam
3852 3086 4034 3143 adhuc

2427 3188 2704 3251 incertam,
2737 3186 2901 3239 etiam
2947 3191 3261 3253 argumenta
3292 3180 3360 3237 de
3390 3181 3614 3236 incertis
3645 3180 4028 3246 adhibeantur,

719 3284 817 3356 (ὁ)
853 3282 1071 3337 Invenio
1116 3282 1275 3352 plane
1319 3281 1513 3352 igu0tis
1544 3280 1645 3334 diis
1675 3295 1798 3334 aras
1830 3282 2177 3350 prostitutas;
2225 3277 2318 3333 sed
2348 3294 2393 3357 (ς
2427 3278 2597 3333 series
2624 3274 2982 3346 implicabitur
3020 3274 3373 3344 quastionum
3396 3312 3413 3339 ,
3436 3288 3504 3327 es
3532 3272 3771 3340 ipsorum
3818 3286 4034 3341 quoque

719 3380 879 3434 attica
906 3376 1203 3433 idololatria
1224 3384 1309 3431 est
1338 3394 1350 3430 :
1382 3376 1401 3445 (
1424 3378 1483 3443 c)
1514 3376 1661 3441 item,
1689 3374 1912 3429 incertis
1939 3374 2077 3439 diis;
2112 3372 2207 3428 scd
2234 3388 2324 3427 su-

719 3472 966 3543 perstitio
1016 3484 1237 3525 romana
1275 3478 1377 3525 est.
1408 3468 1597 3534 Porro,
1643 3469 1829 3524 incerti
1859 3468 1931 3523 dii
1976 3469 2154 3522 minus
2182 3468 2318 3530 noti,

725 3572 783 3618 ut
811 3564 989 3618 minus
1031 3562 1201 3629 certi;
1232 3571 1288 3616 et
1317 3562 1540 3630 proinde
1582 3562 1765 3630 ignoti,
1807 3576 1911 3631 qua
1942 3560 2119 3615 minus
2164 3560 2321 3615 certi.

724 3655 896 3724 Quem
941 3655 1151 3709 titulum
1183 3654 1480 3709 incidemus
1504 3667 1570 3708 ex
1599 3653 1809 3708 duobus
1870 3654 1975 3708 deo
2000 3652 2324 3708 Marcionis?

727 3746 1045 3819 Utrumque,
1076 3748 1287 3819 opinor,
1318 3756 1373 3803 ct
1400 3761 1543 3801 nunc
1590 3746 1815 3811 incerto,
1843 3755 1898 3800 et
1935 3755 2079 3800 retro
2119 3746 2321 3815 ignoto.

718 3837 868 3897 Sicut
912 3841 1056 3897 enim
1089 3839 1327 3911 ignotum
1379 3852 1503 3895 cum
1535 3837 1661 3896 fecit
1712 3838 1852 3895 Deus
1886 3846 2045 3893 notus
2072 3836 2318 3903 (lreator,

2428 3380 2864 3443 argumentorum
2912 3382 3065 3437 :cque
3099 3366 3428 3421 incertorum
3460 3375 3774 3430 retraetatu,
3818 3364 4035 3435 pericli-

2427 3467 2653 3521 tantium
2686 3463 2753 3517 de
2781 3462 2883 3516 fide
2918 3476 3013 3533 per
3060 3461 3358 3525 incertum;
3387 3468 3440 3515 ct
3466 3459 3629 3516 ibitur
3677 3460 3729 3514 in
3759 3458 3884 3513 illas
3921 3460 4031 3529 jam

2427 3555 2917 3613 indcterminahiles
2948 3554 3293 3624 quastioncs,
3319 3567 3452 3622 quas
3484 3551 3774 3621 Apostolus
3802 3551 3822 3623 (
3857 3550 4034 3605 lTim.

2428 3648 2473 3711 l,
2509 3648 2576 3719 4)
2623 3663 2731 3703 non
2764 3654 2930 3700 amat.
2964 3645 3059 3701 Sin
3086 3644 3152 3698 de
3173 3644 3358 3707 certis,
3391 3652 3445 3697 et
3472 3642 3805 3709 indubitatis,
3832 3653 3888 3697 et
3934 3644 4027 3698 ab-

2431 3743 2623 3797 solutis
2657 3740 2877 3809 reguke,
2912 3737 3155 3807 partibus
3181 3737 3419 3803 incertis,
3448 3744 3505 3791 et
3529 3736 3705 3791 dubiis
3732 3745 3787 3791 et
3818 3737 4039 3807 inexpe-

2432 3834 2557 3889 ditis
2576 3829 3002 3904 prejudicabunt
3028 3830 3203 3901 plane,
3235 3829 3288 3885 in
3320 3829 3514 3900 quibus
3540 3828 3830 3886 diversitas
3858 3838 4035 3886 status

1948 3950 2333 4009 LECTIONES
2372 3944 2789 4008 VARIANTES.

817 4070 859 4144 ll
894 4071 1057 4144 ῐρθαητ
1081 4066 1288 4144 ἓςηιέεν-

894 4132 1065 4206 {esum
1092 4134 1337 4206 Christum
1358 4132 1524 4206 alii.”
1598 4194 1607 4204 .

788 4201 837 4258 (3
898 4198 1040 4247 Forte
1061 4198 1323 4246 novitatem
1347 4198 1655 4253 cognitionis.

786 4202 861 4324 (3)
897 4261 950 4311 Si
973 4260 1101 4311 abest
1125 4260 1275 4309 Fran.
1304 4256 1462 4309 Paris.

2489 4066 2562 4125 (5)
2596 4065 2657 4115 Et
2678 4062 2806 4115 abest
2830 4070 2978 4113 nan.
3008 4061 3170 4114 Paris.

2491 4130 2565 4193 (6)
2600 4128 2801 4193 pidicist
2812 4128 2853 4175 is
2880 4126 3023 4193 Riten.

2488 4187 2563 4251 (7)
2601 4190 2654 4239 ln
2679 4192 2869 4239 incerto
2893 4187 3041 4239 (then.

2490 4254 2562 4317 (8)
2599 4252 2685 4305 ια.

2067 4358 2627 4420 COMMENTARIUS.

798 4483 850 4548 (a
881 4481 901 4555 )
939 4479 1022 4536 Ne
1051 4481 1337 4555 Saturnum
1359 4480 1581 4547 intidem,
1605 4489 1707 4555 etc.
1736 4479 1811 4535 Ex
1836 4479 2077 4555 novitate
2106 4478 2329 4535 deorum

728 4552 1014 4610 falsitatem
1052 4554 1407 4617 demonstrat,
1441 4555 1488 4606 id
1513 4568 1641 4606 vero
1668 4553 1884 4625 Apolog.
1926 4552 1992 4606 lt)
2040 4562 2326 4625 cap.trac-

730 4627 883 4682 lavit.
940 4625 1167 4679 Proinde
1215 4625 1515 4687 Saturnum,
1566 4625 1756 4693 inquit,
1795 4623 2058 4691 repentino
2107 4623 2325 4675 aduentu

730 4697 902 4764 utique
938 4697 1151 4750 ctrlitem
1179 4698 1385 4765 contigit
1411 4696 1533 4749 dici.
1566 4693 1701 4748 Nam
1729 4704 1774 4748 et
1800 4705 1947 4747 terra:
1977 4696 2110 4760 [ilius
2142 4697 2322 4764 vulgus

734 4778 899 4833 vocat,
930 4784 1145 4834 quorum
1162 4785 1319 4837 genus
1346 4768 1589 4820 incertum
1620 4775 1707 4820 est.
1734 4766 1901 4819 Taceo
1922 4766 2057 4834 quod
2080 4766 2150 4817 ita
2175 4766 2328 4818 rudes

733 4839 905 4892 adhuc
932 4836 1418 4909 Iiornines’agebant,
1436 4848 1490 4890 ut
1516 4837 1784 4909 cujuslibet
1806 4838 1921 4890 novi
1947 4836 2328 4909 ririadspectu,

733 4913 878 4981 quasi
901 4911 1092 4970 diuino,
1116 4908 1564 4981 commoverentur.
1586 4908 1793 4981 Nullius
1813 4909 1889 4962 rei
1914 4908 2201 4981 paraltilior
2218 4914 2334 4961 erat

735 4978 946 5035 annona
988 4997 1145 5051 quam
1190 4980 1412 5035 deorum
1461 4980 1599 5049 apud
1630 4978 2133 5051 etltnicosbl‘iullus
2156 4988 2333 5051 autem

736 5052 969 5109 Saturno
992 5049 1237 5122 superior
1262 5052 1326 5105 iis
1354 5051 1644 5106 ferebatur.
1682 5051 1820 5122 Virg.
1840 5049 1953 5105 V'Ill
1985 5049 2200 5105 ASneid.

831 5167 1025 5217 Primus
1040 5167 1104 5215 ab
1125 5166 1351 5216 ethereo
1375 5168 1512 5216 venit
1534 5165 1775 5215 Saturnus
1788 5164 1999 5228 olympo,

832 5230 981 5279 Arata
1013 5228 1150 5279 Jovis
1170 5228 1369 5292 fugiens
1391 5235 1444 5278 et
1461 5230 1631 5291 regnis
1654 5228 1772 5278 exul
1790 5225 2049 5289 ademptis.
2085 5225 2153 5275 Ls:
2189 5225 2279 5276 Pa.

810 5332 961 5390 CAP.
983 5331 1233 5405 [Xa—(lt)
1252 5332 1460 5405 Invenio
1471 5334 1640 5403 plane,
1656 5343 1761 5389 etc.
1781 5331 2054 5388 Alluditad
2072 5332 2198 5387 illttd
2216 5333 2354 5403 Apo-

640 5474 643 5475 ν
738 5406 884 5466 stoli,
912 5407 1032 5475 Act.
1074 5403 1249 5461 XVII:
1270 5403 1447 5459 Inueni
1470 5415 1515 5458 et
1542 5422 1707 5469 (main,
1735 5406 1787 5457 in
1810 5421 1909 5475 qua
1935 5406 2178 5473 scriptum
2205 5415 2344 5458 erat:

738 5478 912 5549 ignoto
934 5474 1075 5549 _Dﬁeo.
1114 5477 1272 5543 Quod
1300 5492 1420 5530 cum
1452 5477 1677 5531 Athenis
1717 5478 2030 5549 contigerit,
2059 5484 2204 5549 recte
2228 5477 2351 5529 atti-

739 5546 857 5601 cam
901 5546 1251 5602 idololatriam
1274 5557 1460 5612 vocat;
1494 5558 1653 5618 atque
1675 5563 1903 5617 grmcam
1930 5547 2330 5617 inscriptionem

740 5619 905 5674 fuisse
934 5618 1121 5673 scribit
1160 5620 1211 5673 in
1243 5635 1365 5673 eum
1394 5622 1566 5675 locum
1596 5618 1957 5675 OEcumenius
1979 5625 2195 5689 ἀγνωστῷ
2220 5622 2332 5682 ora,

740 5691 859 5759 ejus
885 5690 1018 5744 duas
1048 5705 1239 5743 causas
1266 5691 1493 5746 alferens
1518 5708 1529 5743 :
1562 5692 1785 5745 alteram
1814 5692 1953 5759 quod
1981 5734 1992 5751 ,
2019 5705 2140 5743 cum
2160 5690 2331 5745 Athe-

746 5762 1023 5817 niensibus
1045 5762 1223 5815 missis
1243 5763 1308 5815 ad
1339 5762 1773 5817 Lacetlremonios
1799 5763 1983 5816 auxilii
2016 5761 2180 5829 gratia
2208 5762 2328 5815 adv.

742 5832 1304 5902 Persas,apparuisset
1333 5846 1601 5903 spectruut
1631 5835 1787 5888 Panis
1811 5834 1960 5904 juxta
1986 5832 2333 5887 Partheniatn

746 5918 838 5961 eos
864 5919 1122 5962 accusans
1149 5905 1317 5977 quod.
1360 5921 1420 5963 se
1449 5907 1714 5977 neglecto,
1739 5906 1872 5964 alios
1901 5905 2031 5961 deos
2072 5906 2331 5973 colerent,

2434 4478 2663 4551 victoria
2689 4478 2862 4547 potiti,
2885 4491 2955 4533 ne
2981 4474 3109 4549 quid
3131 4483 3315 4547 postea
3345 4477 3523 4551 simile
3546 4478 3906 4551 contingeret,
3934 4496 4038 4537 non

2437 4551 2609 4623 solum
2637 4549 2765 4623 Pani
2793 4551 3047 4623 templum
3076 4552 3369 4612 erexerint,
3397 4550 3492 4623 sed
3513 4553 3673 4605 etiam
3696 4549 3842 4607 aram
3871 4556 4042 4623 ignoto

2358 4636 2411 4696 Ῑ)
2442 4620 2583 4696 Deo;
2612 4620 3186 4696 alteram,‘_qt_tod_cum
3244 4630 3411 4696 peste_
3433 4621 3801 4677 laborantibus
3850 4620 4040 4695 reliqui

2439 4692 2512 4745 dii
2547 4693 2773 4765 invocati
2826 4692 2952 4765 nillil
2995 4692 3285 4761 adjtttttettti
3333 4691 3607 4765 all'errenl,
3677 4691 4041 4765 ittlelligetttcs

2432 4763 2715 4831 quemdam
2738 4778 2857 4817 esse
2872 4763 3042 4818 Deum
3058 4765 3144 4832 qui
3165 4771 3367 4835 pestem
3384 4764 3718 4831 immitteret,
3743 4763 3931 4835 Ignoto
3950 4768 4042 4821 rleo

2435 4852 2579 4887 arant
2612 4836 2979 4903 inscripserint
3006 4852 3020 4897 ς
3053 4850 3157 4901 quo
3193 4834 3332 4889 facto
3362 4836 3527 4904 pestis
3552 4834 3868 4893 cessaverit.
3900 4838 4037 4892 l’ut.

2440 4904 2846 4974 Inscriptionem
2876 4921 2983 4959 ara:
3033 4908 3100 4959 ita
3123 4915 3439 4975 conceptum
3467 4906 3632 4962 fuisse
3654 4910 3860 4962 notavit
3911 4909 4037 4964 Hie-

2438 4992 2699 5048 ronymus
2747 4978 2798 5030 in
2836 4993 2951 5044 cap.
2984 4976 3027 5031 Il
3083 4975 3253 5047 Epist.
3300 4976 3369 5030 ad
3412 4976 3621 5032 Titum:
3666 4978 3781 5033 Diis
3805 4980 3964 5044 Asia',
3999 4991 4047 5035 et

2445 5046 2693 5121 Europa;
2742 5058 2788 5102 et
2818 5048 3035 5118 Africw,
3059 5046 3158 5102 diis
3189 5050 3375 5121 ignotis
3412 5060 3458 5103 et
3506 5052 3800 5121 peregrinis.
3839 5052 3914 5107 ιε
3947 5053 4042 5107 Pa.

2524 5119 2617 5191 (c)
2649 5118 2780 5172 Item
2810 5121 3015 5172 incertis
3057 5121 3189 5183 diis;
3212 5118 3323 5173 sed
3373 5118 3663 5190 superstitio
3694 5138 3911 5176 romana
3951 5134 4042 5178 est.

2454 5189 2553 5245 Ubi
2585 5189 2771 5245 terram
2799 5193 3013 5246 mouisse
3041 5200 3320 5255 senserant,
3351 5195 3702 5263 nuntiatumve
3727 5204 3859 5259 erat,
3894 5196 4047 5263 ferias

2452 5265 2561 5333 ejus
2582 5280 2649 5315 ret
2666 5280 2844 5318 caussa
2865 5264 3027 5316 edicto
3054 5264 3395 5331 imperabant;
3416 5265 3504 5318 sed
3528 5262 3624 5317 Dei
3646 5280 3825 5318 nomen
3853 5262 4048 5320 edicere

2450 5335 2791 5401 quiescebant,
2839 5351 2901 5387 ne
2941 5334 3098 5387 alium
3129 5349 3219 5402 pro
3247 5334 3353 5385 alio
3383 5335 3715 5401 nominando,
3742 5336 3877 5403 falsa
3924 5339 4047 5390 reli-

2453 5404 2600 5476 gione
2630 5408 2874 5476 populum
2892 5406 3159 5475 alligarent
3183 5421 3201 5459 :
3226 5420 3313 5457 eas
3342 5406 3497 5475 ferias
3528 5410 3570 5459 si
3604 5407 3716 5474 quis
3758 5408 4045 5473 polluisset,

2455 5475 2753 5545 piaculoque
2782 5475 2849 5529 ad
2877 5476 3010 5530 hanc
3046 5493 3151 5530 rem
3180 5492 3307 5546 opus
3334 5488 3478 5539 esset,
3511 5478 3726 5532 hostium
3754 5480 3796 5531 si
3843 5479 3973 5543 Deo,
4003 5482 4046 5534 si

2439 5547 2567 5602 Deae
2587 5549 2898 5602 immolabat.
2934 5549 3195 5615 Agellius,
3231 5545 3295 5609 ll,
3336 5564 3455 5617 cap.
3480 5549 3573 5603 ‘28.
3604 5547 3722 5617 Ipse
3754 5548 4046 5605 Tertullia-

2439 5634 2539 5673 nus
2560 5636 2622 5673 ex
2656 5619 2915 5685 Varrone,
2946 5620 3036 5672 lib.
3071 5618 3137 5683 ll,
3164 5621 3233 5671 ad
3260 5618 3388 5672 Nat.
3422 5619 3540 5675 llic.

2514 5690 2593 5761 (tl)
2626 5690 2928 5746 Plenissime
2952 5706 3215 5764 exequere
3240 5693 3594 5760 prescribens.
3625 5691 3851 5764 cuinam
3880 5707 4044 5748 unum

2442 5761 2608 5816 Deum
2641 5777 2761 5816 esse
2791 5761 3164 5832 praescribens,
3201 5764 3249 5816 id
3282 5773 3387 5825 est,
3429 5779 3494 5817 ex
3546 5778 3644 5817 usu
3674 5762 3877 5817 forensi
3932 5779 4043 5819 res-

2442 5834 2728 5903 pondendo
2756 5835 2821 5889 ad
2859 5834 3067 5901 objecta
3097 5833 3555 5899 adversariorum,
3608 5834 3907 5906 eademque
3955 5835 4043 5893 di-

2440 5905 2659 5962 luendo.
2694 5904 2771 5963 Le
2808 5907 2902 5963 Pa.

2466 5920 2659 5962 uendo.
2694 5920 2771 5963 LE
2810 5920 2902 5963 ιιι.
