4262 6490
212 412 323 470 257

1300 407 1433 464 LIB.
1477 408 1497 464 ι
1534 403 1896 465 Αυνειιευε
1936 404 2359 465 MARCIONEM.

3413 395 3525 459 258

216 528 528 596 invenitur,
561 530 796 585 lortasse
827 541 895 583 an
947 539 1052 587 non
1094 536 1455 597 provocamur
1510 527 1709 582 incerta
1754 524 1821 580 ad
1848 526 1901 584 A
1928 524 2097 581 Ilabct
2128 526 2266 581 Deus
2296 520 2621 587 testimonia,
2647 527 2815 576 totum
2846 519 2946 575 hoc
2977 517 3117 591 quod
3176 532 3363 574 sumus
3389 526 3443 574 et
3472 520 3523 574 in

218 623 449 679 formam
478 633 772 688 certorum,
802 629 861 676 ut
882 620 1103 675 liberata
1126 633 1154 673 a
1183 618 1386 688 reliqua
1408 617 1825 687 comparationis

220 714 604 785 provocatione
658 728 753 783 per
822 711 1189 767 diversitatem
1256 718 1425 764 status
1494 708 1823 779 principalis.

219 810 360 863 Cum
410 821 539 862 vero
576 805 685 861 duo
714 805 785 860 dii
811 814 1203 877 preponnntur,
1247 801 1547 857 communis
1593 809 1675 855 est
1721 800 1828 856 illis

218 912 393 957 status
446 900 780 971 principalis.
834 899 989 967 Quod
1042 899 1186 955 enim
1222 898 1360 953 Deus
1400 906 1483 953 est
1533 895 1635 967 (l)
1668 896 1829 951 ambo

228 1001 395 1060 sunt;
429 991 618 1056 innati,
652 992 857 1056 inlecti,
884 990 1093 1045 aeterni.
1130 989 1225 1045 llic
1272 989 1375 1044 erit
1413 997 1585 1043 status
1632 987 1831 1057 princi-

218 1085 380 1158 palis.
455 1084 664 1140 Caetera
716 1082 911 1138 viderit
982 1082 1239 1149 Marcion,
1287 1082 1332 1135 si
1397 1082 1447 1135 in
1520 1080 1831 1137 diversitate

221 1176 525 1247 disposuit;
559 1176 860 1246 posteriora
900 1175 1045 1231 enim
1093 1174 1292 1230 suntin
1339 1182 1670 1229 retractatu:
1725 1175 1831 1229 imo

219 1283 324 1325 nec
352 1267 726 1335 admittentur,
769 1268 816 1322 si
841 1266 909 1323 de
933 1266 1213 1337 principali
1242 1274 1384 1320 statu
1411 1274 1639 1321 constet.
1664 1264 1832 1321 Porro

219 1370 439 1418 constat
484 1361 607 1432 quia
639 1360 715 1415 dii
740 1360 901 1416 ambo
922 1402 938 1427 ,
968 1368 1024 1415 et
1075 1360 1145 1415 ita
1177 1358 1245 1415 de
1274 1374 1500 1429 quorum
1532 1367 1672 1413 statu
1698 1373 1825 1413 con-

218 1463 330 1512 stat
366 1468 711 1511 communem
749 1468 893 1520 esse,
921 1468 1044 1510 cum
1090 1452 1192 1509 sub
1236 1466 1303 1507 eo
1342 1452 1410 1507 ad
1465 1451 1832 1522 probationem

222 1550 561 1606 dcvocantur
578 1566 596 1614 ;
619 1549 663 1604 si
686 1548 888 1604 incerta
933 1558 1077 1613 sunt,
1105 1546 1171 1601 ad
1202 1538 1392 1602 eorum
1418 1556 1687 1602 certorum
1727 1548 1834 1601 lor-

227 1659 374 1698 mam
406 1642 746 1713 provocanda
776 1648 955 1707 erunt,
996 1655 1116 1695 eum
1144 1639 1338 1711 quibus
1366 1639 1435 1695 de
1455 1640 1835 1695 communione

222 1744 400 1789 status
427 1732 743 1804 principalis
770 1742 1087 1798 censentur,
1123 1741 1181 1786 ut
1208 1732 1434 1802 proinde
1463 1744 1517 1786 et
1547 1732 1613 1786 de
1646 1731 1836 1801 proba-

220 1826 369 1881 tione
403 1826 827 1880 communicent.
871 1823 1007 1879 Hinc
1034 1826 1049 1891 (
1073 1823 1140 1895 a)
1176 1825 1354 1895 itaque
1401 1824 1836 1879 consmntissime

1929 636 2037 691 quo
2058 634 2263 675 sumus.
2295 618 2385 674 Sic
2413 616 2672 685 probatur
2700 624 2755 670 et
2783 616 2921 669 Deus
2962 624 3015 669 et
3044 628 3200 682 unus,
3250 613 3378 669 dum
3421 627 3527 669 non

1930 713 2224 784 ignoratur,
2260 711 2367 766 alio
2390 708 2563 764 adhuc
2593 708 2808 779 probari
2840 708 3134 763 laborante.

2379 862 2393 871 ,
2552 801 2780 858 CAPUT
2808 801 2901 857 XI.

2006 896 2075 952 Et
2100 896 2314 960 merito,
2340 894 2620 966 inquiunt;
2645 897 2761 964 quis
2783 895 2924 949 enim
2960 910 3066 950 non
3095 903 3201 949 tam
3235 892 3347 949 suis
3377 902 3533 949 notus

1935 999 2037 1055 est,
2074 1005 2231 1060 quam
2262 986 2578 1042 extraneis?
2626 985 2815 1041 Nemo.
2863 986 3046 1043 Teneo
3076 997 3132 1043 et
3162 986 3301 1043 hanc
3324 1002 3530 1042 vocent.

1934 1082 2103 1149 Quale
2129 1091 2211 1137 est
2240 1082 2406 1147 enim,
2464 1090 2520 1135 ut
2570 1079 2771 1151 aliquid
2797 1090 3107 1135 extraneum
3162 1081 3272 1135 Deo
3314 1082 3403 1144 sit.
3450 1079 3537 1135 cui

1936 1176 2067 1230 nihil
2098 1186 2413 1230 extraneum
2460 1183 2626 1241 esset,
2671 1174 2716 1228 si
2746 1174 2869 1243 quis
2908 1174 3087 1228 esset?
3141 1174 3263 1243 quia
3295 1174 3386 1227 Dei
3436 1173 3540 1229 hoc

1936 1277 2039 1334 est,
2072 1267 2249 1321 omnia
2282 1266 2422 1321 illius
2454 1280 2576 1320 esse
2630 1274 2685 1320 et
2710 1265 2887 1321 omnia
2918 1264 2984 1319 ad
3033 1266 3180 1320 illum
3229 1264 3495 1333 pertinere
3522 1282 3535 1319 :

1936 1360 2019 1413 vel
2045 1375 2113 1415 ne
2141 1360 2323 1414 statim
2346 1360 2557 1415 audiret
2586 1375 2615 1414 a
2646 1359 2800 1414 nobis
2829 1377 2843 1411 :
2876 1358 3013 1427 Quid
3036 1376 3166 1431 ergo
3196 1359 3271 1414 illi
3298 1375 3417 1415 cum
3447 1374 3540 1414 cx-

1938 1453 2181 1510 traneis?
2217 1453 2358 1524 quod
2390 1453 2597 1523 plenius
2625 1467 2723 1507 suo
2755 1454 2876 1509 loco
2900 1453 3101 1510 audiet.
3142 1456 3210 1510 At
3237 1470 3379 1511 nunc
3409 1456 3540 1509 satis

1938 1558 2021 1602 est
2073 1547 2276 1602 nullum
2306 1547 2518 1617 probari
2578 1548 2732 1617 cujus
2759 1548 2890 1603 nihil
2917 1549 3191 1619 probatur.
3220 1550 3542 1620 Sicutpnim

1938 1638 2185 1698 Creator.
2217 1655 2277 1693 ex
2311 1638 2411 1693 hoc
2436 1650 2491 1695 et
2526 1640 2685 1706 Deus,
2718 1649 2772 1694 et
2817 1641 3144 1696 indubitatus
3199 1642 3366 1709 Deus,
3419 1644 3543 1712 quia

1940 1732 2120 1785 omnia
2155 1732 2322 1800 ipsius
2357 1741 2411 1785 et
2470 1732 2599 1786 nihil
2658 1742 2972 1787 extraneum
3022 1734 3133 1798 illi;
3191 1735 3260 1789 ita
3304 1743 3360 1790 et
3405 1736 3543 1791 alius

1944 1824 2142 1878 ideirco
2173 1840 2281 1878 non
2321 1823 2477 1887 deus,
2519 1826 2642 1895 quia
2673 1826 2854 1879 omnia
2882 1842 2987 1881 non
3020 1827 3157 1896 ejus,
3218 1827 3443 1898 ideoque
3488 1837 3545 1885 et

216 1918 450 1989 dirigam
489 1916 651 1973 deum
700 1931 806 1972 non
835 1931 955 1972 esse
1000 1917 1088 1987 qui
1136 1917 1192 1971 lit
1231 1916 1389 1971 hodie
1420 1918 1671 1981 incertus,
1703 1916 1828 1985 quia
1858 1922 1904 1981 Β
1933 1925 2208 1972 extranea.
2249 1915 2506 1985 Denique,
2531 1918 2573 1970 si
2604 1917 2929 1973 universitas
2977 1917 3250 1975 Creatoris
3273 1930 3376 1986 est,
3429 1921 3541 1990 jam

218 2021 368 2066 retro
399 2010 647 2080 ignotus:
694 2009 909 2080 quando
952 2024 1113 2077 quem
1154 2018 1365 2063 constat
1414 2024 1555 2074 esse,
1608 2023 1673 2062 ex
1728 2008 1831 2083 hoc

218 2102 340 2172 ipso
370 2110 585 2156 constat
612 2101 757 2172 quod
794 2114 1087 2171 numquam
1119 2099 1275 2155 luerit
1304 2100 1515 2172 ignotus
1536 2139 1550 2167 ,
1582 2098 1702 2155 ideo
1729 2113 1831 2154 nec

221 2195 486 2251 incertus.

858 2288 1087 2346 CAPUT
1127 2287 1195 2345 Χ.

291 2382 573 2453 Siquidem
599 2396 629 2437 a
662 2381 955 2453 primordio
981 2397 1182 2445 rerum,
1226 2381 1474 2437 conditor
1502 2397 1685 2437 earum
1709 2396 1832 2437 cum

222 2473 355 2543 ipsis
383 2476 588 2545 pariter
622 2485 934 2545 compertus
965 2484 1066 2538 est,
1100 2475 1232 2544 ipsis
1272 2474 1338 2528 ad
1364 2474 1462 2528 hoc
1495 2473 1733 2542 prolatis,
1780 2484 1837 2528 ut

223 2568 367 2623 Deus
408 2578 845 2638 cognosceretur.
876 2566 985 2622 Nec
1012 2566 1154 2621 enim
1183 2565 1226 2621 si
1252 2565 1540 2636 aliquando
1570 2566 1835 2636 posterior

221 2661 404 2717 Moses
436 2662 643 2730 primus
687 2660 898 2715 videtur
936 2659 988 2713 iu
1024 2659 1221 2729 templo
1268 2658 1541 2713 literarum
1614 2672 1834 2713 suarum

223 2754 394 2809 Deum
438 2754 622 2809 tnundi
652 2753 955 2819 dedicasse,
982 2753 1223 2808 idcircoa
1241 2752 1609 2808 Pentateucho
1631 2753 1837 2811 natales

230 2847 529 2918 agnitionis
576 2846 1041 2917 supputabuntur;
1093 2860 1214 2901 cum
1267 2855 1407 2899 totus
1458 2845 1619 2902 Mosis
1667 2846 1839 2917 stylns

222 2940 474 2994 notitiam
525 2940 797 2994 Creatoris
846 2954 954 2992 non
1009 2938 1269 3003 instituat,
1325 2938 1419 2994 sed
1469 2954 1497 2991 a
1547 2938 1839 3006 primordio

230 3040 452 3086 enarret
482 3045 512 3083 a
535 3031 782 3099 paradiso
808 3040 866 3087 et
911 3030 1104 3095 Adam,
1131 3044 1236 3083 non
1265 3029 1332 3082 ab
1354 3028 1587 3101 [Egypto
1611 3040 1665 3084 et
1694 3029 1840 3085 Mnse

228 3120 645 3177 recensendam.
675 3122 933 3191 Denique.
965 3118 1251 3191 niajor(b)
1279 3120 1604 3189 pepularitas
1628 3122 1840 3191 generis

228 3211 478 3278 humani,
510 3228 576 3267 ne
604 3210 837 3267 nominis
880 3210 1095 3280 quidem
1126 3209 1287 3265 Mosis
1306 3220 1605 3281 compotes,
1646 3212 1839 3266 nedum

1934 2023 2034 2063 nec
2057 2007 2231 2063 locum
2256 2006 2409 2061 video
2443 2006 2529 2063 dei
2564 2008 2807 2065 alterius.
2839 2010 3002 2064 Plena
3030 2019 3086 2065 et
3106 2022 3377 2081 .oeeupata
3411 2022 3536 2069 sunt

1935 2104 2114 2160 omnia
2148 2119 2244 2157 suo
2279 2112 2517 2159 auctore.
2568 2104 2622 2159 Si
2652 2114 2803 2159 vacat
2855 2104 3055 2175 aliquid
3108 2107 3263 2175 spatii
3315 2107 3546 2177 alicujus

1936 2198 2200 2254 divinitati
2229 2197 2281 2252 in
2315 2196 2603 2259 creaturis,
2630 2198 2786 2267 plane
2814 2198 2955 2253 falsaz
3000 2196 3108 2269 (5)
3133 2199 3360 2255 vacabit.
3394 2200 3545 2257 Patet

1937 2289 2217 2346 mendacio
2286 2290 2503 2345 veritas.
2557 2287 2726 2343 Tanta
2786 2291 2868 2344 vis
2920 2290 3205 2355 idolorum,
3285 2306 3383 2347 cur
3437 2308 3543 2348 non

1938 2386 2161 2455 recipiat
2187 2383 2384 2438 alicubi
2432 2382 2590 2437 deum
2634 2381 2960 2437 Marcionis?
3014 2383 3179 2454 Igitur
3229 2396 3284 2440 et
3332 2387 3433 2440 hoc
3478 2401 3546 2442 ex

1938 2474 2112 2529 forma
2190 2474 2461 2530 Creatoris
2533 2473 2837 2542 expostulo,
2912 2473 3084 2531 Deum
3143 2492 3209 2531 ex
3292 2478 3547 2547 operibus

1938 2567 2190 2637 cognosci
2234 2566 2503 2628 debuisse,
2566 2564 3049 2635 alicujus,pr0prii
3106 2567 3190 2621 sui
3235 2567 3439 2633 mundi,
3491 2577 3550 2625 et

1941 2656 2197 2718 hominis.
2246 2655 2543 2711 etsaxculi:
2606 2653 2707 2726 (ε)
2768 2655 2984 2727 quando
3006 2657 3168 2712 etiam
3211 2672 3364 2713 error
3396 2659 3543 2716 orbis

1942 2760 2246 2822 proptereat
2263 2748 2395 2803 deos
2414 2748 2831 2817 prmsumpserit,
2852 2765 2986 2819 quos
3008 2749 3256 2805 homines
3275 2753 3547 2807 interdum

1948 2842 2253 2902 conﬁtetur,
2287 2840 2536 2910 quoniam
2580 2838 2780 2909 aliquid
2825 2839 2893 2894 ab
2925 2856 3249 2913 unoquoque
3293 2858 3550 2914 prospec-

1946 2943 2055 2988 tum
2086 2934 2299 2987 videtur
2332 2932 2651 2987 utilitatibus
2672 2941 2725 2986 et
2751 2936 3049 2990 commodis
3076 2950 3236 2992 vna:
3268 2939 3338 2992 ita
3366 2941 3549 2996 ethoc

1942 3039 2007 3079 ex
2040 3024 2208 3078 forma
2235 3023 2326 3078 Dei
2348 3022 2607 3079 creditum
2636 3033 2736 3089 est,
2756 3023 2993 3079 divinum
3021 3042 3143 3085 esse
3165 3029 3443 3087 instituere
3466 3031 3550 3085 vel

1942 3116 2316 3172 demonstrare
2360 3116 2485 3186 quid
2536 3126 2720 3185 aptum
2766 3127 2822 3171 et
2866 3120 3230 3175 necessarium
3276 3122 3346 3176 sit
3389 3125 3548 3182 rebus

1947 3210 2214 3264 humanis.
2273 3208 2423 3263 Adeo
2474 3208 2597 3263 inde
2649 3211 2937 3265 auctoritas
2985 3214 3388 3272 accommodata
3438 3215 3541 3287 (6)

228 3305 604 3367 instrumenti,
649 3304 815 3359 Deum
849 3303 1010 3359 Mosis
1044 3312 1220 3358 tamen
1255 3312 1485 3371 norunt,
1527 3305 1687 3359 etiam
1723 3314 1838 3359 tan-
1871 3317 1917 3380 ρ
1951 3301 2098 3356 falsa:
2144 3300 2429 3364 divinitati,
2459 3302 2599 3356 unde
2625 3313 2976 3371 praecesserat
3016 3321 3178 3363 verte.
3230 3305 3331 3379 (d)
3378 3307 3548 3363 Unam

229 3406 337 3452 tam
369 3398 478 3474 (Ξ)
525 3397 823 3453 idololatria
873 3398 987 3467 (5)
1015 3396 1434 3453 dominationem
1462 3398 1839 3465 obumbrante;

228 3505 479 3544 seorsum
512 3499 689 3543 tamen
729 3490 875 3543 illum
926 3490 1084 3559 quasi
1140 3490 1358 3559 proprio
1407 3491 1627 3544 nomine
1675 3492 1841 3546 Deum

232 3580 546 3650 perhibent,
583 3590 639 3635 et
663 3580 831 3635 Deum
859 3580 1106 3645 deorum,
1152 3589 1224 3642 et,
1256 3580 1317 3634 Si
1346 3578 1482 3634 Deus
1504 3580 1719 3648 dederit,
1766 3591 1841 3648 et,

233 3674 386 3741 Quod
413 3673 522 3728 Deo
544 3673 726 3742 placet,
753 3682 828 3741 et,
856 3672 964 3729 Deo
984 3673 1304 3727 commendo.
1331 3672 1464 3728 Vide
1484 3688 1551 3727 an
1576 3674 1842 3742 noverint,

230 3784 396 3840 quem
429 3767 610 3823 omnia
652 3783 811 3838 posse
838 3774 1119 3825 testantur.
1163 3766 1273 3822 Nec
1302 3767 1402 3823 hoc
1445 3766 1566 3822 ullis
1590 3767 1752 3821 Mosis
1781 3768 1844 3822 Ii-

231 3862 347 3917 bris
401 3860 622 3916 debent.
671 3860 812 3916 Ante
842 3860 1040 3925 anima,
1069 3876 1229 3931 quam
1276 3859 1577 3929 preplretia.
1630 3860 1841 3915 Anima:

235 3953 388 4008 enim
420 3968 450 4005 a
496 3952 789 4023 primordio
835 3952 1164 4006 conscientia
1214 3951 1308 4007 Dei
1358 3952 1459 4005 dos
1487 3960 1604 4017 est;
1657 3952 1844 4006 eadem

235 4059 342 4100 nec
362 4044 469 4098 alia
498 4053 553 4099 et
595 4044 651 4101 in
696 4041 986 4115 Egyptiis,
1020 4052 1074 4098 et
1125 4044 1175 4099 in
1207 4044 1359 4117 Syris
1395 4053 1448 4099 et
1483 4044 1535 4100 in
1590 4045 1843 4101 Ponticis.

233 4136 552 4193 Judieorum
602 4135 745 4191 enim
803 4136 990 4202 Deum,
1020 4135 1204 4191 dicunt
1249 4135 1359 4209 (li)
1406 4136 1599 4191 animm
1653 4136 1843 4192 Deum.

232 4228 382 4296 Noli,
419 4228 648 4285 barbare
673 4228 946 4312 haeretice,
977 4231 1210 4301 priorem
1233 4228 1501 4285 Abraham
1526 4232 1849 4288 constituere

238 4338 409 4393 quam
466 4322 744 4379 mundum.
802 4323 916 4379 Etsi
973 4325 1130 4379 unius
1204 4322 1421 4379 familiae
1466 4322 1611 4379 Deus
1665 4325 1849 4382 luisset

235 4415 491 4482 Creator,
523 4428 699 4473 tamen
724 4418 985 4487 posterior
1009 4426 1100 4471 tuo
1130 4432 1233 4472 non
1263 4428 1398 4481 erat,
1424 4419 1585 4473 etiam
1613 4417 1850 4476 Ponticis

235 4518 371 4565 ante
399 4524 523 4563 eum
548 4519 728 4563 notus.
745 4510 945 4579 Accipe
971 4509 1128 4580 igitur
1149 4508 1215 4563 ab
1232 4518 1576 4565 antecessore
1602 4509 1848 4578 fortnam,

236 4615 270 4655 a
291 4608 446 4655 certo
476 4599 733 4669 incertus,
752 4616 780 4654 a
803 4601 1017 4671 cognito
1047 4600 1358 4671 incognitus.
1388 4599 1686 4673 Numquam
1708 4604 1852 4659 Dens

1948 3396 2140 3452 saltem
2169 3396 2487 3450 cicerculam
2505 3396 2637 3450 deus
2660 3395 2941 3452 Marcionis
2965 3401 3235 3469 propriam
3261 3404 3547 3471 protulisse

1948 3490 2225 3554 debuerat,
2256 3499 2311 3543 ut
2333 3505 2500 3543 novus
2527 3489 2719 3559 aliquis
2748 3490 3112 3560 Triptolemus
3142 3496 3550 3564 praedicaretur.

1949 3582 2265 3637 Autexltibe
2292 3582 2551 3637 rationem
2576 3582 2687 3636 Deo
2701 3581 2935 3651 dignam,
2958 3586 3200 3641 curuiliil
3229 3590 3551 3658 condiderit,

1949 3674 1992 3729 si
2018 3684 2129 3739 est;
2163 3676 2284 3743 quia
2313 3673 2664 3739 condidisset,
2695 3675 2737 3728 si
2781 3674 2964 3731 fuisset
2991 3677 3112 3731 :illo
3129 3679 3333 3735 scilicet
3354 3684 3549 3753 prauju-

1949 3765 2111 3831 dicio,
2145 3780 2252 3836 quo
2282 3776 2335 3820 et
2357 3776 2597 3820 nostrum
2624 3767 2791 3822 Deum
2821 3784 2924 3821 non
2949 3768 3082 3825 alias
3102 3770 3442 3829 manifestum
3464 3785 3551 3831 est

1950 3873 2089 3924 esse,
2132 3873 2292 3927 quam
2325 3860 2445 3926 quia
2495 3866 2663 3913 totum
2714 3859 2954 3915 condidit
3005 3861 3125 3917 hoc.
3180 3864 3359 3921 Semel
3404 3868 3550 3923 enim

1950 3950 2282 4019 praescriptio
2305 3950 2489 4015 stabit,
2524 3966 2629 4003 non
2669 3966 2832 4019 posse
2876 3953 2998 4009 illos
3024 3966 3078 4009 et
3112 3955 3279 4011 Deum
3306 3960 3550 4016 conﬁteri

1950 4049 2269 4105 creatorem,
2300 4050 2353 4095 et
2392 4056 2514 4095 eum
2546 4057 2705 4111 quem
2739 4043 2921 4099 volunt
2961 4062 3114 4116 mque
3155 4048 3315 4104 deutn
3375 4052 3547 4119 credi,

1951 4149 2058 4188 non
2086 4132 2151 4187 ad
2182 4134 2297 4203 ejus
2325 4134 2550 4189 formam
2585 4138 2838 4207 probare,
2866 4155 3028 4209 quem
3058 4152 3112 4197 et
3136 4144 3233 4213 ipsi
3273 4154 3327 4199 et
3354 4162 3546 4202 omnes

1955 4229 2120 4284 Deum
2152 4247 2164 4282 :
2198 4238 2254 4283 ut
2290 4232 2506 4300 quando
2534 4232 2637 4289 hoc
2686 4234 2804 4306 ipso
2849 4253 3009 4293 nctno
3048 4250 3349 4297 creatorem
3382 4244 3549 4300 Deunt

1952 4322 2188 4390 dubitet,
2221 4325 2343 4393 quia
2392 4332 2562 4380 totum
2610 4328 2711 4383 hoc
2760 4329 3042 4396 condidit,
3095 4331 3197 4389 hoc
3248 4335 3364 4405 ipso
3392 4351 3555 4392 nemo

1953 4417 2145 4473 debeat
2169 4416 2393 4473 credere
2427 4418 2592 4474 Deum
2620 4430 2673 4475 et
2704 4422 2849 4477 illutn
2877 4423 2965 4492 qui
2987 4423 3119 4480 nihil
3149 4428 3410 4496 condidit,
3444 4428 3547 4485 nisi

1954 4511 2091 4564 ratio
2122 4508 2254 4564 forte
2294 4510 2619 4580 proferatur.
2657 4514 2863 4583 Duplex
2901 4516 3000 4571 ista
3054 4518 3297 4575 videatur
3328 4536 3551 4579 necesse

1954 4612 2056 4665 est,
2102 4610 2157 4655 ut
2184 4613 2275 4655 aut
2302 4604 2533 4659 noluerit
2559 4605 2793 4661 eondcre
2834 4608 2981 4677 quid,
3011 4620 3102 4664 aut
3139 4627 3243 4666 non
3278 4617 3543 4681 potuerit:

237 4692 470 4758 latcbit,
504 4707 789 4763 numquam
831 4692 973 4748 Deus
1022 4692 1221 4769 deerit:
1256 4707 1469 4763 semper
1499 4694 1845 4767 intelligetur,
1872 4708 1925 4768 1)
1954 4696 2164 4755 tertium
2236 4707 2431 4753 cessat.
2484 4699 2592 4753 Sed
2640 4716 2743 4755 non
2796 4703 3060 4771 potuisse,
3105 4704 3381 4775 indignum
3438 4709 3549 4765 Deo

238 4798 467 4857 semper
511 4783 789 4852 audietur;
845 4784 1010 4842 etiam
1041 4783 1307 4841 videbitur
1357 4786 1628 4854 quomodo
1678 4788 1841 4845 volet.

1954 4801 2035 4847 est
2062 4806 2076 4853 ;
2106 4785 2455 4856 Noluissc,an
2477 4789 2696 4862 dignum
2752 4794 2877 4849 voIo
2919 4794 3212 4865 inquirere.
3250 4798 3343 4855 Dic
3374 4800 3504 4856 mihi
3533 4842 3551 4871 ,

1430 4898 1807 4963 LECTIONES
1850 4902 2258 4965 VARIANTES.

313 5016 390 5073 (I)
429 5014 553 5073 Quid
579 5015 710 5064 enim
738 5013 875 5066 Deus
899 5014 1015 5066 est?
1040 5013 1189 5067 Seml.

335 5073 389 5127 ΞΣ
422 5077 575 5127 Tanta
604 5073 808 5127 Semler.

336 5143 390 5203 3)
428 5138 718 5190 Idololatrite
741 5138 890 5191 then.

2044 5088 2068 5100 ,.

2041 5085 2093 5140 5)
2128 5085 2269 5136 False
2309 5089 2456 5137 Itheu.
2489 5088 2686 5140 Junius.

2041 5021 2093 5146 Ἴ
2126 5020 2189 5073 Et
2213 5019 2358 5076 inser.
2386 5026 2533 5077 St'ml.

2041 5088 2071 5134 5
2128 5085 2269 5136 False
2309 5089 2456 5137 Illum.
2489 5090 2533 5137 J:

2041 5024 2070 5071 4
2126 5024 2189 5073 Et
2213 5024 2358 5076 inser.
2386 5026 2533 5077 St'ml.

2128 5085 2269 5160 False
2309 5089 2456 5157 Illieu.
2489 5088 2686 5140 Junius.

2042 5149 2093 5211 6)
2128 5150 2182 5199 St
2204 5156 2371 5200 mserit
2394 5152 2543 5203 Seml.
2570 5154 2610 5202 si
2636 5152 2761 5205 l‘alse
2784 5154 2933 5207 Itltett.

1616 5229 2174 5290 COMMENTARIUS.

323 5342 412 5412 (τι)
448 5341 634 5414 Itaque
679 5343 1083 5399 constantissime
1108 5344 1345 5414 dirigam.
1378 5344 1521 5411 Quas
1550 5345 1601 5400 in
1635 5364 1731 5402 nos
1759 5366 1841 5403 ra-

242 5416 434 5472 tiones
482 5425 874 5491 eorttorserunt,
912 5416 1255 5491 retorquebo.
1311 5416 1569 5491 Dirigcre,
1616 5430 1697 5473 est
1728 5421 1843 5491 lege

242 5501 439 5558 agere,
470 5487 597 5541 sivc‘
620 5487 1019 5558 convetiire,get
1045 5488 1311 5541 actionem
1342 5488 1620 5543 intendere
1650 5505 1664 5543 :
1695 5487 1841 5545 sic'l.

245 5556 305 5613 If
326 5558 379 5623 ε.
413 5558 456 5610 si
492 5573 584 5631 ego
614 5558 675 5610 D.
696 5558 740 5612 si
787 5572 909 5627 pars
937 5556 1136 5612 ha:red.
1169 5567 1379 5626 petatur
1405 5560 1508 5613 :Et
1539 5561 1624 5613 ille
1648 5578 1845 5631 quoque

242 5631 447 5696 dirigat
478 5629 725 5681 actionem
746 5630 984 5683 adversus
1010 5638 1236 5683 externa:
1264 5647 1615 5696 possessorem.
1648 5629 1721 5687 Li;
1736 5629 1840 5687 Pu.

373 5698 487 5754 AP.
519 5697 587 5753 Χ.
608 5728 679 5737 ——
709 5700 789 5772 (b)
824 5700 995 5770 Major
1043 5701 1363 5769 popularitas
1388 5703 1587 5771 generis
1610 5704 1843 5758 Intumui.

248 5770 374 5841 Hoc
396 5781 498 5834 est,
519 5770 756 5841 gentium
771 5770 1095 5832 consensus,
1122 5770 1447 5827 conscientia
1471 5774 1698 5841 publica.
1718 5772 1843 5832 th.

329 5787 374 5825 lC
396 5785 498 5834 ea,
519 5785 756 5895 ῗῐιιιιιιιι
784 5786 1095 5832 consensus,
1122 5785 1447 5827 conscretttta
1471 5785 1698 5841 pnbltca.
1726 5785 1843 5832 Hic.

329 5840 488 5898 CAP.
578 5841 693 5894 1.-
712 5840 786 5913 (c)
821 5843 1036 5908 Quando
1059 5858 1202 5896 error
1229 5843 1380 5897 etiam
1409 5846 1564 5911 orbis,
1594 5857 1699 5904 etc.
1734 5846 1845 5903 Hoc

248 5913 524 5971 latissime
542 5916 791 5969 tractavit
812 5925 998 5969 auctor
1019 5928 1211 5985 supra,
1244 5914 1461 5987 Apolog.
1492 5932 1541 5975 c.
1574 5916 1640 5985 2,
1680 5921 1843 5977 etiam

1948 5365 2111 5436 vanas
2133 5350 2250 5405 illas
2275 5365 2395 5405 esse
2424 5366 2641 5436 caussas
2666 5359 3047 5436 comprobans,
3064 5363 3132 5420 ob
3158 5380 3290 5436 quas
3318 5366 3447 5424 Deos
3472 5386 3553 5425 ar-

1948 5420 2023 5476 bis
2051 5429 2623 5509 ιςι-ιπίῃιῳεμηιρεςιίι,
2674 5420 2810 5497 quod
2857 5420 3057 5503 aliquid
3082 5420 3553 5509 pro'speacriutvliu-

1948 5495 2111 5547 utauis
2140 5494 2457 5547 utilitatibus.
2484 5495 2618 5552 Plut.

1975 5636 1986 5648 .
2024 5564 2131 5650 (LL)
2168 5563 2333 5650 ιρι-ατη
2362 5568 2538 5620 saltem
2568 5573 2887 5650 cirert‘ulmu,
2923 5587 3025 5650 etc.
3071 5579 3277 5650 Lognnt
3321 5583 3419 5637 ills.
3448 5583 3554 5638 Va-

1949 5636 2042 5725 tie.
2075 5636 2109 5688 ἓ
2137 5636 2347 5725 saltim“
2370 5655 2536 5722 more
2555 5644 2749 5725 veteri,
2773 5636 2884 5699 sed.
2912 5648 3055 5702 uolui
3082 5636 3380 5707 ιιιιῗιιιιίειιῖι.
3412 5636 3552 5725 Αιιῖε

1950 5718 2126 5793 autem
2156 5708 2467 5789 metaphora
2492 5711 2801 5793 Circei-rulae
2842 5723 3027 5784 utitur,
3059 5738 3123 5774 Cu
3150 5726 3288 5793 quod
3335 5708 3550 5791 ΤισιρῖοῘ

1952 5778 2371 5860 Ιειῐιιιεφτξφυε
2417 5784 2629 5860 serendi
2662 5788 2877 5860 modum
2909 5778 3203 5846 tradiderti.
3238 5795 3369 5849 Hinc
3419 5778 3546 5851 illud

1952 5851 2183 5939 auctoris
2228 5851 2319 5907 lib.
2364 5855 2431 5939 ad
2474 5854 2801 5939 llerettm'uni
2828 5877 2845 5913 :
2898 5860 2959 5916 Si
3012 5861 3378 5939 Triptolemus,
3434 5886 3551 5924 cum

1948 5922 2181 5979 omnibus
2214 5939 2383 5981 semen
2414 5926 2703 6000 largiretur.
2764 5931 2900 5992 Pu.
