4262 6490
710 385 818 443 259

2131 384 2592 442 TERTULLIANI

3903 389 4015 446 260

716 498 978 568 Marcion,
1011 499 1179 554 voluit
1202 499 1343 555 Deus
1372 506 1493 555 tuus
1519 498 1770 570 cognosci
1797 513 1854 554 se
1885 513 2224 571 quocumque
2254 500 2305 555 in
2334 503 2387 560 A
2413 516 2520 556 non
2551 500 2732 556 statim
2755 501 2960 557 ratione
2985 501 3235 572 credunt,
3267 517 3373 558 non
3393 502 3654 561 habentes
3683 505 3777 560 Dei
3800 507 4011 577 pignus,

715 591 1002 662 tempore?
1045 605 1188 648 anne
1233 590 1311 663 (Ι)
1354 593 1460 647 alio
1505 591 1783 662 proposito
1830 599 1885 646 ct
1931 591 2229 657 descendit,
2255 601 2308 646 et

719 685 1052 757 pra-dicavit,
1075 696 1133 742 et
1162 700 1350 756 passus
1374 685 1692 753 resurrexit,
1721 701 1881 756 quam
1913 685 1985 740 υιὶ
2016 699 2306 755 cognosce-

712 781 910 837 retur?
942 781 1008 835 Et
1048 780 1165 835 sine
1216 779 1401 845 dubio,
1446 781 1490 834 si
1531 781 1777 850 cognitus
1805 790 1906 843 est,
1937 779 2100 833 voluit
2129 797 2141 831 :
2175 777 2307 832 nihil

710 873 855 929 enim
882 873 1026 928 circa
1059 889 1182 928 eum
1215 873 1388 938 ﬁeret,
1420 873 1520 928 nisi
1550 873 1830 929 voluisset.
1861 873 2001 940 Quid
2028 888 2156 944 ergo
2186 884 2304 928 tan-

709 976 896 1039 topere
928 969 1172 1024 notitiam
1201 970 1281 1024 sui
1317 969 1643 1038 procuravit,
1671 977 1728 1022 ut
1759 968 1812 1023 in
1833 968 2097 1024 dedecore
2127 967 2306 1023 carnis

708 1060 1081 1129 exhiberetur,
1140 1072 1194 1117 ct
1223 1060 1436 1130 quidem
1483 1060 1709 1132 majore,
1758 1061 1801 1114 si
1840 1059 2026 1115 falsze?
2062 1058 2141 1131 (ἢ)
2173 1059 2304 1115 Nam

709 1153 812 1209 hoc
840 1155 1071 1226 turpius,
1098 1154 1144 1210 si
1173 1163 1228 1210 et
1253 1155 1507 1210 mentitus
1540 1165 1624 1210 est
1653 1155 2007 1210 substantiam
2037 1154 2302 1224 corporis,

708 1248 798 1318 qui
825 1255 880 1304 et
906 1247 1252 1304 maledictum
1281 1250 1335 1303 in
1365 1263 1425 1304 se
1442 1246 1720 1304 Creatoris
1747 1246 1984 1313 admisit,
2011 1247 2153 1315 ligno
2182 1261 2303 1300 sus-

705 1357 927 1416 pensus.
963 1343 1178 1412 Quanto
1209 1342 1491 1399 honestius
1534 1356 1628 1412 per
1668 1341 1841 1410 aliqua
1880 1341 2110 1411 propriae
2149 1339 2306 1395 moli-

705 1437 872 1492 tionis
898 1437 1096 1492 iudicia
1123 1436 1486 1508 cognitionem
1507 1437 1587 1490 sui
1616 1433 2055 1504 prwstruxisset?
2077 1432 2304 1488 Maxime

704 1530 966 1588 adversus
997 1546 1120 1588 eum
1149 1531 1405 1602 cognosci
1437 1529 1660 1594 habens,
1693 1529 1831 1598 apud
1855 1544 2016 1598 quem
2039 1543 2105 1582 ex
2127 1527 2304 1598 operi-

705 1622 805 1678 hus
827 1623 894 1679 ab
923 1623 1078 1678 initio
1104 1623 1354 1694 cognitus
1383 1639 1488 1678 non
1521 1631 1658 1677 erat.
1684 1620 1817 1676 Nam
1845 1629 1897 1675 et
1927 1621 2084 1690 quale
2111 1628 2214 1684 est,
2247 1627 2304 1674 ut

703 1714 933 1770 Creator
960 1714 1178 1786 quidem
1212 1716 1466 1786 ignorans
1493 1730 1613 1770 esse
1640 1714 1803 1770 alium
1832 1728 1995 1784 super
2022 1729 2080 1768 se
2117 1713 2298 1779 deum,

704 1818 762 1862 ut
789 1806 972 1862 volunt
992 1807 1374 1876 Marcionistze,
1407 1808 1495 1878 qui
1524 1807 1698 1862 solum
1729 1821 1788 1862 se
1812 1807 1972 1862 etiam
1985 1807 2169 1876 jurans
2198 1805 2300 1876 (Is.

2411 610 2572 666 Opera
2602 596 2736 666 ejus,
2757 597 2865 652 Deo
2889 597 3066 667 digna.
3097 598 3300 669 Itaque,
3328 599 3429 654 hoc
3459 600 3672 654 nomine
3693 601 4015 656 cessationis

2410 696 2465 741 et
2492 687 2806 743 defectionis
2829 704 3075 760 operum,
3107 699 3160 744 et
3191 691 3538 761 impudentia:
3567 692 3647 765 ((i)
3681 692 3757 764 (b)
3784 702 3839 748 et
3861 694 4016 748 mali-

2409 782 2627 852 gnitatis
2653 783 2846 838 adﬁnis
2879 794 2961 839 est
3001 803 3013 839 ε
3051 785 3393 856 impudentia:
3421 787 3524 856 (7),
3555 802 3658 857 qua
3705 788 3862 842 fidem
3904 803 4010 841 non

2411 873 2642 929 debitam
2675 876 2776 931 sibi
2810 886 3008 947 captat,
3059 879 3143 933 cui
3173 879 3559 948 praestruendae
3601 879 3735 934 nihil
3783 896 4010 951 prospe-

2410 968 2520 1033 xit;
2548 968 2914 1040 malignitatis,
2947 986 3049 1042 qua
3082 972 3263 1042 plures
3293 973 3679 1030 incredulitatis
3702 989 3824 1032 reos
3852 974 4012 1045 fecit,

2411 1059 2546 1116 nihil
2577 1060 2700 1118 tidei
2728 1063 3090 1133 procurando.

3017 1158 3243 1215 CAPUT
3273 1158 3410 1215 XIII.

2481 1249 2612 1305 Cum
2656 1250 2814 1306 deum
2865 1251 2966 1308 hoc
3002 1253 3169 1322 gradu
3212 1255 3558 1324 expellimus,
3593 1256 3678 1310 cui
3708 1255 3854 1310 nulla
3881 1271 4015 1312 con-

2409 1341 2543 1398 ditio
2571 1352 2676 1398 tant
2711 1344 2922 1414 propria
2953 1355 3007 1400 et
3034 1346 3142 1400 Deo
3169 1347 3348 1416 digna,
3381 1363 3540 1417 quam
3569 1347 3861 1415 Crcatnsis,
3897 1361 4008 1405 tes-

2411 1437 2691 1491 timonium
2759 1440 3128 1510 prmsignarit,
3189 1439 3308 1512 (ε)
3370 1456 3555 1496 narem
3623 1444 4011 1499 contrahentes

2410 1529 2857 1599 impudentissimi
2879 1531 3256 1598 Marcionistm,
3273 1543 3670 1588 convertuntur
3690 1533 3754 1588 ad
3771 1536 4015 1591 destruc-

2412 1622 2611 1676 tionem
2636 1638 2857 1692 operum
2874 1623 3162 1680 Creatoris.
3206 1626 3488 1692 Nimirum,
3516 1628 3780 1698 inquiunt,
3805 1630 4015 1699 grande

2408 1729 2544 1785 opus
2567 1724 2621 1770 et
2649 1715 2869 1785 dignum
2897 1717 3029 1784 Deo,
3061 1718 3312 1777 mundus.
3346 1718 3609 1790 Numquid
3635 1735 3764 1790 ergo
3787 1722 4016 1775 Creator

2409 1810 2634 1864 minime
2666 1810 2846 1866 Deus?
2893 1810 3055 1866 Plane
3105 1811 3267 1867 Deus.
3314 1813 3458 1882 Ergo
3498 1830 3597 1869 nec
3641 1813 3869 1869 mundus
3899 1813 4014 1870 Deo

707 1903 824 1972 XL,
855 1902 935 1976 8)
981 1903 1360 1969 adseverabat,
1416 1903 1578 1958 tantis
1627 1902 1878 1973 Operibus
1931 1901 2172 1956 notitiam
2218 1901 2300 1956 sui
2332 1905 2379 1966 B
2410 1903 2657 1973 indignus
2690 1920 2702 1954 :
2740 1903 2870 1957 nihil
2901 1905 3101 1959 etenim
3144 1905 3282 1960 Deus
3319 1905 3594 1975 indignum
3626 1922 3684 1962 se
3717 1905 3862 1973 fecit;
3909 1905 4013 1961 etsi

706 1997 1019 2062 armaverit,
1047 2013 1208 2068 qttam
1230 2006 1479 2068 potuerat
1505 2011 1610 2051 non
1636 1997 1706 2050 ita
1753 2010 1973 2050 curasse
2004 1993 2300 2049 secundum

703 2087 1089 2159 singularitatis
1117 2105 1229 2144 suae
1257 2087 1734 2159 praesumptionem
1761 2105 1772 2141 :
1806 2087 1894 2142 ille
1934 2097 2114 2142 autem
2140 2087 2306 2141 subli-

705 2182 864 2248 tnior,
885 2181 1062 2238 sciens
1082 2184 1390 2238 interiOretn
1421 2183 1584 2238 deum
1602 2191 1708 2236 tam
1735 2181 2076 2246 instructum,
2099 2180 2301 2235 nullatn

705 2274 805 2328 sibi
850 2273 926 2346 (a)
961 2275 1300 2345 prospexerit
1324 2275 1670 2344 agnoscendo
1700 2273 2046 2343 paraturam?
2073 2274 2304 2340 Quando

708 2367 872 2422 etiam
917 2367 1206 2438 insigniora
1252 2377 1306 2422 et
1351 2367 1665 2437 superbiora
1710 2365 1788 2438 (3)
1817 2383 1979 2438 opera
2025 2367 2306 2423 debuisset

707 2462 1034 2527 condidisse,
1057 2472 1113 2517 ut
1145 2463 1285 2518 Deus
1306 2479 1372 2518 ex
1399 2463 1653 2532 operibus
1674 2472 2092 2534 cognosceretur
2114 2477 2306 2516 secun-

704 2558 830 2612 dum
855 2556 1204 2626 Creatorem;
1230 2567 1283 2615 et
1311 2573 1378 2614 ex
1409 2557 1832 2626 honestioribus,
1857 2559 2032 2628 potior
2058 2567 2113 2613 et
2137 2573 2301 2628 gene-

705 2650 880 2707 rosior
905 2648 1184 2706 Creatorc.

1306 2743 1532 2801 CAPUT
1564 2743 1679 2799 XII.

776 2839 1070 2904 Caeterum,
1101 2838 1203 2894 etsi
1246 2853 1368 2894 esse
1415 2854 1539 2894 eum
1579 2851 1861 2907 possemus
1887 2837 2154 2906 confiteri,
2188 2837 2306 2893 sine

703 2947 894 2988 caussa
923 2947 1042 2988 esse
1063 2947 1184 2986 eum
1208 2931 1528 2987 deberemus
1554 2931 1936 3001 argumentari.
1965 2930 2092 2986 Sine
2112 2945 2304 2987 caussa

708 3026 853 3081 enim
895 3034 1058 3091 esset,
1091 3027 1180 3095 qui
1227 3040 1338 3080 rem
1372 3039 1480 3079 non
1525 3024 1746 3080 haberet
1780 3041 1795 3089 ;
1847 3024 1968 3093 quia
2002 3038 2090 3078 res
2131 3023 2306 3077 omnis

703 3133 892 3176 caussa
917 3127 1096 3187 est,ut
1124 3118 1193 3173 sit
1219 3117 1412 3188 aliquis
1433 3117 1584 3187 cujus
1613 3131 1700 3172 res
1731 3117 1821 3170 sit.
1844 3117 2030 3181 Porro,
2062 3116 2114 3169 in
2142 3129 2307 3186 quan-

703 3217 815 3266 tum
841 3209 973 3266 nihil
997 3217 1209 3280 oportet
1229 3224 1352 3264 esse
1369 3209 1485 3263 sine
1505 3222 1719 3273 caussa,
1745 3207 1795 3262 id
1818 3217 1901 3263 cst
1925 3209 2043 3264 sine
2068 3223 2126 3263 re
2149 3224 2161 3260 :
2183 3207 2305 3278 quia

2409 1995 2664 2050 mundum
2694 1996 2918 2063 homini,
2944 2012 3048 2050 non
3075 1996 3175 2051 sibi
3205 1995 3351 2065 fecit,
3397 1999 3497 2053 etsi
3524 2013 3685 2055 omne
3715 2013 3850 2069 opus
3871 1997 4014 2054 infe-

2407 2087 2518 2142 rius
2557 2098 2640 2144 est
2666 2104 2764 2143 suo
2784 2091 3013 2145 artifice.
3043 2089 3112 2142 Et
3159 2099 3359 2155 tamen,
3385 2092 3427 2144 si
3459 2091 3615 2160 quale
3641 2091 3765 2152 quid
3811 2091 4009 2147 fecisse

2410 2180 2686 2252 indignum
2732 2191 2818 2236 est
2849 2182 2979 2248 Deo,
3014 2191 3218 2252 quanto
3273 2181 3543 2263 indignius
3579 2182 3689 2238 Deo
3718 2192 3821 2250 est,
3872 2181 4013 2236 nihil

2408 2289 2531 2329 eum
2559 2275 2781 2329 omnino
2812 2275 3004 2330 fecisse
3035 2275 3115 2329 vel
3151 2275 3447 2344 indignum,
3477 2290 3584 2345 quo
3613 2286 3797 2346 posset
3839 2277 4006 2330 etiam

2407 2365 2709 2436 digniorttm
2737 2377 2926 2422 auctor
2952 2369 3157 2438 sperari
3194 2370 3206 2421 ε
3241 2367 3308 2424 Ut
3331 2384 3462 2439 ergo
3489 2369 3690 2439 aliquid
3718 2379 3772 2425 et
3796 2370 3863 2424 de
3893 2370 4003 2424 isto

2411 2459 2570 2530 hujus
2597 2461 2779 2516 mundi
2809 2460 3029 2531 indigno
3057 2462 3267 2531 loquar,
3291 2461 3379 2516 cui
3406 2471 3460 2518 et
3486 2461 3626 2532 apud
3668 2461 3889 2518 Graecos
3922 2461 4004 2533 (d)

2409 2555 2711 2609 ornamenti
2750 2562 2805 2608 et
2833 2553 3033 2618 cultus,
3078 2569 3186 2608 non
3217 2553 3455 2608 sordium
3501 2569 3697 2610 nomen
3728 2563 3833 2618 est,
3867 2554 4011 2607 indi-

2412 2659 2544 2715 gnas
2574 2644 2822 2699 videlicet
2848 2645 3174 2700 substantias
3202 2646 3301 2715 ipsi
3331 2645 3404 2700 illi
3432 2646 3712 2715 sapientia:
3741 2643 4017 2716 professo-

2409 2756 2517 2806 res,
2574 2739 2642 2794 de
2683 2755 2906 2810 quorum
2957 2739 3182 2809 ingeniis
3237 2740 3414 2794 omnis
3457 2737 3680 2794 heresis
3721 2740 4013 2804 animatur,

2409 2833 2542 2890 deos
2571 2833 3071 2903 pronuntiaverunt,
3104 2840 3161 2887 ut
3183 2831 3380 2887 Thales
3407 2845 3625 2901 aquam,
3659 2839 3716 2885 ut
3755 2829 4008 2884 Heraclio

2411 2936 2496 2981 tus
2526 2927 2724 2996 ignem,
2758 2935 2817 2979 ut
2854 2925 3216 2980 Anaximenes
3263 2938 3466 2990 aerem,
3510 2931 3569 2978 ut
3607 2921 4011 2977 Anaximander

2411 3019 2658 3074 universa
2679 3017 2944 3084 coelestia,
2972 3028 3028 3072 ut
3049 3016 3230 3072 Strato
3252 3016 3448 3072 calum
3463 3025 3518 3071 et
3541 3025 3762 3082 terram,
3789 3024 3846 3070 ut
3865 3014 4014 3070 Zeno

2410 3125 2589 3165 aerem
2619 3119 2674 3163 ct
2702 3111 2982 3172 aetherem,
3020 3117 3077 3163 ut
3104 3108 3255 3163 Plato
3281 3108 3479 3172 sidera;
3509 3123 3629 3178 qua:
3669 3121 3841 3178 genus
3880 3106 4015 3161 deo-

2409 3219 2527 3258 rum
2560 3205 2772 3274 igneum
2801 3202 3036 3272 appellat
3062 3243 3077 3268 ,
3104 3215 3225 3255 cum
3255 3201 3323 3256 de
3354 3199 3574 3256 mundo.
3600 3199 4014 3256 Cousiderando

704 3303 750 3358 si
777 3303 896 3358 sine
919 3316 1109 3357 caussa
1139 3302 1227 3366 sit,
1272 3301 1492 3371 perinde
1517 3309 1602 3357 est
1639 3311 1798 3371 atque
1823 3302 1866 3356 si
1908 3316 2013 3356 non
2061 3302 2151 3368 sit,
2195 3317 2304 3358 non
2332 3296 2377 3360 C
2411 3297 2617 3352 scilicet
2666 3305 2718 3352 et
2750 3295 3198 3366 magnitudinem,
3230 3305 3283 3349 et
3312 3295 3442 3360 vim,
3472 3303 3528 3348 et
3573 3303 3919 3364 potestatem,
3958 3303 4015 3348 et

704 3393 910 3451 habens
934 3393 1016 3450 rei
1037 3408 1304 3460 caussam,
1331 3408 1443 3449 rem
1471 3394 1636 3464 ipsam
1666 3392 1746 3467 (4)
1772 3411 1784 3459 ;
1817 3395 1869 3448 in
1902 3404 2104 3450 tantum
2136 3395 2302 3450 Deum

703 3488 917 3558 dignius
936 3487 1157 3544 credam
1175 3503 1280 3544 non
1303 3503 1445 3554 esse,
1469 3504 1627 3560 quam
1657 3504 1778 3544 esse
1805 3489 1922 3545 sine
1952 3505 2162 3546 caussa.
2178 3492 2306 3548 Sine

703 3593 893 3635 caussa
920 3579 1064 3635 enim
1091 3588 1192 3647 est,
1238 3580 1327 3651 qui
1377 3596 1490 3635 rem
1532 3596 1639 3635 non
1691 3580 1959 3646 habendo,
1992 3599 2098 3638 non
2143 3582 2306 3638 habet

707 3685 978 3727 caussam.
997 3671 1138 3728 Deus
1165 3681 1345 3727 autem
1377 3672 1492 3728 sine
1514 3672 1794 3737 caussa,id
1824 3682 1908 3728 est
1929 3673 2045 3729 sine
2076 3690 2153 3740 re,
2183 3690 2304 3731 esse

707 3779 816 3819 non
843 3763 1025 3820 debet.
1049 3763 1146 3831 Ita,
1165 3765 1376 3835 quoties
1397 3764 1626 3820 ostendo
1654 3779 1776 3819 eum
1802 3764 1920 3820 sine
1947 3780 2136 3821 caussa
2159 3782 2300 3834 esse,

705 3864 978 3927 tamquam
1004 3856 1094 3923 sit,
1130 3856 1233 3912 hoc
1263 3856 1532 3912 constituo
1557 3872 1663 3911 non
1706 3871 1826 3912 esse
1864 3857 2035 3921 illttm,
2085 3861 2231 3928 quia,
2260 3860 2304 3914 si

708 3949 918 4014 fuisset,
949 3946 1172 4004 omnino
1200 3949 1317 4004 sine
1345 3963 1537 4004 caussa
1561 3963 1665 4004 non
1697 3948 1901 4004 fuisset.
1929 3948 2018 4005 Sic
2050 3959 2105 4005 et
2131 3952 2300 4022 ipsam

707 4041 868 4099 ﬁdem
886 4043 1010 4098 dico
1036 4042 1185 4099 illum
1209 4043 1326 4100 sine
1345 4058 1535 4100 caussa
1554 4043 1622 4098 ab
1643 4043 1858 4099 homine
1884 4056 2122 4116 captare,
2145 4046 2303 4101 aliter

717 4135 879 4191 solito
909 4137 1079 4192 Deum
1127 4135 1349 4192 credere
1390 4151 1455 4191 ex
1487 4150 1710 4206 onerum
1742 4139 2059 4193 auctoritate
2103 4138 2300 4194 forma-

706 4239 820 4285 tum
865 4227 973 4301 (5),
999 4230 1124 4300 quia
1163 4229 1295 4285 nihil
1337 4230 1443 4286 tale
1477 4231 1769 4301 prospexit,
1818 4245 1912 4300 per
1954 4232 2094 4301 quod
2141 4232 2302 4289 homo

714 4323 884 4380 Deum
931 4323 1142 4380 didicit.
1171 4323 1328 4394 Nam,
1355 4323 1456 4381 etsi
1485 4322 1712 4380 credunt
1751 4323 1991 4396 plerique
2031 4325 2084 4379 in
2129 4326 2301 4397 illum,

2408 3391 2691 3456 honorent,
2719 3390 3052 3451 etdecorem,
3071 3402 3251 3457 opem,
3274 3386 3458 3453 fidem,
3486 3387 3658 3458 legem
3676 3386 4010 3457 singulorum

2407 3487 2820 3548 elementorum,
2855 3497 2975 3554 qua:
3001 3482 3250 3536 omnibus
3277 3479 3582 3551 gignendis,
3615 3479 3843 3544 alendis,
3875 3493 4011 3534 con-

2408 3577 2652 3634 ficiendis
2680 3575 3091 3645 reficiendisque
3115 3574 3447 3643 conspirant,
3477 3582 3532 3626 nt
3553 3571 3795 3642 plerique
3829 3570 4014 3642 physi-

2409 3687 2617 3734 corum,
2643 3669 3070 3724 formidavcrunt
3095 3667 3305 3721 initium
3336 3680 3398 3720 ac
3429 3663 3589 3719 finem
3618 3663 3818 3719 mundo
3844 3666 3998 3730 dare,

2412 3763 2492 3836 (8)
2546 3779 2614 3820 ne
2664 3762 2977 3818 substantiae
3020 3759 3159 3830 ejus,
3208 3767 3372 3814 tanta:
3425 3757 3652 3824 scilicet,
3683 3757 3862 3812 minus
3928 3756 4004 3811 dii

2411 3861 2755 3923 haberentur;
2786 3870 2917 3928 quas
2950 3854 3028 3927 (9)
3052 3854 3235 3909 colunt
3263 3863 3318 3908 et
3346 3853 3633 3908 Persarum
3662 3849 3819 3921 Magi,
3852 3849 3926 3921 (e)
3957 3859 4012 3904 et

2411 3953 2785 4024 IEgvptiorum
2844 3949 3241 4018 IlierOphantm,
3284 3945 3355 4019 (η
3400 3945 3654 4001 Indorum
3705 3943 4013 4016 Gymnoso-

2406 4049 2620 4117 phistas.
2663 4045 2780 4115 Ipsa
2834 4059 3047 4113 quoque
3085 4040 3319 4112 vulgaris
3350 4040 3663 4111 superstitio
3705 4040 4012 4095 communis

2409 4137 2747 4201 idololatriae,
2779 4152 2900 4191 cum
2927 4136 2980 4190 in
3008 4135 3309 4190 simulacris
3339 4133 3406 4189 de
3438 4131 3744 4187 nominibus
3767 4142 3820 4188 et
3850 4132 4007 4188 fabu-

2407 4233 2474 4288 lis
2503 4241 2741 4288 veterum
2785 4239 3120 4283 mortuorum
3153 4226 3352 4297 pudet,
3382 4227 3451 4281 ad
3506 4226 4010 4297 interpretationem

2411 4325 2732 4384 naturalium
2762 4320 2976 4393 refugit,
3005 4331 3060 4378 et
3088 4320 3326 4379 dedecus
3354 4334 3510 4377 suum
3556 4319 3784 4392 ingenio
3814 4318 4009 4375 obum-

1929 4438 2222 4499 LECTION
2229 4444 2310 4504 ES
2350 4438 2764 4505 VARIANTES.

768 4555 841 4618 (ι)
876 4556 1048 4606 Annon
1066 4549 1261 4618 ?rSeml.
1295 4565 1356 4604 an
1376 4554 1528 4605 Fran.

2329 4562 2382 4622 1)
2471 4556 2542 4622 (ti)
2579 4560 2720 4622 forte
2745 4550 3228 4616 imprudentiaeEdd.

771 4617 843 4682 (2)
878 4618 1018 4669 False
1044 4617 1193 4669 Rhea.

769 4683 844 4753 (Et)
877 4679 1359 4753 §uperiora_Cia§Ott.

2583 4617 2816 4753 ἐξέδυέ-τε
2848 4676 3002 4753 ξεηιι.

794 4688 824 4731 ὅ
877 4688 1143 4753 Superiora
1165 4688 1359 4792 C’tnalcon.

794 4688 846 4871 il
877 4743 1286 4858 ἓὲἓηὶινῗὲηῗῧηηῑ

2498 4688 2547 4743 δ)
2583 4688 2816 4731 Constare
2848 4688 2884 4726 δ

2475 4688 2546 4809 (9)
2581 4744 2714 4804 Quos
2734 4738 2885 4792 Seml.

2074 4909 2636 4969 COMMENTARIUS.

790 5034 866 5107 (a)
901 5031 1229 5102 Prospexerit
1266 5029 1585 5107 agnoscendo
1613 5038 1929 5107 paraturam.
1963 5029 2074 5087 Hoc
2103 5040 2188 5088 est
2209 5046 2300 5089 or-

715 5101 1044 5163 namentum
1071 5118 1168 5158 seu
1199 5102 1486 5157 creationis
1534 5101 1942 5170 praerogativam
1967 5145 1982 5169 ,
2029 5119 2130 5171 qua
2165 5107 2307 5159 velut

718 5178 940 5250 proprio
981 5183 1262 5246 apparatu,
1296 5174 1617 5244 propriaque
1648 5173 1818 5298 gloriia
1855 5185 2302 5299 Icognosceretur.

1793 5260 1824 5298 ε
1901 5263 1951 5299 ιι.

1793 5260 1824 5298 ε
1855 5260 1951 5300 l’ﬂ.

785 5317 940 5374 CAP.
974 5314 1250 5388 XII.—-(b)
1275 5315 1346 5370 Et
1368 5315 1698 5388 malignitatis
1711 5317 1900 5388 adﬁnis
1922 5326 2012 5370 est.
2033 5317 2306 5387 Particeps

715 5390 1098 5460 malignitatis.
1123 5386 1202 5460 Eo
1230 5386 1388 5460 enim
1435 5386 1696 5460 vocabqu
1734 5387 1789 5441 in
1842 5404 1907 5443 eo
1953 5403 2111 5443 sensu
2147 5386 2314 5444 utitur

716 5457 920 5518 Tullius
945 5475 1042 5531 pro
1061 5459 1263 5531 (Sylla:
1285 5457 1458 5531 [ζαμία
1482 5457 1677 5525 adﬁnes
1701 5460 2028 5531 suspicionis.
2059 5461 2136 5514 Ls;
2160 5461 2257 5515 Pa.

785 5528 1255 5608 C.‘\_P.-Xl|l._-:—(c)
1286 5528 1481 5608 arent
1509 5530 1859 5585 contrahentes
1888 5531 2316 5608 intpudentissimi

719 5604 1059 5659 Marcionita.
1095 5601 1255 5658 Vafre
1301 5601 1608 5658 deridentes
1662 5613 1717 5656 et
1769 5619 1894 5656 naso
1950 5601 2316 5673 suspendentes

718 5677 936 5730 adunco.
973 5673 1048 5728 Ls:
1076 5673 1170 5728 Pu.

792 5745 872 5820 (d)
917 5745 1471 5820 Notutnhl’ytltagoraa
1497 5744 1736 5820 dictum.
1781 5744 1917 5798 Hinc
1956 5746 2118 5820 etiam
2157 5744 2297 5800 istud

720 5815 1020 5874 Aristotelis
1047 5817 1098 5871 in
1128 5815 1218 5871 lib.
1244 5815 1307 5869 de
1341 5815 1539 5870 Mundo
1566 5837 1578 5871 :
1615 5815 1916 5871 Universum
1957 5816 2125 5886 ipsum
2162 5833 2300 5870 com-

720 5888 867 5948 mode
893 5892 1064 5958 κὸσμον
1085 5888 1437 5958 nominaveris,
1459 5889 1514 5944 id
1531 5895 1600 5944 est
1615 5930 1631 5957 ,
1657 5903 1954 5961 compagem
1976 5904 2145 5945 rerum
2164 5904 2303 5945 com-

2408 5032 2658 5104 positam,
2673 5030 3069 5104 conjinnateque
3087 5029 3265 5104 ordine
3286 5030 3554 5101 digestum.
3579 5030 3708 5086 Eoo.
3737 5042 3849 5098 post
3871 5031 4007 5104 Ρη.

2485 5102 2561 5173 (e)
2612 5101 2678 5155 Et
2712 5100 3079 5172 AEgyptiorum
3115 5100 3500 5170 Hieraphantw.
3535 5109 3808 5172 ἰτρυφᾶνται
3858 5103 4007 5169 dicti,

2411 5177 2552 5246 quod
2582 5177 3112 5246 sacra‘ostenderent
3135 5183 3244 5246 aut
3274 5185 3608 5245 peragerent,
3634 5188 3806 5244 genus
3829 5189 4012 5230 sacer-

2414 5243 2596 5300 dotum
2620 5243 2757 5314 apud
2788 5243 3089 5314 Egyptios.
3133 5243 3266 5298 Pan.

2493 5316 2584 5398 (ξ)
2614 5314 2867 5398 Indorum
2898 5314 3359 5398 Gymnosophisttv.
3393 5316 3618 5398 Apolog.
3650 5315 3743 5378 '52,
3771 5315 4012 5398 Glmno-

2421 5377 2690 5457 sophistas
2721 5377 2968 5442 ludorum
3006 5377 3203 5456 pariter
3227 5377 3458 5442 dixerat:
3491 5377 3598 5442 Hos
3628 5377 3759 5442 vero
3789 5377 4007 5444 Ethio-

2423 5476 2548 5530 pum
2582 5458 2930 5530 philosophos
2964 5457 3149 5530 fuisse,
3183 5457 3542 5514 Brachmanas
3572 5473 3718 5530 vero,
3746 5459 4006 5514 Indorum

2422 5528 2661 5588 statuere
2689 5529 2898 5584 videtur
2928 5528 3180 5584 Sidonius
3209 5530 3505 5599 Apoll.Ep.
3525 5531 3580 5593 3,
3611 5531 3647 5583 I.
3677 5529 3825 5584 VIII:
3850 5531 4007 5585 Nunc

2421 5605 2490 5658 ad
2521 5601 2828 5671 .«EtltiOpum
2858 5599 3332 5672 Gymnosophistas,
3355 5600 3701 5668 Indorumque
3727 5601 4010 5655 Brachma-

2422 5692 2533 5736 nas,
2565 5682 2694 5726 totus
2717 5673 2914 5726 lectioni
2941 5689 3147 5738 vacans,
3169 5682 3215 5726 et
3243 5674 3352 5743 ipse
3373 5672 3746 5740 quodammodo
3777 5673 4005 5743 peregri-

2401 5761 2543 5799 nare.
2567 5744 2677 5798 Nec
2698 5744 2805 5798 abit
2821 5745 2887 5800 ab
2903 5759 2964 5798 ea
2988 5745 3250 5798 sententia
3266 5742 3528 5801 Clemens
3549 5745 3703 5799 Alex.
3724 5742 3924 5799 Strom’.
3949 5742 3968 5796 I
3990 5762 4002 5798 :

2405 5817 2519 5944 ἴσιῇ
2562 5816 2704 5943 lviii};
2727 5822 2849 5941 pana
2893 5835 2981 5874 τῶν
3026 5823 3342 5891 βριχμᾶινων,
3399 5833 3433 5872 a
3477 5814 3820 5872 Brachmanis
3864 5815 4005 5891 apud

2444 5907 2474 5944 η
2515 5905 2590 5944 οδ.
2660 5903 2691 5944 Ε
2772 5903 2822 5944 ἢ.

2444 5903 2590 5948 ηαοδ.
2616 5903 2691 5944 ιλιι
2727 5903 2822 5944 l’It.
