4262 6490
173 395 280 453 261

1311 398 1440 454 LIB.
1481 398 1502 453 l
1539 397 1903 456 ADVERSUS
1939 397 2359 456 MARCIONEM.

3377 407 3486 463 263

171 508 336 579 brat,
386 511 619 584 ﬁgurans
664 508 853 569 Jovem
899 511 955 570 in
1001 511 1360 569 substantiam
1399 513 1678 581 fervidam,
1722 521 1780 570 et
1803 517 1858 576 Α
1884 514 1976 569 tibi
2005 515 2088 569 vel
2114 515 2217 570 hoc
2241 532 2377 586 opus
2411 516 2503 571 Dei
2536 519 2728 585 nostri,
2759 519 2901 589 quod
2933 527 3056 575 tuus
3090 518 3339 576 dominus
3385 522 3478 579 ille

174 602 448 662 Juuonem
473 605 589 676 ejus
610 605 662 660 in
685 605 912 672 aeriam,
931 604 1228 662 secundum
1256 621 1448 662 sonum
1478 622 1777 678 graecorum

176 698 589 765 vocabulorum;
618 698 748 755 item
792 697 1014 754 Vestam
1042 700 1093 754 in
1137 699 1318 769 ignem
1349 708 1402 754 et
1431 697 1696 754 Camenas
1724 699 1779 754 in

175 805 396 861 aquam,
447 800 502 848 et
535 790 776 862 Magnam
816 791 1037 848 Matrem
1069 793 1120 848 in
1151 801 1347 849 terram
1378 791 1657 848 seminalia
1685 792 1782 848 de-

177 899 438 950 messam,
481 883 698 940 lacertis
741 893 970 952 aratam,
1018 885 1250 941 lavacris
1294 886 1542 956 rigatam.
1591 886 1682 941 Sic
1726 893 1783 941 et

177 975 356 1031 Osiris
384 972 466 1048 (I)
495 975 639 1047 quod
664 991 881 1047 semper
907 976 1190 1047 sepelitur,
1219 986 1275 1032 et
1297 977 1350 1033 in
1379 977 1560 1033 vivido
1587 978 1782 1048 quzeri-

180 1078 294 1133 tur,
319 1077 374 1122 et
403 1083 530 1123 cum
567 1067 764 1140 gaudio
796 1069 1096 1137 invenitur,
1129 1071 1526 1141 reciprocarnm
1571 1071 1781 1141 frugum

181 1170 237 1216 et
267 1159 567 1216 vividorum
609 1163 1027 1230 elementorum,
1071 1170 1123 1218 et
1167 1163 1393 1218 recidivi
1443 1165 1571 1220 anni
1619 1163 1782 1222 ﬁdem

183 1263 634 1324 argumentantur
667 1271 679 1307 :
719 1253 794 1327 (a)
851 1255 991 1310 sicut
1035 1254 1199 1310 aridae
1228 1265 1282 1311 et
1305 1256 1546 1312 ardentis
1577 1268 1784 1314 naturae

181 1353 526 1400 sacramenta
559 1345 742 1401 leones
771 1344 845 1418 (b)
876 1346 1085 1401 Mithrae
1110 1347 1577 1418 philosophantur.
1607 1349 1674 1404 Et
1701 1364 1784 1404 su-

184 1438 436 1508 periores
471 1438 687 1508 quidem
730 1439 835 1494 situ
879 1449 972 1495 aut
1016 1448 1159 1496 statu
1209 1441 1538 1496 substantias
1587 1441 1787 1497 sufﬁcit

187 1530 405 1587 facilius
431 1530 566 1588 deos
596 1531 826 1600 habitas,
858 1548 1019 1604 quam
1049 1532 1160 1588 Deo
1187 1532 1453 1605 indignas.
1492 1535 1574 1590 Ad
1608 1535 1786 1590 humi-

187 1622 259 1678 lia
287 1624 561 1681 deliciam.
595 1622 763 1693 Unus,
795 1626 1010 1695 opinor,
1037 1625 1104 1682 de
1131 1627 1349 1699 sepibus
1376 1627 1655 1698 flosculus,
1680 1644 1785 1685 non

185 1717 312 1774 dico
337 1719 408 1774 de
455 1718 644 1789 pratis;
680 1734 786 1774 una
830 1719 1117 1790 cujuslibet
1157 1725 1325 1778 maris
1363 1725 1645 1790 conchula,
1680 1741 1787 1781 non

189 1810 310 1866 dico
340 1810 412 1867 de
435 1809 644 1878 Rubro;
674 1827 778 1868 una
804 1815 1064 1869 tetraonis
1085 1813 1324 1884 pinnula,
1358 1825 1512 1871 taceo
1533 1817 1601 1872 de
1628 1833 1786 1888 pavo,

187 1904 472 1964 sordidum
499 1906 765 1964 artiﬁcem
792 1908 1161 1978 pronuntiabit
1190 1909 1284 1966 tibi
1310 1909 1661 1968 Creatorem?

798 2042 1028 2103 CAPUT
1061 2045 1200 2102 XIV.

271 2188 347 2244 At
397 2203 520 2244 cum
575 2197 630 2244 et
668 2188 919 2244 animalia
962 2188 1154 2247 irrides
1183 2191 1493 2258 minutiora,
1526 2209 1646 2264 qua:
1676 2210 1789 2250 ma-

193 2283 374 2337 ximus
398 2282 592 2339 artifex
610 2282 676 2339 de
703 2281 963 2340 industria
981 2283 1210 2354 ingeniis
1237 2296 1330 2341 aut
1351 2286 1556 2342 viribus
1577 2290 1795 2359 amplia-

196 2375 292 2437 vit,
317 2375 397 2428 sic
425 2376 848 2446 magnitudinem
877 2377 931 2432 in
962 2376 1333 2434 mediocritate
1361 2380 1574 2448 probari
1593 2381 1794 2438 docens

190 2464 647 2534 quemadmodum
700 2468 947 2522 virtutem
996 2468 1050 2522 in
1100 2466 1435 2534 inﬁrmitate,
1487 2472 1791 2528 secundum

191 2551 516 2625 Apostolum
562 2555 646 2625 (_II
670 2556 815 2620 Cor.,
844 2556 962 2624 XII,
992 2556 1086 2626 9);
1130 2558 1358 2625 imitare,
1394 2559 1438 2615 si
1476 2571 1648 2631 potes,
1679 2565 1796 2632 apis

193 2648 450 2717 aediﬁcia,
499 2648 734 2704 formica:
784 2649 1034 2718 stabula,
1081 2651 1264 2707 aranei
1310 2653 1465 2717 retia,
1517 2653 1795 2726 bombycis

192 2745 430 2800 stamina
463 2762 476 2800 :
505 2746 729 2810 sustine,
773 2747 817 2800 si
848 2755 1022 2818 potes,
1043 2747 1163 2801 illas
1187 2747 1330 2818 ipsas
1360 2748 1539 2804 lectuli
1567 2759 1623 2805 et
1654 2760 1799 2821 tege-

195 2840 264 2894 tis
294 2848 406 2894 tuae
450 2839 668 2905 bestias,
699 2838 1025 2894 cantharidis
1054 2853 1283 2902 venena,
1328 2856 1529 2897 musca
1567 2842 1796 2912 spicula,

191 2929 388 2986 culicis
435 2939 491 2985 et
531 2929 710 2984 tubam
763 2939 818 2985 et
853 2929 1114 2985 lanceam.
1145 2931 1336 2998 Qualia
1371 2943 1528 2988 erunt
1569 2935 1795 3004 majora,

192 3037 322 3077 cum
355 3031 466 3076 tam
496 3020 722 3076 modicis
751 3030 843 3076 aut
862 3021 1070 3092 jnvaris
1118 3033 1210 3078 aut
1251 3024 1486 3091 lmderis,
1525 3038 1582 3081 ut
1617 3043 1717 3084 nec
1744 3030 1796 3085 in

195 3113 431 3170 modicis
457 3112 726 3185 despicias
753 3113 1064 3170 Creatorem
1095 3115 1118 3170 ?
1157 3116 1460 3186 Postremo,
1491 3127 1542 3174 te
1571 3120 1664 3176 tibi
1693 3122 1798 3176 cir-

197 3205 437 3275 cumfer,
479 3206 624 3264 intus
648 3221 713 3264 ac
741 3205 874 3264 foris
915 3206 1201 3266 considera
1235 3209 1530 3268 hominem.
1562 3212 1802 3270 Placebit

1885 607 2028 662 Deus
2056 608 2248 663 melior
2270 609 2564 675 adamavit;
2595 619 2814 681 propter
2837 627 2997 683 quem
3031 613 3083 668 in
3111 612 3227 668 hzec
3255 629 3484 684 pauper-

1885 702 1992 757 tina
2028 702 2293 758 elementa
2328 702 2397 758 de
2440 704 2599 758 tertio
2643 704 2785 761 ctelo
2811 705 3144 764 descendere
3183 707 3482 775 laboravit;

1885 797 2038 867 cujus
2066 811 2256 853 caussa
2285 798 2339 853 in
2369 797 2470 854 hac
2496 798 2687 854 cellula
2708 798 2980 857 Creatoris
3008 801 3170 857 etiam
3196 803 3487 860 cruciﬁxus

1884 899 1988 946 est.
2019 889 2124 946 Sed
2150 891 2239 946 ille
2263 891 2481 961 quidem
2511 906 2680 963 usque
2702 908 2843 948 nunc
2875 909 2974 949 nec
2999 909 3191 964 aquam
3224 895 3485 965 reproba-

1886 983 1959 1038 vit
1986 981 2278 1052 Creatoris,
2304 1001 2409 1056 qua
2453 999 2581 1042 suos
2608 983 2798 1054 abluit;
2845 1002 2947 1043 nec
2988 988 3190 1056 oleum,
3217 1004 3327 1060 quo
3355 1003 3484 1045 suos

1888 1079 2111 1147 unguit;
2155 1093 2255 1134 nec
2294 1078 2473 1135 mellis
2511 1089 2566 1136 et
2608 1081 2763 1137 lactis
2815 1084 3152 1149 societatem,
3201 1099 3304 1154 qua
3357 1098 3487 1140 suos

1887 1168 2133 1232 infantat;
2171 1184 2271 1225 nec
2300 1186 2514 1241 panem,
2541 1188 2650 1241 quo
2672 1173 2846 1244 ipsum
2877 1190 3074 1245 corpus
3102 1190 3259 1230 suum
3284 1190 3486 1246 reprte-

1889 1271 2063 1316 sentat
2084 1259 2357 1335 (c);etiam
2377 1264 2429 1319 in
2460 1266 2810 1321 sacramentis
2835 1268 3068 1337 propriis
3092 1283 3258 1340 egens
3282 1268 3490 1324 mendi-

1890 1356 2142 1412 citatibus
2160 1354 2450 1414 Creatoris.
2474 1359 2544 1414 At
2571 1367 2624 1413 tu
2643 1375 2806 1430 super
2830 1361 3146 1432 magistrum
3169 1362 3490 1434 discipulus,

1890 1457 1946 1504 et
1975 1466 2162 1506 servus
2189 1467 2354 1522 super
2380 1451 2679 1521 dominum,
2713 1453 2996 1510 sublimius
3042 1456 3135 1512 illo
3185 1458 3350 1528 sapis,
3393 1456 3492 1514 de-

1893 1552 2109 1600 struens
2135 1560 2255 1616 qua:
2286 1545 2374 1602 ille
2421 1545 2712 1603 desiderat.
2763 1547 2901 1605 Volo
2929 1549 3195 1621 inspicere
3223 1551 3270 1608 si
3292 1568 3356 1609 es
3387 1553 3495 1610 ﬁde

1893 1633 2106 1701 saltem,
2139 1645 2198 1690 ut
2227 1651 2334 1691 non
2360 1646 2414 1692 et
2443 1638 2557 1708 ipse
2583 1654 2703 1710 quae
2732 1639 2987 1708 destruis,
3009 1652 3251 1712 appetas.
3283 1644 3493 1699 Adver-

1894 1727 2032 1781 saris
2056 1727 2278 1796 caelum,
2300 1737 2356 1783 et
2381 1730 2680 1786 libertatem
2702 1733 2824 1789 caeli
2854 1734 2907 1788 in
2927 1732 3346 1792 habitationibus
3367 1751 3494 1808 cap-

1895 1828 1996 1874 tas.
2029 1820 2268 1891 Despicis
2299 1831 2518 1891 terram,
2545 1826 2700 1895 plane
2727 1827 2956 1883 inimica:
2971 1828 3050 1900 (2)
3064 1829 3169 1899 jam
3191 1839 3294 1885 tua:
3317 1831 3496 1886 carnis

1816 1919 1865 1982 Β
1894 1913 2191 1978 matricem;
2220 1921 2275 1970 et
2304 1931 2493 1971 omnes
2519 1915 2786 1972 medullas
2811 1919 2928 1989 ejus
2959 1922 3122 1975 victui
3170 1931 3481 1991 extorques.

1898 2005 2176 2076 Reprobas
2216 2016 2271 2063 et
2300 2024 2470 2076 mare;
2500 2009 2596 2066 sed
2625 2027 2794 2082 usque
2848 2012 2916 2068 ad
2945 2015 3132 2084 copias
3170 2014 3322 2085 ejus,
3359 2029 3496 2086 quas

1898 2103 2220 2158 sanctiorem
2238 2102 2415 2158 cibum
2440 2105 2682 2175 deputas.
2702 2106 2899 2163 Rosam
2916 2107 3008 2163 tibi
3035 2108 3081 2164 si
3095 2107 3364 2174 obtulere,
3387 2123 3496 2164 non

1898 2196 2142 2253 fastidies
2177 2197 2505 2254 Creatorem.
2557 2199 2866 2272 Ilypocrita,
2897 2211 2955 2256 ut
3007 2201 3088 2271 (3)
3137 2201 3499 2272 apocarteresi

1901 2291 2096 2361 probes
2110 2300 2161 2345 te
2175 2294 2571 2349 marcionistam
2588 2293 2690 2367 (τι),
2708 2293 2760 2350 id
2776 2302 2860 2352 est
2871 2295 3268 2366 repudiatorem
3282 2297 3498 2353 Creato-

1900 2384 1975 2439 ris
2008 2386 2153 2454 (nam
2177 2384 2290 2440 lucc
2315 2385 2457 2456 apud
2481 2402 2574 2441 vos
2603 2402 2702 2458 pro
2728 2388 2985 2460 martyrio
3006 2388 3247 2445 all‘ectari
3275 2389 3497 2445 debuis-

1900 2484 2002 2543 set,
2049 2476 2096 2531 si
2140 2477 2292 2533 vobis
2337 2477 2570 2534 mundus
2610 2480 2982 2551 displiceret),
3027 2484 3078 2537 in
3109 2498 3501 2554 quamcumque

1902 2569 2184 2624 materiam
2225 2571 2538 2636 rcsolveris,
2569 2572 2922 2628 substantiam
2959 2575 3038 2641 (.I)
3067 2571 3337 2631 Creatoris
3367 2582 3500 2630 ute-

1901 2659 1994 2714 ris.
2024 2662 2231 2728 Quanta
2257 2661 2546 2719 obstinatio
2566 2663 2780 2721 duritiae
2828 2666 2971 2722 tuae!
3003 2663 3276 2738 depretias
3307 2668 3360 2723 in
3382 2667 3500 2740 qui-

1902 2751 2004 2809 bus
2031 2763 2086 2810 et
2111 2754 2246 2811 vivis
2269 2764 2324 2812 et
2353 2757 2604 2814 moreris.

2514 2938 2741 2998 CAPUT
2777 2938 2897 2998 XV.

1977 3118 2104 3175 Post
2146 3116 2284 3185 haec,
2319 3117 2408 3175 vel
2456 3127 2580 3176 ante
2615 3120 2752 3184 haec,
2783 3133 2906 3176 cum
2946 3117 3149 3176 dixeris
3189 3133 3311 3176 esse
3348 3128 3404 3176 et
3431 3120 3507 3176 illi

1906 3211 2266 3268 conditionem
2280 3226 2454 3280 suam,
2481 3221 2536 3268 et
2560 3228 2714 3268 suum
2737 3212 3019 3283 mundum,
3038 3222 3093 3270 et
3114 3228 3271 3270 suum
3286 3216 3506 3285 cmlum;

1458 3324 1838 3392 LECTIONES
1873 3327 2287 3389 VARIANTES.

260 3417 340 3540 ei

393 3481 570 3532 nimice
587 3479 736 3530 Seml.

2075 3420 2675 3536 Sena.
2700 3426 2964 3492 hypocrita,
2989 3436 3121 3480 muta
3145 3426 3293 3480 Rhea.

1557 3594 2119 3653 COMMENTARIUS.

275 3695 356 3767 (a)
385 3693 533 3751 Sicut
553 3694 722 3767 arida;
735 3702 782 3748 et
807 3693 1032 3767 ardentis
1063 3701 1261 3767 natura:
1273 3701 1601 3767 sacramenta
1627 3692 1796 3767 leones

203 3764 420 3821 "illius
467 3766 909 3837 philosophantur.
957 3764 1022 3837 In,
1063 3764 1248 3837 sacris;
1273 3764 1484 3819 Mithrae
1512 3764 1624 3818 sive
1650 3764 1794 3818 Solis

201 3835 602 3894 adhibebantur
630 3838 842 3892 leonum
871 3836 1176 3891 simulacra.
1211 3835 1378 3889 Erant
1407 3846 1587 3890 autem
1614 3850 1794 3890 sacra-

201 3919 414 3974 menta,
449 3912 548 3964 hoc
574 3918 658 3962 est
707 3908 855 3978 signa
901 3921 993 3960 seu
1033 3907 1285 3978 mysteria
1329 3906 1789 3978 solarisnaturaa,

201 3981 374 4035 aridae
401 3991 455 4034 et
484 3977 743 4033 ardentis.
765 3976 927 4031 Tunc
951 3976 1100 4030 enini
1131 3986 1295 4030 aestus
1334 3976 1644 4042 intenditur,
1675 3977 1791 4031 fon-

203 4060 290 4106 tes
341 4059 397 4105 et
446 4049 590 4105 ﬂuvii
631 4050 938 4113 siccantur,
988 4061 1110 4101 cum
1165 4048 1372 4118 ingredi
1412 4045 1647 4102 Leonem
1697 4047 1790 4103 Sol

205 4122 432 4187 dicitur,
463 4131 586 4175 tunc
615 4120 848 4190 denique
876 4118 1090 4190 Cereris
1119 4129 1300 4188 raptus
1340 4118 1672 4190 celebratur,
1698 4119 1800 4175 hoe

202 4202 314 4256 est,
345 4191 540 4246 messis
577 4188 777 4261 agitur;
797 4191 943 4245 Arati
972 4189 1318 4258 Scholiasles,
1350 4188 1506 4260 Κόρην
1550 4195 1640 4262 γὰρ
1682 4191 1809 4245 εἶναι

202 4272 317 4324 τοὺς
355 4272 563 4333 καρποὺς
611 4266 815 4334 λέγωσι,
846 4269 928 4317 καὶ
974 4271 1162 4332 μητέρα
1185 4273 1275 4318 riu
1318 4273 1422 4329 yiv'
1455 4266 1536 4315 xuii
1574 4269 1670 4333 γὰρ
1695 4263 1807 4334 παρ’

203 4337 495 4407 Αἰγυπτίης
509 4342 634 4391 κατὰ
657 4345 736 4391 τὸν
757 4340 886 4403 Epp)
905 4344 1054 4400 ,u-iya,
1073 4340 1224 4407 bﬂjv
1236 4340 1577 4407 Mavrqt‘nrar
1600 4337 1626 4384 ὁ
1656 4344 1806 4401 ἣλιος,

207 4417 238 4468 ἠ
279 4402 368 4468 ὶ-ῆς
403 4406 558 4480 Κόρης
585 4412 800 4480 ἁρπαγῇ-
826 4407 1114 4460 "hmani.
1143 4402 1506 4480 Proserpinam
1544 4407 1708 4480 enim_
1707 4422 1813 4460 esse

206 4480 412 4550 [ructas
447 4473 642 4550 dicunt,
668 4473 989 4550 θιίιριιιινειιιΔ
1013 4487 1218 4550 terram.
1249 4473 1450 4529 Etenim
1471 4473 1808 4550 apud/Egy-

207 4545 346 4620 ptios
379 4563 546 4604 mense
577 4547 798 4617 Emphi,
831 4563 945 4620 cunt
973 4547 1026 4620 in
1069 4545 1237 4620 Leone
1269 4555 1497 4620 versatur
1539 4546 1639 4613 sol,
1673 4545 1811 4602 Pro-

205 4615 433 4692 serpiiuz
461 4629 640 4690 raptus
672 4615 950 4689 peragitur.
981 4616 1333 4673 Germanicus
1360 4615 1413 4671 in
1443 4615 1626 4673 Leone
1654 4633 1669 4670 :

334 4734 480 4787 Hunc
498 4735 584 4786 ubi
607 4734 873 4796 contigerit
900 4732 1075 4784 Phoebi
1101 4732 1360 4784 violentior
1385 4735 1508 4793 axis,

335 4799 557 4850 Accensa
583 4800 631 4847 in
651 4797 837 4849 Cancro
852 4799 950 4858 jam
976 4803 1079 4845 tum
1103 4797 1433 4857 geminabitur
1453 4801 1629 4855 aestas;

338 4860 480 4924 Tunc
504 4860 710 4924 lymphae
732 4869 930 4918 tenues,
957 4867 1072 4909 tunc
1095 4866 1171 4908 est
1193 4859 1465 4924 tristissima
1489 4859 1657 4924 tellus,

339 4922 404 4974 Et
425 4919 757 4974 densasch
772 4930 979 4985 segetes
996 4925 1126 4972 bene
1146 4921 1312 4973 condit
1327 4931 1504 4973 arator.
1519 4919 1815 4974 Ennmem.

295 5047 377 5120 (b)
413 5049 617 5104 Mitlmz
641 5048 1088 5120 philowphanmr.
1131 5047 1301 5103 Nemo
1344 5047 1457 5104 fere
1475 5059 1558 5104 est
1585 5049 1675 5118 qui
1721 5064 1815 5104 ne-

214 5119 364 5179 sciat
385 5121 633 5177 Mithram
679 5121 838 5176 deum
881 5135 1006 5175 esse
1050 5119 1334 5174 Persarum
1367 5119 1653 5188 etquidem
1698 5121 1809 5190 pri-

214 5210 388 5249 mum.
433 5191 748 5264 Hesychius,
779 5197 953 5262 μίθρης
980 5193 1004 5264 ὁ
1029 5209 1209 5261 πρῶτος
1249 5197 1295 5246 ἓν
1332 5198 1678 5264 Περσαιςβεός,
1715 5190 1813 5264 ubi

214 5275 274 5322 et
325 5264 508 5322 Solem
537 5261 660 5320 esse
701 5265 794 5318 ait.
823 5261 1143 5331 Pingebatur
1171 5272 1348 5318 autem
1399 5261 1597 5317 Leonis
1641 5261 1809 5328 vultu,

215 5337 533 5391 animalium
582 5335 980 5399 ferventissimi,
1027 5333 1303 5404 quoniam,
1349 5343 1409 5388 ut
1451 5333 1610 5388 docet
1644 5332 1736 5387 lib.
1768 5331 1808 5397 I,

211 5411 337 5462 adu.
366 5407 541 5462 Joviit.
565 5407 630 5463 Β.
658 5405 1036 5478 Hieronymus,
1065 5421 1130 5459 ex
1158 5414 1292 5478 mstu
1317 5404 1569 5478 libidinis,
1594 5404 1658 5456 ad
1687 5420 1807 5478 eum

215 5479 464 5540 modum,
488 5493 598 5548 quo
635 5473 1040 5541 Erichthonius,
1073 5477 1286 5548 genitus
1315 5487 1414 5548 est.
1451 5473 1604 5530 Unde
1629 5483 1683 5529 et
1724 5477 1811 5531 hic

211 5550 450 5604 ardentis
478 5547 678 5603 natura:
703 5565 860 5603 voces
886 5556 1232 5616 usurpentur.
1249 5547 1326 5601 Ls
1348 5547 1442 5599 Pn.

284 5621 446 5678 CAP.
478 5619 769 5692 Καρ-(0)
799 5618 1014 5685 Panem,
1043 5635 1141 5692 quo
1168 5620 1337 5685 ipsum
1356 5632 1541 5692 corpus
1560 5633 1708 5692 suum
1733 5635 1813 5673 re-

211 5702 504 5762 prmentat.
528 5691 636 5746 Has
662 5689 1050 5762 voces,quibus
1071 5690 1365 5762 abutuntur
1388 5689 1713 5762 calvinistae,
1733 5693 1812 5746 sic

206 5760 444 5836 explicat
471 5763 728 5836 adversus
747 5779 842 5818 eos
860 5760 1215 5836 Bellarminus
1239 5778 1251 5816 :
1284 5781 1301 5811 ι
1330 5760 1559 5836 Verbum
1621 5777 1810 5829 γοργω-

204 5833 442 5891 “vitandi
498 5833 808 5914 ambiguum
850 5842 936 5914 est
962 5853 972 5886 :
1003 5833 1266 5914 signiﬁcat
1302 5833 1445 5914 enim
1468 5841 1810 5914 praesentem

203 5923 317 5968 rem
341 5911 580 5982 aliquam
604 5902 784 5965 facere
804 5947 820 5978 ,
846 5907 959 5965 sive
985 5905 1181 5979 reipsa,
1213 5904 1326 5963 sive
1351 5905 1408 5962 in
1437 5904 1589 5978 signo
1607 5902 1807 5976 aliquo,

1897 3689 1983 3744 vel
2024 3689 2269 3760 imagine.
2300 3690 2398 3758 Ac,
2423 3699 2478 3746 ut
2504 3691 2746 3747 omittam
2791 3693 3091 3748 testimonia
3119 3693 3421 3758 Ciceronis,
3450 3704 3503 3750 et

1900 3760 2064 3816 etiam
2096 3771 2405 3835 sanctorum
2437 3773 2668 3833 patrum,
2698 3764 2788 3835 qui
2815 3765 3122 3835 frequenter
3162 3775 3383 3821 utuntur
3410 3769 3510 3822 hac

1901 3847 2035 3888 voce
2080 3834 2148 3887 ad
2191 3834 2599 3910 signiﬁcandum
2631 3834 3002 3910 remaliqnam
3049 3852 3175 3892 vere
3194 3848 3250 3893 et
3295 3841 3512 3910 proprie

1906 3914 2224 3980 praesentem
2246 3905 2522 3980 exhiberi;
2544 3905 2904 3980 Tertullianus
2923 3907 3035 3980 ipse
3050 3905 3509 3980 utriusquesigni-

1907 3974 2171 4031 licationis
2196 3978 2436 4044 exempla
2466 3976 2704 4046 praebere
2729 3974 2922 4047 potest,
2942 3974 3046 4032 lib.
3076 3978 3163 4042 IV,
3198 3974 3251 4032 in
3284 3974 3509 4035 Marcio-

1917 4061 2062 4111 nem,
2091 4049 2233 4120 circa
2267 4047 2502 4120 nn'_diunt
2532 4066 2546 4103 :
2572 4047 2770 4120 Itaque,
2804 4049 2995 4117 inquit.
3006 4051 3121 4119 jam
3141 4061 3511 4120 reprwsentuns

1913 4133 2027 4170 eum
2056 4136 2067 4172 :
2100 4117 2200 4170 llic
2225 4128 2295 4172 est
2324 4117 2492 4174 Filius
2531 4117 2692 4183 meus,
2715 4131 2845 4187 etc.,
2871 4121 2958 4176 ubi
3007 4117 3143 4176 dicit
3191 4117 3354 4178 Deum
3406 4123 3511 4178 Pa-

1913 4197 2071 4254 trem,
2104 4190 2191 4260 qui
2222 4190 2508 4260 aliquando
2555 4192 2872 4261 promiserat
2913 4191 3125 4258 Filium,
3155 4194 3401 4248 eumdem
3428 4210 3514 4248 re-

1914 4273 2290 4330 przesentasse,
2313 4277 2434 4316 cunt
2461 4263 2534 4317 ait
2555 4263 2608 4317 in
2639 4276 2819 4317 monte
2843 4262 3060 4317 Thabor
3083 4282 3094 4315 :
3122 4263 3220 4318 llic
3245 4278 3318 4318 est
3344 4264 3511 4319 Filius

1913 4349 2082 4398 meus;
2117 4333 2202 4387 ubi
2246 4333 2586 4401 apertissime
2640 4343 2794 4388 vocat
2833 4346 3192 4402 repraesentare
3214 4377 3229 4400 ,
3257 4335 3513 4392 exhibere

1915 4406 2088 4474 reipsa
2121 4412 2214 4459 :et
2241 4403 2292 4457 in
2326 4404 2462 4458 libro
2484 4415 2661 4459 contra
2697 4403 2958 4459 Praxcam
2986 4417 3140 4460 vocat
3181 4404 3370 4461 Filium
3414 4407 3511 4463 Pa-

1918 4475 2013 4546 tris
2038 4484 2558 4546 reprzcsentatorem,
2592 4476 2713 4546 quia
2746 4491 2931 4531 revera
2969 4476 3129 4532 Pater
3162 4486 3240 4532 est
3270 4477 3323 4532 in
3352 4477 3506 4533 Filio.

1837 4580 1891 4642 Β
1916 4544 2021 4626 Sed
2059 4549 2170 4629 ipse
2197 4545 2334 4600 idem
2365 4546 2416 4599 in
2450 4547 2543 4627 lib.
2573 4544 2637 4602 de
2668 4547 2974 4642 ll’wll'llfllllfl
3000 4548 3276 4627 distinguit
3299 4549 3509 4604 adulte-

1919 4617 2054 4690 rium
2078 4619 2251 4690 reipsa
2268 4619 2635 4685 commissum,
2653 4619 2720 4673 ab
2739 4619 3002 4675 adulterio
3017 4617 3114 4690 pér
3132 4617 3514 4690 concupiscen-

1918 4688 2045 4742 tiam
2077 4688 2128 4742 in
2177 4698 2355 4743 mente
2401 4699 2820 4758 repraesentato;
2869 4691 2956 4745 ubi
3018 4688 3380 4758 remanentem
3428 4701 3514 4748 est

1919 4710 2045 4742 uuln
2077 4710 2128 4742 III
2177 4710 2355 4743 IIIBIIIC
2402 4710 2820 4758 ῐθμτωδειιιιιιω
2869 4710 2956 4745 ιιυι
3020 4710 3074 4744 τε
3113 4710 3380 4747 nuntiare
3428 4710 3510 4748 εει

1917 4759 2173 4846 exhibere
2195 4774 2312 4846 non
2342 4761 2538 4846 reipsa,
2569 4762 2663 4846 sed
2699 4761 2764 4846 in_
2783 4761 3033 4846 imagine.
3063 4710 3196 4846 ξιιιιι
3220 4779 3510 4846 _ergo_vox

1916 4832 2160 4905 ambigua
2186 4831 2274 4905 sit,
2305 4847 2426 4905 non
2444 4840 2623 4903 potest
2658 4841 2802 4888 recte
2833 4831 2943 4905 ullo
2967 4834 3128 4890 modo
3151 4831 3326 4905 colligi
3380 4834 3511 4890 Ter-

1918 4903 2197 4976 tullianum
2223 4903 2367 4972 loqui
2395 4903 2464 4959 de
2482 4904 3022 4974 reprarsentationein
3050 4907 3223 4976 signo.
3248 4903 3421 4961 etnon
3455 4907 3512 4963 ιιι

1915 4989 2004 5038 re;
2031 4975 2138 5028 uno
2167 4985 2355 5047 contra
2385 4977 2582 5045 potius,
2611 4979 2732 5046 quia
2765 4977 2933 5046 magis
2956 4975 3170 5047 preprie
3190 4978 3385 5032 dicitur
3417 4991 3506 5033 re-

1916 5046 2227 5119 presentari
2272 5047 2414 5117 quod
2448 5048 2627 5119 reipsa
2666 5046 2970 5113 exhibetur,
3025 5064 3185 5118 quam
3232 5049 3373 5119 quod
3423 5063 3512 5104 so-

1915 5115 2022 5190 lum
2054 5117 2107 5190 in
2137 5115 2312 5186 signo,
2348 5115 2673 5187 probabilius
2703 5119 2984 5190 colligetur
3008 5115 3395 5176 Tertullianutn
3426 5121 3510 5175 Io-

1913 5188 2002 5261 qui
2031 5187 2124 5261 r_de
2177 5189 2674 5261 reprmsentalioue,
2707 5205 2809 5260 qua
2836 5187 3029 5261 'reipsa
3073 5206 3266 5261 corpus
3289 5192 3509 5261 Allmnini

1917 5258 2218 5334 exhibebir.
2243 5258 2429 5328 Quare
2457 5259 2645 5334 Petrus
2683 5258 2902 5334 Martyr,
2937 5258 3032 5334 lib.
3061 5258 3238 5316 contra
3268 5259 3508 5328 Cardin.,

1912 5331 2023 5399 obj.
2073 5331 2197 5395 160,
2247 5342 2480 5386 tractans
2526 5333 2664 5388 hunc
2715 5331 2894 5391 locum
2951 5333 3285 5401 Tertulliani,
3319 5336 3511 5388 fatetur

1915 5417 2020 5475 non
2052 5417 2210 5471 posse
2254 5419 2316 5458 ex
2363 5404 2462 5458 hoc
2492 5405 2608 5458 solo
2656 5405 2774 5461 loco
2821 5404 3020 5475 aliquid
3055 5406 3185 5460 certi
3230 5406 3508 5471 concludi;

1914 5473 2008 5526 sed
2039 5475 2274 5542 Oporteri
2317 5491 2380 5529 ex
2410 5476 2527 5530 aliis
2565 5475 2695 5530 locis
2723 5473 3168 5531 venari'mentetn
3196 5475 3509 5532 Tertulliani

1917 5543 2171 5619 (Desacr.
2207 5544 2402 5619 Eur/1.,
2444 5547 2531 5600 lib.
2563 5546 2625 5611 II,
2658 5563 2705 5601 ε.
2738 5548 2818 5619 7).
2856 5567 2875 5601 ι
2903 5549 2970 5602 At
2999 5548 3139 5602 enim
3169 5548 3511 5603 doctissimus

1913 5617 2200 5671 cardinalis
2252 5618 2398 5687 plura
2445 5620 2688 5674 Auctoris
2737 5617 2903 5674 nostri
2935 5619 3134 5674 referet
3181 5622 3506 5681 testimonia,

1912 5689 2109 5757 quibus
2136 5688 2328 5758 dogma
2369 5689 2437 5744 de
2477 5690 2605 5745 reali
2647 5691 2928 5760 pratsentia
2955 5691 3148 5745 mirum
3199 5693 3250 5744 in
3290 5690 3510 5746 modum

1913 5760 2305 5884 cetsinbatur.
2341 5763 2459 5817 Vid.
2504 5763 2800 5833 prtesertiut
2844 5763 2933 5817 lib.
2980 5763 3042 5817 de
3084 5762 3294 5817 liesurr.
3326 5760 3508 5832 Carm,

1913 5846 1958 5884 c.
2027 5873 2039 5884 .
2089 5846 2192 5883 .uo.
2962 5851 2966 5856 ε

1912 5846 1958 5884 ο.
1985 5846 2039 5884 δ.
2063 5846 2192 5884 LDD.
2962 5851 2966 5856 ’

1989 5901 2144 5961 CAP.
2176 5900 2292 5960 XV.
2317 5933 2381 5944 —
2403 5902 2458 5979 td
2463 5905 2484 5980 )
2503 5904 2571 5963 Ut
2584 5906 2917 5977 apocarteresi
2942 5905 3182 5978 probate
3203 5921 3505 5964 meumm-
