4262 6490
735 375 844 435 263

2131 371 2595 433 TERTULLIANI

3939 376 4054 435 264

739 493 808 550 de
834 491 974 550 cado
1001 491 1216 563 quidem
1247 489 1346 548 illo
1376 488 1536 546 tertio
1562 488 1884 557 videbimus,
1914 488 1958 545 si
1997 496 2051 545 et
2080 488 2146 544 ad
2179 503 2335 560 apos-
2363 491 2414 551 Α
2445 489 2684 546 materiae
2711 489 2995 562 deputans,
3023 489 3262 546 innatum
3286 489 3501 556 innate,
3527 490 3781 547 infectum
3809 491 4045 559 inlectze,

739 585 908 642 tolum
929 593 1163 642 vestrum
1193 582 1582 640 discutiendum
1614 581 2040 653 pervenerimus;
2072 581 2284 636 interitu
2315 621 2330 644 ,

741 693 1094 750 quzecumque
1121 677 1413 734 substantia
1443 684 1544 742 est,
1572 690 1694 731 cum
1715 689 1815 730 suo
1837 675 2017 744 utique
2045 672 2149 728 deo
2173 687 2337 742 appa-

739 771 914 827 ruisse
938 771 1215 826 debuerat.
1235 773 1457 825 Atnunc
1469 767 1623 839 quale
1637 765 1810 838 est(a)
1827 777 1882 822 ut
1905 766 2162 820 Dominus
2193 779 2338 820 anno

741 862 834 920 ΧΠ
877 863 1072 920 Tiberii
1117 860 1346 919 Caesaris
1372 862 1641 918 revelatus
1670 861 1758 925 sit,
1789 857 2084 914 substantia
2116 872 2246 914 vero
2271 857 2338 911 ad

739 959 1006 1016 decimum
1032 958 1277 1029 quintum
1304 957 1416 1029 jam
1461 956 1648 1013 Severi
1676 955 2014 1026 imperatoris
2051 954 2192 1010 nulla
2225 967 2342 1007 om-

741 1050 870 1106 nino
895 1059 1169 1119 comperta
1217 1051 1304 1112 sit,
1336 1063 1454 1120 quae
1483 1047 1689 1102 frivolis
1717 1046 1987 1102 Creatoris
2025 1043 2341 1115 praecellens

741 1144 925 1216 utique
955 1142 1124 1200 latere
1151 1142 1404 1208 desisset,
1439 1157 1544 1196 non
1579 1141 1776 1196 latente
1816 1140 1926 1210 jam
1962 1139 2190 1194 Domino
2233 1152 2332 1192 suo

742 1246 797 1294 et
825 1247 1044 1293 auctore
1070 1234 1094 1288 ‘!
1123 1236 1190 1290 Et
1216 1234 1418 1300 ideo,si
1447 1234 1559 1305 ipsa
1591 1248 1696 1288 non
1715 1233 1887 1303 potuit
1915 1229 2250 1286 manifestari
2284 1229 2338 1284 in

744 1333 850 1388 hoc
897 1330 1117 1396 mundo,
1167 1329 1437 1401 quomodo
1483 1329 1740 1383 Dominus
1769 1326 1944 1396 paruit
1989 1324 2108 1394 ejus
2143 1325 2194 1378 itt
2239 1322 2342 1379 hoc

745 1423 982 1480 mundo?
1011 1423 1067 1480 Si
1099 1423 1379 1478 Dominum
1409 1422 1548 1492 cepit
1577 1420 1665 1476 hic
1693 1418 1946 1478 mundus.
1971 1433 2068 1473 cur
2096 1416 2347 1474 substan-

748 1519 878 1574 tiam
911 1533 1104 1589 capere
1131 1532 1238 1572 non
1280 1516 1470 1587 potuit,
1501 1515 1602 1569 nisi
1636 1514 1863 1568 Domino
1892 1510 2125 1566 fortasse
2173 1509 2345 1580 majo-

747 1626 860 1667 rem
887 1612 908 1664 ?
931 1610 1048 1666 Jam
1085 1626 1228 1665 nunc
1263 1608 1331 1665 de
1363 1609 1482 1663 loco
1508 1609 1735 1678 quaestio
1766 1614 1870 1670 est,
1904 1604 2178 1673 pertinens
2199 1612 2251 1658 et
2281 1601 2346 1658 ad

749 1703 1006 1760 mundum
1038 1703 1187 1757 illum
1217 1701 1570 1772 superiorem,
1605 1709 1661 1754 et
1692 1697 1759 1752 ad
1807 1701 1977 1768 ipsum
2010 1697 2177 1752 Deum
2206 1695 2344 1765 ejus.

749 1797 890 1854 Ecce
917 1812 1081 1862 einm,
1113 1795 1156 1850 si
1202 1805 1256 1849 et
1295 1794 1381 1849 ille
1427 1793 1590 1848 habet
1631 1791 1885 1846 mundum
1925 1806 2080 1846 suum
2123 1789 2260 1844 infra
2289 1803 2348 1843 se

2442 593 2498 638 et
2525 593 2786 638 aeternum
2816 592 3032 640 :eternze
3055 626 3068 649 ,
3109 595 3358 654 quartum
3385 585 3495 654 jam
3527 585 3649 639 hinc
3690 584 3851 639 deum
3901 589 4046 640 fecit.

2444 675 2625 732 llabes
2657 677 2816 747 igitur
2844 677 2895 731 iu
2936 678 3303 747 superioribus
3341 689 3450 732 tres
3494 678 3822 733 substantias
3851 677 4051 731 divini-

2445 769 2608 832 tatis,
2656 769 2706 823 in
2764 768 3106 825 inferioribus
3155 781 3407 842 quatuor.
3451 771 3544 826 His
3589 785 3713 826 cum
3787 771 4055 826 accedunt

2445 870 2499 916 et
2527 861 2608 916 sui
2638 860 2837 917 Christi
2863 903 2878 925 ,
2917 861 3056 917 alter
3083 863 3172 932 qui
3200 863 3448 934 apparuit
3478 863 3579 918 sub
3619 863 3838 919 Tiberio
3865 906 3879 929 ,
3916 864 4054 919 alter

2447 955 2536 1025 qui
2583 968 2614 1008 a
2656 954 2916 1010 Creatore
2943 957 3355 1025 repromittitur,
3390 957 3731 1012 manifestam
3767 956 3876 1025 jam
3907 956 4054 1010 frau-

2447 1047 2570 1102 dem
2597 1045 2831 1102 Marcion
2867 1048 3065 1117 patitur
3099 1049 3168 1104 ab
3195 1050 3273 1104 eis
3317 1049 3408 1118 qui
3447 1048 3582 1103 duos
3632 1049 3777 1104 illum
3805 1049 3940 1104 deos
3970 1048 4054 1102 in-

2449 1139 2590 1196 ferre
2635 1151 2988 1212 prmsumunt,
3035 1157 3156 1198 cum
3212 1157 3404 1198 novem
3449 1142 3689 1214 assignet
3719 1184 3734 1212 ,
3781 1140 3910 1197 licet
3956 1155 4054 1196 ne-

2451 1247 2650 1290 serens.

3045 1325 3274 1383 CAPUT
3315 1326 3456 1382 XVI.

2526 1419 2639 1475 Non
2668 1429 3018 1490 comparente
3062 1421 3222 1491 igitur
3259 1420 3461 1477 mundo
3488 1423 3614 1489 alio,
3643 1423 3783 1477 sicut
3816 1437 3914 1478 nec
3950 1421 4060 1478 Deo

2453 1512 2591 1584 ejus,
2625 1528 2963 1584 consequens
3019 1524 3104 1572 est
3150 1525 3205 1570 ut
3235 1515 3365 1570 duas
3395 1517 3604 1585 species
3636 1532 3838 1578 rerum,
3871 1515 4061 1572 visibi-

2455 1604 2522 1660 lia
2549 1615 2604 1661 et
2634 1607 2942 1670 invisibilia,
2975 1606 3183 1662 duobus
3212 1608 3524 1662 auctoribus
3555 1608 3669 1662 deis
3701 1607 3973 1672 dividant,
4009 1615 4064 1661 et

2458 1697 2556 1751 ista
2589 1714 2688 1753 suo
2723 1699 2828 1754 Deo
2859 1699 3145 1756 invisibilia
3168 1699 3477 1755 defendant.
3508 1700 3638 1767 Quis
3659 1711 3836 1754 autem
3867 1702 4065 1771 poterit

2456 1789 2710 1846 inducere
2764 1791 2815 1844 in
2868 1792 3130 1858 anitnum,
3176 1792 3274 1846 nisi
3319 1793 3540 1862 spiritus
3589 1793 3900 1853 hereticus.
3946 1791 4064 1859 ejus

750 1904 911 1959 supra
933 1887 1264 1952 Creatorem,
1291 1885 1342 1941 in
1373 1886 1487 1939 loco
1516 1886 1699 1955 utique
1730 1883 1856 1938 fecit
1884 1898 2026 1946 eum,
2054 1882 2208 1949 cujus
2229 1895 2351 1950 spa-
2384 1891 2430 1950 Β
2461 1898 2580 1938 esse
2635 1883 2922 1938 invisibilia
2955 1884 3044 1954 qui
3090 1883 3224 1938 nihil
3265 1884 3474 1939 visibile
3514 1885 3856 1954 praemiserit,
3901 1897 4063 1953 quam

753 1982 884 2038 tium
909 1981 1128 2036 vacabat
1147 1981 1284 2034 inter
1304 1977 1466 2049 pedes
1483 1991 1630 2040 suos,
1652 1987 1700 2029 et
1720 1983 1879 2044 caput
1900 1973 2188 2028 Creatoris.
2211 1971 2351 2042 Ergo

753 2083 807 2130 et
833 2074 973 2130 Deus
993 2073 1104 2142 ipse
1127 2073 1177 2126 iu
1208 2071 1324 2126 loco
1350 2078 1487 2136 erat,
1519 2079 1568 2124 et
1589 2067 1844 2123 mundum
1875 2067 1924 2120 in
1953 2066 2070 2120 loco
2098 2064 2349 2128 faciebat;

753 2176 807 2222 et
827 2168 926 2222 erit
941 2164 1052 2236 jatn
1075 2164 1222 2218 locus
1236 2162 1326 2217 ille
1345 2161 1516 2232 major
1533 2170 1588 2215 et
1603 2160 1712 2215 Deo
1726 2168 1779 2214 ct
1798 2157 2015 2212 mundo.
2044 2156 2186 2211 Nihil
2208 2157 2350 2211 enim

756 2274 861 2314 nou
890 2256 1062 2328 majus
1093 2265 1175 2310 est
1200 2253 1250 2308 id
1287 2252 1430 2324 quod
1459 2254 1620 2322 capit,
1649 2267 1715 2306 eo
1743 2249 1884 2320 quod
1912 2252 2118 2318 capitur
2147 2265 2161 2313 ;
2193 2258 2245 2302 et
2273 2248 2351 2301 vi-

755 2349 987 2407 dendum
1021 2348 1091 2417 (b)
1141 2361 1206 2402 ne
1237 2361 1338 2414 qua
1379 2343 1555 2399 adhuc
1582 2343 1688 2397 illic
1719 2350 1908 2396 vacent
1937 2340 2202 2396 subsiciva
2245 2337 2353 2410 (1),

757 2444 811 2501 in
853 2442 1046 2514 quibus
1071 2450 1124 2496 et
1165 2440 1353 2496 tertius
1384 2436 1546 2508 aliqui
1593 2435 1676 2507 (Ξ)
1727 2435 1926 2505 stipare
1972 2432 2111 2489 Deus
2147 2447 2205 2486 se
2233 2446 2356 2486 cum

757 2537 962 2592 mundo
992 2550 1089 2590 suo
1115 2534 1298 2606 possit.
1335 2532 1474 2602 Ergo
1497 2532 1606 2600 jam
1648 2529 1824 2598 incipe
1851 2526 1981 2582 deos
2020 2534 2354 2595 computare.

758 2629 874 2688 Erit
897 2630 1040 2685 enim
1066 2637 1121 2682 et
1156 2626 1306 2682 locus
1344 2625 1500 2688 deus,
1531 2639 1635 2678 non
1670 2631 1874 2677 tantum
1899 2635 2002 2691 qua
2030 2619 2137 2674 Deo
2160 2618 2354 2688 major,

760 2726 856 2781 sed
885 2734 938 2780 ct
960 2739 1062 2794 qua
1093 2722 1306 2776 innatus
1346 2729 1400 2775 et
1444 2717 1705 2781 infectus;
1736 2732 1799 2770 ae
1830 2731 1923 2785 per
1954 2713 2074 2777 hoc,
2100 2723 2354 2776 aeternus,

761 2828 817 2876 et
848 2820 958 2874 Deo
988 2832 1115 2888 par;
1149 2817 1201 2870 in
1231 2827 1338 2884 quo
1364 2825 1578 2881 semper
1605 2809 1742 2864 Deus
1770 2806 1948 2861 fuerit.
1983 2804 2204 2868 Dehinc,
2232 2804 2274 2858 si
2306 2811 2361 2856 et

761 2912 854 2968 ille
881 2908 1139 2965 mundum
1185 2922 1250 2960 ex
1293 2905 1468 2974 aliqua
1517 2901 1740 2956 materia
1785 2897 2098 2967 subjaceute
2143 2895 2359 2949 molitus

761 3011 867 3070 est,
915 3002 1114 3066 inuata,
1158 3007 1211 3053 et
1254 2995 1470 3059 infecta,
1499 3003 1553 3050 et
1596 2990 1988 3061 contemporali
2019 2989 2148 3054 Deo,
2169 3003 2359 3057 quem-

761 3095 1048 3153 admodum
1093 3101 1148 3148 et
1195 3092 1272 3162 (5)
1300 3090 1366 3144 de
1413 3087 1666 3144 Creatore
1690 3084 1922 3139 Marcion
1952 3081 2134 3146 sentit,
2163 3079 2360 3150 redigis

761 3199 816 3247 et
843 3188 944 3244 hoc
969 3186 1036 3242 ad
1067 3184 1404 3254 majestaletu
1431 3180 1553 3246 loci,
1585 3178 1674 3249 qui
1699 3187 1752 3232 et
1785 3176 1946 3232 deum
1975 3183 2030 3230 et
2054 3173 2357 3236 materiam,

2458 1979 2575 2048 ejus
2602 1980 2690 2048 qui
2721 1978 2947 2032 visibilia
2979 1989 3255 2048 Operatus,
3289 1980 3631 2036 invisibilium
3656 1996 3872 2051 quoque
3896 1980 4056 2034 fidem

2457 2070 2667 2134 fecerit,
2719 2086 2839 2125 cum
2880 2071 3076 2139 justius
3125 2073 3293 2126 multo
3333 2073 3405 2126 sit
3431 2074 3695 2142 aliquibus
3722 2073 4070 2142 exemplariis

2457 2176 2740 2224 anuuere,
2817 2176 2976 2230 quam
3034 2162 3241 2215 nullis?
3295 2162 3608 2217 Videbimus
3662 2173 3716 2217 et
3775 2163 4068 2232 Apostolus

2459 2253 2620 2323 (σοι,
2651 2253 2702 2315 Ι,
2736 2253 2827 2323 16)
2858 2253 2941 2307 cui
2980 2254 3182 2308 auctori
3215 2253 3499 2308 invisibilia
3553 2253 3808 2323 deputet,
3837 2269 3961 2309 cum
4017 2262 4072 2308 et

2461 2346 2607 2400 illum
2654 2345 3140 2414 exploraverimus.
3176 2345 3328 2400 Nunc
3369 2348 3512 2401 cnim
3545 2348 3926 2402 communibus
3954 2346 4069 2417 plu-

2460 2439 2654 2494 rimum
2685 2439 2932 2494 sensibus
2971 2450 3025 2495 et
3068 2441 3820 2508 argutncutatiouilmsjustis,
3853 2449 4070 2495 secutu-

2459 2547 2534 2586 ra:
2565 2531 2640 2603 (c)
2676 2531 3073 2601 Scripturarum
3103 2548 3315 2602 quoque
3342 2532 3678 2587 advocationi
3721 2531 3881 2586 fidem
3925 2542 4066 2586 ster-

2461 2625 2637 2680 nimus
2657 2667 2671 2687 .
2703 2626 3086 2682 confirmantes
3116 2625 3485 2681 diversitatem
3516 2625 3655 2680 hanc
3687 2626 3980 2682 visibilium
4009 2635 4064 2680 et

2461 2715 2810 2771 invisibilium
2853 2716 2987 2771 adeo
3046 2717 3126 2787 (5)
3178 2717 3420 2772 Creatori
3468 2717 3828 2786 deputandum
3855 2759 3869 2782 ,
3912 2717 4069 2771 sicuti

2464 2817 2573 2864 tota
2602 2809 2845 2875 Operatio
2881 2808 2997 2876 ejus
3035 2823 3101 2862 es
3137 2807 3542 2862 diversitatihus
3567 2819 3779 2862 constat
3806 2826 3820 2870 ;
3851 2823 3917 2862 ex
3949 2823 4068 2861 cor-

2465 2901 2737 2972 poralibus
2779 2910 2831 2956 et
2877 2901 3330 2970 incorporalibus,
3366 2911 3421 2956 et
3462 2903 3786 2956 animalibus
3814 2913 3871 2956 et
3898 2902 4071 2956 inani-

2464 2994 2711 3062 malibus,
2739 3010 2803 3048 ex
2833 2994 3101 3048 vocalibus
3137 3003 3191 3048 et
3217 2995 3401 3059 mutis,
3441 3010 3506 3048 ex
3547 2994 3838 3050 mobilibus
3867 3004 3926 3049 et
3952 3004 4062 3048 sta-

2463 3088 2608 3148 tivis.
2642 3102 2706 3141 ex
2735 3085 3057 3157 genitalibus
3084 3095 3138 3140 et
3165 3085 3465 3148 sterilibus,
3500 3102 3567 3141 es
3601 3085 3768 3140 aridis
3795 3095 3851 3140 et
3883 3086 4062 3140 succi-

2465 3181 2548 3236 dis
2585 3180 2684 3253 (5),
2712 3197 2776 3236 ex
2805 3180 2991 3236 calidis
3021 3192 3075 3236 et
3105 3180 3331 3252 frigidis.
3363 3181 3454 3236 Sic
3485 3191 3541 3237 et
3571 3183 3846 3237 hominem
3882 3182 4059 3252 ipsum

763 3281 900 3337 duos
929 3279 1079 3342 deos,
1113 3274 1291 3330 clusit.
1334 3273 1398 3327 Et
1440 3270 1662 3326 materia
1692 3268 1834 3324 enim
1867 3267 2006 3322 Deus
2027 3307 2040 3330 ,
2066 3263 2358 3319 secundum
2387 3281 2433 3342 ρ
2467 3275 2750 3330 diversitas
2776 3275 3090 3342 ιθιηρρι-τινίι
3115 3316 3130 3340 ,
3161 3284 3267 3329 iam
3299 3276 3351 3329 in
3379 3291 3606 3344 corpore
3627 3317 3642 3342 ν
3671 3291 3832 3345 quam
3865 3277 3919 3330 in
3948 3291 4070 3332 se"-

764 3371 994 3428 formam
1029 3365 1324 3422 divinitatis
1353 3405 1367 3428 ,
1414 3363 1592 3416 innata
1643 3360 1884 3426 scilicet,
1930 3366 1983 3413 et
2029 3356 2261 3419 iufccta,
2309 3364 2362 3409 et

765 3473 987 3520 aeterna.
1019 3462 1126 3513 Aut
1153 3458 1196 3512 si
1225 3455 1291 3511 de
1321 3454 1490 3509 nihilo
1518 3453 1735 3506 molitus
1766 3459 1848 3506 est
1869 3449 2146 3515 mundum,
2181 3449 2283 3503 hoc
2309 3457 2362 3501 et

768 3557 837 3613 de
874 3556 1131 3610 Creatorc
1161 3551 1362 3606 sentire
1407 3554 1650 3615 cogetur,
1692 3545 1776 3599 cui
1824 3544 2100 3598 materiam
2148 3540 2362 3610 subjieit

766 3649 820 3706 in
849 3645 1144 3703 substantia
1177 3640 1380 3697 mundi.
1412 3639 1516 3695 Sed
1559 3655 1624 3694 ex
1671 3637 1892 3692 materia
1937 3645 1990 3690 et
2033 3635 2122 3690 ille
2170 3633 2362 3689 fecisse

765 3741 1017 3804 debebit;
1050 3738 1238 3794 eadem
1267 3736 1476 3792 ratione
1516 3740 1835 3788 occurrente
1867 3729 1939 3784 illi
1970 3744 2182 3799 quoque
2208 3726 2322 3784 Deo
2343 3768 2360 3793 ,

765 3850 887 3908 qua:
927 3839 1290 3903 opponeretur
1333 3827 1608 3892 Creatori,
1644 3833 1701 3879 ut
1731 3839 1882 3894 neque
1926 3822 2055 3876 Deo.
2089 3825 2262 3890 Atque
2291 3821 2362 3874 ita

768 3937 880 3984 tres
909 3924 1121 3980 interim
1150 3921 1276 3977 mihi
1305 3919 1435 3974 deos
1463 3933 1684 3972 numera
1716 3915 2022 3980 Marcionis,
2056 3914 2358 3978 Factorem,

766 4032 820 4077 et
847 4019 1046 4075 Locum
1067 4057 1084 4084 ,
1115 4024 1168 4071 et
1211 4012 1506 4069 Materiam.
1539 4009 1774 4066 Proinde
1801 4010 2108 4064 Creatorem
2153 4007 2206 4062 in
2244 4007 2363 4062 loco

773 4112 940 4179 facit,
978 4111 1161 4180 utique
1196 4107 1384 4164 eadem
1427 4103 1734 4160 conditione
1775 4101 2080 4166 eenscudo;
2114 4111 2167 4156 et
2197 4110 2365 4156 mate-

769 4208 908 4263 riam
935 4205 983 4261 ei
1012 4201 1256 4272 subjicit,
1301 4199 1484 4270 utique
1513 4197 1752 4252 innatam
1787 4204 1841 4249 ct
1878 4192 2151 4262 infectam,
2186 4193 2368 4250 ethoc

769 4299 990 4357 nomine
1039 4306 1332 4362 atternam,
1382 4299 1440 4348 ut
1479 4290 1725 4347 Domino.
1776 4287 2035 4358 Amplius,
2078 4299 2130 4343 et
2171 4290 2367 4343 malum

2467 3384 2549 3423 su.
2581 3367 2696 3421 Alia
2729 3368 2967 3422 membra
2997 3365 3152 3421 fortia
3181 3409 3194 3433 ,
3230 3368 3334 3422 alia
3365 3368 3575 3423 infirma
3611 3387 3622 3421 :
3665 3368 3766 3422 alia
3801 3369 4032 3424 honesta
4055 3412 4070 3436 ,

2468 3461 2570 3515 alia
2603 3460 2884 3516 inhonesta
2927 3479 2938 3515 :
2967 3460 3068 3516 alia
3099 3461 3335 3531 gemina,
3365 3461 3465 3515 alia
3497 3463 3652 3517 unica
3683 3481 3694 3515 :
3723 3464 3826 3517 alia
3861 3479 4076 3534 compa-

2468 3554 2566 3618 ria,
2596 3553 2695 3608 alia
2725 3553 2977 3623 tliSparia.
3013 3553 3245 3609 Proinde
3281 3563 3334 3610 et
3376 3555 3426 3609 in
3463 3570 3626 3610 sensu
3659 3571 3804 3610 nunc
3853 3557 4064 3621 lmtitia,

2469 3659 2612 3701 nunc
2639 3647 2882 3700 anxietas
2912 3663 2927 3711 ;
2963 3661 3102 3701 nunc
3128 3661 3281 3701 amor
3304 3687 3319 3713 ,
3352 3663 3494 3702 nunc
3519 3647 3702 3702 odium
3736 3663 3750 3713 ;
3787 3665 3936 3705 nunc
3966 3650 4075 3717 ira,

2469 3752 2611 3793 nunc
2640 3737 2848 3791 lenitas.
2879 3736 3034 3803 Quod
3063 3737 3109 3790 si
3140 3737 3214 3791 ita
3237 3748 3341 3802 est,
3375 3749 3430 3793 ut
3455 3741 3647 3795 :cmula
3678 3743 3820 3796 inter
3849 3757 3912 3797 se
3941 3757 4077 3797 con—

2467 3827 2685 3883 ditionis
2713 3829 3033 3884 universitas
3064 3830 3162 3886 ista
3197 3830 3468 3886 modulata
3507 3833 3617 3899 sit,
3661 3831 3773 3902 jam
3823 3833 3993 3904 igitur
4023 3843 4078 3888 et

2469 3919 2767 3975 visibilibus
2815 3919 3101 3976 invisibilia
3150 3921 3448 3989 debentur,
3499 3939 3608 3978 non
3665 3923 3820 3979 alteri
3870 3925 4081 3979 auctori

2466 4010 2791 4084 deputanda,
2816 4029 2975 4083 quam
3001 4014 3085 4070 cui
3114 4024 3168 4069 et
3191 4017 3382 4069 :emula
3407 4032 3620 4080 eorum,
3654 4017 3827 4086 ipsum
3852 4017 4079 4072 Creato-

2471 4122 2583 4162 rem
2613 4105 2886 4161 diversum
2917 4109 3157 4162 notantia
3193 4107 3298 4177 (6),
3322 4107 3600 4178 jubentem
3629 4124 3749 4176 qua:
3784 4108 4084 4179 prohibuit,

2472 4207 2525 4252 et
2553 4196 2946 4268 prohibentem,
2990 4214 3110 4268 qua:
3145 4199 3309 4267 jussit
3350 4199 3737 4269 percutientem
3793 4210 3851 4256 et
3885 4212 4086 4255 Sanan-

2476 4305 2604 4348 tein.
2635 4294 2743 4349 Cur
2767 4293 2820 4348 in
2852 4293 2954 4349 hac
2978 4293 3092 4349 sola
3121 4294 3303 4364 specie
3332 4293 3653 4351 uuiforment
3683 4310 3809 4352 eum
3837 4297 4084 4368 capiunt,

1987 4401 2372 4464 LECTIONES
2411 4405 2824 4465 VARIANTES.

835 4529 907 4594 (l)
942 4525 1197 4594 Subcisiva
1219 4524 1371 4594 Fran.
1397 4521 1697 4583 subscidiva,
1724 4516 1954 4570 subsciva
1973 4513 2123 4569 (then.

857 4593 906 4657 2)
942 4590 1130 4657 Aliquis
1155 4590 1311 4657 Pal-is.

857 4645 910 4719 3')
946 4652 1009 4706 Et
1026 4645 1176 4704 ὀηήιι.
1202 4645 1354 4704 Seml.

2566 4523 2614 4582 t)
2652 4521 2892 4594 D'eorod.
2924 4523 3111 4574 Wouw.
3139 4535 3169 4572 a
3190 4521 3300 4576 Deo
3331 4526 3542 4576 creatori
3566 4525 3714 4576 Rhea.

2650 4585 2804 4675 Siccis
2831 4585 2976 4636 Ithen.

2565 4648 2596 4695 6
2652 4647 2832 4699 Notaut
2855 4646 3045 4709 Pamcl,

2400 4626 2454 4686 D

2650 4585 2804 4634 Siccis
2831 4585 2976 4636 Ithen.

2565 4648 2596 4695 6
2652 4647 2832 4699 Notaut
2855 4651 2976 4702 Pam

2565 4646 2616 4709 6)
2652 4647 2832 4699 Notaut
2855 4646 3045 4709 Pamcl.

2147 4750 2702 4811 COMMENTARIUS.

777 4893 902 4937 tam.
931 4877 1048 4934 Etsi
1070 4875 1193 4932 odio
1207 4869 1478 4930 Creatoris
1506 4867 1756 4926 omnibus
1785 4868 1980 4926 creatis
2001 4866 2294 4932 abstineas,
2323 4876 2378 4922 et

779 4952 1042 5008 abdicatis
1061 4948 1312 5004 omnibus
1341 4946 1462 5000 vita:
1494 4941 1748 4998 subsidiis
1771 4942 2094 5004 intabescas,
2125 4951 2298 4992 tamen
2327 4939 2376 4992 in

779 5035 1152 5097 quamcunque
1168 5018 1442 5097 materiam
1462 5014 1697 5097 membra
1717 5024 1801 5067 tua
1819 5012 2203 5097 dissolvantur,
2221 5009 2382 5097 inali-

777 5083 938 5168 quam
952 5111 1014 5148 ex
1029 5083 1340 5168 substantiis
1353 5104 1380 5168 ᾳ
1397 5086 1508 5142 Deo
1521 5085 1771 5168 (Ἀέθλιος)
1785 5083 2014 5164 conditis
2028 5083 2382 5168 resolvendum

779 5152 903 5224 fite.
932 5195 1001 5206 —
1026 5165 1122 5218 Est
1147 5171 1322 5216 autem
1339 5165 1690 5227 ἀτοιιρτίριιν
1715 5155 1933 5219 ϐτεερίδ,
1953 5165 2170 5227 auctore
2198 5152 2380 5217 Suida,

784 5254 906 5295 cum
933 5238 1051 5307 quis
1065 5232 1360 5307 vcliuedia,
1378 5232 1460 5307 vel
1476 5226 1670 5307 laqueo
1684 5228 1842 5307 vitam
1862 5227 1997 5292 linit,
2014 5226 2152 5278 unde
2171 5230 2382 5307 incudi-

781 5299 1171 5382 τιρησιξολρυοά
1201 5304 1518 5382 v_ocabu|um
1544 5300 1607 5382 _iu
1638 5299 1856 5382 Apoiog.
1889 5303 2377 5382 qtioqtte_usurpat2

783 5367 1152 5437 sic-scribens
1177 5393 1190 5430 :
1219 5374 1487 5444 Lycurgus
1529 5367 1910 5444 inanimato
1949 5369 2186 5444 Optavit,
2237 5367 2380 5444 quod

787 5452 937 5524 leges
963 5452 1081 5520 ejus
1110 5439 1357 5524 Lacones
1380 5439 1781 5524 emendassent.
1813 5443 2076 5524 Caeterum
2107 5439 2379 5524 "hypocri-

789 5510 896 5579 tam
931 5510 1015 5576 hic
1043 5519 1275 5591 appellat
1306 5515 1656 5591 Marcionem,
1692 5523 1750 5566 ut
1793 5526 1899 5567 non
1939 5514 2074 5591 bona
2104 5510 2233 5591 fide,
2278 5525 2379 5591 nec

791 5609 854 5651 ex
900 5581 1226 5657 animm-sed
1275 5587 1520 5642 simulate
1568 5594 1768 5657 tantu_m
1824 5597 1912 5636 res
1945 5583 2214 5639 Creatoris
2272 5581 2368 5637 de-

793 5655 1876 5735 struentem;contentuentetnque.ﬂues.
1911 5725 1920 5735 ο

865 5735 941 5808 (a)
977 5733 1042 5788 Ut
1067 5733 1315 5808 Dominus
1341 5747 1392 5782 a.
1415 5728 1482 5782 1‘2
1515 5723 1704 5780 Tiberii
1732 5723 1966 5808 Cesaris.
2002 5724 2381 5808 Intererrorcs

789 5795 1105 5865 Tertulliani
1131 5804 1213 5857 hic
1230 5803 1377 5856 locus
1392 5798 1816 5854 recensetur.De
1839 5797 1941 5850 hoc
1962 5808 2086 5851 ante
2112 5795 2142 5849 d
2158 5798 2379 5850 isserui-

793 5895 933 5936 nius.
988 5876 1215 5935 Putabat
1266 5874 1516 5930 nimirum
1562 5885 1704 5926 anno
1750 5868 1819 5927 12
1874 5868 2074 5926 Tiberii
2113 5867 2381 5924 Christum

2483 4867 3031 4995 pradicarlgdiinitiuni
3061 4868 3276 4939 fecisse,
3307 4878 3362 4928 et
3387 4879 3620 4928 mortem
3657 4870 3894 4930 subiisse
3925 4872 4086 4929 trien-

2484 4957 2596 4995 1110.
2671 4957 2701 4995 Ε
2773 4959 2824 4995 ll.

2484 4957 2596 4996 111οο
2627 4957 2701 4996 ιιι-ζ
2733 4957 2824 4996 Ρη.

2564 5034 2643 5105 (b)
2681 5033 2764 5089 Ne
2801 5053 2902 5103 qua
2927 5035 3097 5089 adhuc
3137 5037 3243 5091 illic
3272 5046 3448 5091 vacent
3486 5037 3758 5092 subsiciva.
3808 5037 4089 5094 Subsiciva

2490 5107 2574 5160 Vel
2607 5107 2886 5162 subseciva
2909 5123 3052 5177 saepe
3095 5119 3384 5163 occurrunt
3415 5112 3555 5178 apud
3615 5119 3872 5164 auctores
3902 5109 4083 5163 finiunt

2491 5179 2872 5252 regendorum.
2922 5179 3449 5252 AggenusUrbicus,
3479 5179 3607 5234 Cum
3645 5191 3816 5233 autem
3852 5183 4089 5252 assigna-

2490 5251 2560 5321 lio
2601 5252 2652 5302 in
2691 5267 2816 5319 agro
2845 5253 3108 5321 assignato
3153 5251 3314 5318 ﬁeret,
3365 5267 3463 5303 non
3513 5251 3674 5321 potuit
3704 5254 3874 5307 omnis
3917 5251 4092 5307 medus

2488 5320 2623 5373 intra
2650 5333 2864 5393 quatuor
2898 5320 3080 5375 limites
3107 5324 3354 5375 veteranis
3376 5320 3632 5393 assignari
3663 5338 3682 5377 :
3714 5323 3770 5377 in
3802 5341 3863 5377 ca
3889 5341 4092 5377 reman-

2488 5394 2566 5467 sit
2591 5392 2805 5467 aliquid,
2845 5399 2978 5467 quod
3024 5410 3054 5446 a
3100 5393 3400 5449 subsecante
3445 5392 3579 5448 linea
3623 5412 3808 5450 nomen
3859 5396 4091 5467 accepit,

2486 5465 2816 5518 subsecivum.
2854 5465 2975 5520 lite.

2557 5577 2708 5633 CAP.
2741 5575 3036 5648 XVl.—(c)
3063 5578 3450 5652 Scripturarum
3499 5596 3697 5652 quoque
3747 5581 4093 5636 advocationi.

2487 5651 2782 5704 Advocatio
2824 5654 3041 5720 proprie
3079 5661 3162 5705 est
3203 5651 3353 5706 turba
3404 5651 3752 5720 patronorum
3799 5665 3855 5707 et
3899 5657 4095 5708 amico-

2489 5739 2628 5793 tum,
2651 5724 2736 5791 qui
2770 5722 2926 5776 alicui
2950 5723 3000 5776 in
3028 5722 3230 5792 judicio
3255 5723 3468 5777 adsunt.
3514 5723 3609 5777 Hic
3649 5726 3844 5793 aeripit
3876 5742 3974 5793 pro
4008 5727 4097 5779 de-

2488 5792 2749 5848 fensione.
2806 5794 2892 5848 Sic
2944 5795 2995 5848 in
3049 5795 3140 5847 lib.
3181 5794 3244 5846 de
3292 5795 3536 5859 patientia
3565 5811 3582 5848 :
3609 5792 3792 5863 Itaque
3834 5792 4022 5849 talibus
4053 5805 4095 5849 et

2490 5865 2772 5933 advocatio,
2804 5876 2850 5920 et
2880 5866 3011 5922 risus
3036 5865 3348 5938 promittitur
3385 5881 3478 5937 pro
3516 5869 3885 5924 consolatione.
3921 5868 4094 5925 Rau.
