4262 6490
232 340 345 397 ‘265

1353 339 1482 393 LIB.
1521 338 1543 393 l
1588 337 1955 395 ADVERSUS
1988 333 2412 394 MARCIONEM.

3434 340 3541 399 266

231 455 530 510 visibilium
556 450 895 508 solummodo
922 458 978 507 et
1007 450 1168 504 vitam
1201 458 1256 505 et
1285 463 1550 514 mortem,
1601 459 1654 505 et
1693 449 1830 506 mala
1864 453 1906 510 A
1937 463 2046 506 suae
2075 449 2417 505 revelationis
2449 447 2762 505 necessaria
2783 489 2799 514 ,
2830 457 2919 504 aut
2966 449 3233 509 dubitavit
3263 492 3276 518 ,
3311 461 3400 506 aut
3431 468 3536 506 non

241 559 298 602 et
329 543 736 617 paeem(Eccli.,
763 545 865 609 XI,
901 545 986 607 ll;
1019 542 1118 607 13.,
1151 542 1432 611 XLVJ)?
1463 543 1528 597 Et
1559 543 1760 611 utique,
1791 542 1836 596 si

245 641 336 692 illa
370 639 654 693 invisibilia
682 638 884 709 majora
923 647 1047 691 sunt
1104 636 1400 690 visibilibus
1436 636 1696 691 creaturis
1738 650 1837 689 suo

241 735 363 787 loco
393 733 601 801 magnis
625 775 638 797 ,
670 736 747 786 sic
773 747 985 802 quoque
1012 730 1260 800 congruit
1311 730 1428 798 ejus
1479 743 1600 784 esse
1631 729 1835 796 majora

232 826 394 894 cujus
436 835 488 878 et
533 841 767 894 magna;
815 825 935 894 quia
987 839 1085 877 nec
1134 838 1345 893 magna,
1381 822 1574 878 nedum
1608 820 1832 893 majora,

233 918 279 971 ei
312 925 621 987 competant
647 917 798 988 cujus
832 931 930 971 nec
957 915 1164 970 modica
1193 925 1525 987 comparent.

807 1029 1034 1086 CAPUT
1074 1029 1241 1085 XVII.

312 1147 407 1200 His
448 1145 740 1215 compressi
787 1145 900 1214 (α),
948 1155 1238 1215 erumpunt
1283 1144 1506 1200 dicere:
1557 1162 1576 1197 ι
1623 1144 1838 1200 Sulﬁeit

236 1240 458 1294 unicum
489 1238 587 1292 hoc
617 1250 750 1308 opus
783 1237 891 1292 Deo
922 1249 1126 1296 nostro.
1159 1238 1300 1309 quod
1342 1237 1614 1294 hominem
1642 1239 1838 1294 libera-

231 1332 310 1386 vit
337 1346 546 1386 summa
579 1342 631 1386 et
669 1332 932 1402 pracipua
974 1332 1212 1388 bonitate
1239 1348 1334 1388 sua
1356 1374 1371 1397 ,
1399 1342 1451 1387 et
1479 1333 1726 1389 omnibus
1758 1333 1837 1388 lo-

231 1425 400 1479 costis
428 1425 823 1493 anteponenda.
865 1444 881 1477 ι
913 1423 958 1479 0
995 1426 1160 1481 Deum
1209 1427 1468 1496 majorem
1496 1469 1511 1493 ,
1543 1427 1696 1497 cujus
1725 1438 1833 1482 tam

230 1532 486 1588 magnum
514 1532 649 1586 opus
687 1533 788 1570 non
824 1518 994 1586 potuit
1026 1517 1291 1578 inveniri.
1324 1533 1483 1588 quam
1520 1519 1570 1571 in
1618 1518 1836 1574 homine

238 1611 325 1666 dei
382 1612 648 1667 minoris!
710 1610 1020 1673 Enimvero,
1057 1613 1202 1681 prius
1248 1623 1330 1666 est
1379 1622 1436 1666 ut
1477 1629 1600 1668 eum
1645 1612 1838 1682 probes

233 1719 380 1767 esse,
427 1719 522 1772 per
566 1719 684 1771 quae
737 1703 898 1757 Deum
947 1705 1158 1772 probari
1202 1715 1452 1774 oportet:
1494 1721 1588 1774 per
1629 1720 1833 1774 opera;

240 1807 368 1851 tunc
398 1795 590 1849 deinde
615 1813 706 1863 per
739 1795 1019 1850 beneficia.
1057 1796 1239 1851 Primo
1264 1797 1408 1852 enim
1456 1798 1716 1868 quaeritur
1765 1813 1830 1851 an

229 1889 323 1951 sit;
350 1899 406 1942 et
433 1890 524 1954 ita,
554 1889 726 1957 qualis
758 1891 848 1944 sit.
872 1890 1112 1944 Alterum
1139 1888 1206 1944 de
1226 1890 1501 1960 operibus,
1520 1890 1746 1945 alterum
1766 1889 1834 1946 de

230 1983 508 2036 beneﬁciis
528 1982 870 2051 dignoscetur
885 1985 901 2053 (
916 1982 1284 2053 l).Ca:terum,
1304 2001 1411 2039 non
1435 1986 1556 2054 quia
1581 1986 1835 2042 liberasse

227 2074 428 2130 dicitur
461 2074 755 2137 hominem,
785 2075 906 2128 ideo
931 2091 1051 2131 esse
1089 2092 1213 2131 eum
1236 2085 1447 2131 constat
1473 2092 1488 2142 ;
1521 2076 1616 2132 sed
1645 2077 1688 2132 si
1711 2092 1836 2132 esse

227 2167 559 2232 constiterit,
591 2177 716 2222 tunc
738 2181 792 2223 et
820 2169 1076 2224 liberasse
1094 2169 1303 2226 dicetur
1329 2188 1343 2235 ;
1379 2181 1435 2225 ut
1459 2179 1514 2225 et
1539 2185 1605 2224 an
1638 2171 1835 2226 libera-

230 2263 372 2315 verit
413 2271 664 2325 constet;
695 2261 814 2330 quia
843 2262 1070 2330 potuerit
1096 2274 1142 2316 et
1169 2277 1309 2327 esse,
1334 2271 1388 2318 et
1415 2278 1519 2317 non
1563 2262 1836 2319 liberasse.

234 2351 521 2417 Quomodo
567 2367 694 2420 ergo
721 2393 733 2414 ,
772 2352 892 2420 quia
937 2351 1193 2408 liberasse
1235 2354 1464 2416 dicetur,
1510 2356 1670 2409 etiam
1715 2371 1837 2410 esse

227 2445 483 2498 credetur
507 2487 521 2508 ,
555 2460 674 2497 cum
711 2446 942 2515 potuerit
984 2456 1035 2499 et
1072 2461 1227 2512 esse,
1276 2458 1329 2500 et
1373 2462 1479 2502 non
1533 2447 1833 2503 liberasse?

226 2535 382 2590 Nunc
429 2537 480 2588 in
525 2537 626 2590 isto
665 2537 890 2591 articulo
934 2537 1001 2591 ab
1054 2539 1215 2605 ignoti
1253 2537 1344 2592 Dei
1389 2539 1687 2609 quaestione
1735 2539 1832 2595 de-

229 2629 394 2683 ducto
427 2627 530 2700 (2),
562 2628 690 2682 satis
721 2629 956 2683 constitit
987 2638 1091 2683 tam
1150 2629 1279 2683 nihil
1325 2629 1472 2684 illum
1509 2630 1833 2698 condidisse,

227 2733 388 2790 quam
416 2719 669 2774 debuisse
698 2720 1024 2784 condidisse,
1061 2721 1134 2774 uti
1167 2734 1588 2792 cognosceretur
1619 2738 1682 2778 ex
1706 2738 1836 2792 ope-

229 2813 412 2874 ribus;
451 2813 600 2881 quia,
634 2813 675 2866 si
702 2812 906 2878 fuiSset,
931 2814 1184 2884 cognosci
1224 2813 1593 2882 debuisset,ct
1623 2815 1703 2880 (3)
1737 2815 1838 2870 uti-

227 2923 332 2977 que
379 2923 406 2961 a
462 2907 756 2976 primordio
790 2923 964 2961 rerum
998 2926 1007 2959 :
1042 2908 1214 2961 Deum
1259 2911 1400 2962 cnim
1434 2924 1536 2962 non
1566 2907 1836 2964 decuisset

231 3000 391 3054 latuis
425 3016 474 3052 e.
522 2999 810 3067 chrcdiar
859 3015 1079 3053 necesse
1119 3009 1202 3054 est
1242 3000 1307 3055 ad
1353 3001 1611 3071 originem
1662 3017 1835 3071 quaeso

231 3092 396 3144 tionis
445 3090 538 3144 Dei
588 3091 751 3160 ignoti
777 3133 789 3150 ,
825 3099 880 3143 ut
920 3101 1146 3146 caeteros
1179 3107 1391 3161 quoque
1432 3093 1670 3146 ramulos
1715 3093 1832 3162 ejus

229 3183 526 3237 excutiam.
562 3181 739 3237 Primo
784 3183 923 3239 enim
970 3184 1134 3253 quaeri
1181 3184 1484 3253 Oportebit.
1515 3184 1603 3253 qui
1649 3195 1832 3254 postea

230 3289 287 3328 se
322 3273 606 3343 protulerit
633 3273 682 3325 in
711 3274 950 3327 notitiam
980 3290 994 3337 ;
1040 3289 1136 3328 cur
1168 3285 1374 3344 postea,
1419 3285 1472 3328 et
1510 3291 1616 3332 non
1660 3291 1688 3329 a
1728 3278 1834 3344 pri-

231 3365 447 3418 mordio
502 3363 726 3417 rerum?
795 3364 987 3430 quibus
1053 3366 1236 3434 utique
1295 3367 1671 3433 necessarius,
1737 3383 1838 3437 qua

231 3457 397 3516 Deus,
431 3464 483 3508 et
515 3453 729 3524 quidem
777 3455 966 3507 melior
1015 3471 1120 3524 quo
1173 3455 1256 3528 (ὁ)
1291 3460 1644 3521 necessarior,
1675 3459 1842 3516 latere

231 3565 340 3603 non
364 3547 573 3602 debuit.
603 3545 717 3600 Non
750 3528 893 3602 eniiu
929 3558 1104 3617 potest
1138 3548 1245 3603 dici
1275 3567 1378 3605 non
1410 3553 1574 3607 fuisse
1598 3560 1692 3607 aut
1720 3568 1833 3607 ma-

231 3643 458 3703 teriam,
511 3649 601 3694 aut
665 3653 907 3693 caussam
961 3641 1315 3710 cognoscendi
1371 3643 1574 3708 Deum,
1618 3660 1737 3698 cum
1789 3653 1846 3701 et

232 3732 447 3785 homoa
476 3731 767 3798 primordio
791 3742 936 3786 esset
960 3735 1010 3786 in
1037 3734 1258 3800 saeculo,
1284 3735 1367 3790 cui
1402 3752 1543 3792 nunc
1570 3739 1838 3804 subvenit,

232 3833 286 3878 et
337 3821 542 3876 malitia
592 3820 903 3887 Creatoris,
947 3822 1204 3878 adversus
1253 3841 1412 3895 quam
1462 3836 1515 3880 ut
1550 3827 1628 3897 (5)
1673 3829 1846 3884 bonus

233 3912 509 3972 Subvenit.
535 3910 698 3983 Igitur
719 3920 811 3966 aut
832 3912 1093 3984 ignoravit
1133 3923 1186 3970 et
1212 3929 1454 3972 caussam
1484 3927 1536 3972 et
1565 3921 1840 3972 materiam

1942 544 2130 614 potuit,
2147 552 2236 598 aut
2257 543 2446 599 uoluit.
2465 541 2654 597 Omnia
2680 542 2793 598 haec
2814 543 2920 598 Deo
2942 544 3176 614 indigna,
3199 545 3428 600 maxime
3445 562 3542 618 op-

1943 640 2092 694 timo.
2117 640 2219 694 Sed
2252 650 2304 695 et
2331 640 2471 694 hunc
2501 640 2674 694 locum
2707 640 2831 694 alibi
2863 640 3221 710 implebimus,
3247 643 3538 711 eXprobra-

1943 731 2086 788 tione
2100 747 2234 789 sere
2249 733 2607 793 revelationis,
2628 732 2764 787 sicut
2780 747 2919 788 nunc
2934 733 3044 788 sola
3059 733 3535 791 demonstratione.

2510 841 2736 900 CAPUT
2777 842 2963 897 XVIII.

2013 955 2359 1020 Processerit,
2405 972 2522 1026 age,
2550 956 2660 1024 jam
2712 956 2763 1010 in
2802 957 3044 1011 notitiam
3087 957 3300 1028 quando
3345 960 3536 1027 voluit,

1940 1049 2154 1119 quando
2183 1050 2372 1119 potuit,
2405 1049 2619 1115 quando
2646 1049 2776 1102 hora
2812 1049 2987 1103 fatalis
3018 1049 3253 1104 advenit.
3291 1050 3370 1122 (b)
3405 1051 3539 1107 For-

1943 1151 2081 1196 tasse
2111 1143 2254 1196 enim
2283 1140 2614 1196 anabibazon
2643 1141 2690 1196 ei
2721 1142 2990 1204 obstabat,
3022 1154 3110 1196 aut
3139 1144 3332 1214 aliqua:
3365 1145 3535 1200 male-

1942 1233 2078 1301 ticzc,
2099 1244 2190 1290 aut
2215 1234 2475 1288 Saturnus
2498 1233 2808 1302 quadratus,
2835 1243 2929 1288 aut
2958 1232 3099 1288 Mars
3117 1233 3375 1304 trigonus.
3403 1236 3536 1290 Nam

1940 1333 1994 1379 et
2029 1325 2394 1380 mathematici
2447 1325 2737 1395 plurimum
2788 1325 3114 1381 Marcionita:
3159 1327 3257 1397 (c).
3305 1344 3402 1384 nec
3438 1329 3539 1384 hoc

1941 1419 2344 1485 erubescentes,
2372 1417 2439 1472 de
2469 1418 2595 1487 ipsis
2635 1419 2797 1472 etiam
2827 1419 2996 1474 stellis
3025 1419 3204 1474 vivere
3234 1420 3530 1476 Creatoris.

1941 1510 2302 1566 Tractandum
2331 1520 2386 1565 et
2417 1509 2499 1564 hic
2523 1510 2589 1564 de
2620 1510 2964 1565 revelationis
2986 1510 3259 1581 qualitate,
3283 1527 3348 1565 an
3380 1513 3540 1582 digne

1941 1603 2186 1672 cognitus
2216 1603 2306 1667 sit,
2335 1613 2389 1657 ut
2411 1613 2620 1656 constet
2643 1618 2710 1658 an
2751 1618 2900 1666 vere;
2921 1613 2970 1656 et
2999 1604 3067 1656 ita
3099 1602 3349 1658 credatur
3378 1618 3498 1658 esse
3524 1647 3538 1669 ,

1940 1711 2098 1767 quem
2130 1694 2289 1763 digne
2328 1695 2630 1750 constiterit
2677 1696 2992 1750 revelatum.
3025 1697 3190 1765 Digna
3236 1697 3378 1751 enim
3422 1698 3540 1755 Dco

1942 1787 2246 1857 probabunt
2273 1787 2462 1841 Deum.
2491 1785 2602 1841 Nos
2628 1785 2915 1840 deﬁnimus
2943 1787 3107 1842 Deum
3151 1791 3324 1856 primo
3353 1801 3541 1846 natura

1942 1882 2413 1954 cognoscendum,
2461 1882 2657 1937 dehinc
2707 1882 2786 1953 (6)
2840 1882 3084 1940 doctrina
3151 1901 3544 1956 recognoscen-

1941 1975 2066 2030 dum
2093 1994 2106 2029 :
2137 1985 2324 2029 natura
2348 1991 2417 2031 ex
2451 1976 2733 2045 operibus,
2759 1977 3003 2029 doctrina
3032 1994 3092 2030 ex
3145 1979 3542 2047 praedicationi-

1941 2067 2061 2123 bus.
2090 2067 2194 2122 Sed
2235 2068 2318 2122 cui
2349 2067 2487 2122 nulla
2522 2077 2706 2121 natura
2732 2076 2834 2132 est,
2871 2068 3130 2122 naturalia
3181 2071 3534 2128 instrumenta

1944 2175 2048 2215 non
2081 2168 2390 2230 suppetunt.
2424 2159 2566 2230 Ergo
2605 2160 2688 2215 vel
2733 2160 3201 2228 praedicationibus
3251 2164 3541 2219 revelatio-

1945 2269 2067 2308 nem
2120 2253 2201 2307 sui
2244 2251 2503 2306 debuerat
2546 2253 2790 2320 operari;
2843 2255 3074 2307 maxime
3119 2253 3377 2310 adversus
3420 2272 3540 2312 eum

1950 2346 2279 2401 revelandus
2331 2346 2419 2415 qui
2447 2354 2502 2399 et
2526 2345 2850 2400 conditionis
2881 2357 2931 2400 et
2958 2348 3358 2417 praedicationis
3407 2365 3542 2419 ope-

1941 2439 2089 2493 ribus
2117 2447 2193 2492 tot
2224 2453 2285 2492 ac
2318 2438 2499 2502 tantis,
2529 2438 2610 2490 vix
2645 2446 2821 2492 tamen
2851 2437 2928 2508 (d)
2965 2439 3238 2493 hominum
3275 2438 3431 2494 fidem
3465 2442 3544 2508 (7)

1942 2529 2278 2600 impleverat.
2323 2528 2605 2595 Quomodo
2655 2530 2834 2600 itaque
2879 2531 3144 2585 revelatus
3191 2531 3318 2585 est?
3359 2531 3414 2586 Si
3452 2549 3544 2602 per

1942 2625 2234 2679 humanam
2257 2625 2646 2693 conjecturam,
2675 2638 2808 2693 nega
2841 2625 3007 2678 Deum
3034 2623 3112 2695 (8)
3144 2624 3274 2678 alias
3293 2627 3546 2694 cognosci

1943 2735 2100 2789 posse
2129 2733 2286 2788 quam
2320 2734 2414 2787 per
2436 2720 2782 2785 semetipsum
2809 2735 2820 2771 :
2855 2733 2951 2773 nec
2981 2729 3184 2774 tantum
3217 2719 3282 2774 ad
3313 2720 3540 2775 formam

1943 2827 2241 2882 provocans
2273 2810 2565 2874 Creatoris,
2598 2826 2780 2866 verum
2827 2821 2882 2865 et
2932 2811 2997 2864 ad
3037 2811 3402 2867 conditionem
3437 2822 3544 2867 tam

1940 2905 2136 2959 divina:
2163 2904 2570 2973 magnitudinis,
2616 2920 2776 2969 quam
2827 2903 3078 2958 humana:
3111 2906 3499 2959 mediocritatis
3533 2925 3544 2958 :

1940 3012 2007 3051 ne
2053 2997 2222 3067 major
2265 2997 2376 3050 Deo
2419 2996 2579 3052 homo
2621 2997 2785 3051 videri
2814 2998 3000 3066 possit,
3026 2998 3112 3067 qui
3143 2997 3248 3069 (9),
3283 3015 3403 3054 eum
3441 3017 3544 3056 non

1940 3091 2081 3143 ultro
2118 3091 2387 3144 volentem
2433 3089 2711 3161 cognosci,
2751 3090 2864 3146 suis
2905 3089 3107 3143 viribus
3147 3091 3547 3158 quodammodo

1941 3183 1993 3237 in
2044 3183 2316 3254 publicum
2379 3182 2667 3253 agnitionis
2723 3184 3021 3238 extraxerit
3068 3201 3081 3237 :
3135 3201 3256 3238 cum
3306 3185 3540 3241 humana

1945 3277 2287 3332 mediocritas
2327 3275 2537 3331 facilius
2559 3275 2690 3331 deos
2721 3277 2920 3346 ﬁngere
2950 3276 3050 3332 sibi
3085 3279 3227 3332 norit
3251 3279 3546 3334 secundum

1947 3369 2109 3421 totius
2138 3368 2240 3420 aevi
2274 3367 2643 3436 experimenta
2670 3407 2684 3430 ,
2725 3383 2888 3437 quam
2922 3381 3105 3421 verum
3152 3370 3346 3425 sectari
3387 3387 3546 3440 quem

1947 3469 2129 3512 natura
2175 3457 2279 3526 jam
2328 3457 2649 3524 intelligunt.
2684 3457 2934 3528 Alioquin
2965 3499 2978 3521 ,
3008 3460 3050 3512 si
3080 3459 3156 3513 sic
3186 3459 3348 3514 homo
3376 3462 3544 3518 Deum

1945 3548 2393 3603 comtnentabitur
2418 3589 2432 3614 ,
2465 3547 2736 3618 quomodo
2771 3547 3029 3604 Romulus
3069 3549 3322 3617 Consum,
3361 3564 3413 3607 et
3455 3555 3550 3609 Ta-

1950 3642 2054 3695 tius
2094 3639 2404 3696 Cloacinam
2433 3681 2446 3706 ,
2479 3648 2533 3694 et
2563 3639 2818 3694 llostilius
2843 3641 3114 3697 Pavorem
3144 3685 3155 3705 .
3209 3654 3261 3698 et
3309 3645 3550 3701 Metellus

1950 3731 2267 3797 Alburnum,
2297 3742 2351 3786 et
2387 3731 2604 3802 quidam
2650 3742 2778 3786 ante
2811 3730 2912 3787 hoc
2959 3743 3170 3803 tempus
3212 3735 3502 3798 Antinoum
3536 3755 3548 3802 ;

1953 3825 2057 3881 hoc
2104 3825 2225 3878 aliis
2268 3823 2496 3877 licebit:
2543 3837 2640 3875 nos
2687 3821 3013 3878 Marcionem
3046 3825 3353 3882 nauclerum
3398 3829 3547 3884 novi-

1953 3931 2096 3980 mus,
2129 3930 2235 3969 non
2268 3927 2472 3984 regem,
2501 3926 2603 3969 nec
2629 3911 3030 3986 imperatorem.

1458 4028 1752 4086 LECTION
1762 4029 1843 4088 ES
1886 4026 2297 4087 VARIANTES.

331 4144 373 4208 I_)
416 4144 512 4208 Dei
536 4145 831 4208 dignoscitur
857 4142 1043 4197 Pamel.

325 4205 374 4264 τὶ)
415 4205 632 4258 Deducta
655 4205 803 4258 Seml.
829 4209 1057 4261 deductis
1087 4212 1251 4262 Venet.
1289 4210 1533 4263 deductus
1554 4211 1839 4264 Corzicnsis.

322 4269 374 4335 ἦ)
409 4268 470 4335 Et
493 4269 670 4335 neglig.
704 4279 816 4321 Jun.

324 4333 369 4390 4)
413 4333 521 4390 Qua
543 4333 670 4381 Juri.’

324 4337 350 4376 4
413 4337 521 4390 Qua
543 4340 670 4381 Jun.’

321 4337 374 4455 5i
413 4393 474 4443 Et
498 4392 688 4446 Pamel.

2033 4146 2083 4209 6)
2121 4145 2310 4209 Deinde
2337 4143 2520 4194 anel.

2033 4149 2083 4209 6)
2121 4149 2310 4195 Deinde
2337 4149 2520 4194 anel.

2010 4149 2082 4270 $7)
2117 4208 2374 4258 Homlnetn
2397 4209 2493 4257 llde
2517 4206 2705 4257 Pumel.

2011 4276 2080 4335 (8)
2117 4272 2220 4335 Est,
2247 4273 2284 4320 si
2310 4285 2397 4331 per
2417 4271 2674 4335 humanam
2697 4269 3025 4335 conjecturam
3051 4279 3202 4333 negat
3224 4271 3383 4324 Deum
3402 4278 3545 4330 Pam.

1945 4331 2114 4394 negas,
2146 4333 2305 4382 Deum
2329 4331 2479 4382 Sentl.
2505 4331 2625 4395 forte
2649 4345 2778 4394 nego
2805 4331 2932 4382 Edd.

2010 4395 2080 4459 (9)
2104 4393 2257 4445 Modo
2281 4394 2447 4445 inserit
2472 4393 2626 4446 L'atht.
2650 4393 2732 4458 qui
2758 4409 2853 4444 non
2878 4408 2992 4444 eum
3014 4408 3108 4446 non
3132 4398 3319 4449 anel.

1629 4502 2192 4562 COMMENTARIUS.

309 4618 466 4676 CAP.
500 4616 838 4692 7X\’II.-—(a)
885 4617 1299 4692 llis_contpressi
1339 4630 1607 4692 erumpunt
1637 4622 1826 4676 dicere.
1857 4619 1910 4680 D
1937 4619 2265 4689 simplicibus
2312 4617 2593 4688 imponunt
2631 4617 2745 4672 suis
2784 4617 3055 4688 figmentis
3089 4630 3143 4676 et
3186 4621 3530 4692 lalsitatibus.

243 4691 581 4762 Marcionita:
599 4692 871 4754 nimirum,
891 4692 976 4757 qui
999 4690 1160 4745 Deum
1175 4690 1838 4762 Creatorem'sugillabant,

241 4775 301 4817 ut
328 4761 612 4823 vermium,
639 4761 1385 4822 locustarum,cimirutn.etc.
1403 4772 1725 4818 creatorem.
1744 4761 1841 4820 Ar;

237 4834 440 4890 nobius
455 4834 547 4887 lib.
568 4832 610 4888 ll
623 4844 797 4887 contra
812 4829 1016 4906 Gentes:
1028 4832 1147 4906 Non
1165 4834 1297 4886 enim
1312 4835 1355 4887 si
1368 4851 1603 4904 negemus
1619 4852 1837 4906 muscas,

241 4905 555 4962 scarabwos.
583 4914 628 4957 et
655 4906 874 4962 cimices.
902 4904 1192 4964 mitcdulas,
1224 4906 1541 4960 curculiones
1585 4917 1631 4960 et
1683 4904 1842 4964 tineas

240 4975 609 5046 omnipotentis
638 4991 752 5046 esse
795 4991 922 5044 Opus
955 4972 1130 5045 Regis.
1158 4974 1262 5030 Sed
1303 4976 1488 5044 majori
1516 4977 1690 5031 adhuc
1724 4995 1844 5046 per-

237 5048 532 5118 spicuitate
553 5045 613 5100 Β.
638 5044 996 5118 Hieronymus
1011 5044 1060 5098 in
1079 5046 1343 5101 Prouemio
1363 5063 1560 5102 comm.
1585 5049 1649 5102 ad
1668 5044 1840 5118 Epist.

241 5117 314 5171 ad
374 5117 640 5171 Philem:
685 5115 832 5182 Quod
875 5115 918 5167 si
961 5132 1062 5188 non
1109 5128 1289 5185 putant
1343 5134 1516 5171 eorum
1565 5135 1670 5174 esse
1690 5115 1844 5188 p—arva

240 5204 474 5264 quorum
497 5197 546 5242 et
571 5202 756 5264 magna
782 5197 919 5264 sunt,
937 5187 1151 5264 alterum
1185 5188 1316 5264 mihi
1339 5189 1670 5264 conditorem,
1691 5187 1845 5264 juxta

263 5259 620 5324 Valentinum,
654 5254 968 5330 Marcionem
993 5266 1038 5311 et
1067 5254 1314 5330 Apellem,
1349 5263 1607 5330 formicae,
1659 5254 1843 5316 uérmi-

249 5346 402 5389 num,
431 5329 671 5391 culicum,
701 5329 1007 5381 locustarum
1029 5344 1046 5389 ;
1067 5327 1285 5382 alterum
1311 5327 1442 5390 cudi.
1467 5340 1634 5397 terrm,
1688 5335 1844 5390 maris

246 5411 298 5455 et
319 5401 618 5469 angelorum
643 5400 820 5473 debent
849 5399 1181 5473 introducere.
1209 5401 1285 5453 An
1311 5402 1475 5471 potius
1497 5402 1721 5471 ejusdem
1748 5422 1841 5473 po-

243 5473 424 5525 tentia:
478 5480 588 5533 est,
636 5470 894 5541 ingenium
931 5469 1070 5538 quod
1107 5471 1161 5524 in
1202 5469 1479 5542 majoribus
1518 5469 1840 5541 exercueris,

238 5546 404 5596 etiam
433 5543 485 5593 in
515 5541 791 5611 minoribus
823 5557 928 5611 non
951 5557 1156 5611 negare.
1189 5541 1384 5598 LBPR.

316 5612 474 5669 CAP.
493 5609 675 5665 XVIII.
691 5642 762 5650 —
781 5611 858 5681 (b)
885 5609 1122 5666 Fortasse
1137 5617 1266 5668 enim
1284 5614 1598 5669 anabibozon
1614 5617 1656 5668 ei
1673 5617 1840 5671 obsta-

219 5685 343 5738 .bat.
371 5684 856 5755 Chronocratorem
885 5682 1156 5752 planetam
1186 5700 1278 5739 seu
1305 5687 1511 5755 signum
1541 5689 1838 5742 ascendens

235 5757 292 5808 in
330 5755 636 5826 horoscopo
667 5753 904 5826 horaque
935 5755 1115 5817 natali,
1137 5766 1192 5810 ut
1224 5753 1438 5810 tradunt
1473 5757 1793 5826 genethliaci
1816 5801 1831 5822 ,

225 5825 615 5900 impiissimum
643 5825 916 5880 hominum
943 5841 1132 5896 genus,
1166 5829 1254 5898 qui
1277 5825 1495 5900 populo,
1513 5828 1756 5901 phaleras
1781 5839 1835 5889 et

593 5920 1031 5983 Turonum
1073 5920 1157 5983 II.

3323 4696 3341 4727 )

3323 4696 3341 4727 )

2020 4761 2093 4834 (c)
2153 4761 2290 4815 Nam
2345 4768 2412 4834 “et
2466 4760 2807 4834 mathematici
2856 4761 3132 4834 plur-intum
3187 4691 3539 4822 [λῗαὲεῗδηὶιω.

1945 4831 2312 4889 Pratedicabant
2344 4831 2375 4884 ii
2408 4846 2466 4885 se
2493 4834 2654 4885 viuere
2693 4833 2755 4887 dc
2802 4832 2981 4895 stellis,
3028 4832 3128 4888 hoc
3153 4845 3238 4888 est
3264 4837 3539 4894 stellarum

1946 4913 2092 4960 motu
2154 4906 2314 4958 vitam
2375 4917 2524 4957 suam
2582 4902 2860 4970 pendere,
2934 4918 3052 4959 curn
3118 4914 3293 4959 tamen
3358 4910 3543 4966 stella-

1946 4990 2063 5030 rum
2092 4975 2626 5030 illaruniCreatorem
2651 4973 2855 5027 nollent
2881 4974 3183 5029 admittere.
3211 4977 3306 5031 Hic
3335 4980 3543 5036 mathe-

1947 5049 2261 5102 maticorum
2296 5046 2511 5099 nomine
2540 5060 2642 5098 non
2677 5052 2785 5097 tota
2815 5046 3070 5099 mathesis
3095 5046 3401 5115 damnatur,
3442 5055 3538 5108 sed

1951 5119 2036 5173 illa
2083 5126 2286 5172 tantum
2311 5115 2623 5187 superstitio
2643 5130 2786 5187 quae,
2810 5131 2929 5169 cum
2963 5131 3066 5170 non
3090 5118 3159 5170 sit
3191 5134 3311 5187 pars
3336 5126 3540 5176 mathc-

1949 5205 2070 5244 sens
2131 5187 2511 5258 (judiciariam
2550 5185 2713 5258 dico)
2763 5185 2897 5240 inter
2935 5185 3314 5243 mathcmatum
3364 5199 3541 5258 partes

1949 5261 2188 5328 adoptari
2215 5259 2346 5322 vult,
2377 5257 2518 5328 quod
2552 5257 2663 5328 lieri
2698 5257 2917 5328 nequit;
2946 5273 3065 5311 cum
3108 5262 3250 5314 enim
3288 5257 3419 5317 nihil
3444 5267 3539 5320 ad-

1949 5327 2162 5403 mittant
2179 5327 2577 5403 matbematicaa
2601 5327 2898 5403 disciplina:
2922 5328 3037 5383 sine
3057 5329 3536 5403 demonstratione,

1944 5400 2280 5476 judiciariam
2315 5398 2583 5476 rejiciunt.
2611 5397 2679 5452 de
2723 5413 2823 5476 qua
2857 5397 3034 5476 (error
3056 5403 3201 5476 enim
3228 5413 3330 5476 est
3370 5397 3535 5476 possi;

1953 5469 2095 5540 inus)
2153 5471 2294 5525 nulla
2326 5471 2395 5524 sit
2430 5469 2842 5543 demorustratio=
2873 5471 3006 5543 Aliis
3055 5472 3104 5525 in
3131 5473 3269 5543 locis
3309 5469 3536 5543 judicia-

1948 5539 2085 5600 riam
2112 5555 2397 5611 aggressus
2424 5551 2506 5594 est
2531 5556 2546 5605 ;
2577 5541 2694 5594 vide
2725 5539 2788 5611 de
2817 5539 3088 5594 ldololatr.
3123 5542 3194 5598 LE
3223 5539 3318 5599 Pu.

2019 5560 2080 5598 tm
2112 5558 2139 5595 a
2179 5558 2397 5611 gressus
2424 5558 2546 5605 eSt;
2577 5558 2694 5594 vtae
2725 5558 2788 5592 ae
2817 5558 3088 5594 tactotatr.
3123 5558 3194 5598 LE
3224 5558 3318 5599 t'n.

2019 5558 2407 5689 (d)‘I§o_ntinum
2439 5611 2589 5674 ﬁdem
2615 5610 2927 5689 impleverat.
2960 5611 3050 5667 Sic
3072 5614 3240 5689 habet
3265 5621 3541 5689 exemplar

1945 5682 2147 5741 Ut-Sini.
2188 5682 2340 5756 Ferri
2382 5690 2559 5756 tamen
2600 5690 2797 5756 potest_
2821 5682 3028 5753 vulgata
3072 5685 3253 5750 lectio,
3286 5682 3544 5756 quae-est,

1941 5760 2102 5814 etiam
2149 5754 2353 5812 codicis
2399 5752 2703 5820 Pithacani,
2747 5750 3020 5807 Hominem
3069 5756 3170 5824 ﬁde
3219 5750 3540 5825 impleverat,

3205 5827 3324 5886 th.

2777 5919 2868 6000 (Ν
2871 5919 3022 6000 σαῙο)
