  <div class='ocr_page' id='page_1' title='image "/cluster/home/n/w/nwhite01/storage/ocr_20150623/2/hvd.32044015466741/155.png"; bbox 0 0 4262 6490; ppageno 0'>
   <div class='ocr_carea' id='block_1_1' title="bbox 752 375 860 433">
    <p class='ocr_par' dir='ltr' id='par_1_1' title="bbox 752 375 860 433">
     <span class='ocr_line' id='line_1_1' title="bbox 752 375 860 433; baseline 0.019 -2"><span class='ocrx_word' id='word_1_1' title='bbox 752 375 860 433; x_wconf 60' lang='lat'><strong>967</strong></span> 
     </span>
    </p>
   </div>
   <div class='ocr_carea' id='block_1_2' title="bbox 1343 491 1751 548">
    <p class='ocr_par' dir='ltr' id='par_1_2' title="bbox 1343 491 1751 548">
     <span class='ocr_line' id='line_1_2' title="bbox 1343 491 1751 548; baseline -0.007 0"><span class='ocrx_word' id='word_1_2' title='bbox 1343 491 1572 548; x_wconf 85' lang='lat' dir='ltr'><strong>CAPUT</strong></span> <span class='ocrx_word' id='word_1_3' title='bbox 1609 491 1751 547; x_wconf 80' lang='lat' dir='ltr'><strong>XIX.</strong></span> 
     </span>
    </p>
   </div>
   <div class='ocr_carea' id='block_1_3' title="bbox 824 580 2351 654">
    <p class='ocr_par' dir='ltr' id='par_1_3' title="bbox 824 580 2351 654">
     <span class='ocr_line' id='line_1_3' title="bbox 824 580 2351 654; baseline -0.004 -16"><span class='ocrx_word' id='word_1_4' title='bbox 824 606 857 638; x_wconf 62' lang='grc' dir='ltr'><strong>οι</strong></span> <span class='ocrx_word' id='word_1_5' title='bbox 888 586 1019 652; x_wconf 92' lang='lat' dir='ltr'><strong>lmo,</strong></span> <span class='ocrx_word' id='word_1_6' title='bbox 1051 584 1295 654; x_wconf 91' lang='lat' dir='ltr'><strong>inquiunt</strong></span> <span class='ocrx_word' id='word_1_7' title='bbox 1322 582 1680 648; x_wconf 63' lang='lat' dir='ltr'><strong>Marcionita),</strong></span> <span class='ocrx_word' id='word_1_8' title='bbox 1712 582 1851 637; x_wconf 84' lang='lat' dir='ltr'><strong>Deus</strong></span> <span class='ocrx_word' id='word_1_9' title='bbox 1876 589 2078 644; x_wconf 90' lang='lat' dir='ltr'><strong>uoster,</strong></span> <span class='ocrx_word' id='word_1_10' title='bbox 2115 580 2213 635; x_wconf 87' lang='lat' dir='ltr'><strong>etsi</strong></span> <span class='ocrx_word' id='word_1_11' title='bbox 2246 593 2351 633; x_wconf 89' lang='lat' dir='ltr'><strong>non</strong></span> 
     </span>
    </p>
   </div>
   <div class='ocr_carea' id='block_1_4' title="bbox 765 673 2355 748">
    <p class='ocr_par' dir='ltr' id='par_1_4' title="bbox 765 673 2355 748">
     <span class='ocr_line' id='line_1_4' title="bbox 765 673 2355 748; baseline -0.008 -10"><span class='ocrx_word' id='word_1_12' title='bbox 765 682 833 737; x_wconf 88' lang='lat' dir='ltr'><strong>ab</strong></span> <span class='ocrx_word' id='word_1_13' title='bbox 861 681 1032 745; x_wconf 89' lang='lat' dir='ltr'><strong>initio,</strong></span> <span class='ocrx_word' id='word_1_14' title='bbox 1061 685 1159 735; x_wconf 87' lang='lat' dir='ltr'><strong>etsi</strong></span> <span class='ocrx_word' id='word_1_15' title='bbox 1198 693 1303 734; x_wconf 92' lang='lat' dir='ltr'><strong>non</strong></span> <span class='ocrx_word' id='word_1_16' title='bbox 1336 693 1431 748; x_wconf 91' lang='lat' dir='ltr'><strong>per</strong></span> <span class='ocrx_word' id='word_1_17' title='bbox 1464 677 1830 733; x_wconf 85' lang='lat' dir='ltr'><strong>conditionem</strong></span> <span class='ocrx_word' id='word_1_18' title='bbox 1856 716 1870 740; x_wconf 92' lang='lat'><strong>,</strong></span> <span class='ocrx_word' id='word_1_19' title='bbox 1913 673 2007 729; x_wconf 89' lang='lat' dir='ltr'><strong>sed</strong></span> <span class='ocrx_word' id='word_1_20' title='bbox 2039 690 2130 742; x_wconf 86' lang='lat' dir='ltr'><strong>per</strong></span> <span class='ocrx_word' id='word_1_21' title='bbox 2157 682 2355 728; x_wconf 89' lang='lat' dir='ltr'><strong>semet-</strong></span> 
     </span>
    </p>
   </div>
   <div class='ocr_carea' id='block_1_5' title="bbox 762 765 2352 841">
    <p class='ocr_par' dir='ltr' id='par_1_5' title="bbox 762 765 2352 841">
     <span class='ocr_line' id='line_1_5' title="bbox 762 765 2352 841; baseline -0.006 -13"><span class='ocrx_word' id='word_1_22' title='bbox 762 774 935 841; x_wconf 83' lang='lat' dir='ltr'><strong>ipsum</strong></span> <span class='ocrx_word' id='word_1_23' title='bbox 976 772 1243 826; x_wconf 76' lang='lat' dir='ltr'><strong>revelatus</strong></span> <span class='ocrx_word' id='word_1_24' title='bbox 1279 778 1362 825; x_wconf 90' lang='lat' dir='ltr'><strong>est</strong></span> <span class='ocrx_word' id='word_1_25' title='bbox 1392 771 1444 823; x_wconf 89' lang='lat' dir='ltr'><strong>in</strong></span> <span class='ocrx_word' id='word_1_26' title='bbox 1480 767 1698 823; x_wconf 85' lang='lat' dir='ltr'><strong>Christo</strong></span> <span class='ocrx_word' id='word_1_27' title='bbox 1724 766 1873 823; x_wconf 83' lang='lat' dir='ltr'><strong>Jesu.</strong></span> <span class='ocrx_word' id='word_1_28' title='bbox 1907 784 1925 817; x_wconf 74' lang='grc' dir='ltr'><strong><em>ι</em></strong></span> <span class='ocrx_word' id='word_1_29' title='bbox 1954 765 2183 821; x_wconf 82' lang='lat' dir='ltr'><strong>Dabitur</strong></span> <span class='ocrx_word' id='word_1_30' title='bbox 2205 773 2260 818; x_wconf 91' lang='lat' dir='ltr'><strong>et</strong></span> <span class='ocrx_word' id='word_1_31' title='bbox 2300 765 2352 819; x_wconf 93' lang='lat' dir='ltr'><strong>in</strong></span> 
     </span>
    </p>
   </div>
   <div class='ocr_carea' id='block_1_6' title="bbox 758 857 2353 930">
    <p class='ocr_par' dir='ltr' id='par_1_6' title="bbox 758 857 2353 930">
     <span class='ocr_line' id='line_1_6' title="bbox 758 857 2353 930; baseline -0.004 -11"><span class='ocrx_word' id='word_1_32' title='bbox 758 866 1031 919; x_wconf 80' lang='lat' dir='ltr'><strong>Christum</strong></span> <span class='ocrx_word' id='word_1_33' title='bbox 1064 864 1197 919; x_wconf 89' lang='lat' dir='ltr'><strong>liber</strong></span> <span class='ocrx_word' id='word_1_34' title='bbox 1223 904 1239 930; x_wconf 92' lang='lat'><strong>,</strong></span> <span class='ocrx_word' id='word_1_35' title='bbox 1279 861 1347 918; x_wconf 89' lang='lat' dir='ltr'><strong>de</strong></span> <span class='ocrx_word' id='word_1_36' title='bbox 1390 863 1536 916; x_wconf 91' lang='lat' dir='ltr'><strong>omni</strong></span> <span class='ocrx_word' id='word_1_37' title='bbox 1565 871 1705 916; x_wconf 84' lang='lat' dir='ltr'><strong>statu</strong></span> <span class='ocrx_word' id='word_1_38' title='bbox 1735 860 1887 930; x_wconf 92' lang='lat' dir='ltr'><strong>ejus;</strong></span> <span class='ocrx_word' id='word_1_39' title='bbox 1928 858 2178 929; x_wconf 89' lang='lat' dir='ltr'><strong>distingui</strong></span> <span class='ocrx_word' id='word_1_40' title='bbox 2206 857 2353 914; x_wconf 90' lang='lat' dir='ltr'><strong>enim</strong></span> 
     </span>
    </p>
   </div>
   <div class='ocr_carea' id='block_1_7' title="bbox 760 951 2353 1028">
    <p class='ocr_par' dir='ltr' id='par_1_7' title="bbox 760 951 2353 1028">
     <span class='ocr_line' id='line_1_7' title="bbox 760 951 2353 1028; baseline -0.004 -15"><span class='ocrx_word' id='word_1_41' title='bbox 760 962 1013 1016; x_wconf 87' lang='lat' dir='ltr'><strong>materias</strong></span> <span class='ocrx_word' id='word_1_42' title='bbox 1060 965 1314 1028; x_wconf 91' lang='lat' dir='ltr'><strong>oportet,</strong></span> <span class='ocrx_word' id='word_1_43' title='bbox 1362 970 1468 1027; x_wconf 90' lang='lat' dir='ltr'><strong>quo</strong></span> <span class='ocrx_word' id='word_1_44' title='bbox 1497 954 1704 1025; x_wconf 87' lang='lat' dir='ltr'><strong>plenius</strong></span> <span class='ocrx_word' id='word_1_45' title='bbox 1732 963 1787 1010; x_wconf 90' lang='lat' dir='ltr'><strong>et</strong></span> <span class='ocrx_word' id='word_1_46' title='bbox 1815 951 2116 1008; x_wconf 83' lang='lat' dir='ltr'><strong>ordinatius</strong></span> <span class='ocrx_word' id='word_1_47' title='bbox 2146 961 2353 1007; x_wconf 85' lang='lat' dir='ltr'><strong>retrac-</strong></span> 
     </span>
    </p>
   </div>
   <div class='ocr_carea' id='block_1_8' title="bbox 759 1044 2351 1117">
    <p class='ocr_par' dir='ltr' id='par_1_8' title="bbox 759 1044 2351 1117">
     <span class='ocr_line' id='line_1_8' title="bbox 759 1044 2351 1117; baseline -0.004 -10"><span class='ocrx_word' id='word_1_48' title='bbox 759 1061 957 1107; x_wconf 85' lang='lat' dir='ltr'><strong>tentur.</strong></span> <span class='ocrx_word' id='word_1_49' title='bbox 992 1051 1208 1105; x_wconf 90' lang='lat' dir='ltr'><strong>Interim</strong></span> <span class='ocrx_word' id='word_1_50' title='bbox 1240 1049 1369 1103; x_wconf 85' lang='lat' dir='ltr'><strong>satis</strong></span> <span class='ocrx_word' id='word_1_51' title='bbox 1426 1049 1529 1102; x_wconf 90' lang='lat' dir='ltr'><strong>erit</strong></span> <span class='ocrx_word' id='word_1_52' title='bbox 1566 1047 1631 1102; x_wconf 90' lang='lat' dir='ltr'><strong>ad</strong></span> <span class='ocrx_word' id='word_1_53' title='bbox 1680 1056 1997 1117; x_wconf 69' lang='lat' dir='ltr'><strong>prmsentem</strong></span> <span class='ocrx_word' id='word_1_54' title='bbox 2028 1044 2250 1117; x_wconf 88' lang='lat' dir='ltr'><strong>gradum</strong></span> <span class='ocrx_word' id='word_1_55' title='bbox 2283 1049 2351 1101; x_wconf 91' lang='lat' dir='ltr'><strong>ita</strong></span> 
     </span>
    </p>
   </div>
   <div class='ocr_carea' id='block_1_9' title="bbox 756 1140 2353 1211">
    <p class='ocr_par' dir='ltr' id='par_1_9' title="bbox 756 1140 2353 1211">
     <span class='ocr_line' id='line_1_9' title="bbox 756 1140 2353 1211; baseline -0.003 -13"><span class='ocrx_word' id='word_1_56' title='bbox 756 1160 1063 1211; x_wconf 89' lang='lat' dir='ltr'><strong>occurrere,</strong></span> <span class='ocrx_word' id='word_1_57' title='bbox 1099 1152 1155 1197; x_wconf 91' lang='lat' dir='ltr'><strong>ut</strong></span> <span class='ocrx_word' id='word_1_58' title='bbox 1180 1141 1459 1198; x_wconf 79' lang='lat' dir='ltr'><strong>ostendam</strong></span> <span class='ocrx_word' id='word_1_59' title='bbox 1485 1141 1758 1196; x_wconf 87' lang='lat' dir='ltr'><strong>Christum</strong></span> <span class='ocrx_word' id='word_1_60' title='bbox 1789 1140 1969 1195; x_wconf 82' lang='lat' dir='ltr'><strong>Jesum</strong></span> <span class='ocrx_word' id='word_1_61' title='bbox 2001 1154 2105 1195; x_wconf 91' lang='lat' dir='ltr'><strong>non</strong></span> <span class='ocrx_word' id='word_1_62' title='bbox 2132 1140 2353 1194; x_wconf 81' lang='lat' dir='ltr'><strong>alterius</strong></span> 
     </span>
    </p>
   </div>
   <div class='ocr_carea' id='block_1_10' title="bbox 758 1231 2354 1305">
    <p class='ocr_par' dir='ltr' id='par_1_10' title="bbox 758 1231 2354 1305">
     <span class='ocr_line' id='line_1_10' title="bbox 758 1231 2354 1305; baseline -0.006 -11"><span class='ocrx_word' id='word_1_63' title='bbox 758 1239 852 1294; x_wconf 89' lang='lat' dir='ltr'><strong>Dei</strong></span> <span class='ocrx_word' id='word_1_64' title='bbox 877 1237 1305 1293; x_wconf 86' lang='lat' dir='ltr'><strong>circumlatorem</strong></span> <span class='ocrx_word' id='word_1_65' title='bbox 1333 1275 1347 1297; x_wconf 92' lang='lat'><strong>,</strong></span> <span class='ocrx_word' id='word_1_66' title='bbox 1388 1248 1550 1305; x_wconf 88' lang='lat' dir='ltr'><strong>quam</strong></span> <span class='ocrx_word' id='word_1_67' title='bbox 1576 1232 1872 1296; x_wconf 86' lang='lat' dir='ltr'><strong>Creatoris;</strong></span> <span class='ocrx_word' id='word_1_68' title='bbox 1898 1243 1953 1287; x_wconf 92' lang='lat' dir='ltr'><strong>et</strong></span> <span class='ocrx_word' id='word_1_69' title='bbox 1981 1231 2195 1301; x_wconf 89' lang='lat' dir='ltr'><strong>quidem</strong></span> <span class='ocrx_word' id='word_1_70' title='bbox 2226 1246 2354 1299; x_wconf 86' lang='lat' dir='ltr'><strong>pau-</strong></span> 
     </span>
    </p>
   </div>
   <div class='ocr_carea' id='block_1_11' title="bbox 757 1324 2353 1400">
    <p class='ocr_par' dir='ltr' id='par_1_11' title="bbox 757 1324 2353 1400">
     <span class='ocr_line' id='line_1_11' title="bbox 757 1324 2353 1400; baseline -0.004 -13"><span class='ocrx_word' id='word_1_71' title='bbox 757 1332 853 1387; x_wconf 87' lang='lat' dir='ltr'><strong>cis.</strong></span> <span class='ocrx_word' id='word_1_72' title='bbox 889 1333 1045 1389; x_wconf 87' lang='lat' dir='ltr'><strong>Anno</strong></span> <span class='ocrx_word' id='word_1_73' title='bbox 1074 1330 1263 1400; x_wconf 91' lang='lat' dir='ltr'><strong>quinto</strong></span> <span class='ocrx_word' id='word_1_74' title='bbox 1304 1328 1515 1384; x_wconf 90' lang='lat' dir='ltr'><strong>decimo</strong></span> <span class='ocrx_word' id='word_1_75' title='bbox 1543 1326 1784 1392; x_wconf 89' lang='lat' dir='ltr'><strong>Tiberii,</strong></span> <span class='ocrx_word' id='word_1_76' title='bbox 1817 1326 2060 1381; x_wconf 89' lang='lat' dir='ltr'><strong>Christus</strong></span> <span class='ocrx_word' id='word_1_77' title='bbox 2100 1325 2256 1381; x_wconf 87' lang='lat' dir='ltr'><strong>Jcsus</strong></span> <span class='ocrx_word' id='word_1_78' title='bbox 2284 1324 2353 1381; x_wconf 85' lang='lat' dir='ltr'><strong>de</strong></span> 
     </span>
    </p>
   </div>
   <div class='ocr_carea' id='block_1_12' title="bbox 759 1416 2350 1491">
    <p class='ocr_par' dir='ltr' id='par_1_12' title="bbox 759 1416 2350 1491">
     <span class='ocr_line' id='line_1_12' title="bbox 759 1416 2350 1491; baseline -0.003 -14"><span class='ocrx_word' id='word_1_79' title='bbox 759 1423 898 1479; x_wconf 82' lang='lat' dir='ltr'><strong>etelo</strong></span> <span class='ocrx_word' id='word_1_80' title='bbox 942 1437 1161 1476; x_wconf 88' lang='lat' dir='ltr'><strong>manare</strong></span> <span class='ocrx_word' id='word_1_81' title='bbox 1188 1420 1441 1491; x_wconf 86' lang='lat' dir='ltr'><strong>dignatus</strong></span> <span class='ocrx_word' id='word_1_82' title='bbox 1469 1428 1572 1485; x_wconf 86' lang='lat' dir='ltr'><strong>est,</strong></span> <span class='ocrx_word' id='word_1_83' title='bbox 1624 1419 1844 1488; x_wconf 87' lang='lat' dir='ltr'><strong>spiritus</strong></span> <span class='ocrx_word' id='word_1_84' title='bbox 1886 1417 2137 1472; x_wconf 85' lang='lat' dir='ltr'><strong>salutaris</strong></span> <span class='ocrx_word' id='word_1_85' title='bbox 2166 1436 2177 1471; x_wconf 88' lang='lat'><strong>:</strong></span> <span class='ocrx_word' id='word_1_86' title='bbox 2206 1416 2350 1474; x_wconf 84' lang='lat' dir='ltr'><strong>Mar-</strong></span> 
     </span>
    </p>
   </div>
   <div class='ocr_carea' id='block_1_13' title="bbox 756 1509 2350 1586">
    <p class='ocr_par' dir='ltr' id='par_1_13' title="bbox 756 1509 2350 1586">
     <span class='ocr_line' id='line_1_13' title="bbox 756 1509 2350 1586; baseline -0.004 -16"><span class='ocrx_word' id='word_1_87' title='bbox 756 1516 927 1570; x_wconf 91' lang='lat' dir='ltr'><strong>cionis</strong></span> <span class='ocrx_word' id='word_1_88' title='bbox 955 1513 1182 1569; x_wconf 88' lang='lat' dir='ltr'><strong>salutem</strong></span> <span class='ocrx_word' id='word_1_89' title='bbox 1213 1510 1295 1583; x_wconf 85' lang='lat' dir='ltr'><strong>(l)</strong></span> <span class='ocrx_word' id='word_1_90' title='bbox 1322 1554 1336 1577; x_wconf 95' lang='lat'><strong>,</strong></span> <span class='ocrx_word' id='word_1_91' title='bbox 1366 1511 1455 1581; x_wconf 92' lang='lat' dir='ltr'><strong>qui</strong></span> <span class='ocrx_word' id='word_1_92' title='bbox 1483 1512 1551 1565; x_wconf 91' lang='lat' dir='ltr'><strong>ita</strong></span> <span class='ocrx_word' id='word_1_93' title='bbox 1579 1511 1742 1566; x_wconf 90' lang='lat' dir='ltr'><strong>voluit</strong></span> <span class='ocrx_word' id='word_1_94' title='bbox 1774 1510 1880 1586; x_wconf 74' lang='lat'><strong>(2),</strong></span> <span class='ocrx_word' id='word_1_95' title='bbox 1925 1509 2004 1581; x_wconf 84' lang='grc' dir='ltr'><strong>(α)</strong></span> <span class='ocrx_word' id='word_1_96' title='bbox 2034 1519 2198 1581; x_wconf 88' lang='lat' dir='ltr'><strong>quoto</strong></span> <span class='ocrx_word' id='word_1_97' title='bbox 2228 1509 2350 1580; x_wconf 84' lang='lat' dir='ltr'><strong>qui-</strong></span> 
     </span>
    </p>
   </div>
   <div class='ocr_carea' id='block_1_14' title="bbox 754 1602 2353 1674">
    <p class='ocr_par' dir='ltr' id='par_1_14' title="bbox 754 1602 2353 1674">
     <span class='ocr_line' id='line_1_14' title="bbox 754 1602 2353 1674; baseline -0.003 -12"><span class='ocrx_word' id='word_1_98' title='bbox 754 1608 879 1664; x_wconf 89' lang='lat' dir='ltr'><strong>dem</strong></span> <span class='ocrx_word' id='word_1_99' title='bbox 925 1621 1065 1661; x_wconf 89' lang='lat' dir='ltr'><strong>anno</strong></span> <span class='ocrx_word' id='word_1_100' title='bbox 1097 1604 1351 1660; x_wconf 90' lang='lat' dir='ltr'><strong>Antonini</strong></span> <span class='ocrx_word' id='word_1_101' title='bbox 1384 1604 1602 1674; x_wconf 82' lang='lat' dir='ltr'><strong>majoris</strong></span> <span class='ocrx_word' id='word_1_102' title='bbox 1643 1602 1709 1657; x_wconf 91' lang='lat' dir='ltr'><strong>de</strong></span> <span class='ocrx_word' id='word_1_103' title='bbox 1738 1602 1908 1658; x_wconf 87' lang='lat' dir='ltr'><strong>Ponto</strong></span> <span class='ocrx_word' id='word_1_104' title='bbox 1938 1617 2034 1659; x_wconf 93' lang='lat' dir='ltr'><strong>suo</strong></span> <span class='ocrx_word' id='word_1_105' title='bbox 2065 1602 2353 1658; x_wconf 78' lang='lat' dir='ltr'><strong>exhalave-</strong></span> 
     </span>
    </p>
   </div>
   <div class='ocr_carea' id='block_1_15' title="bbox 757 1696 2350 1770">
    <p class='ocr_par' dir='ltr' id='par_1_15' title="bbox 757 1696 2350 1770">
     <span class='ocr_line' id='line_1_15' title="bbox 757 1696 2350 1770; baseline -0.003 -16"><span class='ocrx_word' id='word_1_106' title='bbox 757 1699 826 1755; x_wconf 93' lang='lat' dir='ltr'><strong>rit</strong></span> <span class='ocrx_word' id='word_1_107' title='bbox 858 1714 986 1753; x_wconf 90' lang='lat' dir='ltr'><strong>aura</strong></span> <span class='ocrx_word' id='word_1_108' title='bbox 1015 1697 1094 1770; x_wconf 79' lang='lat'><strong>(3)</strong></span> <span class='ocrx_word' id='word_1_109' title='bbox 1140 1697 1481 1761; x_wconf 90' lang='lat' dir='ltr'><strong>canicularis,</strong></span> <span class='ocrx_word' id='word_1_110' title='bbox 1524 1712 1630 1752; x_wconf 90' lang='lat' dir='ltr'><strong>non</strong></span> <span class='ocrx_word' id='word_1_111' title='bbox 1674 1696 1855 1751; x_wconf 82' lang='lat' dir='ltr'><strong>curavi</strong></span> <span class='ocrx_word' id='word_1_112' title='bbox 1904 1696 2243 1767; x_wconf 86' lang='lat' dir='ltr'><strong>investigare.</strong></span> <span class='ocrx_word' id='word_1_113' title='bbox 2276 1696 2350 1751; x_wconf 89' lang='lat' dir='ltr'><strong>De</strong></span> 
     </span>
    </p>
   </div>
   <div class='ocr_carea' id='block_1_16' title="bbox 755 1790 2350 1863">
    <p class='ocr_par' dir='ltr' id='par_1_16' title="bbox 755 1790 2350 1863">
     <span class='ocr_line' id='line_1_16' title="bbox 755 1790 2350 1863; baseline -0.002 -17"><span class='ocrx_word' id='word_1_114' title='bbox 755 1806 862 1863; x_wconf 91' lang='lat' dir='ltr'><strong>quo</strong></span> <span class='ocrx_word' id='word_1_115' title='bbox 891 1801 1068 1846; x_wconf 89' lang='lat' dir='ltr'><strong>tamen</strong></span> <span class='ocrx_word' id='word_1_116' title='bbox 1096 1800 1330 1855; x_wconf 86' lang='lat' dir='ltr'><strong>constat,</strong></span> <span class='ocrx_word' id='word_1_117' title='bbox 1363 1790 1761 1846; x_wconf 87' lang='lat' dir='ltr'><strong>Antoninianus</strong></span> <span class='ocrx_word' id='word_1_118' title='bbox 1803 1790 2089 1845; x_wconf 65' lang='lat' dir='ltr'><strong>hereticus</strong></span> <span class='ocrx_word' id='word_1_119' title='bbox 2118 1799 2220 1858; x_wconf 86' lang='lat' dir='ltr'><strong>est,</strong></span> <span class='ocrx_word' id='word_1_120' title='bbox 2250 1792 2350 1846; x_wconf 90' lang='lat' dir='ltr'><strong>suh</strong></span> 
     </span>
    </p>
   </div>
   <div class='ocr_carea' id='block_1_17' title="bbox 2161 367 2627 427">
    <p class='ocr_par' dir='ltr' id='par_1_17' title="bbox 2161 367 2627 427">
     <span class='ocr_line' id='line_1_17' title="bbox 2161 367 2627 427; baseline 0.002 -1"><span class='ocrx_word' id='word_1_121' title='bbox 2161 367 2627 427; x_wconf 81' lang='lat' dir='ltr'><strong>TERTULLIANI</strong></span> 
     </span>
    </p>
   </div>
   <div class='ocr_carea' id='block_1_18' title="bbox 2382 487 4061 558">
    <p class='ocr_par' dir='ltr' id='par_1_18' title="bbox 2382 487 4061 558">
     <span class='ocr_line' id='line_1_18' title="bbox 2382 487 4061 558; baseline 0 -12"><span class='ocrx_word' id='word_1_122' title='bbox 2382 487 2436 546; x_wconf 86' lang='lat' dir='ltr'><strong>A</strong></span> <span class='ocrx_word' id='word_1_123' title='bbox 2464 499 2545 544; x_wconf 90' lang='lat' dir='ltr'><strong>ret</strong></span> <span class='ocrx_word' id='word_1_124' title='bbox 2622 497 2747 544; x_wconf 90' lang='lat' dir='ltr'><strong>ante</strong></span> <span class='ocrx_word' id='word_1_125' title='bbox 2793 502 2911 543; x_wconf 90' lang='lat' dir='ltr'><strong>eam</strong></span> <span class='ocrx_word' id='word_1_126' title='bbox 2957 489 3351 558; x_wconf 85' lang='lat' dir='ltr'><strong>separationem</strong></span> <span class='ocrx_word' id='word_1_127' title='bbox 3396 489 3560 545; x_wconf 90' lang='lat' dir='ltr'><strong>Deum</strong></span> <span class='ocrx_word' id='word_1_128' title='bbox 3609 490 3661 544; x_wconf 91' lang='lat' dir='ltr'><strong>in</strong></span> <span class='ocrx_word' id='word_1_129' title='bbox 3711 491 3894 545; x_wconf 86' lang='lat' dir='ltr'><strong>notitia</strong></span> <span class='ocrx_word' id='word_1_130' title='bbox 3949 506 4061 546; x_wconf 86' lang='lat' dir='ltr'><strong>non</strong></span> 
     </span>
    </p>
   </div>
   <div class='ocr_carea' id='block_1_19' title="bbox 3948 374 4061 432">
    <p class='ocr_par' dir='ltr' id='par_1_19' title="bbox 3948 374 4061 432">
     <span class='ocr_line' id='line_1_19' title="bbox 3948 374 4061 432; baseline 0.027 -3"><span class='ocrx_word' id='word_1_131' title='bbox 3948 374 4061 432; x_wconf 73' lang='lat'><strong>268</strong></span> 
     </span>
    </p>
   </div>
   <div class='ocr_carea' id='block_1_20' title="bbox 2459 580 4059 652">
    <p class='ocr_par' dir='ltr' id='par_1_20' title="bbox 2459 580 4059 652">
     <span class='ocr_line' id='line_1_20' title="bbox 2459 580 4059 652; baseline 0.003 -18"><span class='ocrx_word' id='word_1_132' title='bbox 2459 580 2644 645; x_wconf 82' lang='lat' dir='ltr'><strong>fuisse,</strong></span> <span class='ocrx_word' id='word_1_133' title='bbox 2694 581 2782 651; x_wconf 88' lang='lat' dir='ltr'><strong>qui</strong></span> <span class='ocrx_word' id='word_1_134' title='bbox 2815 581 2881 635; x_wconf 88' lang='lat' dir='ltr'><strong>ab</strong></span> <span class='ocrx_word' id='word_1_135' title='bbox 2908 593 3227 651; x_wconf 82' lang='lat' dir='ltr'><strong>argumento</strong></span> <span class='ocrx_word' id='word_1_136' title='bbox 3272 584 3628 652; x_wconf 87' lang='lat' dir='ltr'><strong>separationis</strong></span> <span class='ocrx_word' id='word_1_137' title='bbox 3667 584 3897 641; x_wconf 85' lang='lat' dir='ltr'><strong>innotuit</strong></span> <span class='ocrx_word' id='word_1_138' title='bbox 3925 601 3939 648; x_wconf 93' lang='lat'><strong>;</strong></span> <span class='ocrx_word' id='word_1_139' title='bbox 3972 592 4059 638; x_wconf 86' lang='lat' dir='ltr'><strong>at-</strong></span> 
     </span>
    </p>
   </div>
   <div class='ocr_carea' id='block_1_21' title="bbox 2458 674 4058 747">
    <p class='ocr_par' dir='ltr' id='par_1_21' title="bbox 2458 674 4058 747">
     <span class='ocr_line' id='line_1_21' title="bbox 2458 674 4058 747; baseline 0.003 -20"><span class='ocrx_word' id='word_1_140' title='bbox 2458 689 2558 744; x_wconf 91' lang='lat' dir='ltr'><strong>que</strong></span> <span class='ocrx_word' id='word_1_141' title='bbox 2588 674 2657 728; x_wconf 87' lang='lat' dir='ltr'><strong>ita</strong></span> <span class='ocrx_word' id='word_1_142' title='bbox 2689 689 2795 729; x_wconf 91' lang='lat' dir='ltr'><strong>non</strong></span> <span class='ocrx_word' id='word_1_143' title='bbox 2813 691 2842 729; x_wconf 92' lang='lat' dir='ltr'><strong>a</strong></span> <span class='ocrx_word' id='word_1_144' title='bbox 2861 675 3075 731; x_wconf 86' lang='lat' dir='ltr'><strong>Christo</strong></span> <span class='ocrx_word' id='word_1_145' title='bbox 3111 677 3431 740; x_wconf 86' lang='lat' dir='ltr'><strong>revelatum,</strong></span> <span class='ocrx_word' id='word_1_146' title='bbox 3451 679 3540 747; x_wconf 91' lang='lat' dir='ltr'><strong>qui</strong></span> <span class='ocrx_word' id='word_1_147' title='bbox 3560 677 3655 732; x_wconf 77' lang='lat' dir='ltr'><strong>fuit</strong></span> <span class='ocrx_word' id='word_1_148' title='bbox 3683 688 3806 733; x_wconf 89' lang='lat' dir='ltr'><strong>ante</strong></span> <span class='ocrx_word' id='word_1_149' title='bbox 3832 693 4058 747; x_wconf 82' lang='lat' dir='ltr'><strong>separa-</strong></span> 
     </span>
    </p>
   </div>
   <div class='ocr_carea' id='block_1_22' title="bbox 2464 758 4065 840">
    <p class='ocr_par' dir='ltr' id='par_1_22' title="bbox 2464 758 4065 840">
     <span class='ocr_line' id='line_1_22' title="bbox 2464 758 4065 840; baseline 0.003 -20"><span class='ocrx_word' id='word_1_150' title='bbox 2464 767 2668 822; x_wconf 88' lang='lat' dir='ltr'><strong>tionem</strong></span> <span class='ocrx_word' id='word_1_151' title='bbox 2694 808 2708 834; x_wconf 91' lang='lat'><strong>,</strong></span> <span class='ocrx_word' id='word_1_152' title='bbox 2738 767 2833 822; x_wconf 87' lang='lat' dir='ltr'><strong>sed</strong></span> <span class='ocrx_word' id='word_1_153' title='bbox 2870 782 2898 820; x_wconf 85' lang='lat' dir='ltr'><strong>a</strong></span> <span class='ocrx_word' id='word_1_154' title='bbox 2934 767 3204 823; x_wconf 73' lang='lat' dir='ltr'><strong>Marciane</strong></span> <span class='ocrx_word' id='word_1_155' title='bbox 3230 779 3646 825; x_wconf 85' lang='lat' dir='ltr'><strong>commentatum</strong></span> <span class='ocrx_word' id='word_1_156' title='bbox 3669 758 3799 840; x_wconf 83' lang='lat' dir='ltr'><strong>,qui</strong></span> <span class='ocrx_word' id='word_1_157' title='bbox 3833 771 4065 825; x_wconf 88' lang='lat' dir='ltr'><strong>instituit</strong></span> 
     </span>
    </p>
   </div>
   <div class='ocr_carea' id='block_1_23' title="bbox 2458 859 4058 933">
    <p class='ocr_par' dir='ltr' id='par_1_23' title="bbox 2458 859 4058 933">
     <span class='ocr_line' id='line_1_23' title="bbox 2458 859 4058 933; baseline 0.003 -20"><span class='ocrx_word' id='word_1_158' title='bbox 2458 859 2851 929; x_wconf 85' lang='lat' dir='ltr'><strong>separationem</strong></span> <span class='ocrx_word' id='word_1_159' title='bbox 2897 860 3153 917; x_wconf 84' lang='lat' dir='ltr'><strong>adversus</strong></span> <span class='ocrx_word' id='word_1_160' title='bbox 3210 860 3487 932; x_wconf 80' lang='lat' dir='ltr'><strong>Evangelii</strong></span> <span class='ocrx_word' id='word_1_161' title='bbox 3524 862 3787 933; x_wconf 82' lang='lat' dir='ltr'><strong>Legisque</strong></span> <span class='ocrx_word' id='word_1_162' title='bbox 3827 879 4013 933; x_wconf 90' lang='lat' dir='ltr'><strong>pacem</strong></span> <span class='ocrx_word' id='word_1_163' title='bbox 4040 905 4058 932; x_wconf 90' lang='lat'><strong>,</strong></span> 
     </span>
    </p>
   </div>
   <div class='ocr_carea' id='block_1_24' title="bbox 2456 954 4061 1029">
    <p class='ocr_par' dir='ltr' id='par_1_24' title="bbox 2456 954 4061 1029">
     <span class='ocr_line' id='line_1_24' title="bbox 2456 954 4061 1029; baseline 0.005 -23"><span class='ocrx_word' id='word_1_164' title='bbox 2456 968 2615 1021; x_wconf 90' lang='lat' dir='ltr'><strong>quam</strong></span> <span class='ocrx_word' id='word_1_165' title='bbox 2660 962 2806 1009; x_wconf 91' lang='lat' dir='ltr'><strong>retro</strong></span> <span class='ocrx_word' id='word_1_166' title='bbox 2849 954 3069 1010; x_wconf 72' lang='lat' dir='ltr'><strong>illaesam</strong></span> <span class='ocrx_word' id='word_1_167' title='bbox 3116 965 3171 1011; x_wconf 91' lang='lat' dir='ltr'><strong>et</strong></span> <span class='ocrx_word' id='word_1_168' title='bbox 3216 957 3612 1023; x_wconf 84' lang='lat' dir='ltr'><strong>inconcussam,</strong></span> <span class='ocrx_word' id='word_1_169' title='bbox 3638 958 3706 1012; x_wconf 92' lang='lat' dir='ltr'><strong>ab</strong></span> <span class='ocrx_word' id='word_1_170' title='bbox 3744 960 4061 1029; x_wconf 84' lang='lat' dir='ltr'><strong>apparentia</strong></span> 
     </span>
    </p>
   </div>
   <div class='ocr_carea' id='block_1_25' title="bbox 2457 1046 4059 1121">
    <p class='ocr_par' dir='ltr' id='par_1_25' title="bbox 2457 1046 4059 1121">
     <span class='ocr_line' id='line_1_25' title="bbox 2457 1046 4059 1121; baseline 0.004 -20"><span class='ocrx_word' id='word_1_171' title='bbox 2457 1046 2655 1103; x_wconf 87' lang='lat' dir='ltr'><strong>Christi</strong></span> <span class='ocrx_word' id='word_1_172' title='bbox 2686 1063 2853 1119; x_wconf 88' lang='lat' dir='ltr'><strong>usque</strong></span> <span class='ocrx_word' id='word_1_173' title='bbox 2882 1048 2949 1104; x_wconf 89' lang='lat' dir='ltr'><strong>ad</strong></span> <span class='ocrx_word' id='word_1_174' title='bbox 2975 1049 3250 1105; x_wconf 80' lang='lat' dir='ltr'><strong>audaciam</strong></span> <span class='ocrx_word' id='word_1_175' title='bbox 3298 1050 3603 1111; x_wconf 73' lang='lat' dir='ltr'><strong>Marcionis.</strong></span> <span class='ocrx_word' id='word_1_176' title='bbox 3638 1052 3725 1105; x_wconf 91' lang='lat' dir='ltr'><strong>illa</strong></span> <span class='ocrx_word' id='word_1_177' title='bbox 3756 1054 3939 1121; x_wconf 89' lang='lat' dir='ltr'><strong>utique</strong></span> <span class='ocrx_word' id='word_1_178' title='bbox 3969 1068 4059 1107; x_wconf 83' lang='lat' dir='ltr'><strong>ra-</strong></span> 
     </span>
    </p>
   </div>
   <div class='ocr_carea' id='block_1_26' title="bbox 2457 1141 4061 1216">
    <p class='ocr_par' dir='ltr' id='par_1_26' title="bbox 2457 1141 4061 1216">
     <span class='ocr_line' id='line_1_26' title="bbox 2457 1141 4061 1216; baseline 0.005 -22"><span class='ocrx_word' id='word_1_179' title='bbox 2457 1141 2532 1195; x_wconf 91' lang='lat' dir='ltr'><strong>tio</strong></span> <span class='ocrx_word' id='word_1_180' title='bbox 2576 1143 2831 1204; x_wconf 85' lang='lat' dir='ltr'><strong>servavit,</strong></span> <span class='ocrx_word' id='word_1_181' title='bbox 2876 1158 2996 1212; x_wconf 77' lang='lat' dir='ltr'><strong>qua:</strong></span> <span class='ocrx_word' id='word_1_182' title='bbox 3038 1160 3142 1198; x_wconf 91' lang='lat' dir='ltr'><strong>non</strong></span> <span class='ocrx_word' id='word_1_183' title='bbox 3187 1144 3349 1199; x_wconf 88' lang='lat' dir='ltr'><strong>alium</strong></span> <span class='ocrx_word' id='word_1_184' title='bbox 3392 1144 3557 1199; x_wconf 87' lang='lat' dir='ltr'><strong>Deum</strong></span> <span class='ocrx_word' id='word_1_185' title='bbox 3595 1153 3651 1199; x_wconf 93' lang='lat' dir='ltr'><strong>et</strong></span> <span class='ocrx_word' id='word_1_186' title='bbox 3701 1144 3779 1215; x_wconf 89' lang='lat'><strong>(8)</strong></span> <span class='ocrx_word' id='word_1_187' title='bbox 3806 1146 3965 1216; x_wconf 79' lang='lat' dir='ltr'><strong>Legis</strong></span> <span class='ocrx_word' id='word_1_188' title='bbox 4002 1155 4061 1202; x_wconf 88' lang='lat' dir='ltr'><strong>et</strong></span> 
     </span>
    </p>
   </div>
   <div class='ocr_carea' id='block_1_27' title="bbox 2457 1231 4062 1305">
    <p class='ocr_par' dir='ltr' id='par_1_27' title="bbox 2457 1231 4062 1305">
     <span class='ocr_line' id='line_1_27' title="bbox 2457 1231 4062 1305; baseline 0.005 -19"><span class='ocrx_word' id='word_1_189' title='bbox 2457 1231 2734 1304; x_wconf 79' lang='lat' dir='ltr'><strong>Evangelii</strong></span> <span class='ocrx_word' id='word_1_190' title='bbox 2788 1233 3036 1289; x_wconf 85' lang='lat' dir='ltr'><strong>tuebatur</strong></span> <span class='ocrx_word' id='word_1_191' title='bbox 3065 1275 3078 1298; x_wconf 91' lang='lat'><strong>,</strong></span> <span class='ocrx_word' id='word_1_192' title='bbox 3148 1244 3343 1305; x_wconf 76' lang='lat' dir='ltr'><strong>praeter</strong></span> <span class='ocrx_word' id='word_1_193' title='bbox 3387 1236 3700 1291; x_wconf 88' lang='lat' dir='ltr'><strong>Creatorem</strong></span> <span class='ocrx_word' id='word_1_194' title='bbox 3729 1280 3742 1303; x_wconf 94' lang='lat'><strong>,</strong></span> <span class='ocrx_word' id='word_1_195' title='bbox 3798 1239 4062 1294; x_wconf 90' lang='lat' dir='ltr'><strong>adversus</strong></span> 
     </span>
    </p>
   </div>
   <div class='ocr_carea' id='block_1_28' title="bbox 2456 1331 4064 1401">
    <p class='ocr_par' dir='ltr' id='par_1_28' title="bbox 2456 1331 4064 1401">
     <span class='ocr_line' id='line_1_28' title="bbox 2456 1331 4064 1401; baseline 0.005 -22"><span class='ocrx_word' id='word_1_196' title='bbox 2456 1341 2612 1395; x_wconf 87' lang='lat' dir='ltr'><strong>quem</strong></span> <span class='ocrx_word' id='word_1_197' title='bbox 2661 1335 2810 1382; x_wconf 89' lang='lat' dir='ltr'><strong>tanto</strong></span> <span class='ocrx_word' id='word_1_198' title='bbox 2859 1338 2975 1398; x_wconf 90' lang='lat' dir='ltr'><strong>post</strong></span> <span class='ocrx_word' id='word_1_199' title='bbox 3021 1337 3263 1399; x_wconf 90' lang='lat' dir='ltr'><strong>tempore</strong></span> <span class='ocrx_word' id='word_1_200' title='bbox 3316 1331 3587 1401; x_wconf 87' lang='lat' dir='ltr'><strong>separatio</strong></span> <span class='ocrx_word' id='word_1_201' title='bbox 3626 1346 3653 1390; x_wconf 90' lang='lat' dir='ltr'><strong>a</strong></span> <span class='ocrx_word' id='word_1_202' title='bbox 3694 1331 3920 1388; x_wconf 87' lang='lat' dir='ltr'><strong>Pontico</strong></span> <span class='ocrx_word' id='word_1_203' title='bbox 3960 1332 4064 1387; x_wconf 87' lang='lat' dir='ltr'><strong>im-</strong></span> 
     </span>
    </p>
   </div>
   <div class='ocr_carea' id='block_1_29' title="bbox 2455 1418 2751 1474">
    <p class='ocr_par' dir='ltr' id='par_1_29' title="bbox 2455 1418 2751 1474">
     <span class='ocr_line' id='line_1_29' title="bbox 2455 1418 2751 1474; baseline 0 -2"><span class='ocrx_word' id='word_1_204' title='bbox 2455 1418 2618 1473; x_wconf 89' lang='lat' dir='ltr'><strong>missa</strong></span> <span class='ocrx_word' id='word_1_205' title='bbox 2648 1427 2751 1474; x_wconf 90' lang='lat' dir='ltr'><strong>est.</strong></span> 
     </span>
    </p>
   </div>
   <div class='ocr_carea' id='block_1_30' title="bbox 3062 1510 3447 1568">
    <p class='ocr_par' dir='ltr' id='par_1_30' title="bbox 3062 1510 3447 1568">
     <span class='ocr_line' id='line_1_30' title="bbox 3062 1510 3447 1568; baseline 0 -1"><span class='ocrx_word' id='word_1_206' title='bbox 3062 1510 3289 1568; x_wconf 83' lang='lat' dir='ltr'><strong>CAPUT</strong></span> <span class='ocrx_word' id='word_1_207' title='bbox 3327 1511 3447 1567; x_wconf 80' lang='lat' dir='ltr'><strong>XX.</strong></span> 
     </span>
    </p>
   </div>
   <div class='ocr_carea' id='block_1_31' title="bbox 2529 1600 4063 1678">
    <p class='ocr_par' dir='ltr' id='par_1_31' title="bbox 2529 1600 4063 1678">
     <span class='ocr_line' id='line_1_31' title="bbox 2529 1600 4063 1678; baseline 0.005 -23"><span class='ocrx_word' id='word_1_208' title='bbox 2529 1601 2662 1657; x_wconf 88' lang='lat' dir='ltr'><strong>Huic</strong></span> <span class='ocrx_word' id='word_1_209' title='bbox 2705 1600 3121 1673; x_wconf 73' lang='lat' dir='ltr'><strong>expeditissima:</strong></span> <span class='ocrx_word' id='word_1_210' title='bbox 3163 1603 3463 1674; x_wconf 89' lang='lat' dir='ltr'><strong>probationi</strong></span> <span class='ocrx_word' id='word_1_211' title='bbox 3507 1604 3749 1661; x_wconf 83' lang='lat' dir='ltr'><strong>defensio</strong></span> <span class='ocrx_word' id='word_1_212' title='bbox 3785 1622 4004 1678; x_wconf 91' lang='lat' dir='ltr'><strong>quoque</strong></span> <span class='ocrx_word' id='word_1_213' title='bbox 4031 1623 4063 1663; x_wconf 84' lang='lat' dir='ltr'><strong>a</strong></span> 
     </span>
    </p>
   </div>
   <div class='ocr_carea' id='block_1_32' title="bbox 2455 1694 4064 1769">
    <p class='ocr_par' dir='ltr' id='par_1_32' title="bbox 2455 1694 4064 1769">
     <span class='ocr_line' id='line_1_32' title="bbox 2455 1694 4064 1769; baseline 0.005 -21"><span class='ocrx_word' id='word_1_214' title='bbox 2455 1694 2610 1749; x_wconf 84' lang='lat' dir='ltr'><strong>nobis</strong></span> <span class='ocrx_word' id='word_1_215' title='bbox 2672 1698 2969 1751; x_wconf 81' lang='lat' dir='ltr'><strong>necessaria</strong></span> <span class='ocrx_word' id='word_1_216' title='bbox 3063 1708 3145 1751; x_wconf 90' lang='lat' dir='ltr'><strong>est</strong></span> <span class='ocrx_word' id='word_1_217' title='bbox 3206 1697 3465 1756; x_wconf 86' lang='lat' dir='ltr'><strong>adversus</strong></span> <span class='ocrx_word' id='word_1_218' title='bbox 3512 1700 3925 1769; x_wconf 85' lang='lat' dir='ltr'><strong>obstrepitacula</strong></span> <span class='ocrx_word' id='word_1_219' title='bbox 3974 1701 4064 1756; x_wconf 88' lang='lat' dir='ltr'><strong>di-</strong></span> 
     </span>
    </p>
   </div>
   <div class='ocr_carea' id='block_1_33' title="bbox 2453 1790 4066 1860">
    <p class='ocr_par' dir='ltr' id='par_1_33' title="bbox 2453 1790 4066 1860">
     <span class='ocr_line' id='line_1_33' title="bbox 2453 1790 4066 1860; baseline 0.003 -18"><span class='ocrx_word' id='word_1_220' title='bbox 2453 1803 2626 1844; x_wconf 73' lang='lat' dir='ltr'><strong>versae</strong></span> <span class='ocrx_word' id='word_1_221' title='bbox 2672 1790 2857 1860; x_wconf 89' lang='lat' dir='ltr'><strong>partis.</strong></span> <span class='ocrx_word' id='word_1_222' title='bbox 2903 1790 3066 1846; x_wconf 86' lang='lat' dir='ltr'><strong>Aiunt</strong></span> <span class='ocrx_word' id='word_1_223' title='bbox 3103 1791 3245 1845; x_wconf 91' lang='lat' dir='ltr'><strong>enim</strong></span> <span class='ocrx_word' id='word_1_224' title='bbox 3287 1790 3609 1849; x_wconf 78' lang='lat' dir='ltr'><strong>Marcionem</strong></span> <span class='ocrx_word' id='word_1_225' title='bbox 3658 1810 3761 1850; x_wconf 92' lang='lat' dir='ltr'><strong>non</strong></span> <span class='ocrx_word' id='word_1_226' title='bbox 3813 1803 3920 1850; x_wconf 91' lang='lat' dir='ltr'><strong>tam</strong></span> <span class='ocrx_word' id='word_1_227' title='bbox 3965 1797 4066 1848; x_wconf 86' lang='lat' dir='ltr'><strong>in—</strong></span> 
     </span>
    </p>
   </div>
   <div class='ocr_carea' id='block_1_34' title="bbox 754 1879 4059 1957">
    <p class='ocr_par' dir='ltr' id='par_1_34' title="bbox 754 1879 4059 1957">
     <span class='ocr_line' id='line_1_34' title="bbox 754 1879 4059 1957; baseline 0.001 -20"><span class='ocrx_word' id='word_1_228' title='bbox 754 1883 849 1938; x_wconf 88' lang='lat' dir='ltr'><strong>Pio</strong></span> <span class='ocrx_word' id='word_1_229' title='bbox 876 1883 1091 1950; x_wconf 89' lang='lat' dir='ltr'><strong>impius.</strong></span> <span class='ocrx_word' id='word_1_230' title='bbox 1126 1879 1200 1955; x_wconf 90' lang='lat' dir='ltr'><strong>(b)</strong></span> <span class='ocrx_word' id='word_1_231' title='bbox 1232 1885 1271 1935; x_wconf 89' lang='lat' dir='ltr'><strong>A</strong></span> <span class='ocrx_word' id='word_1_232' title='bbox 1319 1881 1535 1936; x_wconf 82' lang='lat' dir='ltr'><strong>Tiberio</strong></span> <span class='ocrx_word' id='word_1_233' title='bbox 1574 1892 1751 1936; x_wconf 85' lang='lat' dir='ltr'><strong>autem</strong></span> <span class='ocrx_word' id='word_1_234' title='bbox 1792 1896 1959 1951; x_wconf 85' lang='lat' dir='ltr'><strong>usque</strong></span> <span class='ocrx_word' id='word_1_235' title='bbox 2005 1883 2069 1937; x_wconf 88' lang='lat' dir='ltr'><strong>ad</strong></span> <span class='ocrx_word' id='word_1_236' title='bbox 2124 1883 2349 1938; x_wconf 89' lang='lat' dir='ltr'><strong>Antoni-</strong></span> <span class='ocrx_word' id='word_1_237' title='bbox 2380 1883 2427 1942; x_wconf 90' lang='lat' dir='ltr'><strong>B</strong></span> <span class='ocrx_word' id='word_1_238' title='bbox 2456 1893 2679 1937; x_wconf 89' lang='lat' dir='ltr'><strong>novasse</strong></span> <span class='ocrx_word' id='word_1_239' title='bbox 2705 1880 2939 1951; x_wconf 78' lang='lat' dir='ltr'><strong>regulam</strong></span> <span class='ocrx_word' id='word_1_240' title='bbox 2963 1884 3298 1954; x_wconf 84' lang='lat' dir='ltr'><strong>separatione</strong></span> <span class='ocrx_word' id='word_1_241' title='bbox 3324 1884 3476 1953; x_wconf 87' lang='lat' dir='ltr'><strong>Legis</strong></span> <span class='ocrx_word' id='word_1_242' title='bbox 3500 1896 3553 1939; x_wconf 92' lang='lat' dir='ltr'><strong>et</strong></span> <span class='ocrx_word' id='word_1_243' title='bbox 3581 1886 3870 1957; x_wconf 75' lang='lat' dir='ltr'><strong>Evangelii,</strong></span> <span class='ocrx_word' id='word_1_244' title='bbox 3894 1901 4059 1956; x_wconf 88' lang='lat' dir='ltr'><strong>quam</strong></span> 
     </span>
    </p>
   </div>
   <div class='ocr_carea' id='block_1_35' title="bbox 751 1974 2351 2045">
    <p class='ocr_par' dir='ltr' id='par_1_35' title="bbox 751 1974 2351 2045">
     <span class='ocr_line' id='line_1_35' title="bbox 751 1974 2351 2045; baseline 0.002 -16"><span class='ocrx_word' id='word_1_245' title='bbox 751 1989 899 2039; x_wconf 87' lang='lat' dir='ltr'><strong>num,</strong></span> <span class='ocrx_word' id='word_1_246' title='bbox 930 1974 1053 2029; x_wconf 89' lang='lat' dir='ltr'><strong>anni</strong></span> <span class='ocrx_word' id='word_1_247' title='bbox 1104 1974 1215 2029; x_wconf 76' lang='lat' dir='ltr'><strong>fere</strong></span> <span class='ocrx_word' id='word_1_248' title='bbox 1262 1983 1478 2029; x_wconf 88' lang='lat' dir='ltr'><strong>centum</strong></span> <span class='ocrx_word' id='word_1_249' title='bbox 1526 1982 1581 2029; x_wconf 91' lang='lat' dir='ltr'><strong>et</strong></span> <span class='ocrx_word' id='word_1_250' title='bbox 1630 1974 1933 2045; x_wconf 88' lang='lat' dir='ltr'><strong>quindecim</strong></span> <span class='ocrx_word' id='word_1_251' title='bbox 1974 1985 2028 2031; x_wconf 94' lang='lat' dir='ltr'><strong>et</strong></span> <span class='ocrx_word' id='word_1_252' title='bbox 2071 1976 2351 2033; x_wconf 90' lang='lat' dir='ltr'><strong>dimidium</strong></span> 
     </span>
    </p>
   </div>
   <div class='ocr_carea' id='block_1_36' title="bbox 753 2067 2353 2142">
    <p class='ocr_par' dir='ltr' id='par_1_36' title="bbox 753 2067 2353 2142">
     <span class='ocr_line' id='line_1_36' title="bbox 753 2067 2353 2142; baseline 0.001 -18"><span class='ocrx_word' id='word_1_253' title='bbox 753 2069 901 2135; x_wconf 90' lang='lat' dir='ltr'><strong>anui,</strong></span> <span class='ocrx_word' id='word_1_254' title='bbox 932 2084 1052 2124; x_wconf 89' lang='lat' dir='ltr'><strong>cum</strong></span> <span class='ocrx_word' id='word_1_255' title='bbox 1080 2067 1307 2123; x_wconf 89' lang='lat' dir='ltr'><strong>dimidio</strong></span> <span class='ocrx_word' id='word_1_256' title='bbox 1334 2069 1535 2124; x_wconf 92' lang='lat' dir='ltr'><strong>mensis</strong></span> <span class='ocrx_word' id='word_1_257' title='bbox 1565 2086 1577 2122; x_wconf 90' lang='lat'><strong>:</strong></span> <span class='ocrx_word' id='word_1_258' title='bbox 1610 2067 1943 2125; x_wconf 85' lang='lat' dir='ltr'><strong>tantumdem</strong></span> <span class='ocrx_word' id='word_1_259' title='bbox 1968 2070 2227 2140; x_wconf 88' lang='lat' dir='ltr'><strong>temporis</strong></span> <span class='ocrx_word' id='word_1_260' title='bbox 2255 2086 2353 2142; x_wconf 79' lang='lat' dir='ltr'><strong>po-</strong></span> 
     </span>
    </p>
   </div>
   <div class='ocr_carea' id='block_1_37' title="bbox 753 2162 2350 2234">
    <p class='ocr_par' dir='ltr' id='par_1_37' title="bbox 753 2162 2350 2234">
     <span class='ocr_line' id='line_1_37' title="bbox 753 2162 2350 2234; baseline 0.002 -17"><span class='ocrx_word' id='word_1_261' title='bbox 753 2173 886 2218; x_wconf 90' lang='lat' dir='ltr'><strong>nnnt</strong></span> <span class='ocrx_word' id='word_1_262' title='bbox 913 2164 1054 2218; x_wconf 91' lang='lat' dir='ltr'><strong>inter</strong></span> <span class='ocrx_word' id='word_1_263' title='bbox 1090 2162 1361 2217; x_wconf 88' lang='lat' dir='ltr'><strong>Christum</strong></span> <span class='ocrx_word' id='word_1_264' title='bbox 1409 2174 1467 2218; x_wconf 90' lang='lat' dir='ltr'><strong>et</strong></span> <span class='ocrx_word' id='word_1_265' title='bbox 1505 2163 1853 2217; x_wconf 84' lang='lat' dir='ltr'><strong>Marcionem.</strong></span> <span class='ocrx_word' id='word_1_266' title='bbox 1883 2163 2016 2218; x_wconf 90' lang='lat' dir='ltr'><strong>Cum</strong></span> <span class='ocrx_word' id='word_1_267' title='bbox 2066 2164 2222 2234; x_wconf 82' lang='lat' dir='ltr'><strong>igitur</strong></span> <span class='ocrx_word' id='word_1_268' title='bbox 2250 2164 2350 2220; x_wconf 91' lang='lat' dir='ltr'><strong>sub</strong></span> 
     </span>
    </p>
   </div>
   <div class='ocr_carea' id='block_1_38' title="bbox 760 2253 2346 2325">
    <p class='ocr_par' dir='ltr' id='par_1_38' title="bbox 760 2253 2346 2325">
     <span class='ocr_line' id='line_1_38' title="bbox 760 2253 2346 2325; baseline 0 -14"><span class='ocrx_word' id='word_1_269' title='bbox 760 2257 1032 2311; x_wconf 77' lang='lat' dir='ltr'><strong>Antonino</strong></span> <span class='ocrx_word' id='word_1_270' title='bbox 1082 2256 1285 2325; x_wconf 88' lang='lat' dir='ltr'><strong>primus</strong></span> <span class='ocrx_word' id='word_1_271' title='bbox 1334 2254 1565 2308; x_wconf 82' lang='lat' dir='ltr'><strong>Marcion</strong></span> <span class='ocrx_word' id='word_1_272' title='bbox 1636 2256 1776 2308; x_wconf 89' lang='lat' dir='ltr'><strong>hunc</strong></span> <span class='ocrx_word' id='word_1_273' title='bbox 1821 2253 1983 2310; x_wconf 92' lang='lat' dir='ltr'><strong>deum</strong></span> <span class='ocrx_word' id='word_1_274' title='bbox 2032 2255 2346 2324; x_wconf 80' lang='lat' dir='ltr'><strong>induxerit,</strong></span> 
     </span>
    </p>
   </div>
   <div class='ocr_carea' id='block_1_39' title="bbox 752 2348 2343 2419">
    <p class='ocr_par' dir='ltr' id='par_1_39' title="bbox 752 2348 2343 2419">
     <span class='ocr_line' id='line_1_39' title="bbox 752 2348 2343 2419; baseline 0.002 -16"><span class='ocrx_word' id='word_1_275' title='bbox 752 2349 891 2403; x_wconf 84' lang='lat' dir='ltr'><strong>sicut</strong></span> <span class='ocrx_word' id='word_1_276' title='bbox 921 2348 1290 2418; x_wconf 80' lang='lat' dir='ltr'><strong>probavimus,</strong></span> <span class='ocrx_word' id='word_1_277' title='bbox 1330 2349 1533 2413; x_wconf 83' lang='lat' dir='ltr'><strong>statim,</strong></span> <span class='ocrx_word' id='word_1_278' title='bbox 1562 2348 1649 2417; x_wconf 86' lang='lat' dir='ltr'><strong>qui</strong></span> <span class='ocrx_word' id='word_1_279' title='bbox 1683 2348 1825 2416; x_wconf 84' lang='lat' dir='ltr'><strong>sapis</strong></span> <span class='ocrx_word' id='word_1_280' title='bbox 1853 2389 1866 2412; x_wconf 91' lang='lat'><strong>,</strong></span> <span class='ocrx_word' id='word_1_281' title='bbox 1914 2349 2068 2419; x_wconf 90' lang='lat' dir='ltr'><strong>plana</strong></span> <span class='ocrx_word' id='word_1_282' title='bbox 2112 2366 2200 2406; x_wconf 91' lang='lat' dir='ltr'><strong>res</strong></span> <span class='ocrx_word' id='word_1_283' title='bbox 2242 2360 2343 2407; x_wconf 89' lang='lat' dir='ltr'><strong>cst.</strong></span> 
     </span>
    </p>
   </div>
   <div class='ocr_carea' id='block_1_40' title="bbox 749 2439 2344 2513">
    <p class='ocr_par' dir='ltr' id='par_1_40' title="bbox 749 2439 2344 2513">
     <span class='ocr_line' id='line_1_40' title="bbox 749 2439 2344 2513; baseline 0.001 -16"><span class='ocrx_word' id='word_1_284' title='bbox 749 2440 1109 2512; x_wconf 63' lang='lat' dir='ltr'><strong>Praejudicaut</strong></span> <span class='ocrx_word' id='word_1_285' title='bbox 1154 2450 1421 2510; x_wconf 88' lang='lat' dir='ltr'><strong>tempora,</strong></span> <span class='ocrx_word' id='word_1_286' title='bbox 1469 2439 1610 2510; x_wconf 89' lang='lat' dir='ltr'><strong>quod</strong></span> <span class='ocrx_word' id='word_1_287' title='bbox 1656 2441 1755 2495; x_wconf 90' lang='lat' dir='ltr'><strong>sub</strong></span> <span class='ocrx_word' id='word_1_288' title='bbox 1796 2442 2066 2496; x_wconf 92' lang='lat' dir='ltr'><strong>Antonino</strong></span> <span class='ocrx_word' id='word_1_289' title='bbox 2111 2444 2344 2513; x_wconf 90' lang='lat' dir='ltr'><strong>primum</strong></span> 
     </span>
    </p>
   </div>
   <div class='ocr_carea' id='block_1_41' title="bbox 748 2532 2345 2605">
    <p class='ocr_par' dir='ltr' id='par_1_41' title="bbox 748 2532 2345 2605">
     <span class='ocr_line' id='line_1_41' title="bbox 748 2532 2345 2605; baseline 0.001 -17"><span class='ocrx_word' id='word_1_290' title='bbox 748 2534 1033 2605; x_wconf 88' lang='lat' dir='ltr'><strong>processit,</strong></span> <span class='ocrx_word' id='word_1_291' title='bbox 1067 2532 1168 2587; x_wconf 89' lang='lat' dir='ltr'><strong>sub</strong></span> <span class='ocrx_word' id='word_1_292' title='bbox 1196 2532 1413 2593; x_wconf 85' lang='lat' dir='ltr'><strong>Tiberio</strong></span> <span class='ocrx_word' id='word_1_293' title='bbox 1447 2547 1552 2587; x_wconf 91' lang='lat' dir='ltr'><strong>non</strong></span> <span class='ocrx_word' id='word_1_294' title='bbox 1581 2533 1949 2602; x_wconf 87' lang='lat' dir='ltr'><strong>processisse;</strong></span> <span class='ocrx_word' id='word_1_295' title='bbox 1984 2533 2034 2588; x_wconf 90' lang='lat' dir='ltr'><strong>id</strong></span> <span class='ocrx_word' id='word_1_296' title='bbox 2077 2545 2159 2589; x_wconf 91' lang='lat' dir='ltr'><strong>est</strong></span> <span class='ocrx_word' id='word_1_297' title='bbox 2186 2535 2345 2590; x_wconf 90' lang='lat' dir='ltr'><strong>deum</strong></span> 
     </span>
    </p>
   </div>
   <div class='ocr_carea' id='block_1_42' title="bbox 748 2624 2345 2700">
    <p class='ocr_par' dir='ltr' id='par_1_42' title="bbox 748 2624 2345 2700">
     <span class='ocr_line' id='line_1_42' title="bbox 748 2624 2345 2700; baseline 0.002 -19"><span class='ocrx_word' id='word_1_298' title='bbox 748 2626 1093 2682; x_wconf 83' lang='lat' dir='ltr'><strong>Antoniniani</strong></span> <span class='ocrx_word' id='word_1_299' title='bbox 1123 2624 1207 2695; x_wconf 67' lang='lat'><strong>(4)</strong></span> <span class='ocrx_word' id='word_1_300' title='bbox 1241 2624 1475 2695; x_wconf 87' lang='lat' dir='ltr'><strong>imperii,</strong></span> <span class='ocrx_word' id='word_1_301' title='bbox 1504 2624 1775 2681; x_wconf 87' lang='lat' dir='ltr'><strong>Tiberiani</strong></span> <span class='ocrx_word' id='word_1_302' title='bbox 1803 2641 1909 2681; x_wconf 92' lang='lat' dir='ltr'><strong>non</strong></span> <span class='ocrx_word' id='word_1_303' title='bbox 1938 2625 2103 2682; x_wconf 79' lang='lat' dir='ltr'><strong>fuisse</strong></span> <span class='ocrx_word' id='word_1_304' title='bbox 2135 2645 2149 2694; x_wconf 90' lang='lat'><strong>;</strong></span> <span class='ocrx_word' id='word_1_305' title='bbox 2183 2640 2345 2700; x_wconf 88' lang='lat' dir='ltr'><strong>atque</strong></span> 
     </span>
    </p>
   </div>
   <div class='ocr_carea' id='block_1_43' title="bbox 749 2716 2342 2789">
    <p class='ocr_par' dir='ltr' id='par_1_43' title="bbox 749 2716 2342 2789">
     <span class='ocr_line' id='line_1_43' title="bbox 749 2716 2342 2789; baseline 0.001 -12"><span class='ocrx_word' id='word_1_306' title='bbox 749 2721 820 2777; x_wconf 89' lang='lat' dir='ltr'><strong>ita</strong></span> <span class='ocrx_word' id='word_1_307' title='bbox 849 2734 952 2775; x_wconf 90' lang='lat' dir='ltr'><strong>non</strong></span> <span class='ocrx_word' id='word_1_308' title='bbox 983 2734 1010 2771; x_wconf 92' lang='lat' dir='ltr'><strong>a</strong></span> <span class='ocrx_word' id='word_1_309' title='bbox 1045 2716 1257 2773; x_wconf 86' lang='lat' dir='ltr'><strong>Christo</strong></span> <span class='ocrx_word' id='word_1_310' title='bbox 1290 2718 1587 2772; x_wconf 87' lang='lat' dir='ltr'><strong>revelatum</strong></span> <span class='ocrx_word' id='word_1_311' title='bbox 1619 2760 1633 2785; x_wconf 89' lang='lat'><strong>,</strong></span> <span class='ocrx_word' id='word_1_312' title='bbox 1679 2734 1837 2789; x_wconf 90' lang='lat' dir='ltr'><strong>quem</strong></span> <span class='ocrx_word' id='word_1_313' title='bbox 1890 2730 2103 2777; x_wconf 89' lang='lat' dir='ltr'><strong>constat</strong></span> <span class='ocrx_word' id='word_1_314' title='bbox 2136 2736 2163 2775; x_wconf 88' lang='lat' dir='ltr'><strong>a</strong></span> <span class='ocrx_word' id='word_1_315' title='bbox 2200 2722 2342 2778; x_wconf 85' lang='lat' dir='ltr'><strong>Mar-</strong></span> 
     </span>
    </p>
   </div>
   <div class='ocr_carea' id='block_1_44' title="bbox 744 2808 2341 2885">
    <p class='ocr_par' dir='ltr' id='par_1_44' title="bbox 744 2808 2341 2885">
     <span class='ocr_line' id='line_1_44' title="bbox 744 2808 2341 2885; baseline 0.003 -17"><span class='ocrx_word' id='word_1_316' title='bbox 744 2813 902 2869; x_wconf 90' lang='lat' dir='ltr'><strong>cione</strong></span> <span class='ocrx_word' id='word_1_317' title='bbox 932 2813 1159 2882; x_wconf 89' lang='lat' dir='ltr'><strong>primum</strong></span> <span class='ocrx_word' id='word_1_318' title='bbox 1191 2808 1271 2883; x_wconf 79' lang='lat'><strong>(5)</strong></span> <span class='ocrx_word' id='word_1_319' title='bbox 1300 2810 1666 2881; x_wconf 72' lang='lat' dir='ltr'><strong>prmdicatum.</strong></span> <span class='ocrx_word' id='word_1_320' title='bbox 1696 2810 1807 2865; x_wconf 88' lang='lat' dir='ltr'><strong>Hoc</strong></span> <span class='ocrx_word' id='word_1_321' title='bbox 1839 2827 1979 2868; x_wconf 91' lang='lat' dir='ltr'><strong>nunc</strong></span> <span class='ocrx_word' id='word_1_322' title='bbox 2020 2822 2075 2869; x_wconf 90' lang='lat' dir='ltr'><strong>ut</strong></span> <span class='ocrx_word' id='word_1_323' title='bbox 2120 2816 2341 2885; x_wconf 89' lang='lat' dir='ltr'><strong>probem</strong></span> 
     </span>
    </p>
   </div>
   <div class='ocr_carea' id='block_1_45' title="bbox 745 2902 2335 2974">
    <p class='ocr_par' dir='ltr' id='par_1_45' title="bbox 745 2902 2335 2974">
     <span class='ocr_line' id='line_1_45' title="bbox 745 2902 2335 2974; baseline 0 -11"><span class='ocrx_word' id='word_1_324' title='bbox 745 2916 1015 2973; x_wconf 87' lang='lat' dir='ltr'><strong>constare,</strong></span> <span class='ocrx_word' id='word_1_325' title='bbox 1040 2904 1180 2974; x_wconf 89' lang='lat' dir='ltr'><strong>quod</strong></span> <span class='ocrx_word' id='word_1_326' title='bbox 1208 2913 1476 2974; x_wconf 89' lang='lat' dir='ltr'><strong>superest,</strong></span> <span class='ocrx_word' id='word_1_327' title='bbox 1506 2902 1574 2957; x_wconf 91' lang='lat' dir='ltr'><strong>ab</strong></span> <span class='ocrx_word' id='word_1_328' title='bbox 1602 2902 1733 2972; x_wconf 88' lang='lat' dir='ltr'><strong>ipsis</strong></span> <span class='ocrx_word' id='word_1_329' title='bbox 1755 2903 2078 2961; x_wconf 88' lang='lat' dir='ltr'><strong>adversariis</strong></span> <span class='ocrx_word' id='word_1_330' title='bbox 2105 2923 2335 2964; x_wconf 92' lang='lat' dir='ltr'><strong>sumam.</strong></span> 
     </span>
    </p>
   </div>
   <div class='ocr_carea' id='block_1_46' title="bbox 741 2997 2339 3071">
    <p class='ocr_par' dir='ltr' id='par_1_46' title="bbox 741 2997 2339 3071">
     <span class='ocr_line' id='line_1_46' title="bbox 741 2997 2339 3071; baseline -0.001 -13"><span class='ocrx_word' id='word_1_331' title='bbox 741 3000 1022 3071; x_wconf 86' lang='lat' dir='ltr'><strong>Separatio</strong></span> <span class='ocrx_word' id='word_1_332' title='bbox 1051 2999 1207 3069; x_wconf 84' lang='lat' dir='ltr'><strong>Legis</strong></span> <span class='ocrx_word' id='word_1_333' title='bbox 1236 3007 1291 3052; x_wconf 92' lang='lat' dir='ltr'><strong>et</strong></span> <span class='ocrx_word' id='word_1_334' title='bbox 1321 2997 1618 3067; x_wconf 86' lang='lat' dir='ltr'><strong>Evangelii,</strong></span> <span class='ocrx_word' id='word_1_335' title='bbox 1657 2997 1933 3068; x_wconf 91' lang='lat' dir='ltr'><strong>proprium</strong></span> <span class='ocrx_word' id='word_1_336' title='bbox 1962 3008 2016 3054; x_wconf 88' lang='lat' dir='ltr'><strong>et</strong></span> <span class='ocrx_word' id='word_1_337' title='bbox 2038 3001 2339 3070; x_wconf 91' lang='lat' dir='ltr'><strong>principale</strong></span> 
     </span>
    </p>
   </div>
   <div class='ocr_carea' id='block_1_47' title="bbox 746 3089 2339 3165">
    <p class='ocr_par' dir='ltr' id='par_1_47' title="bbox 746 3089 2339 3165">
     <span class='ocr_line' id='line_1_47' title="bbox 746 3089 2339 3165; baseline -0.001 -15"><span class='ocrx_word' id='word_1_338' title='bbox 746 3110 882 3165; x_wconf 92' lang='lat' dir='ltr'><strong>opus</strong></span> <span class='ocrx_word' id='word_1_339' title='bbox 925 3102 1010 3148; x_wconf 89' lang='lat' dir='ltr'><strong>est</strong></span> <span class='ocrx_word' id='word_1_340' title='bbox 1057 3089 1382 3146; x_wconf 81' lang='lat' dir='ltr'><strong>Marcionis:</strong></span> <span class='ocrx_word' id='word_1_341' title='bbox 1417 3103 1515 3144; x_wconf 91' lang='lat' dir='ltr'><strong>nec</strong></span> <span class='ocrx_word' id='word_1_342' title='bbox 1556 3097 1813 3158; x_wconf 90' lang='lat' dir='ltr'><strong>poterunt</strong></span> <span class='ocrx_word' id='word_1_343' title='bbox 1858 3106 2052 3160; x_wconf 80' lang='lat' dir='ltr'><strong>negare</strong></span> <span class='ocrx_word' id='word_1_344' title='bbox 2090 3091 2339 3163; x_wconf 84' lang='lat' dir='ltr'><strong>discipuli</strong></span> 
     </span>
    </p>
   </div>
   <div class='ocr_carea' id='block_1_48' title="bbox 742 3182 2339 3261">
    <p class='ocr_par' dir='ltr' id='par_1_48' title="bbox 742 3182 2339 3261">
     <span class='ocr_line' id='line_1_48' title="bbox 742 3182 2339 3261; baseline -0.001 -17"><span class='ocrx_word' id='word_1_345' title='bbox 742 3189 882 3261; x_wconf 84' lang='lat' dir='ltr'><strong>ejus,</strong></span> <span class='ocrx_word' id='word_1_346' title='bbox 914 3186 1055 3257; x_wconf 92' lang='lat' dir='ltr'><strong>quod</strong></span> <span class='ocrx_word' id='word_1_347' title='bbox 1092 3186 1142 3238; x_wconf 94' lang='lat' dir='ltr'><strong>in</strong></span> <span class='ocrx_word' id='word_1_348' title='bbox 1175 3198 1384 3238; x_wconf 90' lang='lat' dir='ltr'><strong>summo</strong></span> <span class='ocrx_word' id='word_1_349' title='bbox 1413 3182 1775 3239; x_wconf 90' lang='lat' dir='ltr'><strong>instrumento</strong></span> <span class='ocrx_word' id='word_1_350' title='bbox 1803 3184 2019 3250; x_wconf 89' lang='lat' dir='ltr'><strong>habent,</strong></span> <span class='ocrx_word' id='word_1_351' title='bbox 2055 3201 2163 3256; x_wconf 90' lang='lat' dir='ltr'><strong>quo</strong></span> <span class='ocrx_word' id='word_1_352' title='bbox 2188 3187 2339 3243; x_wconf 87' lang='lat' dir='ltr'><strong>deni-</strong></span> 
     </span>
    </p>
   </div>
   <div class='ocr_carea' id='block_1_49' title="bbox 2456 1972 4063 2047">
    <p class='ocr_par' dir='ltr' id='par_1_49' title="bbox 2456 1972 4063 2047">
     <span class='ocr_line' id='line_1_49' title="bbox 2456 1972 4063 2047; baseline 0.006 -21"><span class='ocrx_word' id='word_1_353' title='bbox 2456 1980 2602 2027; x_wconf 88' lang='lat' dir='ltr'><strong>retro</strong></span> <span class='ocrx_word' id='word_1_354' title='bbox 2648 1972 3001 2028; x_wconf 86' lang='lat' dir='ltr'><strong>adulteratam</strong></span> <span class='ocrx_word' id='word_1_355' title='bbox 3036 1989 3329 2030; x_wconf 89' lang='lat' dir='ltr'><strong>recurasse.</strong></span> <span class='ocrx_word' id='word_1_356' title='bbox 3362 1973 3407 2030; x_wconf 92' lang='grc' dir='ltr'>Ο</span> <span class='ocrx_word' id='word_1_357' title='bbox 3429 1975 3638 2031; x_wconf 87' lang='lat' dir='ltr'><strong>Christe</strong></span> <span class='ocrx_word' id='word_1_358' title='bbox 3670 1980 4063 2047; x_wconf 86' lang='lat' dir='ltr'><strong>patientissime</strong></span> 
     </span>
    </p>
   </div>
   <div class='ocr_carea' id='block_1_50' title="bbox 2461 2065 4065 2141">
    <p class='ocr_par' dir='ltr' id='par_1_50' title="bbox 2461 2065 4065 2141">
     <span class='ocr_line' id='line_1_50' title="bbox 2461 2065 4065 2141; baseline 0.006 -24"><span class='ocrx_word' id='word_1_359' title='bbox 2461 2065 2715 2121; x_wconf 85' lang='lat' dir='ltr'><strong>Domine!</strong></span> <span class='ocrx_word' id='word_1_360' title='bbox 2750 2066 2837 2136; x_wconf 91' lang='lat' dir='ltr'><strong>qui</strong></span> <span class='ocrx_word' id='word_1_361' title='bbox 2876 2076 2953 2121; x_wconf 92' lang='lat' dir='ltr'><strong>tot</strong></span> <span class='ocrx_word' id='word_1_362' title='bbox 2995 2068 3148 2121; x_wconf 88' lang='lat' dir='ltr'><strong>annis</strong></span> <span class='ocrx_word' id='word_1_363' title='bbox 3178 2068 3617 2126; x_wconf 86' lang='lat' dir='ltr'><strong>interversionem</strong></span> <span class='ocrx_word' id='word_1_364' title='bbox 3662 2072 4065 2141; x_wconf 67' lang='lat' dir='ltr'><strong>praedicationis</strong></span> 
     </span>
    </p>
   </div>
   <div class='ocr_carea' id='block_1_51' title="bbox 2455 2158 4065 2233">
    <p class='ocr_par' dir='ltr' id='par_1_51' title="bbox 2455 2158 4065 2233">
     <span class='ocr_line' id='line_1_51' title="bbox 2455 2158 4065 2233; baseline 0.004 -22"><span class='ocrx_word' id='word_1_365' title='bbox 2455 2165 2557 2211; x_wconf 71' lang='lat' dir='ltr'><strong>tute</strong></span> <span class='ocrx_word' id='word_1_366' title='bbox 2585 2158 2906 2224; x_wconf 89' lang='lat' dir='ltr'><strong>sustinuisti,</strong></span> <span class='ocrx_word' id='word_1_367' title='bbox 2939 2158 3111 2214; x_wconf 91' lang='lat' dir='ltr'><strong>donec</strong></span> <span class='ocrx_word' id='word_1_368' title='bbox 3139 2159 3231 2212; x_wconf 90' lang='lat' dir='ltr'><strong>tibi</strong></span> <span class='ocrx_word' id='word_1_369' title='bbox 3262 2161 3465 2214; x_wconf 91' lang='lat' dir='ltr'><strong>scilicet</strong></span> <span class='ocrx_word' id='word_1_370' title='bbox 3494 2160 3571 2233; x_wconf 92' lang='lat'><strong>(9)</strong></span> <span class='ocrx_word' id='word_1_371' title='bbox 3604 2162 3833 2217; x_wconf 79' lang='lat' dir='ltr'><strong>Marcion</strong></span> <span class='ocrx_word' id='word_1_372' title='bbox 3865 2165 4065 2218; x_wconf 85' lang='lat' dir='ltr'><strong>subve-</strong></span> 
     </span>
    </p>
   </div>
   <div class='ocr_carea' id='block_1_52' title="bbox 2453 2248 4061 2325">
    <p class='ocr_par' dir='ltr' id='par_1_52' title="bbox 2453 2248 4061 2325">
     <span class='ocr_line' id='line_1_52' title="bbox 2453 2248 4061 2325; baseline 0.006 -21"><span class='ocrx_word' id='word_1_373' title='bbox 2453 2249 2615 2304; x_wconf 89' lang='lat' dir='ltr'><strong>niret.</strong></span> <span class='ocrx_word' id='word_1_374' title='bbox 2656 2248 2791 2305; x_wconf 88' lang='lat' dir='ltr'><strong>Nam</strong></span> <span class='ocrx_word' id='word_1_375' title='bbox 2824 2259 2879 2305; x_wconf 92' lang='lat' dir='ltr'><strong>et</strong></span> <span class='ocrx_word' id='word_1_376' title='bbox 2908 2252 3079 2320; x_wconf 90' lang='lat' dir='ltr'><strong>ipsum</strong></span> <span class='ocrx_word' id='word_1_377' title='bbox 3109 2252 3347 2319; x_wconf 89' lang='lat' dir='ltr'><strong>Petrum,</strong></span> <span class='ocrx_word' id='word_1_378' title='bbox 3379 2264 3733 2325; x_wconf 66' lang='lat' dir='ltr'><strong>cmterosque,</strong></span> <span class='ocrx_word' id='word_1_379' title='bbox 3775 2257 4061 2313; x_wconf 86' lang='lat' dir='ltr'><strong>columnas</strong></span> 
     </span>
    </p>
   </div>
   <div class='ocr_carea' id='block_1_53' title="bbox 2454 2342 4059 2420">
    <p class='ocr_par' dir='ltr' id='par_1_53' title="bbox 2454 2342 4059 2420">
     <span class='ocr_line' id='line_1_53' title="bbox 2454 2342 4059 2420; baseline 0.005 -25"><span class='ocrx_word' id='word_1_380' title='bbox 2454 2342 2814 2409; x_wconf 86' lang='lat' dir='ltr'><strong>Apostolatus,</strong></span> <span class='ocrx_word' id='word_1_381' title='bbox 2838 2358 2866 2398; x_wconf 91' lang='lat' dir='ltr'><strong>a</strong></span> <span class='ocrx_word' id='word_1_382' title='bbox 2892 2343 3053 2398; x_wconf 83' lang='lat' dir='ltr'><strong>Paulo</strong></span> <span class='ocrx_word' id='word_1_383' title='bbox 3072 2344 3430 2413; x_wconf 86' lang='lat' dir='ltr'><strong>reprehensos</strong></span> <span class='ocrx_word' id='word_1_384' title='bbox 3458 2343 3625 2417; x_wconf 64' lang='grc' dir='ltr'><strong>(ϐαι,</strong></span> <span class='ocrx_word' id='word_1_385' title='bbox 3653 2345 3715 2416; x_wconf 93' lang='lat' dir='ltr'><strong>Il)</strong></span> <span class='ocrx_word' id='word_1_386' title='bbox 3755 2359 4059 2420; x_wconf 90' lang='lat' dir='ltr'><strong>opponunt,</strong></span> 
     </span>
    </p>
   </div>
   <div class='ocr_carea' id='block_1_54' title="bbox 2451 2435 4061 2510">
    <p class='ocr_par' dir='ltr' id='par_1_54' title="bbox 2451 2435 4061 2510">
     <span class='ocr_line' id='line_1_54' title="bbox 2451 2435 4061 2510; baseline 0.002 -19"><span class='ocrx_word' id='word_1_387' title='bbox 2451 2435 2592 2506; x_wconf 83' lang='lat' dir='ltr'><strong>quod</strong></span> <span class='ocrx_word' id='word_1_388' title='bbox 2625 2451 2729 2490; x_wconf 90' lang='lat' dir='ltr'><strong>non</strong></span> <span class='ocrx_word' id='word_1_389' title='bbox 2766 2446 2913 2493; x_wconf 91' lang='lat' dir='ltr'><strong>recto</strong></span> <span class='ocrx_word' id='word_1_390' title='bbox 2941 2435 3075 2506; x_wconf 88' lang='lat' dir='ltr'><strong>pede</strong></span> <span class='ocrx_word' id='word_1_391' title='bbox 3104 2437 3417 2493; x_wconf 85' lang='lat' dir='ltr'><strong>incederent</strong></span> <span class='ocrx_word' id='word_1_392' title='bbox 3447 2440 3513 2494; x_wconf 89' lang='lat' dir='ltr'><strong>ad</strong></span> <span class='ocrx_word' id='word_1_393' title='bbox 3552 2438 3821 2510; x_wconf 83' lang='lat' dir='ltr'><strong>Evangelii</strong></span> <span class='ocrx_word' id='word_1_394' title='bbox 3856 2440 4061 2496; x_wconf 59' lang='lat' dir='ltr'><strong>verita-</strong></span> 
     </span>
    </p>
   </div>
   <div class='ocr_carea' id='block_1_55' title="bbox 2384 2527 4057 2601">
    <p class='ocr_par' dir='ltr' id='par_1_55' title="bbox 2384 2527 4057 2601">
     <span class='ocr_line' id='line_1_55' title="bbox 2384 2527 4057 2601; baseline 0.004 -20"><span class='ocrx_word' id='word_1_395' title='bbox 2384 2539 2388 2542; x_wconf 76' lang='grc'><em>’</em></span> <span class='ocrx_word' id='word_1_396' title='bbox 2452 2536 2590 2591; x_wconf 92' lang='lat' dir='ltr'><strong>tem;</strong></span> <span class='ocrx_word' id='word_1_397' title='bbox 2632 2527 2820 2582; x_wconf 88' lang='lat' dir='ltr'><strong>abillo</strong></span> <span class='ocrx_word' id='word_1_398' title='bbox 2850 2537 2996 2583; x_wconf 89' lang='lat' dir='ltr'><strong>certe</strong></span> <span class='ocrx_word' id='word_1_399' title='bbox 3025 2528 3208 2590; x_wconf 86' lang='lat' dir='ltr'><strong>Paulo.</strong></span> <span class='ocrx_word' id='word_1_400' title='bbox 3241 2532 3329 2599; x_wconf 88' lang='lat' dir='ltr'><strong>qui</strong></span> <span class='ocrx_word' id='word_1_401' title='bbox 3376 2530 3549 2585; x_wconf 88' lang='lat' dir='ltr'><strong>adhuc</strong></span> <span class='ocrx_word' id='word_1_402' title='bbox 3578 2532 3630 2585; x_wconf 86' lang='lat' dir='ltr'><strong>in</strong></span> <span class='ocrx_word' id='word_1_403' title='bbox 3670 2532 3836 2601; x_wconf 85' lang='lat' dir='ltr'><strong>gratia</strong></span> <span class='ocrx_word' id='word_1_404' title='bbox 3883 2533 4057 2599; x_wconf 88' lang='lat' dir='ltr'><strong>rudis,</strong></span> 
     </span>
    </p>
   </div>
   <div class='ocr_carea' id='block_1_56' title="bbox 2450 2620 4057 2690">
    <p class='ocr_par' dir='ltr' id='par_1_56' title="bbox 2450 2620 4057 2690">
     <span class='ocr_line' id='line_1_56' title="bbox 2450 2620 4057 2690; baseline 0.004 -16"><span class='ocrx_word' id='word_1_405' title='bbox 2450 2620 2725 2690; x_wconf 81' lang='lat' dir='ltr'><strong>trepidans</strong></span> <span class='ocrx_word' id='word_1_406' title='bbox 2752 2620 2984 2689; x_wconf 87' lang='lat' dir='ltr'><strong>denique</strong></span> <span class='ocrx_word' id='word_1_407' title='bbox 3015 2637 3080 2677; x_wconf 88' lang='lat' dir='ltr'><strong>ne</strong></span> <span class='ocrx_word' id='word_1_408' title='bbox 3111 2622 3161 2675; x_wconf 92' lang='lat' dir='ltr'><strong>in</strong></span> <span class='ocrx_word' id='word_1_409' title='bbox 3194 2637 3415 2679; x_wconf 88' lang='lat' dir='ltr'><strong>vacuum</strong></span> <span class='ocrx_word' id='word_1_410' title='bbox 3444 2625 3767 2680; x_wconf 86' lang='lat' dir='ltr'><strong>cucurrisset</strong></span> <span class='ocrx_word' id='word_1_411' title='bbox 3804 2634 3901 2684; x_wconf 84' lang='lat' dir='ltr'><strong>aut</strong></span> <span class='ocrx_word' id='word_1_412' title='bbox 3928 2642 4057 2681; x_wconf 88' lang='lat' dir='ltr'><strong>cur-</strong></span> 
     </span>
    </p>
   </div>
   <div class='ocr_carea' id='block_1_57' title="bbox 2449 2712 4058 2788">
    <p class='ocr_par' dir='ltr' id='par_1_57' title="bbox 2449 2712 4058 2788">
     <span class='ocr_line' id='line_1_57' title="bbox 2449 2712 4058 2788; baseline 0.005 -20"><span class='ocrx_word' id='word_1_413' title='bbox 2449 2725 2587 2768; x_wconf 87' lang='lat' dir='ltr'><strong>reret</strong></span> <span class='ocrx_word' id='word_1_414' title='bbox 2604 2712 2946 2786; x_wconf 87' lang='lat' dir='ltr'><strong>(lbid.),tnuc</strong></span> <span class='ocrx_word' id='word_1_415' title='bbox 2962 2716 3188 2785; x_wconf 87' lang='lat' dir='ltr'><strong>prinmm</strong></span> <span class='ocrx_word' id='word_1_416' title='bbox 3208 2731 3327 2771; x_wconf 91' lang='lat' dir='ltr'><strong>cum</strong></span> <span class='ocrx_word' id='word_1_417' title='bbox 3346 2718 3777 2774; x_wconf 86' lang='lat' dir='ltr'><strong>antecessoribus</strong></span> <span class='ocrx_word' id='word_1_418' title='bbox 3797 2722 4058 2788; x_wconf 86' lang='lat' dir='ltr'><strong>apostolis</strong></span> 
     </span>
    </p>
   </div>
   <div class='ocr_carea' id='block_1_58' title="bbox 2445 2805 4055 2883">
    <p class='ocr_par' dir='ltr' id='par_1_58' title="bbox 2445 2805 4055 2883">
     <span class='ocr_line' id='line_1_58' title="bbox 2445 2805 4055 2883; baseline 0.004 -23"><span class='ocrx_word' id='word_1_419' title='bbox 2445 2805 2775 2862; x_wconf 81' lang='lat' dir='ltr'><strong>conferebat.</strong></span> <span class='ocrx_word' id='word_1_420' title='bbox 2795 2806 2977 2877; x_wconf 86' lang='lat' dir='ltr'><strong>Igitur,</strong></span> <span class='ocrx_word' id='word_1_421' title='bbox 2999 2808 3041 2861; x_wconf 91' lang='lat' dir='ltr'><strong>si</strong></span> <span class='ocrx_word' id='word_1_422' title='bbox 3059 2808 4055 2883; x_wconf 83' lang='lat' dir='ltr'><strong>ferventer,utadhuc(10)neophytus,</strong></span> 
     </span>
    </p>
   </div>
   <div class='ocr_carea' id='block_1_59' title="bbox 2445 2898 4057 2973">
    <p class='ocr_par' dir='ltr' id='par_1_59' title="bbox 2445 2898 4057 2973">
     <span class='ocr_line' id='line_1_59' title="bbox 2445 2898 4057 2973; baseline 0.005 -21"><span class='ocrx_word' id='word_1_423' title='bbox 2445 2899 2703 2954; x_wconf 90' lang='lat' dir='ltr'><strong>adversus</strong></span> <span class='ocrx_word' id='word_1_424' title='bbox 2727 2898 3059 2954; x_wconf 86' lang='lat' dir='ltr'><strong>Judaismum</strong></span> <span class='ocrx_word' id='word_1_425' title='bbox 3089 2898 3288 2970; x_wconf 85' lang='lat' dir='ltr'><strong>aliquid</strong></span> <span class='ocrx_word' id='word_1_426' title='bbox 3323 2901 3373 2953; x_wconf 93' lang='lat' dir='ltr'><strong>in</strong></span> <span class='ocrx_word' id='word_1_427' title='bbox 3412 2903 3821 2957; x_wconf 88' lang='lat' dir='ltr'><strong>conversatione</strong></span> <span class='ocrx_word' id='word_1_428' title='bbox 3866 2920 4057 2973; x_wconf 85' lang='lat' dir='ltr'><strong>repre-</strong></span> 
     </span>
    </p>
   </div>
   <div class='ocr_carea' id='block_1_60' title="bbox 2447 2991 4058 3065">
    <p class='ocr_par' dir='ltr' id='par_1_60' title="bbox 2447 2991 4058 3065">
     <span class='ocr_line' id='line_1_60' title="bbox 2447 2991 4058 3065; baseline 0.004 -18"><span class='ocrx_word' id='word_1_429' title='bbox 2447 2991 2786 3048; x_wconf 87' lang='lat' dir='ltr'><strong>hendendum</strong></span> <span class='ocrx_word' id='word_1_430' title='bbox 2819 2992 3166 3059; x_wconf 80' lang='lat' dir='ltr'><strong>existimavit,</strong></span> <span class='ocrx_word' id='word_1_431' title='bbox 3199 2994 3467 3063; x_wconf 88' lang='lat' dir='ltr'><strong>passivum</strong></span> <span class='ocrx_word' id='word_1_432' title='bbox 3498 2992 3569 3065; x_wconf 82' lang='lat' dir='ltr'><strong>(c)</strong></span> <span class='ocrx_word' id='word_1_433' title='bbox 3601 2995 3806 3050; x_wconf 88' lang='lat' dir='ltr'><strong>scilicet</strong></span> <span class='ocrx_word' id='word_1_434' title='bbox 3837 2997 4058 3053; x_wconf 87' lang='lat' dir='ltr'><strong>convic-</strong></span> 
     </span>
    </p>
   </div>
   <div class='ocr_carea' id='block_1_61' title="bbox 2446 3085 4052 3159">
    <p class='ocr_par' dir='ltr' id='par_1_61' title="bbox 2446 3085 4052 3159">
     <span class='ocr_line' id='line_1_61' title="bbox 2446 3085 4052 3159; baseline 0.005 -18"><span class='ocrx_word' id='word_1_435' title='bbox 2446 3095 2580 3152; x_wconf 86' lang='lat' dir='ltr'><strong>tum,</strong></span> <span class='ocrx_word' id='word_1_436' title='bbox 2608 3085 2949 3158; x_wconf 86' lang='lat' dir='ltr'><strong>postmodum</strong></span> <span class='ocrx_word' id='word_1_437' title='bbox 2976 3095 3029 3141; x_wconf 90' lang='lat' dir='ltr'><strong>et</strong></span> <span class='ocrx_word' id='word_1_438' title='bbox 3059 3086 3171 3159; x_wconf 89' lang='lat' dir='ltr'><strong>ipse</strong></span> <span class='ocrx_word' id='word_1_439' title='bbox 3203 3103 3300 3141; x_wconf 88' lang='lat' dir='ltr'><strong>usu</strong></span> <span class='ocrx_word' id='word_1_440' title='bbox 3332 3088 3579 3143; x_wconf 88' lang='lat' dir='ltr'><strong>omnibus</strong></span> <span class='ocrx_word' id='word_1_441' title='bbox 3607 3091 3784 3144; x_wconf 90' lang='lat' dir='ltr'><strong>omnia</strong></span> <span class='ocrx_word' id='word_1_442' title='bbox 3814 3090 4052 3159; x_wconf 78' lang='lat' dir='ltr'><strong>futurus,</strong></span> 
     </span>
    </p>
   </div>
   <div class='ocr_carea' id='block_1_62' title="bbox 2446 3183 4055 3262">
    <p class='ocr_par' dir='ltr' id='par_1_62' title="bbox 2446 3183 4055 3262">
     <span class='ocr_line' id='line_1_62' title="bbox 2446 3183 4055 3262; baseline 0.004 -24"><span class='ocrx_word' id='word_1_443' title='bbox 2446 3195 2501 3239; x_wconf 88' lang='lat' dir='ltr'><strong>ut</strong></span> <span class='ocrx_word' id='word_1_444' title='bbox 2529 3198 2717 3239; x_wconf 91' lang='lat' dir='ltr'><strong>omnes</strong></span> <span class='ocrx_word' id='word_1_445' title='bbox 2744 3184 3058 3249; x_wconf 85' lang='lat' dir='ltr'><strong>lucraretur,</strong></span> <span class='ocrx_word' id='word_1_446' title='bbox 3091 3183 3291 3241; x_wconf 66' lang='lat' dir='ltr'><strong>Iudicis</strong></span> <span class='ocrx_word' id='word_1_447' title='bbox 3317 3187 3464 3255; x_wconf 84' lang='lat' dir='ltr'><strong>quasi</strong></span> <span class='ocrx_word' id='word_1_448' title='bbox 3504 3186 3744 3253; x_wconf 71' lang='lat' dir='ltr'><strong>Iudaeus,</strong></span> <span class='ocrx_word' id='word_1_449' title='bbox 3775 3199 3831 3244; x_wconf 91' lang='lat' dir='ltr'><strong>et</strong></span> <span class='ocrx_word' id='word_1_450' title='bbox 3856 3190 3937 3244; x_wconf 89' lang='lat' dir='ltr'><strong>eis</strong></span> <span class='ocrx_word' id='word_1_451' title='bbox 3962 3191 4055 3262; x_wconf 91' lang='lat' dir='ltr'><strong>qui</strong></span> 
     </span>
    </p>
   </div>
   <div class='ocr_carea' id='block_1_63' title="bbox 742 3272 4053 3352">
    <p class='ocr_par' dir='ltr' id='par_1_63' title="bbox 742 3272 4053 3352">
     <span class='ocr_line' id='line_1_63' title="bbox 742 3272 4053 3352; baseline 0.001 -16"><span class='ocrx_word' id='word_1_452' title='bbox 742 3296 848 3351; x_wconf 88' lang='lat' dir='ltr'><strong>que</strong></span> <span class='ocrx_word' id='word_1_453' title='bbox 877 3279 1175 3341; x_wconf 85' lang='lat' dir='ltr'><strong>initiantur,</strong></span> <span class='ocrx_word' id='word_1_454' title='bbox 1221 3283 1275 3329; x_wconf 89' lang='lat' dir='ltr'><strong>et</strong></span> <span class='ocrx_word' id='word_1_455' title='bbox 1320 3272 1639 3328; x_wconf 89' lang='lat' dir='ltr'><strong>indurantur</strong></span> <span class='ocrx_word' id='word_1_456' title='bbox 1668 3272 1751 3346; x_wconf 88' lang='lat'><strong>(6)</strong></span> <span class='ocrx_word' id='word_1_457' title='bbox 1792 3275 1843 3328; x_wconf 92' lang='lat' dir='ltr'><strong>in</strong></span> <span class='ocrx_word' id='word_1_458' title='bbox 1893 3274 2034 3331; x_wconf 87' lang='lat' dir='ltr'><strong>hanc</strong></span> <span class='ocrx_word' id='word_1_459' title='bbox 2081 3276 2331 3338; x_wconf 63' lang='lat' dir='ltr'><strong>harestu.</strong></span> <span class='ocrx_word' id='word_1_460' title='bbox 2361 3273 2406 3336; x_wconf 92' lang='lat' dir='ltr'><strong>C</strong></span> <span class='ocrx_word' id='word_1_461' title='bbox 2441 3276 2541 3330; x_wconf 91' lang='lat' dir='ltr'><strong>sub</strong></span> <span class='ocrx_word' id='word_1_462' title='bbox 2565 3275 2685 3345; x_wconf 87' lang='lat' dir='ltr'><strong>lege</strong></span> <span class='ocrx_word' id='word_1_463' title='bbox 2705 3317 2719 3340; x_wconf 92' lang='lat'><strong>,</strong></span> <span class='ocrx_word' id='word_1_464' title='bbox 2750 3284 3018 3344; x_wconf 85' lang='lat' dir='ltr'><strong>tamquam</strong></span> <span class='ocrx_word' id='word_1_465' title='bbox 3041 3275 3138 3330; x_wconf 90' lang='lat' dir='ltr'><strong>sub</strong></span> <span class='ocrx_word' id='word_1_466' title='bbox 3156 3274 3269 3346; x_wconf 81' lang='lat' dir='ltr'><strong>(ll)</strong></span> <span class='ocrx_word' id='word_1_467' title='bbox 3295 3276 3410 3347; x_wconf 71' lang='lat' dir='ltr'><strong>lege</strong></span> <span class='ocrx_word' id='word_1_468' title='bbox 3436 3276 3478 3346; x_wconf 84' lang='grc' dir='ltr'><strong>(Ι</strong></span> <span class='ocrx_word' id='word_1_469' title='bbox 3510 3276 3651 3342; x_wconf 89' lang='lat' dir='ltr'><strong>Cor.,</strong></span> <span class='ocrx_word' id='word_1_470' title='bbox 3681 3278 3795 3352; x_wconf 83' lang='lat' dir='ltr'><strong>IX);</strong></span> <span class='ocrx_word' id='word_1_471' title='bbox 3822 3293 3877 3336; x_wconf 93' lang='lat' dir='ltr'><strong>tu</strong></span> <span class='ocrx_word' id='word_1_472' title='bbox 3906 3283 4053 3338; x_wconf 87' lang='lat' dir='ltr'><strong>illam</strong></span> 
     </span>
    </p>
   </div>
   <div class='ocr_carea' id='block_1_64' title="bbox 742 3365 2336 3431">
    <p class='ocr_par' dir='ltr' id='par_1_64' title="bbox 742 3365 2336 3431">
     <span class='ocr_line' id='line_1_64' title="bbox 742 3365 2336 3431; baseline 0.001 -1"><span class='ocrx_word' id='word_1_473' title='bbox 742 3373 874 3430; x_wconf 83' lang='lat' dir='ltr'><strong>Nam</strong></span> <span class='ocrx_word' id='word_1_474' title='bbox 906 3371 988 3427; x_wconf 65' lang='lat' dir='ltr'><strong>hae</strong></span> <span class='ocrx_word' id='word_1_475' title='bbox 1014 3380 1135 3424; x_wconf 88' lang='lat' dir='ltr'><strong>sunt</strong></span> <span class='ocrx_word' id='word_1_476' title='bbox 1163 3369 1466 3423; x_wconf 87' lang='lat' dir='ltr'><strong>antitheses</strong></span> <span class='ocrx_word' id='word_1_477' title='bbox 1494 3365 1797 3430; x_wconf 83' lang='lat' dir='ltr'><strong>Marcionis,</strong></span> <span class='ocrx_word' id='word_1_478' title='bbox 1833 3367 1881 3422; x_wconf 93' lang='lat' dir='ltr'><strong>id</strong></span> <span class='ocrx_word' id='word_1_479' title='bbox 1912 3377 1996 3424; x_wconf 88' lang='lat' dir='ltr'><strong>est</strong></span> <span class='ocrx_word' id='word_1_480' title='bbox 2052 3373 2336 3431; x_wconf 75' lang='lat' dir='ltr'><strong>contraria:</strong></span> 
     </span>
    </p>
   </div>
   <div class='ocr_carea' id='block_1_65' title="bbox 742 3458 2336 3537">
    <p class='ocr_par' dir='ltr' id='par_1_65' title="bbox 742 3458 2336 3537">
     <span class='ocr_line' id='line_1_65' title="bbox 742 3458 2336 3537; baseline -0.001 -15"><span class='ocrx_word' id='word_1_481' title='bbox 742 3464 1148 3537; x_wconf 88' lang='lat' dir='ltr'><strong>oppositiones;</strong></span> <span class='ocrx_word' id='word_1_482' title='bbox 1209 3474 1328 3533; x_wconf 69' lang='lat' dir='ltr'><strong>qua:</strong></span> <span class='ocrx_word' id='word_1_483' title='bbox 1377 3469 1644 3514; x_wconf 91' lang='lat' dir='ltr'><strong>conantur</strong></span> <span class='ocrx_word' id='word_1_484' title='bbox 1690 3458 2014 3514; x_wconf 89' lang='lat' dir='ltr'><strong>discordiam</strong></span> <span class='ocrx_word' id='word_1_485' title='bbox 2061 3462 2336 3534; x_wconf 85' lang='lat' dir='ltr'><strong>Evangelii</strong></span> 
     </span>
    </p>
   </div>
   <div class='ocr_carea' id='block_1_66' title="bbox 743 3549 2335 3629">
    <p class='ocr_par' dir='ltr' id='par_1_66' title="bbox 743 3549 2335 3629">
     <span class='ocr_line' id='line_1_66' title="bbox 743 3549 2335 3629; baseline 0 -18"><span class='ocrx_word' id='word_1_486' title='bbox 743 3555 824 3629; x_wconf 84' lang='lat'><strong>(7)</strong></span> <span class='ocrx_word' id='word_1_487' title='bbox 857 3570 979 3610; x_wconf 90' lang='lat' dir='ltr'><strong>cum</strong></span> <span class='ocrx_word' id='word_1_488' title='bbox 1027 3552 1171 3622; x_wconf 84' lang='lat' dir='ltr'><strong>Lege</strong></span> <span class='ocrx_word' id='word_1_489' title='bbox 1223 3549 1602 3608; x_wconf 87' lang='lat' dir='ltr'><strong>committere.</strong></span> <span class='ocrx_word' id='word_1_490' title='bbox 1645 3559 1704 3604; x_wconf 90' lang='lat' dir='ltr'><strong>ut</strong></span> <span class='ocrx_word' id='word_1_491' title='bbox 1749 3566 1814 3605; x_wconf 83' lang='lat' dir='ltr'><strong>ex</strong></span> <span class='ocrx_word' id='word_1_492' title='bbox 1858 3549 2169 3608; x_wconf 86' lang='lat' dir='ltr'><strong>diversitate</strong></span> <span class='ocrx_word' id='word_1_493' title='bbox 2206 3570 2335 3610; x_wconf 91' lang='lat' dir='ltr'><strong>sen-</strong></span> 
     </span>
    </p>
   </div>
   <div class='ocr_carea' id='block_1_67' title="bbox 742 3641 2338 3717">
    <p class='ocr_par' dir='ltr' id='par_1_67' title="bbox 742 3641 2338 3717">
     <span class='ocr_line' id='line_1_67' title="bbox 742 3641 2338 3717; baseline -0.008 -14"><span class='ocrx_word' id='word_1_494' title='bbox 742 3648 1032 3705; x_wconf 83' lang='lat' dir='ltr'><strong>tentiarum</strong></span> <span class='ocrx_word' id='word_1_495' title='bbox 1061 3643 1338 3710; x_wconf 89' lang='lat' dir='ltr'><strong>utriusque</strong></span> <span class='ocrx_word' id='word_1_496' title='bbox 1383 3641 1721 3696; x_wconf 89' lang='lat' dir='ltr'><strong>instrumenti</strong></span> <span class='ocrx_word' id='word_1_497' title='bbox 1750 3682 1765 3703; x_wconf 84' lang='lat'><strong>,</strong></span> <span class='ocrx_word' id='word_1_498' title='bbox 1797 3642 2156 3699; x_wconf 88' lang='lat' dir='ltr'><strong>diversitatem</strong></span> <span class='ocrx_word' id='word_1_499' title='bbox 2202 3662 2338 3717; x_wconf 81' lang='lat' dir='ltr'><strong>quo-</strong></span> 
     </span>
    </p>
   </div>
   <div class='ocr_carea' id='block_1_68' title="bbox 741 3730 2335 3811">
    <p class='ocr_par' dir='ltr' id='par_1_68' title="bbox 741 3730 2335 3811">
     <span class='ocr_line' id='line_1_68' title="bbox 741 3730 2335 3811; baseline 0.003 -21"><span class='ocrx_word' id='word_1_500' title='bbox 741 3754 848 3811; x_wconf 88' lang='lat' dir='ltr'><strong>que</strong></span> <span class='ocrx_word' id='word_1_501' title='bbox 892 3741 1330 3807; x_wconf 83' lang='lat' dir='ltr'><strong>argumentemur</strong></span> <span class='ocrx_word' id='word_1_502' title='bbox 1370 3730 1617 3786; x_wconf 90' lang='lat' dir='ltr'><strong>deorum.</strong></span> <span class='ocrx_word' id='word_1_503' title='bbox 1666 3730 1867 3802; x_wconf 82' lang='lat' dir='ltr'><strong>Igitur,</strong></span> <span class='ocrx_word' id='word_1_504' title='bbox 1918 3747 2039 3787; x_wconf 93' lang='lat' dir='ltr'><strong>cum</strong></span> <span class='ocrx_word' id='word_1_505' title='bbox 2072 3750 2133 3789; x_wconf 89' lang='lat' dir='ltr'><strong>ea</strong></span> <span class='ocrx_word' id='word_1_506' title='bbox 2180 3752 2335 3807; x_wconf 84' lang='lat' dir='ltr'><strong>sepa-</strong></span> 
     </span>
    </p>
   </div>
   <div class='ocr_carea' id='block_1_69' title="bbox 743 3824 2332 3900">
    <p class='ocr_par' dir='ltr' id='par_1_69' title="bbox 743 3824 2332 3900">
     <span class='ocr_line' id='line_1_69' title="bbox 743 3824 2332 3900; baseline 0.003 -16"><span class='ocrx_word' id='word_1_507' title='bbox 743 3832 880 3889; x_wconf 88' lang='lat' dir='ltr'><strong>ratio</strong></span> <span class='ocrx_word' id='word_1_508' title='bbox 910 3829 1068 3900; x_wconf 81' lang='lat' dir='ltr'><strong>Legis</strong></span> <span class='ocrx_word' id='word_1_509' title='bbox 1096 3835 1150 3882; x_wconf 90' lang='lat' dir='ltr'><strong>et</strong></span> <span class='ocrx_word' id='word_1_510' title='bbox 1180 3824 1456 3895; x_wconf 77' lang='lat' dir='ltr'><strong>Evangelii</strong></span> <span class='ocrx_word' id='word_1_511' title='bbox 1516 3824 1629 3894; x_wconf 84' lang='lat' dir='ltr'><strong>ipsa</strong></span> <span class='ocrx_word' id='word_1_512' title='bbox 1682 3825 1753 3881; x_wconf 92' lang='lat' dir='ltr'><strong>sit</strong></span> <span class='ocrx_word' id='word_1_513' title='bbox 1800 3840 1919 3895; x_wconf 71' lang='lat' dir='ltr'><strong>quae</strong></span> <span class='ocrx_word' id='word_1_514' title='bbox 1960 3826 2121 3882; x_wconf 84' lang='lat' dir='ltr'><strong>alium</strong></span> <span class='ocrx_word' id='word_1_515' title='bbox 2165 3829 2332 3887; x_wconf 92' lang='lat' dir='ltr'><strong>Deum</strong></span> 
     </span>
    </p>
   </div>
   <div class='ocr_carea' id='block_1_70' title="bbox 745 3915 2333 3996">
    <p class='ocr_par' dir='ltr' id='par_1_70' title="bbox 745 3915 2333 3996">
     <span class='ocr_line' id='line_1_70' title="bbox 745 3915 2333 3996; baseline -0.002 -14"><span class='ocrx_word' id='word_1_516' title='bbox 745 3923 1015 3996; x_wconf 88' lang='lat' dir='ltr'><strong>Evangelii</strong></span> <span class='ocrx_word' id='word_1_517' title='bbox 1059 3917 1411 3975; x_wconf 90' lang='lat' dir='ltr'><strong>insinuaverit</strong></span> <span class='ocrx_word' id='word_1_518' title='bbox 1435 3915 1694 3973; x_wconf 89' lang='lat' dir='ltr'><strong>adversus</strong></span> <span class='ocrx_word' id='word_1_519' title='bbox 1724 3917 1892 3973; x_wconf 90' lang='lat' dir='ltr'><strong>Deum</strong></span> <span class='ocrx_word' id='word_1_520' title='bbox 1932 3917 2111 3991; x_wconf 87' lang='lat' dir='ltr'><strong>Legis,</strong></span> <span class='ocrx_word' id='word_1_521' title='bbox 2167 3937 2333 3993; x_wconf 87' lang='lat' dir='ltr'><strong>appa-</strong></span> 
     </span>
    </p>
   </div>
   <div class='ocr_carea' id='block_1_71' title="bbox 2438 3370 4045 3445">
    <p class='ocr_par' dir='ltr' id='par_1_71' title="bbox 2438 3370 4045 3445">
     <span class='ocr_line' id='line_1_71' title="bbox 2438 3370 4045 3445; baseline 0.006 -21"><span class='ocrx_word' id='word_1_522' title='bbox 2438 3370 2604 3425; x_wconf 91' lang='lat' dir='ltr'><strong>solius</strong></span> <span class='ocrx_word' id='word_1_523' title='bbox 2630 3370 3071 3437; x_wconf 89' lang='lat' dir='ltr'><strong>conversationis,</strong></span> <span class='ocrx_word' id='word_1_524' title='bbox 3094 3370 3365 3441; x_wconf 74' lang='lat' dir='ltr'><strong>placiturae</strong></span> <span class='ocrx_word' id='word_1_525' title='bbox 3400 3385 3580 3440; x_wconf 79' lang='lat' dir='ltr'><strong>p05tea</strong></span> <span class='ocrx_word' id='word_1_526' title='bbox 3603 3379 3903 3433; x_wconf 86' lang='lat' dir='ltr'><strong>accusatori</strong></span> <span class='ocrx_word' id='word_1_527' title='bbox 3927 3394 4045 3445; x_wconf 92' lang='lat' dir='ltr'><strong>suo,</strong></span> 
     </span>
    </p>
   </div>
   <div class='ocr_carea' id='block_1_72' title="bbox 2442 3462 4053 3535">
    <p class='ocr_par' dir='ltr' id='par_1_72' title="bbox 2442 3462 4053 3535">
     <span class='ocr_line' id='line_1_72' title="bbox 2442 3462 4053 3535; baseline 0.005 -17"><span class='ocrx_word' id='word_1_528' title='bbox 2442 3462 2917 3533; x_wconf 89' lang='lat' dir='ltr'><strong>reprehensionem</strong></span> <span class='ocrx_word' id='word_1_529' title='bbox 2974 3473 3274 3532; x_wconf 87' lang='lat' dir='ltr'><strong>suspectam</strong></span> <span class='ocrx_word' id='word_1_530' title='bbox 3310 3462 3421 3535; x_wconf 74' lang='lat'><strong>(12)</strong></span> <span class='ocrx_word' id='word_1_531' title='bbox 3457 3465 3534 3519; x_wconf 89' lang='lat' dir='ltr'><strong>vis</strong></span> <span class='ocrx_word' id='word_1_532' title='bbox 3567 3466 3749 3522; x_wconf 84' lang='lat' dir='ltr'><strong>haberi</strong></span> <span class='ocrx_word' id='word_1_533' title='bbox 3781 3469 3945 3525; x_wconf 88' lang='lat' dir='ltr'><strong>etiam</strong></span> <span class='ocrx_word' id='word_1_534' title='bbox 3988 3470 4053 3527; x_wconf 88' lang='lat' dir='ltr'><strong>de</strong></span> 
     </span>
    </p>
   </div>
   <div class='ocr_carea' id='block_1_73' title="bbox 2443 3554 4047 3633">
    <p class='ocr_par' dir='ltr' id='par_1_73' title="bbox 2443 3554 4047 3633">
     <span class='ocr_line' id='line_1_73' title="bbox 2443 3554 4047 3633; baseline 0.007 -25"><span class='ocrx_word' id='word_1_535' title='bbox 2443 3554 2833 3626; x_wconf 71' lang='lat' dir='ltr'><strong>praedicationis</strong></span> <span class='ocrx_word' id='word_1_536' title='bbox 2878 3569 3003 3624; x_wconf 87' lang='lat' dir='ltr'><strong>erga</strong></span> <span class='ocrx_word' id='word_1_537' title='bbox 3059 3554 3225 3610; x_wconf 85' lang='lat' dir='ltr'><strong>Deum</strong></span> <span class='ocrx_word' id='word_1_538' title='bbox 3251 3558 3705 3626; x_wconf 66' lang='lat' dir='ltr'><strong>praevaricatione.</strong></span> <span class='ocrx_word' id='word_1_539' title='bbox 3743 3564 3944 3633; x_wconf 78' lang='lat' dir='ltr'><strong>Atquin</strong></span> <span class='ocrx_word' id='word_1_540' title='bbox 3979 3565 4047 3620; x_wconf 90' lang='lat' dir='ltr'><strong>de</strong></span> 
     </span>
    </p>
   </div>
   <div class='ocr_carea' id='block_1_74' title="bbox 2443 3648 4054 3723">
    <p class='ocr_par' dir='ltr' id='par_1_74' title="bbox 2443 3648 4054 3723">
     <span class='ocr_line' id='line_1_74' title="bbox 2443 3648 4054 3723; baseline 0.009 -20"><span class='ocrx_word' id='word_1_541' title='bbox 2443 3648 2834 3718; x_wconf 69' lang='lat' dir='ltr'><strong>praedicationis</strong></span> <span class='ocrx_word' id='word_1_542' title='bbox 2880 3649 3111 3709; x_wconf 80' lang='lat' dir='ltr'><strong>unitate.</strong></span> <span class='ocrx_word' id='word_1_543' title='bbox 3148 3650 3288 3718; x_wconf 90' lang='lat' dir='ltr'><strong>quod</strong></span> <span class='ocrx_word' id='word_1_544' title='bbox 3320 3666 3477 3721; x_wconf 88' lang='lat' dir='ltr'><strong>supra</strong></span> <span class='ocrx_word' id='word_1_545' title='bbox 3507 3653 3763 3723; x_wconf 67' lang='lat' dir='ltr'><strong>legimus,</strong></span> <span class='ocrx_word' id='word_1_546' title='bbox 3795 3657 4054 3718; x_wconf 75' lang='lat' dir='ltr'><strong>dexteras</strong></span> 
     </span>
    </p>
   </div>
   <div class='ocr_carea' id='block_1_75' title="bbox 2438 3738 4051 3818">
    <p class='ocr_par' dir='ltr' id='par_1_75' title="bbox 2438 3738 4051 3818">
     <span class='ocr_line' id='line_1_75' title="bbox 2438 3738 4051 3818; baseline 0.009 -25"><span class='ocrx_word' id='word_1_547' title='bbox 2438 3740 2750 3811; x_wconf 69' lang='lat' dir='ltr'><strong>junxerunt.</strong></span> <span class='ocrx_word' id='word_1_548' title='bbox 2784 3747 2838 3792; x_wconf 93' lang='lat' dir='ltr'><strong>et</strong></span> <span class='ocrx_word' id='word_1_549' title='bbox 2868 3739 2982 3810; x_wconf 90' lang='lat' dir='ltr'><strong>ipsa</strong></span> <span class='ocrx_word' id='word_1_550' title='bbox 3013 3738 3177 3794; x_wconf 81' lang='lat' dir='ltr'><strong>ofﬁcii</strong></span> <span class='ocrx_word' id='word_1_551' title='bbox 3204 3741 3599 3810; x_wconf 89' lang='lat' dir='ltr'><strong>distributione,</strong></span> <span class='ocrx_word' id='word_1_552' title='bbox 3650 3744 3731 3818; x_wconf 86' lang='lat' dir='ltr'><strong>(d)</strong></span> <span class='ocrx_word' id='word_1_553' title='bbox 3761 3747 3831 3802; x_wconf 91' lang='lat' dir='ltr'><strong>de</strong></span> <span class='ocrx_word' id='word_1_554' title='bbox 3862 3751 4051 3808; x_wconf 85' lang='lat' dir='ltr'><strong>Evan-</strong></span> 
     </span>
    </p>
   </div>
   <div class='ocr_carea' id='block_1_76' title="bbox 2438 3831 4048 3913">
    <p class='ocr_par' dir='ltr' id='par_1_76' title="bbox 2438 3831 4048 3913">
     <span class='ocr_line' id='line_1_76' title="bbox 2438 3831 4048 3913; baseline 0.007 -27"><span class='ocrx_word' id='word_1_555' title='bbox 2438 3832 2556 3903; x_wconf 80' lang='lat' dir='ltr'><strong>gelii</strong></span> <span class='ocrx_word' id='word_1_556' title='bbox 2607 3832 2863 3887; x_wconf 84' lang='lat' dir='ltr'><strong>societate</strong></span> <span class='ocrx_word' id='word_1_557' title='bbox 2910 3831 3287 3898; x_wconf 80' lang='lat' dir='ltr'><strong>condixerant;</strong></span> <span class='ocrx_word' id='word_1_558' title='bbox 3335 3835 3470 3890; x_wconf 87' lang='lat' dir='ltr'><strong>sicut</strong></span> <span class='ocrx_word' id='word_1_559' title='bbox 3520 3847 3574 3892; x_wconf 90' lang='lat' dir='ltr'><strong>et</strong></span> <span class='ocrx_word' id='word_1_560' title='bbox 3622 3839 3746 3894; x_wconf 86' lang='lat' dir='ltr'><strong>alibi</strong></span> <span class='ocrx_word' id='word_1_561' title='bbox 3799 3840 4048 3913; x_wconf 82' lang='lat' dir='ltr'><strong>(lCor.,</strong></span> 
     </span>
    </p>
   </div>
   <div class='ocr_carea' id='block_1_77' title="bbox 2438 3921 4041 4001">
    <p class='ocr_par' dir='ltr' id='par_1_77' title="bbox 2438 3921 4041 4001">
     <span class='ocr_line' id='line_1_77' title="bbox 2438 3921 4041 4001; baseline 0.006 -20"><span class='ocrx_word' id='word_1_562' title='bbox 2438 3924 2684 3994; x_wconf 63' lang='lat' dir='ltr'><strong>XVJI):</strong></span> <span class='ocrx_word' id='word_1_563' title='bbox 2707 3921 2780 3994; x_wconf 87' lang='lat' dir='ltr'><strong>(e)</strong></span> <span class='ocrx_word' id='word_1_564' title='bbox 2814 3922 2933 3977; x_wconf 82' lang='lat' dir='ltr'><strong>Sive</strong></span> <span class='ocrx_word' id='word_1_565' title='bbox 2962 3939 3073 3994; x_wconf 81' lang='lat' dir='ltr'><strong>ego,</strong></span> <span class='ocrx_word' id='word_1_566' title='bbox 3106 3924 3298 3995; x_wconf 88' lang='lat' dir='ltr'><strong>inquit,</strong></span> <span class='ocrx_word' id='word_1_567' title='bbox 3324 3927 3427 3981; x_wconf 81' lang='lat' dir='ltr'><strong>sive</strong></span> <span class='ocrx_word' id='word_1_568' title='bbox 3456 3928 3557 3997; x_wconf 85' lang='lat' dir='ltr'><strong>illi,</strong></span> <span class='ocrx_word' id='word_1_569' title='bbox 3580 3930 3653 3984; x_wconf 73' lang='lat' dir='ltr'><strong>sic</strong></span> <span class='ocrx_word' id='word_1_570' title='bbox 3672 3932 4041 4001; x_wconf 76' lang='lat' dir='ltr'><strong>prwdicamus.</strong></span> 
     </span>
    </p>
   </div>
   <div class='ocr_carea' id='block_1_78' title="bbox 1960 4033 2796 4100">
    <p class='ocr_par' dir='ltr' id='par_1_78' title="bbox 1960 4033 2796 4100">
     <span class='ocr_line' id='line_1_78' title="bbox 1960 4033 2796 4100; baseline 0.002 -10"><span class='ocrx_word' id='word_1_571' title='bbox 1960 4033 2340 4100; x_wconf 85' lang='lat' dir='ltr'><strong>LECTIONES</strong></span> <span class='ocrx_word' id='word_1_572' title='bbox 2378 4037 2796 4100; x_wconf 79' lang='lat' dir='ltr'><strong>VARIANTES.</strong></span> 
     </span>
    </p>
   </div>
   <div class='ocr_carea' id='block_1_79' title="bbox 908 4208 1497 4279">
    <p class='ocr_par' dir='ltr' id='par_1_79' title="bbox 908 4208 1497 4279">
     <span class='ocr_line' id='line_1_79' title="bbox 908 4208 1497 4279; baseline -0.019 -9"><span class='ocrx_word' id='word_1_573' title='bbox 908 4220 1072 4269; x_wconf 85' lang='lat' dir='ltr'><strong>Valuit</strong></span> <span class='ocrx_word' id='word_1_574' title='bbox 1092 4212 1265 4279; x_wconf 84' lang='lat' dir='ltr'><strong>coniic.</strong></span> <span class='ocrx_word' id='word_1_575' title='bbox 1291 4208 1497 4263; x_wconf 78' lang='lat' dir='ltr'><strong>Seniler.</strong></span> 
     </span>
    </p>
   </div>
   <div class='ocr_carea' id='block_1_80' title="bbox 800 4144 1868 4287">
    <p class='ocr_par' dir='ltr' id='par_1_80' title="bbox 800 4144 1868 4287">
     <span class='ocr_line' id='line_1_80' title="bbox 800 4144 1868 4222; baseline -0.014 -11"><span class='ocrx_word' id='word_1_576' title='bbox 800 4164 843 4222; x_wconf 88' lang='lat' dir='ltr'><strong>(l</strong></span> <span class='ocrx_word' id='word_1_577' title='bbox 907 4155 1092 4208; x_wconf 84' lang='lat' dir='ltr'><strong>Salutis</strong></span> <span class='ocrx_word' id='word_1_578' title='bbox 1120 4147 1307 4221; x_wconf 74' lang='lat' dir='ltr'><strong>Punici.</strong></span> <span class='ocrx_word' id='word_1_579' title='bbox 1331 4148 1499 4197; x_wconf 87' lang='lat' dir='ltr'><strong>salutis</strong></span> <span class='ocrx_word' id='word_1_580' title='bbox 1519 4144 1693 4210; x_wconf 87' lang='lat' dir='ltr'><strong>conjic.</strong></span> <span class='ocrx_word' id='word_1_581' title='bbox 1717 4145 1868 4199; x_wconf 80' lang='lat' dir='ltr'><strong>Seml.</strong></span> 
     </span>
     <span class='ocr_line' id='line_1_81' title="bbox 803 4162 1497 4287; baseline -0.022 -13"><span class='ocrx_word' id='word_1_582' title='bbox 803 4162 874 4287; x_wconf 56' lang='grc' dir='ltr'><strong>(εἶ</strong></span> <span class='ocrx_word' id='word_1_583' title='bbox 908 4220 1072 4287; x_wconf 71' lang='lat' dir='ltr'><strong>Yaluit</strong></span> <span class='ocrx_word' id='word_1_584' title='bbox 1092 4212 1265 4279; x_wconf 84' lang='lat' dir='ltr'><strong>conitc.</strong></span> <span class='ocrx_word' id='word_1_585' title='bbox 1291 4208 1497 4263; x_wconf 78' lang='lat' dir='ltr'><strong>Seniler.</strong></span> 
     </span>
    </p>
   </div>
   <div class='ocr_carea' id='block_1_81' title="bbox 824 4223 1167 4408">
    <p class='ocr_par' dir='ltr' id='par_1_81' title="bbox 824 4223 1167 4408">
     <span class='ocr_line' id='line_1_82' title="bbox 824 4223 1167 4287; baseline -0.023 -14"><span class='ocrx_word' id='word_1_586' title='bbox 824 4223 874 4287; x_wconf 73' lang='lat'><strong>2)</strong></span> <span class='ocrx_word' id='word_1_587' title='bbox 908 4223 1167 4269; x_wconf 68' lang='lat' dir='ltr'><strong>Valuitcor</strong></span> 
     </span>
     <span class='ocr_line' id='line_1_83' title="bbox 824 4281 1167 4334; baseline -0.026 0"><span class='ocrx_word' id='word_1_588' title='bbox 824 4286 856 4334; x_wconf 75' lang='lat'><strong>3</strong></span> <span class='ocrx_word' id='word_1_589' title='bbox 912 4281 1033 4333; x_wconf 78' lang='lat' dir='ltr'><strong>Aula</strong></span> <span class='ocrx_word' id='word_1_590' title='bbox 1054 4287 1167 4329; x_wconf 86' lang='lat' dir='ltr'><strong>Jun.</strong></span> 
     </span>
     <span class='ocr_line' id='line_1_84' title="bbox 824 4291 1164 4408; baseline -0.015 -14"><span class='ocrx_word' id='word_1_591' title='bbox 824 4291 875 4408; x_wconf 51' lang='lat' dir='ltr'><strong>si</strong></span> <span class='ocrx_word' id='word_1_592' title='bbox 906 4342 1164 4408; x_wconf 65' lang='lat' dir='ltr'><strong>Antonini,</strong></span> 
     </span>
    </p>
   </div>
   <div class='ocr_carea' id='block_1_82' title="bbox 824 4332 1589 4420">
    <p class='ocr_par' dir='ltr' id='par_1_82' title="bbox 824 4332 1589 4420">
     <span class='ocr_line' id='line_1_85' title="bbox 824 4332 1589 4420; baseline -0.016 -24"><span class='ocrx_word' id='word_1_593' title='bbox 906 4332 1589 4420; x_wconf 39' lang='lat' dir='ltr'><strong>Antonin‘i‘Linmpetri‘i‘t-quel.</strong></span> 
     </span>
    </p>
   </div>
   <div class='ocr_carea' id='block_1_83' title="bbox 821 4395 1634 4535">
    <p class='ocr_par' dir='ltr' id='par_1_83' title="bbox 821 4395 1634 4535">
     <span class='ocr_line' id='line_1_86' title="bbox 821 4395 1634 4535; baseline -0.021 -11"><span class='ocrx_word' id='word_1_594' title='bbox 906 4395 1634 4522; x_wconf 44' lang='grc' dir='ltr'><strong>ξῶῗέἓηῶῗιέἆιθέῗηϐὸεηὴ.</strong></span> 
     </span>
    </p>
   </div>
   <div class='ocr_carea' id='block_1_84' title="bbox 2505 4148 3269 4278">
    <p class='ocr_par' dir='ltr' id='par_1_84' title="bbox 2505 4148 3269 4278">
     <span class='ocr_line' id='line_1_87' title="bbox 2505 4148 3269 4278; baseline 0.001 -76"><span class='ocrx_word' id='word_1_595' title='bbox 2505 4154 2578 4278; x_wconf 50' lang='grc' dir='ltr'><strong>ἷἺ)</strong></span> <span class='ocrx_word' id='word_1_596' title='bbox 2613 4148 3036 4221; x_wconf 79' lang='lat' dir='ltr'><strong>Evangelii</strong></span> <span class='ocrx_word' id='word_1_597' title='bbox 3062 4152 3269 4205; x_wconf 79' lang='lat' dir='ltr'><strong>Semler.</strong></span> 
     </span>
     <span class='ocr_line' id='line_1_88' title="bbox 2525 4213 3235 4278; baseline -0.003 -12"><span class='ocrx_word' id='word_1_598' title='bbox 2525 4216 2580 4278; x_wconf 85' lang='lat'><strong>8)</strong></span> <span class='ocrx_word' id='word_1_599' title='bbox 2616 4213 2678 4278; x_wconf 87' lang='lat' dir='ltr'><strong>Et</strong></span> <span class='ocrx_word' id='word_1_600' title='bbox 2696 4214 3046 4278; x_wconf 55' lang='lat' dir='ltr'><strong>Dcunifarts.</strong></span> <span class='ocrx_word' id='word_1_601' title='bbox 3101 4273 3112 4278; x_wconf 92' lang='lat'>_</span> <span class='ocrx_word' id='word_1_602' title='bbox 3226 4276 3235 4278; x_wconf 78' lang='lat'><strong><em>_</em></strong></span> 
     </span>
    </p>
   </div>
   <div class='ocr_carea' id='block_1_85' title="bbox 2502 4213 3661 4351">
    <p class='ocr_par' dir='ltr' id='par_1_85' title="bbox 2502 4213 3661 4351">
     <span class='ocr_line' id='line_1_89' title="bbox 2505 4213 3046 4278; baseline -0.006 -12"><span class='ocrx_word' id='word_1_603' title='bbox 2505 4213 2557 4278; x_wconf 80' lang='grc'><strong>(8</strong></span> <span class='ocrx_word' id='word_1_604' title='bbox 2616 4213 2678 4264; x_wconf 86' lang='lat' dir='ltr'><strong>Et</strong></span> <span class='ocrx_word' id='word_1_605' title='bbox 2698 4213 2856 4262; x_wconf 80' lang='lat' dir='ltr'><strong>Deum</strong></span> <span class='ocrx_word' id='word_1_606' title='bbox 2880 4213 3046 4263; x_wconf 81' lang='lat' dir='ltr'><strong>Paris.</strong></span> 
     </span>
     <span class='ocr_line' id='line_1_90' title="bbox 2502 4221 3661 4351; baseline 0.006 -24"><span class='ocrx_word' id='word_1_607' title='bbox 2502 4221 2810 4351; x_wconf 29' lang='lat' dir='ltr'><strong>(bitscilicet</strong></span> <span class='ocrx_word' id='word_1_608' title='bbox 2832 4273 3127 4351; x_wconf 49' lang='lat' dir='ltr'><strong>tibinPamel.</strong></span> <span class='ocrx_word' id='word_1_609' title='bbox 3154 4276 3341 4351; x_wconf 61' lang='lat' dir='ltr'><strong>scilicet</strong></span> <span class='ocrx_word' id='word_1_610' title='bbox 3361 4278 3661 4351; x_wconf 63' lang='lat' dir='ltr'><strong>abest_Setnl.</strong></span> 
     </span>
    </p>
   </div>
   <div class='ocr_carea' id='block_1_86' title="bbox 2529 4337 3692 4406">
    <p class='ocr_par' dir='ltr' id='par_1_86' title="bbox 2529 4337 3692 4406">
     <span class='ocr_line' id='line_1_91' title="bbox 2529 4337 3692 4406; baseline 0.009 -19"><span class='ocrx_word' id='word_1_611' title='bbox 2529 4337 2601 4406; x_wconf 69' lang='lat' dir='ltr'><strong>lii)</strong></span> <span class='ocrx_word' id='word_1_612' title='bbox 2629 4340 2888 4406; x_wconf 75' lang='lat' dir='ltr'><strong>_Adhuc_ut</strong></span> <span class='ocrx_word' id='word_1_613' title='bbox 2911 4337 3100 4406; x_wconf 64' lang='lat' dir='ltr'><strong>Potrici,</strong></span> <span class='ocrx_word' id='word_1_614' title='bbox 3127 4340 3285 4392; x_wconf 90' lang='lat' dir='ltr'><strong>adhuc</strong></span> <span class='ocrx_word' id='word_1_615' title='bbox 3303 4342 3455 4395; x_wconf 85' lang='lat' dir='ltr'><strong>omitt.</strong></span> <span class='ocrx_word' id='word_1_616' title='bbox 3489 4345 3692 4399; x_wconf 68' lang='lat' dir='ltr'><strong>Sentiet.</strong></span> 
     </span>
    </p>
   </div>
   <div class='ocr_carea' id='block_1_87' title="bbox 2357 4342 3125 4531">
    <p class='ocr_par' dir='ltr' id='par_1_87' title="bbox 2357 4342 3125 4531">
     <span class='ocr_line' id='line_1_92' title="bbox 2357 4342 3125 4531; baseline -0.004 -77"><span class='ocrx_word' id='word_1_617' title='bbox 2357 4367 2411 4427; x_wconf 84' lang='lat' dir='ltr'><strong>D</strong></span> <span class='ocrx_word' id='word_1_618' title='bbox 2497 4342 2605 4531; x_wconf 52' lang='grc' dir='ltr'><strong>βῗέ</strong></span> <span class='ocrx_word' id='word_1_619' title='bbox 2629 4342 3125 4461; x_wconf 54' lang='grc' dir='ltr'><strong>ι’ῒισέἓιῖιιὲἑὲὂωοὲξέὴ.</strong></span> 
     </span>
     <span class='ocr_line' id='line_1_93' title="bbox 2522 4462 3095 4530; baseline -0.002 -14"><span class='ocrx_word' id='word_1_620' title='bbox 2522 4466 2599 4530; x_wconf 78' lang='lat'><strong>12)</strong></span> <span class='ocrx_word' id='word_1_621' title='bbox 2633 4463 2921 4528; x_wconf 84' lang='lat' dir='ltr'><strong>Susceptam</strong></span> <span class='ocrx_word' id='word_1_622' title='bbox 2943 4462 3095 4515; x_wconf 81' lang='lat' dir='ltr'><strong>Rhm.</strong></span> 
     </span>
    </p>
   </div>
   <div class='ocr_carea' id='block_1_88' title="bbox 2522 4462 3095 4530">
    <p class='ocr_par' dir='ltr' id='par_1_88' title="bbox 2522 4462 3095 4530">
     <span class='ocr_line' id='line_1_94' title="bbox 2522 4462 3095 4530; baseline -0.002 -14"><span class='ocrx_word' id='word_1_623' title='bbox 2522 4462 2599 4530; x_wconf 78' lang='lat'><strong>12)</strong></span> <span class='ocrx_word' id='word_1_624' title='bbox 2633 4463 2921 4528; x_wconf 84' lang='lat' dir='ltr'><strong>Susceptam</strong></span> <span class='ocrx_word' id='word_1_625' title='bbox 2943 4462 3095 4515; x_wconf 81' lang='lat' dir='ltr'><strong>Rhm.</strong></span> 
     </span>
    </p>
   </div>
   <div class='ocr_carea' id='block_1_89' title="bbox 2104 4573 2665 4636">
    <p class='ocr_par' dir='ltr' id='par_1_89' title="bbox 2104 4573 2665 4636">
     <span class='ocr_line' id='line_1_95' title="bbox 2104 4573 2665 4636; baseline 0.004 -5"><span class='ocrx_word' id='word_1_626' title='bbox 2104 4573 2665 4636; x_wconf 79' lang='lat' dir='ltr'><strong>COMMENTARIUS.</strong></span> 
     </span>
    </p>
   </div>
   <div class='ocr_carea' id='block_1_90' title="bbox 811 4681 2327 4757">
    <p class='ocr_par' dir='ltr' id='par_1_90' title="bbox 811 4681 2327 4757">
     <span class='ocr_line' id='line_1_96' title="bbox 811 4681 2327 4757; baseline -0.009 -1"><span class='ocrx_word' id='word_1_627' title='bbox 811 4697 966 4756; x_wconf 77' lang='lat' dir='ltr'><strong>CAP.</strong></span> <span class='ocrx_word' id='word_1_628' title='bbox 987 4690 1209 4750; x_wconf 78' lang='lat' dir='ltr'><strong>XIX.—-</strong></span> <span class='ocrx_word' id='word_1_629' title='bbox 1234 4686 1308 4757; x_wconf 83' lang='lat' dir='ltr'><strong>(a)</strong></span> <span class='ocrx_word' id='word_1_630' title='bbox 1342 4686 1509 4757; x_wconf 61' lang='lat' dir='ltr'><strong>Quoto</strong></span> <span class='ocrx_word' id='word_1_631' title='bbox 1537 4681 1739 4757; x_wconf 67' lang='lat' dir='ltr'><strong>quidem</strong></span> <span class='ocrx_word' id='word_1_632' title='bbox 1777 4698 1912 4737; x_wconf 87' lang='lat' dir='ltr'><strong>anno</strong></span> <span class='ocrx_word' id='word_1_633' title='bbox 1936 4684 2189 4757; x_wconf 71' lang='lat' dir='ltr'><strong>Antonini</strong></span> <span class='ocrx_word' id='word_1_634' title='bbox 2216 4707 2327 4744; x_wconf 81' lang='lat' dir='ltr'><strong>ma-</strong></span> 
     </span>
    </p>
   </div>
   <div class='ocr_carea' id='block_1_91' title="bbox 731 4754 2327 4846">
    <p class='ocr_par' dir='ltr' id='par_1_91' title="bbox 731 4754 2327 4846">
     <span class='ocr_line' id='line_1_97' title="bbox 731 4754 2327 4846; baseline -0.003 1"><span class='ocrx_word' id='word_1_635' title='bbox 731 4754 1054 4846; x_wconf 52' lang='lat' dir='ltr'><strong>iora-Quod</strong></span> <span class='ocrx_word' id='word_1_636' title='bbox 1083 4754 2327 4846; x_wconf 53' lang='grc' dir='ltr'><strong>ςιιπιιοέιίῖὲιιξὲςἘξοὲεξῖίηὲξέ,ιξξφ;1ξιιῖνς,εἱηηξιίεία</strong></span> 
     </span>
    </p>
   </div>
   <div class='ocr_carea' id='block_1_92' title="bbox 742 4826 2327 4904">
    <p class='ocr_par' dir='ltr' id='par_1_92' title="bbox 742 4826 2327 4904">
     <span class='ocr_line' id='line_1_98' title="bbox 742 4826 2327 4904; baseline -0.01 -5"><span class='ocrx_word' id='word_1_637' title='bbox 742 4826 824 4899; x_wconf 68' lang='lat' dir='ltr'><strong>ier</strong></span> <span class='ocrx_word' id='word_1_638' title='bbox 847 4826 1000 4902; x_wconf 58' lang='lat' dir='ltr'><strong>difit,</strong></span> <span class='ocrx_word' id='word_1_639' title='bbox 1026 4826 1256 4904; x_wconf 51' lang='lat' dir='ltr'><strong>capf30.</strong></span> <span class='ocrx_word' id='word_1_640' title='bbox 1280 4826 1523 4883; x_wconf 85' lang='lat' dir='ltr'><strong>Antonini</strong></span> <span class='ocrx_word' id='word_1_641' title='bbox 1546 4830 1660 4904; x_wconf 68' lang='lat' dir='ltr'><strong>fere</strong></span> <span class='ocrx_word' id='word_1_642' title='bbox 1671 4826 1979 4904; x_wconf 65' lang='lat' dir='ltr'><strong>principatu,</strong></span> <span class='ocrx_word' id='word_1_643' title='bbox 1997 4828 2080 4904; x_wconf 79' lang='lat' dir='ltr'><strong>hic</strong></span> <span class='ocrx_word' id='word_1_644' title='bbox 2085 4826 2327 4904; x_wconf 56' lang='lat' dir='ltr'><strong>explica-</strong></span> 
     </span>
    </p>
   </div>
   <div class='ocr_carea' id='block_1_93' title="bbox 738 4896 2324 4978">
    <p class='ocr_par' dir='ltr' id='par_1_93' title="bbox 738 4896 2324 4978">
     <span class='ocr_line' id='line_1_99' title="bbox 738 4896 2324 4978; baseline -0.008 -8"><span class='ocrx_word' id='word_1_645' title='bbox 738 4896 845 4978; x_wconf 78' lang='lat' dir='ltr'><strong>tur,</strong></span> <span class='ocrx_word' id='word_1_646' title='bbox 875 4896 998 4965; x_wconf 78' lang='lat' dir='ltr'><strong>cum</strong></span> <span class='ocrx_word' id='word_1_647' title='bbox 1028 4896 1234 4973; x_wconf 68' lang='lat' dir='ltr'><strong>legitur.</strong></span> <span class='ocrx_word' id='word_1_648' title='bbox 1259 4911 1415 4978; x_wconf 68' lang='lat' dir='ltr'><strong>quoto</strong></span> <span class='ocrx_word' id='word_1_649' title='bbox 1451 4913 1585 4951; x_wconf 86' lang='lat' dir='ltr'><strong>anno</strong></span> <span class='ocrx_word' id='word_1_650' title='bbox 1606 4897 1731 4978; x_wconf 60' lang='lat' dir='ltr'><strong>ejus</strong></span> <span class='ocrx_word' id='word_1_651' title='bbox 1754 4896 2051 4978; x_wconf 42' lang='lat' dir='ltr'><strong>navaturus</strong></span> <span class='ocrx_word' id='word_1_652' title='bbox 2076 4896 2324 4978; x_wconf 78' lang='lat' dir='ltr'><strong>Christus</strong></span> 
     </span>
    </p>
   </div>
   <div class='ocr_carea' id='block_1_94' title="bbox 738 4967 2322 5051">
    <p class='ocr_par' dir='ltr' id='par_1_94' title="bbox 738 4967 2322 5051">
     <span class='ocr_line' id='line_1_100' title="bbox 738 4967 2322 5051; baseline -0.021 -9"><span class='ocrx_word' id='word_1_653' title='bbox 738 4967 1018 5051; x_wconf 57' lang='lat' dir='ltr'><strong>incieperit</strong></span> <span class='ocrx_word' id='word_1_654' title='bbox 1049 4967 1312 5051; x_wconf 73' lang='lat' dir='ltr'><strong>revelari;</strong></span> <span class='ocrx_word' id='word_1_655' title='bbox 1339 4971 1407 5024; x_wconf 85' lang='lat' dir='ltr'><strong>de</strong></span> <span class='ocrx_word' id='word_1_656' title='bbox 1436 4985 1541 5051; x_wconf 68' lang='lat' dir='ltr'><strong>quo</strong></span> <span class='ocrx_word' id='word_1_657' title='bbox 1567 4967 1765 5051; x_wconf 75' lang='lat' dir='ltr'><strong>aliquid</strong></span> <span class='ocrx_word' id='word_1_658' title='bbox 1798 4968 1866 5023; x_wconf 89' lang='lat' dir='ltr'><strong>ibi</strong></span> <span class='ocrx_word' id='word_1_659' title='bbox 1891 4969 2143 5051; x_wconf 46' lang='lat' dir='ltr'><strong>diximu-s:</strong></span> <span class='ocrx_word' id='word_1_660' title='bbox 2171 4976 2322 5051; x_wconf 40' lang='lat' dir='ltr'><strong>qua“</strong></span> 
     </span>
    </p>
   </div>
   <div class='ocr_carea' id='block_1_95' title="bbox 776 5038 2319 5110">
    <p class='ocr_par' dir='ltr' id='par_1_95' title="bbox 776 5038 2319 5110">
     <span class='ocr_line' id='line_1_101' title="bbox 776 5038 2319 5110; baseline -0.006 -1"><span class='ocrx_word' id='word_1_661' title='bbox 776 5038 966 5110; x_wconf 60' lang='lat' dir='ltr'><strong>rimam</strong></span> <span class='ocrx_word' id='word_1_662' title='bbox 993 5052 1093 5106; x_wconf 90' lang='lat' dir='ltr'><strong>sub</strong></span> <span class='ocrx_word' id='word_1_663' title='bbox 1125 5044 1391 5101; x_wconf 86' lang='lat' dir='ltr'><strong>Antonino</strong></span> <span class='ocrx_word' id='word_1_664' title='bbox 1431 5038 1749 5110; x_wconf 87' lang='lat' dir='ltr'><strong>philosopho</strong></span> <span class='ocrx_word' id='word_1_665' title='bbox 1791 5039 2044 5108; x_wconf 75' lang='lat' dir='ltr'><strong>prodierit</strong></span> <span class='ocrx_word' id='word_1_666' title='bbox 2084 5038 2319 5099; x_wconf 73' lang='lat' dir='ltr'><strong>Marcion</strong></span> 
     </span>
    </p>
   </div>
   <div class='ocr_carea' id='block_1_96' title="bbox 737 5073 2320 5189">
    <p class='ocr_par' dir='ltr' id='par_1_96' title="bbox 737 5073 2320 5189">
     <span class='ocr_line' id='line_1_102' title="bbox 776 5073 2319 5110; baseline -0.021 -1"><span class='ocrx_word' id='word_1_667' title='bbox 776 5073 966 5110; x_wconf 79' lang='lat' dir='ltr'><strong>I‘lmulll</strong></span> <span class='ocrx_word' id='word_1_668' title='bbox 993 5073 1093 5106; x_wconf 81' lang='lat' dir='ltr'><strong>suo</strong></span> <span class='ocrx_word' id='word_1_669' title='bbox 1125 5073 1391 5101; x_wconf 67' lang='lat' dir='ltr'><strong>(\uummv</strong></span> <span class='ocrx_word' id='word_1_670' title='bbox 1431 5073 1749 5110; x_wconf 74' lang='grc' dir='ltr'><strong>νιιιιυεινμηυ</strong></span> <span class='ocrx_word' id='word_1_671' title='bbox 1792 5073 2044 5108; x_wconf 60' lang='lat' dir='ltr'><strong>Inuum...</strong></span> <span class='ocrx_word' id='word_1_672' title='bbox 2084 5073 2319 5099; x_wconf 52' lang='lat' dir='ltr'><strong>unum&quot;</strong></span> 
     </span>
     <span class='ocr_line' id='line_1_103' title="bbox 737 5073 2320 5189; baseline -0.011 -7"><span class='ocrx_word' id='word_1_673' title='bbox 737 5073 1042 5183; x_wconf 56' lang='lat' dir='ltr'><strong>geremus,</strong></span> <span class='ocrx_word' id='word_1_674' title='bbox 1064 5122 1184 5189; x_wconf 85' lang='lat' dir='ltr'><strong>quia</strong></span> <span class='ocrx_word' id='word_1_675' title='bbox 1206 5116 1306 5189; x_wconf 84' lang='lat' dir='ltr'><strong>sub</strong></span> <span class='ocrx_word' id='word_1_676' title='bbox 1334 5109 1942 5189; x_wconf 70' lang='lat' dir='ltr'><strong>Aniceto.Verum,_qnia</strong></span> <span class='ocrx_word' id='word_1_677' title='bbox 1968 5121 2146 5175; x_wconf 87' lang='lat' dir='ltr'><strong>postea</strong></span> <span class='ocrx_word' id='word_1_678' title='bbox 2168 5130 2320 5189; x_wconf 70' lang='lat' dir='ltr'><strong>coin-</strong></span> 
     </span>
    </p>
   </div>
   <div class='ocr_carea' id='block_1_97' title="bbox 734 5181 2321 5269">
    <p class='ocr_par' dir='ltr' id='par_1_97' title="bbox 734 5181 2321 5269">
     <span class='ocr_line' id='line_1_104' title="bbox 734 5181 2321 5269; baseline -0.008 -17"><span class='ocrx_word' id='word_1_679' title='bbox 734 5181 847 5269; x_wconf 79' lang='lat' dir='ltr'><strong>pcri</strong></span> <span class='ocrx_word' id='word_1_680' title='bbox 878 5181 1597 5269; x_wconf 36' lang='lat' dir='ltr'><strong>Anictitomnsedisse‘lfloinai</strong></span> <span class='ocrx_word' id='word_1_681' title='bbox 1625 5181 2027 5269; x_wconf 60' lang='lat' dir='ltr'><strong>aunislcresev</strong></span> <span class='ocrx_word' id='word_1_682' title='bbox 2052 5194 2176 5239; x_wconf 90' lang='lat' dir='ltr'><strong>ante</strong></span> <span class='ocrx_word' id='word_1_683' title='bbox 2206 5187 2321 5268; x_wconf 76' lang='lat' dir='ltr'><strong>obi-</strong></span> 
     </span>
    </p>
   </div>
   <div class='ocr_carea' id='block_1_98' title="bbox 736 5252 2321 5325">
    <p class='ocr_par' dir='ltr' id='par_1_98' title="bbox 736 5252 2321 5325">
     <span class='ocr_line' id='line_1_105' title="bbox 736 5252 2321 5325; baseline -0.008 -1"><span class='ocrx_word' id='word_1_684' title='bbox 736 5252 849 5324; x_wconf 65' lang='lat' dir='ltr'><strong>ium</strong></span> <span class='ocrx_word' id='word_1_685' title='bbox 884 5262 1131 5323; x_wconf 81' lang='lat' dir='ltr'><strong>Antonini</strong></span> <span class='ocrx_word' id='word_1_686' title='bbox 1162 5259 1262 5313; x_wconf 88' lang='lat' dir='ltr'><strong>Pii.</strong></span> <span class='ocrx_word' id='word_1_687' title='bbox 1288 5254 1489 5310; x_wconf 89' lang='lat' dir='ltr'><strong>auctori</strong></span> <span class='ocrx_word' id='word_1_688' title='bbox 1519 5252 1604 5325; x_wconf 81' lang='lat' dir='ltr'><strong>hic</strong></span> <span class='ocrx_word' id='word_1_689' title='bbox 1630 5254 1873 5325; x_wconf 78' lang='lat' dir='ltr'><strong>assentiri</strong></span> <span class='ocrx_word' id='word_1_690' title='bbox 1905 5268 2067 5325; x_wconf 78' lang='lat' dir='ltr'><strong>c_ogor</strong></span> <span class='ocrx_word' id='word_1_691' title='bbox 2093 5257 2321 5325; x_wconf 63' lang='lat' dir='ltr'><strong>cepisse</strong></span> 
     </span>
    </p>
   </div>
   <div class='ocr_carea' id='block_1_99' title="bbox 737 5323 2326 5394">
    <p class='ocr_par' dir='ltr' id='par_1_99' title="bbox 737 5323 2326 5394">
     <span class='ocr_line' id='line_1_106' title="bbox 737 5323 2326 5394; baseline -0.001 -6"><span class='ocrx_word' id='word_1_692' title='bbox 737 5323 1059 5394; x_wconf 67' lang='lat' dir='ltr'><strong>Marcionem</strong></span> <span class='ocrx_word' id='word_1_693' title='bbox 1091 5331 1190 5385; x_wconf 91' lang='lat' dir='ltr'><strong>sub</strong></span> <span class='ocrx_word' id='word_1_694' title='bbox 1213 5327 1481 5382; x_wconf 87' lang='lat' dir='ltr'><strong>Antonino</strong></span> <span class='ocrx_word' id='word_1_695' title='bbox 1500 5323 1719 5391; x_wconf 78' lang='lat' dir='ltr'><strong>majore,</strong></span> <span class='ocrx_word' id='word_1_696' title='bbox 1746 5323 1794 5376; x_wconf 88' lang='lat' dir='ltr'><strong>id</strong></span> <span class='ocrx_word' id='word_1_697' title='bbox 1822 5334 1903 5377; x_wconf 88' lang='lat' dir='ltr'><strong>est</strong></span> <span class='ocrx_word' id='word_1_698' title='bbox 1928 5323 2043 5386; x_wconf 88' lang='lat' dir='ltr'><strong>Pio.</strong></span> <span class='ocrx_word' id='word_1_699' title='bbox 2078 5328 2151 5381; x_wconf 90' lang='lat' dir='ltr'><strong>uti</strong></span> <span class='ocrx_word' id='word_1_700' title='bbox 2184 5323 2326 5386; x_wconf 77' lang='lat' dir='ltr'><strong>mox.</strong></span> 
     </span>
    </p>
   </div>
   <div class='ocr_carea' id='block_1_100' title="bbox 734 5395 2317 5477">
    <p class='ocr_par' dir='ltr' id='par_1_100' title="bbox 734 5395 2317 5477">
     <span class='ocr_line' id='line_1_107' title="bbox 734 5395 2317 5477; baseline 0.016 -21"><span class='ocrx_word' id='word_1_701' title='bbox 734 5410 996 5477; x_wconf 83' lang='lat' dir='ltr'><strong>sequitur,</strong></span> <span class='ocrx_word' id='word_1_702' title='bbox 1025 5422 1051 5456; x_wconf 88' lang='lat' dir='ltr'><strong>a</strong></span> <span class='ocrx_word' id='word_1_703' title='bbox 1078 5417 1185 5472; x_wconf 87' lang='lat' dir='ltr'><strong>quo</strong></span> <span class='ocrx_word' id='word_1_704' title='bbox 1209 5411 1394 5477; x_wconf 79' lang='lat' dir='ltr'><strong>omnes</strong></span> <span class='ocrx_word' id='word_1_705' title='bbox 1422 5395 1506 5449; x_wconf 86' lang='lat' dir='ltr'><strong>alit</strong></span> <span class='ocrx_word' id='word_1_706' title='bbox 1530 5405 1616 5449; x_wconf 81' lang='lat' dir='ltr'><strong>ant</strong></span> <span class='ocrx_word' id='word_1_707' title='bbox 1640 5408 1841 5473; x_wconf 64' lang='lat' dir='ltr'><strong>nomen</strong></span> <span class='ocrx_word' id='word_1_708' title='bbox 1891 5406 1980 5451; x_wconf 68' lang='lat'><strong>3&#39;“</strong></span> <span class='ocrx_word' id='word_1_709' title='bbox 2013 5412 2317 5477; x_wconf 55' lang='lat' dir='ltr'><strong>WWWE&quot;</strong></span> 
     </span>
    </p>
   </div>
   <div class='ocr_carea' id='block_1_101' title="bbox 734 5468 2317 5535">
    <p class='ocr_par' dir='ltr' id='par_1_101' title="bbox 734 5468 2317 5535">
     <span class='ocr_line' id='line_1_108' title="bbox 734 5468 2317 5535; baseline -0.006 -2"><span class='ocrx_word' id='word_1_710' title='bbox 734 5468 993 5535; x_wconf 74' lang='lat' dir='ltr'><strong>Antonini</strong></span> <span class='ocrx_word' id='word_1_711' title='bbox 1038 5468 1256 5527; x_wconf 80' lang='lat' dir='ltr'><strong>mutuati</strong></span> <span class='ocrx_word' id='word_1_712' title='bbox 1301 5476 1424 5522; x_wconf 88' lang='lat' dir='ltr'><strong>sunt</strong></span> <span class='ocrx_word' id='word_1_713' title='bbox 1466 5468 1740 5519; x_wconf 82' lang='lat' dir='ltr'><strong>:maxime</strong></span> <span class='ocrx_word' id='word_1_714' title='bbox 1792 5480 1911 5520; x_wconf 92' lang='lat' dir='ltr'><strong>cum</strong></span> <span class='ocrx_word' id='word_1_715' title='bbox 1958 5468 2115 5526; x_wconf 78' lang='lat' dir='ltr'><strong>etiam</strong></span> <span class='ocrx_word' id='word_1_716' title='bbox 2166 5470 2317 5525; x_wconf 91' lang='lat' dir='ltr'><strong>initio</strong></span> 
     </span>
    </p>
   </div>
   <div class='ocr_carea' id='block_1_102' title="bbox 735 5534 2315 5610">
    <p class='ocr_par' dir='ltr' id='par_1_102' title="bbox 735 5534 2315 5610">
     <span class='ocr_line' id='line_1_109' title="bbox 735 5534 2315 5610; baseline -0.013 -2"><span class='ocrx_word' id='word_1_717' title='bbox 735 5534 1081 5608; x_wconf 75' lang='lat' dir='ltr'><strong>Pontiﬁcatus</strong></span> <span class='ocrx_word' id='word_1_718' title='bbox 1114 5542 1325 5610; x_wconf 83' lang='lat' dir='ltr'><strong>Aniceti</strong></span> <span class='ocrx_word' id='word_1_719' title='bbox 1345 5538 1570 5593; x_wconf 79' lang='lat' dir='ltr'><strong>Romam</strong></span> <span class='ocrx_word' id='word_1_720' title='bbox 1600 5534 1808 5610; x_wconf 75' lang='lat' dir='ltr'><strong>venisse</strong></span> <span class='ocrx_word' id='word_1_721' title='bbox 1842 5536 2315 5610; x_wconf 54' lang='lat' dir='ltr'><strong>scribatPolyear-</strong></span> 
     </span>
    </p>
   </div>
   <div class='ocr_carea' id='block_1_103' title="bbox 734 5602 2314 5692">
    <p class='ocr_par' dir='ltr' id='par_1_103' title="bbox 734 5602 2314 5692">
     <span class='ocr_line' id='line_1_110' title="bbox 734 5602 2314 5692; baseline -0.007 -15"><span class='ocrx_word' id='word_1_722' title='bbox 734 5602 1167 5692; x_wconf 18' lang='lat' dir='ltr'><strong>pumonsebius</strong></span> <span class='ocrx_word' id='word_1_723' title='bbox 1212 5609 1509 5692; x_wconf 75' lang='lat' dir='ltr'><strong>in_CItrott.,</strong></span> <span class='ocrx_word' id='word_1_724' title='bbox 1560 5614 1615 5689; x_wconf 65' lang='lat' dir='ltr'><strong>et</strong></span> <span class='ocrx_word' id='word_1_725' title='bbox 1668 5604 1802 5692; x_wconf 51' lang='lat' dir='ltr'><strong>Hist.</strong></span> <span class='ocrx_word' id='word_1_726' title='bbox 1838 5602 2001 5692; x_wconf 56' lang='grc' dir='ltr'><strong>ςεριη</strong></span> <span class='ocrx_word' id='word_1_727' title='bbox 2052 5602 2314 5692; x_wconf 46' lang='lat' dir='ltr'><strong>“IL-“IV,</strong></span> 
     </span>
    </p>
   </div>
   <div class='ocr_carea' id='block_1_104' title="bbox 732 5674 2314 5761">
    <p class='ocr_par' dir='ltr' id='par_1_104' title="bbox 732 5674 2314 5761">
     <span class='ocr_line' id='line_1_111' title="bbox 732 5674 2314 5761; baseline -0.015 -13"><span class='ocrx_word' id='word_1_728' title='bbox 732 5674 855 5761; x_wconf 52' lang='lat' dir='ltr'>Ea};</span> <span class='ocrx_word' id='word_1_729' title='bbox 878 5692 965 5757; x_wconf 77' lang='lat' dir='ltr'><strong>l3,</strong></span> <span class='ocrx_word' id='word_1_730' title='bbox 996 5688 1133 5761; x_wconf 86' lang='lat' dir='ltr'><strong>idem</strong></span> <span class='ocrx_word' id='word_1_731' title='bbox 1162 5685 1359 5739; x_wconf 84' lang='lat' dir='ltr'><strong>scribat</strong></span> <span class='ocrx_word' id='word_1_732' title='bbox 1386 5678 1690 5734; x_wconf 75' lang='lat' dir='ltr'><strong>occurrisse</strong></span> <span class='ocrx_word' id='word_1_733' title='bbox 1736 5674 1805 5731; x_wconf 90' lang='lat' dir='ltr'><strong>ibi</strong></span> <span class='ocrx_word' id='word_1_734' title='bbox 1848 5677 2145 5750; x_wconf 86' lang='lat' dir='ltr'><strong>Polycarpo</strong></span> <span class='ocrx_word' id='word_1_735' title='bbox 2172 5674 2314 5737; x_wconf 71' lang='lat' dir='ltr'><strong>Mar;</strong></span> 
     </span>
    </p>
   </div>
   <div class='ocr_carea' id='block_1_105' title="bbox 730 5760 1890 5830">
    <p class='ocr_par' dir='ltr' id='par_1_105' title="bbox 730 5760 1890 5830">
     <span class='ocr_line' id='line_1_112' title="bbox 730 5760 1890 5830; baseline 0.004 -11"><span class='ocrx_word' id='word_1_736' title='bbox 730 5760 1155 5830; x_wconf 70' lang='lat' dir='ltr'><strong>cionem.PM4-_</strong></span> <span class='ocrx_word' id='word_1_737' title='bbox 1661 5819 1671 5830; x_wconf 83' lang='lat'>_</span> <span class='ocrx_word' id='word_1_738' title='bbox 1724 5820 1736 5830; x_wconf 76' lang='grc'><em>,</em></span> <span class='ocrx_word' id='word_1_739' title='bbox 1794 5828 1801 5830; x_wconf 27' lang='grc' dir='ltr'>λ</span> <span class='ocrx_word' id='word_1_740' title='bbox 1882 5822 1890 5830; x_wconf 82' lang='grc'><em>,</em></span> 
     </span>
    </p>
   </div>
   <div class='ocr_carea' id='block_1_106' title="bbox 800 5819 2313 5910">
    <p class='ocr_par' dir='ltr' id='par_1_106' title="bbox 800 5819 2313 5910">
     <span class='ocr_line' id='line_1_113' title="bbox 800 5819 2313 5910; baseline -0.002 -25"><span class='ocrx_word' id='word_1_741' title='bbox 800 5833 880 5910; x_wconf 85' lang='lat' dir='ltr'><strong>(b)</strong></span> <span class='ocrx_word' id='word_1_742' title='bbox 911 5832 950 5886; x_wconf 73' lang='grc' dir='ltr'><strong>Α</strong></span> <span class='ocrx_word' id='word_1_743' title='bbox 989 5828 1188 5885; x_wconf 80' lang='lat' dir='ltr'><strong>Tiberio</strong></span> <span class='ocrx_word' id='word_1_744' title='bbox 1218 5833 1563 5890; x_wconf 67' lang='lat' dir='ltr'><strong>antemnaque</strong></span> <span class='ocrx_word' id='word_1_745' title='bbox 1605 5819 1671 5873; x_wconf 86' lang='lat' dir='ltr'><strong>ad</strong></span> <span class='ocrx_word' id='word_1_746' title='bbox 1704 5820 2015 5877; x_wconf 79' lang='lat' dir='ltr'><strong>Antoninum</strong></span> <span class='ocrx_word' id='word_1_747' title='bbox 2033 5824 2175 5890; x_wconf 89' lang='lat' dir='ltr'><strong>anni,</strong></span> <span class='ocrx_word' id='word_1_748' title='bbox 2208 5833 2313 5882; x_wconf 88' lang='lat' dir='ltr'><strong>etc.</strong></span> 
     </span>
    </p>
   </div>
   <div class='ocr_carea' id='block_1_107' title="bbox 2438 4692 4032 4769">
    <p class='ocr_par' dir='ltr' id='par_1_107' title="bbox 2438 4692 4032 4769">
     <span class='ocr_line' id='line_1_114' title="bbox 2438 4692 4032 4769; baseline 0.008 -20"><span class='ocrx_word' id='word_1_749' title='bbox 2438 4692 2491 4749; x_wconf 90' lang='lat' dir='ltr'><strong>Si</strong></span> <span class='ocrx_word' id='word_1_750' title='bbox 2524 4692 2793 4769; x_wconf 75' lang='lat' dir='ltr'><strong>legeretur</strong></span> <span class='ocrx_word' id='word_1_751' title='bbox 2816 4693 2938 4769; x_wconf 76' lang='lat' dir='ltr'><strong>anni</strong></span> <span class='ocrx_word' id='word_1_752' title='bbox 2963 4702 3163 4769; x_wconf 67' lang='lat' dir='ltr'><strong>centum</strong></span> <span class='ocrx_word' id='word_1_753' title='bbox 3188 4696 3428 4766; x_wconf 80' lang='lat' dir='ltr'><strong>quinque,</strong></span> <span class='ocrx_word' id='word_1_754' title='bbox 3456 4701 3627 4769; x_wconf 87' lang='lat' dir='ltr'><strong>magis</strong></span> <span class='ocrx_word' id='word_1_755' title='bbox 3656 4701 3945 4759; x_wconf 85' lang='lat' dir='ltr'><strong>accederet</strong></span> <span class='ocrx_word' id='word_1_756' title='bbox 3963 4705 4032 4761; x_wconf 87' lang='lat' dir='ltr'><strong>ad</strong></span> 
     </span>
    </p>
   </div>
   <div class='ocr_carea' id='block_1_108' title="bbox 2428 4764 4039 4843">
    <p class='ocr_par' dir='ltr' id='par_1_108' title="bbox 2428 4764 4039 4843">
     <span class='ocr_line' id='line_1_115' title="bbox 2428 4764 4039 4843; baseline 0.008 -24"><span class='ocrx_word' id='word_1_757' title='bbox 2428 4764 2979 4843; x_wconf 73' lang='lat' dir='ltr'><strong>veritat_et_n_|_i_isto_ria2</strong></span> <span class='ocrx_word' id='word_1_758' title='bbox 3008 4781 3071 4843; x_wconf 81' lang='lat' dir='ltr'><strong>ea</strong></span> <span class='ocrx_word' id='word_1_759' title='bbox 3112 4764 3295 4843; x_wconf 84' lang='lat' dir='ltr'><strong>lectio,</strong></span> <span class='ocrx_word' id='word_1_760' title='bbox 3323 4764 3443 4822; x_wconf 87' lang='lat' dir='ltr'><strong>cum</strong></span> <span class='ocrx_word' id='word_1_761' title='bbox 3476 4764 3925 4843; x_wconf 40' lang='lat' dir='ltr'><strong>tot&#39;reperiantur</strong></span> <span class='ocrx_word' id='word_1_762' title='bbox 3968 4778 4039 4832; x_wconf 86' lang='lat' dir='ltr'><strong>ab</strong></span> 
     </span>
    </p>
   </div>
   <div class='ocr_carea' id='block_1_109' title="bbox 2428 4834 4040 4918">
    <p class='ocr_par' dir='ltr' id='par_1_109' title="bbox 2428 4834 4040 4918">
     <span class='ocr_line' id='line_1_116' title="bbox 2428 4834 4040 4918; baseline 0.009 -29"><span class='ocrx_word' id='word_1_763' title='bbox 2428 4850 2575 4918; x_wconf 75' lang='lat' dir='ltr'><strong>anno</strong></span> <span class='ocrx_word' id='word_1_764' title='bbox 2611 4834 2924 4918; x_wconf 40' lang='lat' dir='ltr'><strong>I_5.Tiberii,</strong></span> <span class='ocrx_word' id='word_1_765' title='bbox 2956 4837 3109 4906; x_wconf 86' lang='lat' dir='ltr'><strong>cujus</strong></span> <span class='ocrx_word' id='word_1_766' title='bbox 3141 4840 3299 4904; x_wconf 86' lang='lat' dir='ltr'><strong>paulo</strong></span> <span class='ocrx_word' id='word_1_767' title='bbox 3324 4851 3455 4918; x_wconf 79' lang='lat' dir='ltr'><strong>ante</strong></span> <span class='ocrx_word' id='word_1_768' title='bbox 3486 4834 3749 4918; x_wconf 68' lang='lat' dir='ltr'><strong>meminit,</strong></span> <span class='ocrx_word' id='word_1_769' title='bbox 3782 4856 3839 4900; x_wconf 91' lang='lat' dir='ltr'><strong>et</strong></span> <span class='ocrx_word' id='word_1_770' title='bbox 3867 4862 3894 4901; x_wconf 91' lang='lat' dir='ltr'><strong>a</strong></span> <span class='ocrx_word' id='word_1_771' title='bbox 3930 4864 4040 4918; x_wconf 90' lang='lat' dir='ltr'><strong>quo</strong></span> 
     </span>
    </p>
   </div>
   <div class='ocr_carea' id='block_1_110' title="bbox 2437 4906 4041 4981">
    <p class='ocr_par' dir='ltr' id='par_1_110' title="bbox 2437 4906 4041 4981">
     <span class='ocr_line' id='line_1_117' title="bbox 2437 4906 4041 4981; baseline 0.007 -19"><span class='ocrx_word' id='word_1_772' title='bbox 2437 4906 2577 4963; x_wconf 89' lang='lat' dir='ltr'><strong>haud</strong></span> <span class='ocrx_word' id='word_1_773' title='bbox 2609 4906 2769 4961; x_wconf 90' lang='lat' dir='ltr'><strong>dubie</strong></span> <span class='ocrx_word' id='word_1_774' title='bbox 2800 4918 3119 4981; x_wconf 77' lang='lat' dir='ltr'><strong>computum</strong></span> <span class='ocrx_word' id='word_1_775' title='bbox 3137 4924 3290 4965; x_wconf 91' lang='lat' dir='ltr'><strong>suum</strong></span> <span class='ocrx_word' id='word_1_776' title='bbox 3324 4911 3559 4981; x_wconf 89' lang='lat' dir='ltr'><strong>incipere</strong></span> <span class='ocrx_word' id='word_1_777' title='bbox 3584 4906 3791 4981; x_wconf 85' lang='lat' dir='ltr'><strong>statuit,</strong></span> <span class='ocrx_word' id='word_1_778' title='bbox 3819 4906 4041 4974; x_wconf 81' lang='lat' dir='ltr'><strong>enume-</strong></span> 
     </span>
    </p>
   </div>
   <div class='ocr_carea' id='block_1_111' title="bbox 2433 4978 4039 5051">
    <p class='ocr_par' dir='ltr' id='par_1_111' title="bbox 2433 4978 4039 5051">
     <span class='ocr_line' id='line_1_118' title="bbox 2433 4978 4039 5051; baseline 0.009 -20"><span class='ocrx_word' id='word_1_779' title='bbox 2433 4994 2556 5051; x_wconf 80' lang='lat' dir='ltr'><strong>rans</strong></span> <span class='ocrx_word' id='word_1_780' title='bbox 2619 4994 2788 5051; x_wconf 77' lang='lat' dir='ltr'><strong>annos</strong></span> <span class='ocrx_word' id='word_1_781' title='bbox 2844 4978 3190 5051; x_wconf 83' lang='lat' dir='ltr'><strong>intermedios</strong></span> <span class='ocrx_word' id='word_1_782' title='bbox 3231 4982 3359 5035; x_wconf 83' lang='lat' dir='ltr'><strong>inter</strong></span> <span class='ocrx_word' id='word_1_783' title='bbox 3383 4978 3643 5039; x_wconf 73' lang='lat' dir='ltr'><strong>Civ-istum</strong></span> <span class='ocrx_word' id='word_1_784' title='bbox 3665 5027 3679 5051; x_wconf 88' lang='lat'><strong>,</strong></span> <span class='ocrx_word' id='word_1_785' title='bbox 3710 4978 3871 5043; x_wconf 82' lang='lat' dir='ltr'><strong>sicuti</strong></span> <span class='ocrx_word' id='word_1_786' title='bbox 3907 4992 4039 5047; x_wconf 81' lang='lat' dir='ltr'><strong>sub-</strong></span> 
     </span>
    </p>
   </div>
   <div class='ocr_carea' id='block_1_112' title="bbox 2421 5047 3235 5119">
    <p class='ocr_par' dir='ltr' id='par_1_112' title="bbox 2421 5047 3235 5119">
     <span class='ocr_line' id='line_1_119' title="bbox 2421 5047 3235 5119; baseline 0 -17"><span class='ocrx_word' id='word_1_787' title='bbox 2421 5048 2596 5119; x_wconf 82' lang='lat' dir='ltr'><strong>jungit</strong></span> <span class='ocrx_word' id='word_1_788' title='bbox 2654 5060 2699 5102; x_wconf 85' lang='lat' dir='ltr'><strong>et</strong></span> <span class='ocrx_word' id='word_1_789' title='bbox 2733 5047 3065 5102; x_wconf 81' lang='lat' dir='ltr'><strong>Marcionem.</strong></span> <span class='ocrx_word' id='word_1_790' title='bbox 3100 5052 3235 5105; x_wconf 71' lang='lat' dir='ltr'><strong>Pint.</strong></span> 
     </span>
    </p>
   </div>
   <div class='ocr_carea' id='block_1_113' title="bbox 2503 5118 4037 5191">
    <p class='ocr_par' dir='ltr' id='par_1_113' title="bbox 2503 5118 4037 5191">
     <span class='ocr_line' id='line_1_120' title="bbox 2503 5118 4037 5191; baseline 0.01 -18"><span class='ocrx_word' id='word_1_791' title='bbox 2503 5119 2651 5175; x_wconf 89' lang='lat' dir='ltr'><strong>CAP.</strong></span> <span class='ocrx_word' id='word_1_792' title='bbox 2673 5118 2881 5173; x_wconf 82' lang='lat' dir='ltr'><strong>XX.—</strong></span> <span class='ocrx_word' id='word_1_793' title='bbox 2905 5119 2978 5191; x_wconf 80' lang='grc' dir='ltr'><strong>((τ)</strong></span> <span class='ocrx_word' id='word_1_794' title='bbox 3009 5120 3274 5175; x_wconf 79' lang='lat' dir='ltr'><strong>Pttssiuttm</strong></span> <span class='ocrx_word' id='word_1_795' title='bbox 3294 5125 3482 5179; x_wconf 79' lang='lat' dir='ltr'><strong>scilicet</strong></span> <span class='ocrx_word' id='word_1_796' title='bbox 3508 5129 3810 5183; x_wconf 83' lang='lat' dir='ltr'><strong>convictum.</strong></span> <span class='ocrx_word' id='word_1_797' title='bbox 3839 5129 3897 5186; x_wconf 89' lang='lat' dir='ltr'><strong>Id</strong></span> <span class='ocrx_word' id='word_1_798' title='bbox 3950 5144 4037 5190; x_wconf 84' lang='lat' dir='ltr'><strong>est</strong></span> 
     </span>
    </p>
   </div>
   <div class='ocr_carea' id='block_1_114' title="bbox 2428 5192 3253 5260">
    <p class='ocr_par' dir='ltr' id='par_1_114' title="bbox 2428 5192 3253 5260">
     <span class='ocr_line' id='line_1_121' title="bbox 2428 5192 3253 5260; baseline 0.001 -15"><span class='ocrx_word' id='word_1_799' title='bbox 2428 5193 2789 5260; x_wconf 88' lang='lat' dir='ltr'><strong>promiscuum</strong></span> <span class='ocrx_word' id='word_1_800' title='bbox 2844 5208 2873 5241; x_wconf 92' lang='lat' dir='ltr'><strong>v</strong></span> <span class='ocrx_word' id='word_1_801' title='bbox 2923 5208 2972 5245; x_wconf 82' lang='lat' dir='ltr'><strong>e.</strong></span> <span class='ocrx_word' id='word_1_802' title='bbox 3005 5194 3055 5245; x_wconf 90' lang='grc'><strong>7.</strong></span> <span class='ocrx_word' id='word_1_803' title='bbox 3084 5192 3253 5247; x_wconf 72' lang='grc' dir='ltr'><strong>δειιι.</strong></span> 
     </span>
    </p>
   </div>
   <div class='ocr_carea' id='block_1_115' title="bbox 2501 5260 4027 5341">
    <p class='ocr_par' dir='ltr' id='par_1_115' title="bbox 2501 5260 4027 5341">
     <span class='ocr_line' id='line_1_122' title="bbox 2501 5260 4027 5341; baseline 0.01 -29"><span class='ocrx_word' id='word_1_804' title='bbox 2501 5260 2581 5334; x_wconf 92' lang='lat' dir='ltr'><strong>(d)</strong></span> <span class='ocrx_word' id='word_1_805' title='bbox 2610 5260 2684 5314; x_wconf 86' lang='lat' dir='ltr'><strong>De</strong></span> <span class='ocrx_word' id='word_1_806' title='bbox 2710 5260 3236 5341; x_wconf 47' lang='lat' dir='ltr'><strong>Evangeliinsocietnte</strong></span> <span class='ocrx_word' id='word_1_807' title='bbox 3260 5266 3612 5341; x_wconf 58' lang='lat' dir='ltr'><strong>continuet-ant.</strong></span> <span class='ocrx_word' id='word_1_808' title='bbox 3637 5266 4027 5341; x_wconf 79' lang='lat' dir='ltr'><strong>Condixerant,</strong></span> 
     </span>
    </p>
   </div>
   <div class='ocr_carea' id='block_1_116' title="bbox 2425 5334 4033 5402">
    <p class='ocr_par' dir='ltr' id='par_1_116' title="bbox 2425 5334 4033 5402">
     <span class='ocr_line' id='line_1_123' title="bbox 2425 5334 4033 5402; baseline 0.011 -17"><span class='ocrx_word' id='word_1_809' title='bbox 2425 5347 2522 5402; x_wconf 88' lang='lat' dir='ltr'><strong>pro</strong></span> <span class='ocrx_word' id='word_1_810' title='bbox 2564 5345 2920 5388; x_wconf 82' lang='lat' dir='ltr'><strong>convenerant.</strong></span> <span class='ocrx_word' id='word_1_811' title='bbox 2960 5334 3263 5401; x_wconf 79' lang='lat' dir='ltr'><strong>Condit-ere</strong></span> <span class='ocrx_word' id='word_1_812' title='bbox 3311 5339 3453 5392; x_wconf 84' lang='lat' dir='ltr'><strong>enim</strong></span> <span class='ocrx_word' id='word_1_813' title='bbox 3496 5340 3656 5395; x_wconf 81' lang='lat' dir='ltr'><strong>etiam</strong></span> <span class='ocrx_word' id='word_1_814' title='bbox 3705 5334 4033 5402; x_wconf 78' lang='lat' dir='ltr'><strong>denuntiare</strong></span> 
     </span>
    </p>
   </div>
   <div class='ocr_carea' id='block_1_117' title="bbox 2423 5406 4031 5483">
    <p class='ocr_par' dir='ltr' id='par_1_117' title="bbox 2423 5406 4031 5483">
     <span class='ocr_line' id='line_1_124' title="bbox 2423 5406 4031 5483; baseline 0.009 -26"><span class='ocrx_word' id='word_1_815' title='bbox 2423 5412 2533 5483; x_wconf 84' lang='lat' dir='ltr'><strong>e_st,_</strong></span> <span class='ocrx_word' id='word_1_816' title='bbox 2559 5416 2718 5483; x_wconf 82' lang='lat' dir='ltr'><strong>atque</strong></span> <span class='ocrx_word' id='word_1_817' title='bbox 2758 5406 3103 5483; x_wconf 75' lang='lat' dir='ltr'><strong>constituere.</strong></span> <span class='ocrx_word' id='word_1_818' title='bbox 3140 5406 3307 5483; x_wconf 67' lang='lat' dir='ltr'><strong>Paulo</strong></span> <span class='ocrx_word' id='word_1_819' title='bbox 3339 5418 3458 5477; x_wconf 87' lang='lat' dir='ltr'><strong>post</strong></span> <span class='ocrx_word' id='word_1_820' title='bbox 3496 5412 3852 5483; x_wconf 88' lang='lat' dir='ltr'><strong>restituinms,</strong></span> <span class='ocrx_word' id='word_1_821' title='bbox 3889 5416 4031 5472; x_wconf 80' lang='lat' dir='ltr'><strong>Olim</strong></span> 
     </span>
    </p>
   </div>
   <div class='ocr_carea' id='block_1_118' title="bbox 2422 5474 3324 5545">
    <p class='ocr_par' dir='ltr' id='par_1_118' title="bbox 2422 5474 3324 5545">
     <span class='ocr_line' id='line_1_125' title="bbox 2422 5474 3324 5545; baseline 0.001 -18"><span class='ocrx_word' id='word_1_822' title='bbox 2422 5474 2486 5530; x_wconf 81' lang='lat' dir='ltr'><strong>de</strong></span> <span class='ocrx_word' id='word_1_823' title='bbox 2515 5477 2610 5528; x_wconf 81' lang='lat' dir='ltr'><strong>hoc</strong></span> <span class='ocrx_word' id='word_1_824' title='bbox 2634 5480 2747 5545; x_wconf 81' lang='lat' dir='ltr'><strong>ipso</strong></span> <span class='ocrx_word' id='word_1_825' title='bbox 2776 5477 3117 5542; x_wconf 75' lang='lat' dir='ltr'><strong>praztticantis.</strong></span> <span class='ocrx_word' id='word_1_826' title='bbox 3150 5477 3324 5532; x_wconf 66' lang='lat' dir='ltr'><strong>linea.</strong></span> 
     </span>
    </p>
   </div>
   <div class='ocr_carea' id='block_1_119' title="bbox 2498 5544 4029 5617">
    <p class='ocr_par' dir='ltr' id='par_1_119' title="bbox 2498 5544 4029 5617">
     <span class='ocr_line' id='line_1_126' title="bbox 2498 5544 4029 5617; baseline 0.011 -19"><span class='ocrx_word' id='word_1_827' title='bbox 2498 5544 2572 5617; x_wconf 87' lang='lat' dir='ltr'><strong>(e)</strong></span> <span class='ocrx_word' id='word_1_828' title='bbox 2603 5544 2722 5599; x_wconf 85' lang='lat' dir='ltr'><strong>Sive</strong></span> <span class='ocrx_word' id='word_1_829' title='bbox 2768 5562 2905 5616; x_wconf 85' lang='lat' dir='ltr'><strong>ergo,</strong></span> <span class='ocrx_word' id='word_1_830' title='bbox 2942 5549 3129 5616; x_wconf 88' lang='lat' dir='ltr'><strong>inquit,</strong></span> <span class='ocrx_word' id='word_1_831' title='bbox 3177 5550 3279 5601; x_wconf 70' lang='lat' dir='ltr'><strong>sive</strong></span> <span class='ocrx_word' id='word_1_832' title='bbox 3308 5548 3406 5614; x_wconf 80' lang='lat' dir='ltr'><strong>illi,</strong></span> <span class='ocrx_word' id='word_1_833' title='bbox 3438 5552 3511 5604; x_wconf 85' lang='lat' dir='ltr'><strong>sic</strong></span> <span class='ocrx_word' id='word_1_834' title='bbox 3540 5554 3901 5617; x_wconf 74' lang='lat' dir='ltr'><strong>prwdicamus.</strong></span> <span class='ocrx_word' id='word_1_835' title='bbox 3948 5559 4029 5614; x_wconf 82' lang='lat' dir='ltr'><strong>Ad</strong></span> 
     </span>
    </p>
   </div>
   <div class='ocr_carea' id='block_1_120' title="bbox 2421 5616 4031 5699">
    <p class='ocr_par' dir='ltr' id='par_1_120' title="bbox 2421 5616 4031 5699">
     <span class='ocr_line' id='line_1_127' title="bbox 2421 5616 4031 5699; baseline 0.011 -30"><span class='ocrx_word' id='word_1_836' title='bbox 2421 5616 2651 5699; x_wconf 77' lang='lat' dir='ltr'><strong>verbum</strong></span> <span class='ocrx_word' id='word_1_837' title='bbox 2674 5619 2942 5672; x_wconf 90' lang='lat' dir='ltr'><strong>transtulit</strong></span> <span class='ocrx_word' id='word_1_838' title='bbox 2983 5629 3168 5699; x_wconf 74' lang='lat' dir='ltr'><strong>auctor</strong></span> <span class='ocrx_word' id='word_1_839' title='bbox 3200 5616 3559 5699; x_wconf 65' lang='lat' dir='ltr'><strong>praedicamus,</strong></span> <span class='ocrx_word' id='word_1_840' title='bbox 3596 5626 3646 5680; x_wconf 88' lang='lat' dir='ltr'><strong>id</strong></span> <span class='ocrx_word' id='word_1_841' title='bbox 3677 5630 3820 5699; x_wconf 86' lang='lat' dir='ltr'><strong>quod</strong></span> <span class='ocrx_word' id='word_1_842' title='bbox 3849 5646 4031 5699; x_wconf 73' lang='lat' dir='ltr'><strong>graece</strong></span> 
     </span>
    </p>
   </div>
   <div class='ocr_carea' id='block_1_121' title="bbox 2420 5690 4028 5758">
    <p class='ocr_par' dir='ltr' id='par_1_121' title="bbox 2420 5690 4028 5758">
     <span class='ocr_line' id='line_1_128' title="bbox 2420 5690 4028 5758; baseline 0.007 -16"><span class='ocrx_word' id='word_1_843' title='bbox 2420 5697 2505 5742; x_wconf 91' lang='lat' dir='ltr'><strong>est</strong></span> <span class='ocrx_word' id='word_1_844' title='bbox 2542 5692 2842 5757; x_wconf 63' lang='grc' dir='ltr'><strong>κηρὺςσςμρν,</strong></span> <span class='ocrx_word' id='word_1_845' title='bbox 2881 5690 3329 5758; x_wconf 84' lang='lat' dir='ltr'><strong>quemadmodum</strong></span> <span class='ocrx_word' id='word_1_846' title='bbox 3357 5703 3409 5744; x_wconf 79' lang='lat' dir='ltr'><strong>et</strong></span> <span class='ocrx_word' id='word_1_847' title='bbox 3441 5690 3754 5755; x_wconf 76' lang='lat' dir='ltr'><strong>Ambrosius</strong></span> <span class='ocrx_word' id='word_1_848' title='bbox 3792 5690 4028 5754; x_wconf 62' lang='grc' dir='ltr'><strong>ἱηῖἰοηι-</strong></span> 
     </span>
    </p>
   </div>
   <div class='ocr_carea' id='block_1_122' title="bbox 2422 5759 4031 5828">
    <p class='ocr_par' dir='ltr' id='par_1_122' title="bbox 2422 5759 4031 5828">
     <span class='ocr_line' id='line_1_129' title="bbox 2422 5759 4031 5828; baseline 0.01 -18"><span class='ocrx_word' id='word_1_849' title='bbox 2422 5769 2575 5812; x_wconf 86' lang='lat' dir='ltr'><strong>ment.</strong></span> <span class='ocrx_word' id='word_1_850' title='bbox 2608 5770 2662 5811; x_wconf 90' lang='lat' dir='ltr'><strong>et</strong></span> <span class='ocrx_word' id='word_1_851' title='bbox 2702 5759 2762 5813; x_wconf 87' lang='grc' dir='ltr'><strong>Β.</strong></span> <span class='ocrx_word' id='word_1_852' title='bbox 2795 5762 3016 5828; x_wconf 86' lang='lat' dir='ltr'><strong>August.</strong></span> <span class='ocrx_word' id='word_1_853' title='bbox 3052 5762 3140 5815; x_wconf 90' lang='lat' dir='ltr'><strong>lib.</strong></span> <span class='ocrx_word' id='word_1_854' title='bbox 3200 5760 3267 5827; x_wconf 91' lang='lat' dir='ltr'><strong>II,</strong></span> <span class='ocrx_word' id='word_1_855' title='bbox 3301 5774 3477 5816; x_wconf 80' lang='lat' dir='ltr'><strong>contra</strong></span> <span class='ocrx_word' id='word_1_856' title='bbox 3510 5763 3760 5823; x_wconf 79' lang='lat' dir='ltr'><strong>Faustum</strong></span> <span class='ocrx_word' id='word_1_857' title='bbox 3790 5768 4031 5827; x_wconf 59' lang='lat' dir='ltr'><strong>Manio-lt.</strong></span> 
     </span>
    </p>
   </div>
   <div class='ocr_carea' id='block_1_123' title="bbox 2422 5828 4039 5905">
    <p class='ocr_par' dir='ltr' id='par_1_123' title="bbox 2422 5828 4039 5905">
     <span class='ocr_line' id='line_1_130' title="bbox 2422 5828 4039 5905; baseline 0.011 -20"><span class='ocrx_word' id='word_1_858' title='bbox 2422 5844 2541 5901; x_wconf 83' lang='lat' dir='ltr'><strong>cap.</strong></span> <span class='ocrx_word' id='word_1_859' title='bbox 2573 5828 2628 5895; x_wconf 75' lang='lat'><strong>2,</strong></span> <span class='ocrx_word' id='word_1_860' title='bbox 2655 5839 2707 5886; x_wconf 90' lang='lat' dir='ltr'><strong>et</strong></span> <span class='ocrx_word' id='word_1_861' title='bbox 2738 5831 2847 5901; x_wconf 84' lang='lat' dir='ltr'><strong>ipsa</strong></span> <span class='ocrx_word' id='word_1_862' title='bbox 2871 5847 3081 5903; x_wconf 81' lang='lat' dir='ltr'><strong>quoque</strong></span> <span class='ocrx_word' id='word_1_863' title='bbox 3110 5834 3316 5905; x_wconf 86' lang='lat' dir='ltr'><strong>syriaca</strong></span> <span class='ocrx_word' id='word_1_864' title='bbox 3351 5834 3515 5891; x_wconf 79' lang='lat' dir='ltr'><strong>editio</strong></span> <span class='ocrx_word' id='word_1_865' title='bbox 3540 5852 3605 5893; x_wconf 86' lang='lat' dir='ltr'><strong>ac</strong></span> <span class='ocrx_word' id='word_1_866' title='bbox 3632 5840 4039 5902; x_wconf 84' lang='lat' dir='ltr'><strong>emendatiores</strong></span> 
     </span>
    </p>
   </div>
  </div>
