4262 6490
194 346 297 405 269

1273 352 1403 407 LIB.
1449 352 1465 407 I
1508 352 1872 411 ADVERSUS
1910 350 2335 410 MARCIONEM.

3386 356 3496 411 970

194 458 296 513 Sed
325 467 381 514 ct
410 459 452 512 si
484 458 743 531 quosdam
772 461 930 533 falsos
960 460 1144 532 fratres
1182 463 1444 534 irrepsisse
1482 462 1785 534 descripsit,
1818 468 1870 527 Α
1896 466 2044 519 dilati
2062 476 2178 520 sunt
2199 466 2406 520 inania:
2427 465 2733 521 adstiterant
2754 482 2893 539 reges
2910 475 3074 530 terrae,
3099 478 3146 522 et
3168 472 3495 541 magistratus

195 553 282 621 qui
331 552 531 608 vellent
573 554 789 609 Galatas
840 554 908 607 ad
956 555 1098 608 aliud
1141 551 1475 626 Euangelium
1518 559 1795 626 transferre

198 646 365 721 (ϐαίη
394 648 440 712 I,
471 648 547 721 7),
586 650 700 719 ipse
743 653 1079 705 demonstrat
1115 648 1434 705 adulterium
1464 647 1593 704 illud
1622 648 1795 705 Evan-

193 742 343 811 gelii,
377 756 484 796 non
526 742 591 797 ad
637 743 857 797 alterius
894 743 989 797 Dei
1034 753 1087 798 ct
1115 742 1318 798 Christi
1364 742 1519 799 fidem
1567 742 1795 799 transfe-

196 834 444 895 rendam.
481 835 666 913 ειη]ρά
700 836 1036 906 disciplinam
1059 836 1214 906 Legis
1235 838 1657 892 conservandam
1688 836 1792 910 (I),

197 924 452 981 habuisse
479 928 828 984 intentionem
855 946 867 993 ;
903 928 1305 997 reprehendens
1336 930 1416 1001 (2)
1444 929 1650 985 scilicet
1673 930 1797 985 illos

193 1020 665 1075 circumcisionem
692 1020 1047 1087 vindicantes,
1077 1030 1131 1076 et
1157 1020 1504 1076 observantes
1531 1030 1794 1090 tempora,

204 1120 254 1165 ct
290 1108 409 1165 dies
434 1121 487 1164 et
516 1122 794 1167 menseset
818 1126 990 1167 annos
1012 1110 1345 1182 judaicarum
1358 1113 1797 1168 caeremoniarum

198 1198 368 1277 (ϐαι,
408 1202 495 1269 IV,
536 1204 649 1275 10),
682 1220 815 1276 quas
855 1205 965 1275 jam
1006 1205 1250 1259 exclusas
1288 1205 1569 1277 agnovisse
1594 1204 1798 1263 debue-

195 1304 342 1360 rant,
376 1298 672 1352 secundum
717 1298 1023 1352 innovatam
1066 1298 1472 1369 dispositionem
1503 1297 1797 1365 Creatoris,

193 1388 327 1441 olim
360 1388 428 1443 dc
460 1387 564 1447 hoc
591 1390 707 1459 ipso
740 1390 814 1458 (3)
844 1390 1179 1458 praulicantis
1207 1404 1302 1459 per
1325 1389 1612 1460 prophetas
1636 1403 1760 1444 suos
1781 1428 1798 1456 ,

196 1490 253 1536 ut
291 1498 387 1548 per
441 1481 628 1535 Isaiam
677 1481 800 1553 (ls.,
844 1480 1025 1547 XLIII,
1072 1481 1202 1551 I9):
1254 1480 1430 1536 Vetera
1471 1482 1800 1548 transierunt,

194 1572 399 1642 inquit;
431 1590 541 1627 ecce
572 1590 700 1626 nova
738 1590 851 1641 ante
879 1592 968 1646 rgo
998 1591 1134 1627 nunc
1164 1576 1322 1645 facio;
1355 1585 1405 1630 et
1434 1575 1559 1629 alibi
1588 1574 1800 1647 (Jerent.

194 1666 397 1729 XXXI,
428 1650 520 1736 32)
547 1685 561 1721 ε
594 1664 659 1721 Et
690 1668 957 1738 disponam
986 1680 1358 1731 testamentum,
1389 1686 1490 1725 non
1523 1670 1673 1740 quale
1696 1670 1805 1723 dis-

195 1764 347 1830 posui
378 1762 449 1815 atl
493 1772 660 1831 patres
692 1774 899 1828 uestros,
940 1781 1053 1817 cum
1094 1765 1210 1819 illas
1238 1766 1523 1820 eduxissent
1568 1766 1631 1819 de
1670 1776 1806 1820 terra

1900 568 2238 613 convenerunt
2256 558 2335 631 (7)
2364 559 2413 612 in
2441 574 2600 612 unum
2616 558 2858 613 adversus
2880 559 3155 615 Dominum
3185 573 3231 615 et
3253 565 3495 618 adversus

1900 649 2158 707 Christum
2204 655 2313 723 ejus
2356 651 2518 724 (Ibid.
2547 693 2562 718 ,
2596 654 2617 707 I
2643 694 2658 718 ,
2679 651 2762 722 2).
2798 652 2864 707 Et
2900 653 3106 724 utique,
3127 655 3171 710 si
3201 656 3335 710 alius
3364 656 3499 712 deus

1902 743 2286 814 praedicaretur
2300 762 2329 798 a
2353 745 2535 811 Paulo,
2554 744 2694 800 nulla
2713 744 3035 817 disceptatio
3046 755 3190 802 esset
3217 750 3495 804 servanda:

1900 837 2051 908 legis,
2095 853 2284 905 necne,
2338 853 2445 893 non
2488 839 2804 909 pertinentis
2845 839 3051 894 scilicet
3093 840 3161 894 ad
3215 841 3493 897 dominum

1906 944 2106 985 novum
2126 939 2181 985 et
2201 930 2451 989 ventulum
2476 930 2629 1001 legis.
2650 929 2765 1000 Ipsa
2788 930 2928 984 enim
2980 931 3064 986 dei
3098 933 3309 987 novitas
3332 943 3495 1001 atoue

1901 1020 2184 1076 diversitas
2212 1020 2525 1076 absmlisset
2555 1035 2660 1076 non
2706 1020 2869 1075 modo
2910 1022 3262 1091 quaestionem
3297 1025 3496 1078 veteris

1905 1126 1960 1171 ct
1985 1116 2172 1171 alienae
2203 1115 2360 1187 legis,
2394 1130 2577 1170 verum
2608 1129 2825 1170 omnem
2854 1114 2971 1185 ejus
2998 1116 3344 1170 mentionem.
3387 1117 3499 1174 Sed

1905 1209 1991 1264 hic
2015 1217 2131 1264 erat
2159 1218 2300 1264 totus
2315 1217 2484 1264 status
2504 1208 2837 1279 quaestionis,
2863 1208 3027 1279 quod,
3047 1224 3167 1264 cum
3192 1210 3333 1265 idem
3360 1211 3498 1265 Iteos

1905 1300 2038 1370 legis
2069 1302 2120 1356 in
2161 1301 2374 1357 Christo
2409 1301 2806 1371 praedicaretur,
2838 1300 2941 1371 legi
2974 1303 3088 1371 ejus
3127 1302 3499 1373 derogaretur.

1906 1394 2096 1451 Stabat
2126 1396 2287 1467 igitur
2328 1394 2461 1450 ﬁdes
2506 1409 2721 1466 semper
2782 1396 2835 1449 in
2879 1394 3135 1451 Creatore
3182 1406 3236 1451 et
3282 1398 3499 1453 Christo

1907 1486 2059 1558 ejus,
2093 1488 2189 1543 sed
2220 1490 2561 1545 conversatio
2590 1498 2644 1542 ct
2680 1488 2962 1557 disciplina
2994 1489 3231 1545 nutabat.
3261 1488 3339 1560 (α)
3367 1488 3500 1547 Nam

1908 1591 1962 1633 et
1989 1580 2079 1635 alii
2112 1580 2180 1635 de
2207 1579 2508 1652 idolothyto
2546 1578 2780 1646 edendo,
2808 1580 2896 1635 alii
2936 1580 3002 1635 de
3035 1581 3314 1636 mulierum
3350 1581 3501 1637 vela-

1912 1682 2115 1739 mento,
2142 1673 2236 1727 alii
2258 1673 2324 1728 de
2348 1673 2548 1742 nuptiis
2568 1672 2652 1726 vel
2678 1672 2935 1741 repudiis,
2970 1674 3210 1729 nonnulli
3241 1682 3292 1728 et
3319 1673 3386 1728 de
3408 1689 3507 1745 spe

1911 1765 2341 1829 resurrectionis,
2388 1764 2790 1833 disceptabant;
2837 1764 2903 1819 de
2944 1765 3081 1830 Deo,
3140 1780 3317 1819 nemo.
3343 1764 3500 1830 Nam,

196 1853 458 1925 nygplt,‘
490 1855 567 1908 sic
595 1866 650 1909 et
689 1873 783 1925 per
819 1856 1138 1911 Ilieremiam
1183 1857 1395 1931 (Jerem.
1426 1857 1517 1924 IV,
1561 1859 1615 1927 Δ)
1653 1876 1665 1911 :
1700 1861 1801 1913 Re-
1836 1876 1883 1936 Β
1911 1859 1956 1914 si
1982 1858 2069 1927 (8)
2097 1856 2287 1913 fuisset
2319 1857 2434 1912 haec
2460 1871 2673 1927 quoque
2702 1856 2930 1924 quaestio
2963 1857 3278 1925 disceptata,
3307 1867 3362 1911 et
3392 1860 3506 1927 ipsa

198 1960 382 2003 novate
426 1949 561 2003 vobis
606 1966 848 2004 novamcn
882 1968 1086 2014 nouunt,
1129 1962 1178 2006 et
1223 1951 1649 2006 circumcidimint'
1699 1950 1805 2005 Deo

201 2054 387 2107 vestro,
431 2052 476 2096 et
518 2043 941 2097 circumcidimini
981 2045 1231 2114 praeputia
1260 2044 1429 2098 cordis
1454 2044 1626 2098 vestri.
1660 2043 1808 2097 IIanc

202 2150 336 2203 ergo
385 2135 849 2190 circumcisionem
894 2136 1007 2207 jam
1040 2140 1239 2192 sistens
1277 2136 1566 2207 Apostolus
1613 2144 1667 2190 et
1708 2135 1809 2191 hoc

204 2245 500 2295 novamcn,
527 2230 641 2283 illas
668 2246 880 2301 quoque
908 2239 1199 2287 vetustates
1223 2232 1671 2286 caeremoniarum
1701 2228 1812 2283 dis-

202 2321 489 2387 suadehat,
519 2320 587 2377 de
625 2319 817 2391 quibus
844 2322 983 2378 idem
1008 2322 1265 2378 Conditor
1286 2338 1471 2377 earum
1493 2321 1813 2392 quandomie

205 2416 505 2469 cessatuiis
549 2414 899 2484 profitebatur
976 2431 1069 2483 per
1112 2414 1250 2470 Osce
1295 2413 1412 2483 (0s.
1455 2413 1520 2481 II,
1561 2415 1647 2485 II)
1685 2432 1699 2469 :
1746 2413 1814 2468 Et

203 2516 434 2560 orertmn
462 2522 632 2560 omnes
654 2506 1001 2578 jocunditates
1028 2510 1160 2578 ejus,
1206 2516 1254 2562 et
1284 2508 1391 2561 dies
1421 2511 1577 2578 festos
1601 2508 1731 2577 ejus,
1765 2515 1814 2561 et

206 2600 525 2661 ncomenias,
565 2608 609 2651 et
635 2598 867 2665 sabbata,
915 2610 961 2653 et
988 2616 1161 2653 omnes
1200 2600 1532 2654 ewremonias
1562 2601 1691 2670 ejus.
1724 2598 1816 2654 Sic

208 2691 359 2746 enim
392 2700 447 2746 et
474 2707 566 2761 per
592 2690 778 2745 Isaiam
827 2689 927 2764 (Is.
956 2692 995 2757 I,
1023 2689 1112 2765 Il)
1143 2710 1155 2745 :
1190 2690 1499 2746 Nemnenius
1527 2702 1735 2755 vestros,
1770 2699 1821 2746 et

208 2786 445 2849 sabbata,
477 2794 523 2837 et
559 2785 692 2838 diem
724 2802 968 2856 magnum
1009 2799 1108 2839 non
1141 2786 1398 2839 sustineo:
1428 2785 1580 2857 ferias
1607 2794 1653 2839 et
1674 2785 1816 2856 jeju-

216 2881 385 2941 nium,
418 2890 464 2933 et
501 2879 607 2932 dies
636 2880 789 2947 Ieslos
821 2890 1007 2933 restros
1049 2880 1155 2932 odit
1192 2880 1366 2932 anima
1406 2895 1537 2932 mea.
1578 2878 1730 2946 Quod
1776 2879 1821 2933 si

214 2981 271 3025 ct
313 2969 543 3024 Creator
592 2970 772 3022 omnia
818 2970 933 3024 hate
974 2966 1296 3040 jampridem
1347 2978 1713 3035 recusaverat,
1761 2977 1816 3024 et

218 3062 520 3132 Apostolus
549 3076 609 3116 ea
638 3061 747 3130 jam
790 3060 1081 3116 recusanda
1122 3062 1520 3132 pronuntiabat,
1551 3062 1663 3131 ipsa
1700 3076 1827 3116 sen-

218 3156 383 3210 tentia
405 3154 1040 3224 Apostoli,consentanea
1068 3153 1300 3209 decretis
1318 3152 1608 3221 Creatoris,
1634 3154 1826 3223 probat

1912 1953 2053 2024 apud
2080 1953 2398 2024 Apostolum
2432 1950 2782 2014 inveniretur,
2814 1951 2897 2004 vel
2938 1961 3138 2019 quanto
3174 1950 3507 2022 principalis.

1910 2043 2065 2112 Quod
2114 2044 2157 2098 si
2204 2052 2327 2113 post
2351 2043 2715 2112 apostolorum
2748 2050 3011 2111 tempora,
3052 2042 3374 2097 adulterium
3415 2059 3509 2098 vc.

1916 2138 2045 2191 ritas
2067 2151 2220 2206 passa
2238 2144 2321 2191 est
2346 2135 2486 2190 circa
2514 2134 2606 2190 Dei
2630 2134 2891 2204 regulam,
2919 2148 3050 2205 ergo
3068 2134 3178 2203 jam
3218 2136 3511 2205 apostolica

1916 2229 2132 2284 traditio
2158 2228 2285 2283 nihil
2316 2242 2471 2299 passa
2495 2238 2575 2283 est
2632 2228 2685 2281 in
2719 2235 2960 2296 tempore
2986 2244 3084 2282 suo
3113 2229 3253 2283 circa
3292 2228 3387 2283 Dei
3423 2246 3518 2283 re-

1915 2320 2114 2392 gulam,
2164 2329 2218 2377 et
2271 2336 2377 2374 non
2410 2320 2514 2374 alia
2545 2318 2881 2390 agnoscenda
2918 2320 3021 2373 erit
3049 2319 3263 2374 traditio
3291 2331 3513 2390 aposto-

1918 2413 2115 2479 lorum,
2166 2427 2329 2483 qoam
2380 2429 2500 2484 qua:
2548 2411 2711 2468 hodie
2764 2412 2905 2483 apud
2955 2414 3190 2483 ipsorum
3242 2413 3515 2469 Ecclesias

1924 2504 2121 2559 editur.
2179 2502 2386 2559 Nullam
2437 2514 2614 2558 autem
2660 2504 2936 2575 apostolici
2981 2519 3174 2560 census
3220 2505 3517 2561 Ecclesiam

1922 2600 2185 2666 invenias,
2217 2614 2337 2669 qua:
2376 2614 2483 2653 non
2527 2597 2581 2653 in
2624 2598 2879 2655 Creatore
2907 2598 3289 2655 christianizet.
3326 2605 3431 2654 Aut
3475 2601 3521 2655 si

1924 2694 2005 2748 Ine
2033 2701 2193 2748 erunt
2230 2708 2258 2745 a
2289 2691 2583 2764 primordio
2613 2701 2900 2762 corruptio,
2925 2708 3046 2763 qtae
3077 2702 3236 2748 erunt
3262 2694 3521 2764 integris?

1924 2786 2174 2841 nimirum
2206 2784 2528 2840 adversaria:
2565 2781 2853 2839 Creatoris.
2889 2784 3096 2839 Exhibe
3136 2802 3263 2856 ergo
3289 2787 3522 2858 aliquam

1924 2894 1988 2935 ex
2021 2878 2125 2933 tuis
2141 2877 2416 2947 apostolici
2444 2892 2657 2939 sensus,
2687 2887 2742 2932 et
2758 2877 3162 2949 obduxeris“).
3186 2879 3365 2950 Igitur.
3397 2895 3518 2936 cum

1925 2970 2176 3024 omnibus
2202 2967 2377 3024 modis
2427 2978 2641 3024 constet
2664 2969 2828 3024 alium
2855 2968 3014 3024 deum
3046 2970 3097 3024 in
3127 2973 3304 3039 regula
3338 2986 3523 3026 sacra-

1927 3061 2095 3116 menti
2115 3062 2266 3116 istius
2290 3074 2395 3116 non
2425 3060 2594 3116 fuisse
2614 3076 2644 3115 a
2665 3060 2883 3117 Christo
2900 3078 3069 3132 usque
3089 3063 3153 3116 ad
3174 3063 3525 3128 Marcionem,

1928 3168 2085 3224 quam
2107 3152 2444 3220 Creatorem,
2478 3153 2608 3208 satis
2630 3155 2740 3223 jam
2768 3163 2823 3209 et
2850 3156 3091 3224 probatio
3121 3169 3304 3214 neStr-a
3326 3160 3531 3216 munita

219 3264 327 3303 non
349 3249 515 3304 alium
540 3247 705 3303 Deum
728 3246 795 3300 ab
814 3248 1071 3316 Apostolo
1093 3246 1459 3317 praedicatum,
1483 3262 1643 3317 quam
1671 3245 1823 3316 cujus
1852 3269 1894 3327 α
1929 3256 2034 3311 est,
2065 3260 2168 3316 qua
2197 3244 2531 3300 ostendimus
2574 3246 2817 3300 notitiam
2846 3246 2933 3300 dei
2976 3247 3213 3305 haeretici
3256 3266 3320 3305 ex
3348 3252 3530 3307 Evan-

219 3344 440 3398 dccreta
466 3340 717 3411 cupiebat
740 3340 847 3409 jam
875 3340 1127 3409 agnosci;
1157 3336 1321 3394 falsos
1364 3350 1417 3393 et
1468 3339 1744 3408 apostolos
1772 3346 1828 3392 et

230 3437 428 3489 fratres
458 3442 653 3486 notans
678 3433 729 3485 in
765 3433 862 3487 hac
889 3446 1099 3497 caussa,
1130 3431 1220 3500 qui
1251 3430 1599 3501 Evangelium
1626 3430 1829 3485 Christi

230 3527 510 3583 Creatoris
556 3525 907 3581 transferrent
932 3542 959 3579 a
984 3527 1219 3581 novitate
1243 3525 1594 3597 prannntiata
1615 3539 1643 3578 a
1669 3521 1829 3579 Crea-

224 3631 366 3689 tore,
404 3622 471 3676 ad
500 3630 818 3677 vetustatem
874 3630 1172 3677 recusatum
1202 3635 1232 3675 a
1269 3620 1529 3677 Creatore
1560 3612 1730 3692 (ϐαίη
1758 3616 1781 3672 1
1812 3659 1830 3688 ,

228 3717 281 3783 ϐ,
310 3717 505 3787 seqq.).

824 3807 1049 3865 CAPUT
1092 3807 1233 3862 XXI.

300 3900 593 3964 Caeterum,
640 3899 683 3954 si
725 3897 878 3969 quasi
920 3898 1000 3969 (6)
1046 3915 1242 3954 novum
1291 3898 1460 3956 Deum
1500 3899 1826 3972 pradicans.

231 3992 436 4046 veteris
464 3991 559 4046 Dei
598 3990 771 4061 legem
802 3990 1052 4060 cupiebat
1097 3991 1404 4058 excludere,
1443 4007 1609 4063 quare
1637 3992 1704 4049 de
1732 3991 1836 4047 deo

232 4084 457 4155 quidem
490 4098 629 4137 novo
660 4082 790 4138 nihil
824 4084 1144 4153 praescribit,
1174 4082 1270 4140 sed
1298 4084 1367 4139 de
1391 4092 1573 4140 vetere
1603 4083 1719 4154 lege
1748 4097 1839 4139 so-

239 4176 657 4243 lummodo,nisi
684 4175 959 4246 quoniam,
992 4173 1098 4230 lide
1124 4183 1376 4230 manente
1416 4174 1469 4230 in
1499 4174 1835 4241 Creatorem,

232 4273 350 4328 sola
384 4271 474 4325 lcx
516 4269 633 4341 ejus
661 4282 981 4323 concessare
1006 4267 1278 4324 debebat?
1306 4277 1365 4323 ut
1388 4276 1445 4323 et
1471 4267 1718 4323 Psalmus
1747 4267 1838 4324 ille

1930 3336 2054 3406 gelii
2073 3346 2126 3393 et
2147 3337 2304 3407 Legis
2325 3338 2663 3407 separatione
2683 3338 2933 3407 cmpisse,
2950 3347 3007 3393 et
3026 3339 3267 3395 delinitio
3285 3345 3535 3411 superior

1934 3427 2189 3483 instructa
2213 3439 2296 3483 est
2318 3445 2330 3481 :
2355 3443 2461 3483 non
2487 3443 2607 3484 esse
2626 3428 2959 3485 credendum
2995 3430 3154 3486 deum
3187 3448 3346 3503 quem
3370 3434 3531 3490 homo

1935 3521 2003 3577 de
2037 3522 2149 3579 suis
2177 3520 2422 3576 sensibus
2462 3522 2847 3590 composuerit,
2881 3524 2981 3577 nisi
3012 3526 3169 3594 plane
3219 3527 3531 3596 praphetes,

1938 3612 1990 3670 id
2017 3623 2099 3669 est
2151 3628 2257 3669 non
2297 3613 2364 3669 de
2390 3614 2502 3668 suis
2526 3613 2797 3673 sensibus.
2825 3614 2977 3683 Quod
3007 3618 3050 3671 si
3082 3617 3311 3673 Marcion
3341 3622 3537 3688 poterit

1938 3710 2065 3777 dici,
2102 3708 2320 3765 debebit
2359 3709 2519 3763 etiam
2570 3708 2805 3777 probari.
2851 3708 2993 3763 Nihil
3036 3720 3328 3768 retractare
3369 3729 3534 3781 opor-

1940 3803 2103 3867 tebat,
2133 3802 2205 3873 (ο)
2232 3801 2334 3856 hoc
2356 3802 2497 3856 enim
2523 3815 2699 3857 cuneo
2731 3802 2977 3856 veritatis
3033 3805 3209 3859 onmis
3235 3807 3542 3862 extruditur

1939 3893 2181 3959 haeresis,
2212 3907 2333 3949 cum
2379 3891 2628 3947 Christus
2667 3907 2777 3949 non
2810 3893 3032 3951 alterius
3057 3894 3142 3951 dei
3185 3912 3345 3967 quam
3371 3896 3536 3954 Crea-

1939 3986 2072 4043 toris
2100 3984 2448 4042 circumlator
2476 3984 2798 4043 ostenditur.

2526 4078 2757 4135 CAPUT
2803 4078 2969 4136 XXII.

2014 4172 2121 4230 Sed
2152 4172 2424 4244 quomodo
2451 4171 2689 4226 funditus
2730 4182 3003 4228 evertetur
3043 4173 3123 4247 (9)
3154 4176 3539 4247 Antichristus,

1945 4267 2047 4323 nisi
2074 4268 2285 4322 caeteris
2308 4280 2521 4337 quoque
2547 4264 2925 4335 injectionibus
2951 4267 3068 4337 ejus
3097 4268 3360 4325 elidendis
3392 4273 3541 4329 locus

236 4363 256 4433 (
293 4361 389 4418 Ps.
425 4361 487 4423 II.
516 4362 548 4415 5
577 4358 595 4432 )
652 4360 1031 4431 praececinerat
1056 4361 1137 4433 (5)
1173 4377 1187 4415 :
1220 4359 1613 4431 Disrumpamus
1638 4376 1671 4414 a
1699 4360 1842 4415 nobis
1945 4359 2123 4423 detur,
2179 4359 2413 4414 relaxata
2461 4359 2929 4430 praescriptionum
2977 4358 3335 4418 defensione?
3368 4368 3539 4419 Acce-

232 4456 445 4511 uincula
475 4452 554 4524 (6)
577 4470 769 4522 eorum,
806 4464 853 4508 et
882 4453 1181 4525 abjiciamus
1200 4469 1374 4509 eorum
1396 4455 1580 4526 jugum
1599 4469 1631 4507 a
1660 4451 1837 4508 nobis:

233 4566 303 4605 ex
347 4564 456 4619 quo
500 4546 706 4602 scilicet
729 4548 1046 4604 tumultuata:
1079 4558 1197 4604 sunt
1223 4557 1415 4621 gentes,
1444 4556 1492 4603 et
1522 4546 1697 4619 populi
1730 4563 1840 4601 me-

1944 4451 2133 4506 damus
2170 4449 2331 4521 igitur
2348 4450 2460 4521 jam
2500 4449 2627 4506 hinc
2660 4450 2726 4505 ad
2755 4450 2925 4521 ipsam
2954 4450 3045 4506 Dei
3078 4467 3358 4522 personam
3390 4496 3404 4520 ,
3454 4455 3541 4511 vel

1946 4543 2121 4616 potius
2145 4542 2386 4598 umbram
2408 4552 2462 4599 et
2488 4543 2803 4614 phantasma
2827 4541 2935 4617 (tl),
2957 4544 3247 4601 secundum
3269 4544 3543 4603 Christum

1488 4637 1867 4698 LECTIONES
1903 4633 2317 4695 VARIANTES.

307 4730 382 4856 (1)
416 4731 780 4782 Observandam
799 4729 902 4781 alii.

331 4796 360 4844 2
419 4794 814 4856 Depreltendens
843 4797 902 4856 Ρι

331 4794 377 4857 2)
419 4794 814 4857 Depreltendens
843 4794 1030 4857 Pamel.

333 4853 380 4918 δ)
421 4853 535 4918 Ipso
554 4853 944 4918 omitt._Semler,
990 4856 1185 4911 Obertlt.

549 4862 735 4968 mi.

310 4980 385 5046 (ὅ)
420 4981 752 5032 l’raecinuerat
787 4980 976 5033 Pamel.

1868 4730 1922 4791 D
2008 4729 2081 4789 (6)
2115 4726 2321 4791 Yincula
2344 4738 2371 4774 a
2392 4725 2533 4775 nobis
2552 4724 2744 4791 Pamel.

2010 4791 2084 4917 (7)
2116 4788 2553 4862 circumvenerunt
2573 4788 2795 4855 Semler,
2835 4790 3032 4844 Obertlt.

2032 4854 2062 4917 8
2117 4851 2167 4917 _S_I
2190 4857 2342 4902 amat.
2365 4848 2574 4917 Seatler.

2032 4848 2083 4903 8)
2117 4851 2167 4902 Si
2190 4848 2342 4902 omitt.
2365 4848 2574 4903 Semler.

2012 4912 2085 4982 (9)
2117 4914 2388 4966 Eventetur
2409 4912 2563 4967 Rhea.

1615 5041 2158 5101 COMMENTARIUS
2174 5082 2178 5088 -

240 5136 406 5193 latini
446 5134 545 5190 Ms.
590 5135 825 5204 codices,
866 5153 965 5208 pro
1015 5152 1081 5194 eo
1117 5136 1259 5209 quod
1306 5140 1395 5194 alii
1442 5137 1848 5209 prtedicavimus.

240 5208 464 5275 Quibus
489 5208 647 5279 etiam
682 5212 958 5265 consensit
1000 5220 1185 5265 auctor
1220 5209 1354 5267 infra
1393 5211 1487 5266 Iib.
1520 5208 1613 5277 IV,
1644 5224 1764 5279 cap.
1793 5210 1850 5274 ὁ,

240 5281 502 5335 adversus
548 5278 712 5333 Mare.
746 5280 882 5335 Ρη.

327 5349 479 5423 CAR
518 5347 769 5423 XXI._-:
799 5354 873 5419 (a)
902 5349 1040 5423 Nam
1059 5361 1104 5405 et
1124 5354 1214 5408 alii
1239 5352 1303 5408 de
1328 5353 1611 5423 idolotltyto
1637 5352 1855 5416 edendo,

244 5433 361 5479 etc.
394 5418 600 5475 Alludit
623 5421 686 5475 ad
718 5422 885 5493 EpiSI.
914 5421 1197 5489 lApostoli
1227 5426 1292 5478 ad
1322 5418 1647 5483 Corinthios,
1680 5424 1731 5477 in
1756 5438 1858 5493 qua

244 5505 449 5548 contra
488 5492 813 5563 ejuscemodi
854 5492 1269 5563 disceptationes
1312 5496 1416 5550 late
1468 5494 1742 5563 disputat,
1776 5492 1861 5548 de

248 5566 586 5635 idolothyto,
609 5578 726 5631 cap.
758 5561 827 5627 Χ.
860 5565 925 5619 de
955 5561 1233 5620 ntulierum
1266 5561 1583 5627 velamento,
1615 5579 1733 5635 Cap.
1767 5563 1862 5631 XI,

247 5644 329 5691 de
345 5648 549 5709 nuptiis
564 5635 646 5689 vel
667 5635 902 5705 repudiis
917 5651 1034 5706 cap.
1058 5635 1167 5701 VII,
1184 5647 1239 5693 et
1251 5637 1317 5692 de
1329 5653 1423 5709 spe
1443 5638 1867 5709 resurrectionis,

248 5721 383 5777 cap.
730 5704 739 5705 ί
982 5704 997 5706 “
1362 5704 1372 5709 ’
1597 5707 1732 5763 Pars.

337 5776 399 5852 (b
455 5775 523 5829 Et
549 5777 839 5835 obduxeris.
882 5778 992 5835 Hoc
1024 5790 1127 5844 est,
1166 5780 1426 5836 eoinceris.
1465 5778 1635 5833 IIIIEN.
1670 5780 1802 5835 Pan.

342 5780 421 5922 (eg
457 5846 568 5902 Hoc
598 5849 732 5905 enim
761 5866 916 5907 cuneo
962 5852 1198 5907 ueritatis.
1228 5851 1339 5905 Hoc
1370 5860 1685 5918 argumento
1704 5851 1802 5908 adt

342 5862 394 5924 (ρ

457 5846 568 5902 Hoc
598 5849 732 5905 enim
761 5866 916 5907 cuneo
962 5852 1198 5907 ueritatis.
1228 5851 1339 5905 Hoc
1370 5860 1685 5918 argumento
1704 5851 1771 5908 ad
1794 5865 1881 5906 ve-

1955 5138 2125 5190 ritatis
2155 5132 2523 5188 defensionem
2546 5140 2767 5204 cuneata
2798 5132 2958 5188 veluti
2983 5135 3420 5204 acie.Desumpta
3448 5137 3549 5193 hac

1958 5204 2235 5273 disciplina
2268 5204 2482 5276 militari
2513 5202 2824 5271 metaphora
2858 5218 2985 5259 usus
3020 5214 3104 5260 est
3132 5221 3247 5276 cap.
3281 5207 3315 5259 2
3338 5202 3405 5260 de
3442 5208 3547 5262 Re-

1957 5286 2174 5334 surrect.
2198 5277 2367 5330 carnis
2386 5290 2404 5327 :
2431 5274 2544 5340 Quo
2569 5289 2727 5328 cuneo
2745 5278 3111 5329 occurrendum
3138 5274 3209 5329 sit
3228 5280 3385 5331 nobis.
3418 5278 3553 5334 Illud

1960 5348 2092 5404 aciei
2138 5361 2309 5417 genus
2349 5361 2378 5399 a
2423 5344 2667 5416 Philippo
2698 5344 2982 5417 Macedone
3027 5347 3293 5402 inventum
3335 5359 3439 5409 est,
3485 5350 3556 5405 ad

1966 5416 2391 5491 perrumpendos
2439 5416 2671 5491 hostium
2722 5416 2937 5491 ordines
2985 5432 3225 5491 qnamvts
3272 5420 3557 5474 confertis-

1966 5488 2152 5545 simos.
2187 5491 2303 5544 Alio
2332 5488 2548 5542 nomine
2573 5488 2992 5560 cuneusdicitur
3020 5488 3245 5559 phalanx
3278 5501 3330 5545 et
3367 5492 3557 5560 graecis

1974 5564 2170 5631 ἔμϐολοιι
2192 5570 2368 5632 ἱππιχῂ
2387 5570 2443 5614 et
2470 5570 2645 5632 civ-(porgi.
2680 5560 2755 5613 LE
2783 5558 2878 5613 PR.

2049 5632 2200 5689 CAP.
2229 5631 2369 5686 XXII
2396 5631 2563 5703 —(d)
2598 5631 2686 5685 Vel
2713 5632 2878 5703 potius
2910 5632 3138 5685 umbram
3169 5641 3213 5689 et
3236 5633 3561 5702 phantasma,

1980 5715 2085 5761 etc.
2128 5704 2329 5759 Alludit
2358 5703 2423 5757 ad
2455 5702 2694 5757 errorem
2722 5702 3025 5768 Marcionis,
3055 5703 3195 5773 quod
3241 5703 3483 5758 Christus
3511 5706 3564 5759 in

1986 5778 2353 5849 phantasmate
2411 5775 2571 5849 homo
2612 5773 2686 5849 sit
2726 5773 2919 5849 factus,
2960 5787 3143 5849 contra
3194 5790 3349 5846 quem
3408 5788 3569 5846 supra

1988 5843 2095 5917 egit
2143 5847 2277 5902 libro
2319 5847 2381 5903 de
2422 5847 2587 5902 Carne
2614 5843 2822 5914 Christi,
2854 5861 2969 5917 cap.
3004 5846 3056 5902 5.
3091 5843 3227 5901 Plut.
