4262 6490
779 391 881 448 971

2191 383 2654 442 TERTULLIANI

3971 381 4080 437 (172

779 509 972 579 ipsius,
1006 521 1099 577 per
1125 505 1283 578 idque
1327 503 1665 562 examinetur
1695 517 1789 574 per
1814 502 1953 575 quod
1974 502 2213 559 Creatori
2245 500 2378 572 prab—
2405 502 2454 560 Α
2485 515 2642 574 quam
2673 501 2813 558 nolle
2839 501 3096 572 prodesse
3136 508 3256 559 cum
3286 502 3492 572 possis?
3521 516 3680 572 quam
3706 501 3928 556 utilitate
3955 517 4079 554 cru-

777 599 970 656 l'ertur.
995 599 1056 654 Et
1086 599 1264 670 utique
1281 606 1443 653 erunt
1459 595 1656 669 regulae
1681 604 1844 651 certe
1859 596 1925 652 ad
1955 593 2375 652 examinandum

781 693 877 748 Dei
911 693 1222 749 bonitatem.
1256 690 1360 748 Sed
1396 690 1544 762 prius
1590 699 1672 746 est
1709 697 1765 745 ut
1807 689 2074 747 inveniam
2104 689 2274 749 illam,
2323 699 2378 744 et

778 783 1205 856 adprehendam,
1260 792 1314 839 et
1363 783 1434 838 ita
1497 781 1563 837 ad
1615 781 1832 853 regulas
1889 781 2193 852 perducam.
2245 781 2375 836 Cum

781 875 921 932 enim
941 874 1316 945 circumspicio
1339 883 1600 943 tempora,
1636 886 1897 942 nusquam
1920 880 2004 928 est
2024 888 2053 925 a
2083 870 2378 943 primordio

777 968 1148 1032 materiarum,
1181 975 1237 1022 et
1266 965 1348 1036 (l)
1391 963 1610 1019 introitu
1641 977 1971 1023 caussarum.
2014 977 2135 1017 cum
2185 962 2378 1031 quibus

777 1059 1040 1116 debuerat
1070 1058 1300 1114 inveniri
1332 1055 1530 1112 exinde
1558 1069 1722 1126 agens
1749 1053 1890 1126 quod
1931 1054 2014 1125 (2)
2044 1053 2127 1124 agi
2171 1053 2374 1109 habuit.

775 1154 908 1208 Erat
937 1152 1082 1208 enim
1118 1151 1229 1221 jam
1255 1159 1312 1206 et
1340 1164 1504 1214 mors,
1535 1158 1593 1205 et
1635 1148 1852 1204 aculeus
1883 1148 2072 1202 mortis
2094 1146 2374 1213 delictum,

784 1258 840 1303 et
869 1246 984 1317 ipsa
1013 1245 1213 1300 malitia
1240 1244 1543 1308 Creatoris;
1592 1242 1852 1298 adversus
1893 1256 2053 1310 quam
2092 1239 2378 1295 subvenire

777 1341 1001 1398 deberet
1030 1339 1252 1396 alterius
1308 1339 1394 1394 dei
1427 1337 1657 1400 bonitas,
1689 1337 1877 1408 prima:
1907 1336 2028 1390 huic
2067 1335 2265 1405 regula:
2291 1333 2374 1387 di-

767 1435 916 1492 .vina:
947 1432 1202 1488 bonitatis
1229 1446 1543 1497 occurrens,
1573 1431 1616 1485 si
1647 1445 1705 1484 sc
1747 1427 2048 1484 naturalem
2099 1426 2374 1497 probaret,

781 1528 963 1582 statim
994 1540 1337 1591 succurrens,
1371 1533 1428 1578 ιιι
1474 1537 1663 1579 caussa
1692 1523 1875 1592 erepit.
1905 1520 2094 1576 Omnia
2130 1521 2274 1575 enim
2323 1521 2376 1573 in

771 1620 890 1676 Deo
939 1617 1202 1674 naturalia
1264 1625 1318 1672 et
1366 1615 1601 1688 ingenita
1650 1630 1771 1671 esse
1813 1612 2106 1680 debebunt,
2161 1622 2216 1667 ut
2268 1611 2379 1667 sint

774 1720 1002 1774 aeterna,
1040 1706 1334 1765 secundum
1362 1715 1560 1763 statum
1589 1707 1787 1776 ipsius,
1828 1720 1896 1760 ne
1939 1703 2278 1760 obvenientia
2321 1715 2378 1760 et

773 1813 1026 1858 extranea
1049 1810 1388 1872 reputeutur,
1414 1815 1475 1854 ac
1502 1813 1596 1869 per
1625 1797 1749 1866 hoc,
1774 1797 2088 1867 temporalia
2118 1808 2171 1853 et
2219 1809 2376 1854 aeter-

2493 596 2622 651 ciari
2657 593 2775 668 (8)?
2799 611 2958 668 quam
2985 595 3230 665 injuriam
3266 596 3478 652 sinere?
3516 593 3590 667 (ιι)
3624 594 3815 649 Τοιυιη
3843 594 4079 660 denique

2482 686 2751 745 Creatoris
2778 689 3008 759 elogium
3038 690 3088 743 in
3129 689 3276 743 illum
3315 688 3661 751 reseribetur,
3703 687 3794 759 qui
3840 687 4079 742 saevitias

2481 781 2597 849 ejus
2625 781 2880 837 bonitatis
2921 796 3033 838 suae
3074 796 3224 836 mora
3258 782 3420 851 juvit.
3465 779 3596 836 Nam
3625 779 3678 834 in
3732 779 3886 850 cujus
3912 794 4078 834 manu

2481 883 2563 928 est
2589 873 2716 944 quid
2747 889 2812 930 ne
2841 874 2947 939 Iiat,
2974 873 3092 944 ejus
3121 872 3231 944 jam
3283 872 3574 942 deputatur
3599 887 3720 927 cum
3750 871 3835 944 (9)
3863 871 3941 926 Iit.
3974 872 4080 925 Ilo-

2483 981 2572 1022 rno
2597 965 2880 1022 damnatur
2911 967 2964 1020 in
2989 974 3215 1022 mortem
3246 965 3344 1037 (ι),
3373 965 3444 1021 ob
3473 967 3632 1024 unius
3661 964 3956 1020 arbuscula!
3979 964 4080 1020 de-

2483 1060 2822 1128 libationem,
2868 1071 2922 1117 et
2967 1060 3162 1117 exinde
3185 1060 3468 1131 proﬁciunt
3505 1060 3696 1117 delicta
3727 1075 3848 1116 cum
3878 1060 4076 1131 pinnis,

2480 1165 2535 1210 et
2561 1166 2779 1224 pereunt
2809 1156 2920 1227 jam
2945 1169 3135 1211 omnes
3188 1155 3275 1223 qui
3308 1155 3538 1226 paradisi
3574 1155 3778 1210 nullum
3816 1155 4077 1225 cespitem

2482 1256 2695 1301 norunt.
2740 1246 2804 1301 Et
2839 1247 2942 1302 hoc
2986 1246 3178 1302 melior
3216 1246 3380 1316 aliqui
3427 1246 3566 1302 Deus
3609 1256 3699 1302 ant
3747 1246 3942 1313 nescit,
3989 1254 4085 1300 aut

2480 1339 2750 1394 sustinet?
2772 1336 2827 1393 Si
2855 1338 2959 1410 (ά),
2991 1346 3047 1393 ιιι
3074 1353 3140 1393 ex
3173 1339 3275 1393 hoc
3302 1338 3492 1394 melior
3524 1339 3853 1396 inveniretur
3876 1349 4083 1409 quanto

2479 1423 2703 1483 Creator
2729 1427 2967 1484 deterior
3011 1428 3318 1496 haberetur,
3355 1429 3489 1484 satis
3529 1439 3583 1485 et
3621 1430 3673 1484 in
3719 1431 3823 1486 isto
3849 1432 4083 1486 consilio

2486 1521 2802 1584 malitiosos,
2826 1523 2990 1593 quiet
3017 1523 3162 1578 illum
3192 1523 3356 1578 voluit
3374 1535 3654 1580 oneratum
3676 1525 4082 1594 operationibus

2489 1611 2606 1682 ejus
2627 1612 2878 1669 admissis
2898 1613 3109 1684 (l0),et
3133 1615 3388 1670 saeculum
3425 1617 3476 1669 in
3516 1615 3799 1672 vexatione
3824 1617 4079 1672 detinuit.

2480 1703 2616 1772 Quid
2647 1705 2716 1761 de
2747 1705 2836 1761 tali
2883 1705 3094 1762 medico
3114 1705 3400 1777 jndicabis,
3447 1709 3536 1776 qui
3577 1709 3772 1763 nutriat
3824 1710 4079 1765 morbum

2480 1813 2630 1852 mora
2662 1797 2921 1869 prtesidii,
2966 1809 3023 1855 et
3069 1799 3362 1870 periculum
3407 1800 3659 1857 extendat
3688 1801 3946 1858 dilatione
3993 1818 4080 1858 re-

770 1896 955 1952 nitatis
983 1895 1180 1950 aliena.
1207 1893 1283 1949 Ita
1308 1902 1362 1949 et
1391 1891 1602 1948 bonitas
1635 1891 1886 1961 perennis
1912 1899 1966 1946 et
1986 1889 2127 1961 jugis
2153 1891 2233 1961 (3)
2259 1891 2369 1946 exi-
2399 1896 2448 1957 Β
2479 1890 2661 1954 medii,
2693 1905 2799 1961 quo
2827 1890 3112 1961 pretiosius
3137 1900 3228 1947 aut
3257 1890 3512 1948 l‘atnosius
3536 1895 3724 1948 curet?
3763 1893 3911 1950 Talis
3941 1906 3995 1950 et
4027 1895 4078 1950 in

773 1999 932 2060 getur
953 1990 1006 2044 in
1035 1988 1319 2059 Deo,quaa,
1356 1987 1407 2040 in
1432 1985 1698 2040 thesauris
1727 1984 2049 2039 naturalium
2081 1985 2375 2055 proprieta-

765 2092 884 2138 tum
901 2081 1135 2153 reposita
1158 2089 1212 2134 et
1229 2087 1432 2150 parata,
1456 2077 1798 2133 antecederet
1812 2091 2028 2132 caussas
2049 2085 2102 2132 et
2124 2078 2374 2133 materias

767 2189 920 2238 suas;
952 2182 1006 2228 et
1034 2172 1263 2242 primam
1291 2184 1561 2242 quamque
1586 2169 1907 2238 susciperet,
1939 2182 2044 2222 non
2071 2166 2376 2238 despiceret

772 2277 827 2323 et
850 2266 1191 2331 destitueret,
1221 2264 1264 2320 si
1294 2261 1666 2318 antecedebat.
1699 2260 1960 2330 Denique,
1992 2274 2096 2314 non
2121 2259 2297 2315 minus
2319 2271 2374 2317 et

771 2358 863 2413 hic
891 2357 970 2430 (4)
1025 2370 1262 2428 quaeram
1303 2370 1400 2411 cur
1428 2370 1532 2410 non
1564 2369 1594 2408 a
1627 2352 1920 2424 primordio
1939 2361 2157 2422 operata
2183 2353 2253 2408 sit
2278 2353 2372 2409 bo-

770 2454 912 2510 nitas
939 2451 1074 2522 ejus,
1109 2465 1268 2521 quam
1298 2449 1368 2505 de
1395 2448 1512 2518 ipso
1541 2446 1909 2518 quaesivimus,
1939 2460 2036 2501 cur
2064 2460 2170 2501 non
2210 2462 2237 2500 ιι
2265 2447 2373 2516 pri-

768 2542 983 2600 mordio
1033 2543 1104 2597 sit
1152 2540 1456 2597 revelatus?
1506 2537 1750 2606 Quidni?
1797 2537 1886 2608 qui
1935 2552 2032 2605 per
2078 2537 2368 2593 bonitatem

769 2636 1004 2694 revelari
1035 2635 1284 2700 haberet,
1317 2633 1362 2687 si
1392 2632 1484 2703 qui
1531 2630 1735 2686 luisset.
1766 2628 1846 2700 (ιι)
1892 2628 2007 2684 Non
2057 2643 2213 2699 posse
2242 2630 2369 2700 quid

769 2729 884 2786 Deo
910 2744 1015 2784 non
1044 2726 1192 2790 licet,
1225 2725 1420 2780 nedum
1452 2722 1790 2780 naturalibus
1819 2723 1930 2779 suis
1963 2723 2104 2793 fungi
2134 2740 2148 2778 :
2181 2739 2298 2793 qua!
2324 2724 2369 2778 si

769 2821 1130 2881 continentur,
1155 2834 1263 2889 quo
1284 2818 1462 2873 minus
1490 2824 1734 2880 currant,
1765 2815 2028 2871 naturalia
2057 2830 2163 2870 non
2188 2827 2364 2872 erunt.

769 2914 842 2968 Et
867 2913 1034 2968 otium
1063 2913 1207 2968 enim
1237 2924 1332 2966 sua
1370 2917 1558 2964 natura
1588 2923 1692 2963 non
1725 2909 1906 2964 novit:
1939 2908 2066 2964 hinc
2091 2918 2364 2975 censetur,

769 3007 815 3062 si
843 3017 967 3079 agat
997 3007 1100 3078 (5),
1141 3005 1188 3062 si
1216 3019 1316 3061 nec
1345 3003 1582 3059 uoluisse
1609 3001 1878 3058 videbitur
1915 3017 2172 3059 exercere
2211 3003 2366 3058 boni-

767 3111 934 3159 tatem
979 3100 1196 3157 interim
1241 3107 1448 3154 natura
1489 3097 1726 3151 nomine.
1755 3094 1950 3150 Natura
1995 3097 2138 3151 enim
2177 3111 2236 3153 se
2284 3097 2363 3168 (6)

768 3210 876 3250 non
909 3203 1084 3265 potest
1113 3190 1276 3257 nolle,
1303 3204 1424 3261 qua:
1454 3204 1513 3248 se
1547 3189 1617 3243 ita
1649 3188 1849 3259 dirigit,
1889 3199 1946 3242 ut
1974 3189 2018 3243 si
2048 3191 2361 3260 cessaverit,

2478 1982 2637 2038 deum
2682 1982 2968 2038 Marcionis
3012 1983 3236 2040 dicenda
3262 1987 3523 2040 sententia
3554 1995 3655 2051 est,
3690 1987 3813 2042 mali
3843 1990 4077 2059 permis-

2477 2091 2679 2142 sorem,
2705 2077 2913 2147 injuria:
2945 2076 3228 2145 fautorem,
3275 2080 3460 2150 gratia:
3499 2081 3941 2148 lenocinatorem,
3980 2082 4072 2137 be-

2479 2168 2754 2240 nignitatis
2781 2170 3268 2238 praevaricatorem,
3304 2185 3464 2241 quam
3502 2186 3607 2228 nou
3640 2173 3819 2227 statim
3869 2189 4079 2229 caussae

2477 2275 2588 2317 sua:
2613 2260 2876 2330 exhibuit,
2909 2262 3083 2334 plane.
3118 2264 3162 2318 si
3193 2273 3378 2319 natura
3405 2266 3600 2333 bonus,
3629 2266 3989 2333 exhibiturus,
4021 2280 4077 2323 et

2477 2372 2583 2410 non
2626 2356 2965 2420 accessione,
3016 2357 3062 2412 si
3112 2358 3323 2429 ingenio
3353 2360 3608 2430 optimus,
3662 2370 3717 2415 et
3757 2377 3864 2416 non
3912 2361 4077 2416 disci-

2474 2449 2642 2521 plina,
2671 2448 2714 2504 si
2742 2449 2810 2504 ab
2832 2464 2949 2504 aevo
2977 2448 3136 2516 Deus,
3171 2458 3227 2506 et
3254 2465 3360 2505 non
3382 2466 3410 2504 a
3438 2450 3688 2516 Tiberio;
3738 2452 3846 2507 imo
3871 2495 3885 2515 ,
3928 2454 4074 2525 quod

2473 2543 2689 2607 verius,
2740 2541 2813 2614 (ε)
2859 2559 2888 2597 a
2925 2541 3173 2598 Cerdone
3220 2552 3275 2597 ct
3323 2543 3612 2599 Marcione.
3667 2543 3885 2600 Tiberio
3931 2562 4077 2602 nunc

2472 2631 2606 2688 deus
2637 2633 2724 2688 ille
2761 2635 3087 2702 praestiterit,
3117 2643 3176 2689 ut
3203 2635 3427 2706 imperio
3445 2635 3562 2706 ejus
3586 2634 3762 2692 divina
3786 2637 3997 2692 bonitas
4021 2639 4074 2691 in

2473 2725 2632 2780 terris
2659 2723 3017 2781 dedicaretur.

3036 2857 3266 2917 CAPUT
3312 2860 3500 2918 XXIII.

2547 2994 2618 3065 (Γ)
2648 2993 2819 3052 Aliam
2859 2995 2931 3050 illi
2976 2995 3215 3068 regulam
3244 2997 3554 3068 praetende;
3600 3000 3739 3056 sicut
3782 3003 4071 3069 naturalia,

2472 3086 2542 3142 ita
2584 3087 2862 3143 rationalia
2889 3104 3009 3143 esse
3047 3089 3244 3145 debere
3269 3091 3387 3163 (ll)
3429 3093 3482 3148 in
3531 3093 3641 3149 Deo
3667 3096 3866 3150 omnia.
3902 3097 4076 3168 Ειίεο

2472 3177 2732 3232 rationem
2773 3178 3050 3244 bonitatis,
3101 3181 3224 3250 quia
3265 3197 3362 3236 nec
3391 3181 3532 3237 aliud
3579 3185 3705 3254 quid
3738 3185 3937 3241 bonum
3982 3189 4080 3241 ha.

771 3301 880 3342 non
907 3285 998 3341 sit.
1029 3283 1132 3340 Sed
1168 3282 1401 3338 cessavit
1429 3279 1721 3351 aliquando
1780 3279 1833 3334 in
1863 3279 1968 3336 deo
1998 3280 2280 3337 Marcionis
2304 3283 2372 3339 dc

2476 3267 2592 3324 beri
2623 3269 2798 3335 liceat,
2831 3270 2970 3341 quod
3011 3285 3116 3325 non
3157 3272 3494 3330 rationaliter
3528 3274 3725 3330 bonum
3756 3278 3844 3341 sit,
3875 3280 4075 3335 nedum

771 3393 940 3450 opere
982 3375 1195 3432 bonitas
1234 3375 1334 3446 (7).
1368 3372 1512 3444 Ergo
1557 3388 1662 3428 non
1706 3369 1804 3427 fuit
1833 3372 2091 3428 naturalis
2134 3372 2367 3442 bonitas,

769 3487 890 3544 quae
919 3469 1090 3543 potuit
1115 3466 1405 3540 aliquando
1435 3479 1700 3532 cessasse,
1733 3465 1876 3536 quod
1905 3466 2231 3524 naturalibus
2261 3483 2367 3524 non

767 3565 917 3622 licet.
967 3563 1036 3619 Et
1068 3561 1113 3617 si
1154 3576 1260 3616 non
1291 3559 1397 3617 erit
1424 3558 1704 3623 naturalis,
1731 3557 1842 3628 jam
1871 3573 1970 3612 nec
2004 3568 2206 3615 :etcrna
2246 3575 2367 3616 ere-

769 3656 970 3719 denda,
998 3668 1099 3710 nec
1129 3653 1239 3708 Deo
1281 3667 1406 3722 par,
1438 3651 1562 3721 quia
1590 3664 1696 3704 non
1722 3658 1947 3715 aeterna,
1978 3649 2106 3705 dum
2136 3666 2241 3706 non
2275 3667 2370 3707 na-

768 3749 1000 3807 turalis:
1041 3761 1161 3818 qua:
1197 3744 1430 3812 denique
1457 3743 1655 3798 nullam
1682 3740 1765 3797 sui
1809 3742 2242 3812 perpetuitatem,
2275 3755 2370 3801 aut

769 3841 841 3896 de
877 3838 1152 3910 praeterito
1179 3835 1492 3898 constituat,
1537 3843 1629 3888 aut
1671 3832 1741 3888 de
1790 3831 1970 3890 I'uturo
2003 3836 2362 3904 repromittat.

769 3934 905 3992 Nam
932 3941 989 3989 et
1015 3947 1045 3986 a
1075 3927 1368 4002 primordio
1396 3942 1502 3981 non
1531 3925 1647 3992 fuit,
1676 3936 1732 3984 et
1767 3926 1820 3982 in
1852 3927 2014 3984 tinem
2043 3929 2162 3985 sine
2199 3928 2367 3986 dubio

773 4044 880 4083 non
906 4027 1028 4082 erit.
1076 4024 1260 4080 Potest
1287 4022 1429 4077 enim
1475 4031 1530 4074 et
1559 4035 1667 4074 non
1709 4034 1830 4076 esse
1854 4021 2198 4093 quandoque,
2226 4025 2366 4080 sic“;

771 4134 879 4176 non
908 4117 1007 4173 fuit
1033 4112 1339 4187 aliquando.
1370 4113 1557 4184 Igitur,
1598 4127 1720 4167 cum
1755 4121 1964 4167 constet
1993 4113 2043 4166 in
2075 4115 2366 4184 primordio

772 4225 1016 4270 cessasse
1042 4207 1339 4266 bonitatem
1373 4205 1465 4262 Dei
1495 4204 1640 4261 illius
1667 4203 1688 4278 (
1712 4220 1816 4261 non
1846 4205 1990 4260 enim
2015 4222 2044 4261 a
2071 4207 2366 4278 primordio

767 4301 1020 4361 liberavit
1048 4297 1386 4367 hominem),
1419 4303 1474 4351 et
1507 4295 1782 4352 voluntate
1827 4295 2007 4366 potius
2031 4313 2151 4354 eam
2202 4315 2364 4371 quam

769 4395 1083 4452 inﬁmitate
1104 4405 1368 4457 cessasse,
1383 4389 1494 4460 jam
1521 4388 1768 4445 voluntas
1794 4403 2096 4460 suppressa:
2110 4392 2365 4453 bonitatis

769 4485 898 4544 fluis
917 4482 1220 4542 invenietur
1235 4480 1597 4552 malignitatis.
1611 4480 1750 4549 Quid
1762 4481 1904 4537 enim
1921 4493 2029 4539 tam
2051 4487 2362 4559 malignum,

2474 3373 2532 3418 ut
2561 3365 2675 3434 ipsa
2722 3364 2933 3420 bonitas
2977 3367 3303 3423 irrationalis
3341 3366 3792 3440 deprehendatur.
3840 3372 4076 3430 Facilius

2473 3459 2692 3523 malum,
2727 3459 2812 3514 cui
2847 3459 3071 3515 rationis
3098 3459 3299 3531 aliquid
3323 3460 3573 3528 adfuerit,
3619 3480 3716 3534 pro
3740 3465 3884 3522 bono
3913 3467 4077 3524 liabe-

2472 3551 2637 3615 bitur,
2663 3565 2820 3620 quam
2844 3562 2902 3605 ut
2925 3552 3122 3606 bonum
3149 3553 3360 3608 ratione
3383 3553 3654 3610 desertum
3681 3572 3786 3611 non
3809 3574 3908 3628 pro
3931 3561 4079 3615 male

2465 3641 2757 3713 iudicetur.
2799 3641 2949 3713 Nego
2975 3644 3290 3700 rationalem
3320 3645 3612 3702 bonitatem
3651 3647 3737 3702 dei
3765 3648 4075 3715 Marcionis,

2468 3738 2578 3807 jam
2623 3736 2723 3791 hoc
2753 3735 2944 3806 primo,
2976 3736 3119 3808 quod
3151 3737 3202 3791 in
3232 3737 3458 3794 salutem
3490 3743 3810 3811 processerit
3839 3741 4078 3801 hominis

2469 3829 2654 3886 alieni.
2694 3827 2820 3885 Seio
2845 3829 3342 3903 dicturoszAtquiu
3379 3831 3515 3888 hanc
3558 3848 3678 3889 esse
3725 3835 4075 3906 principalem

2469 3932 2525 3979 et
2576 3921 2866 3991 perfectam
2917 3922 3229 3986 bonitatem,
3285 3938 3406 3980 cum
3447 3924 3566 3979 sine
3601 3925 3712 3982 ullo
3750 3925 3936 3982 debito
3995 3929 4076 3984 l‘a-

2470 4016 2814 4082 miliaritatis,
2845 4015 2896 4071 iu
2926 4026 3216 4072 extraneos
3240 4019 3540 4075 voluntaria
3566 4031 3621 4077 et
3647 4021 3812 4077 libera
3837 4023 4077 4081 ell’undio

2472 4119 2577 4176 tur,
2602 4109 2896 4165 secundum
2923 4124 3083 4179 quam
3108 4110 3354 4167 inimicos
3383 4128 3596 4184 quoque
3618 4126 3855 4184 nostros,
3884 4129 3935 4175 et
3973 4119 4076 4176 hoc

2472 4202 2688 4257 nomine
2713 4200 2824 4272 jam
2851 4209 3162 4268 extraneos,
3188 4201 3411 4275 diligere
3435 4205 3741 4274 jubeamur.
3764 4208 3901 4266 Cum
3941 4229 4076 4284 ergo

2469 4312 2574 4353 non
2600 4312 2631 4352 a
2658 4295 2950 4367 primordio
2981 4295 3254 4351 hominem
3288 4298 3546 4376 respexit,
3587 4315 3617 4356 a
3651 4302 3951 4371 primordio
3973 4322 4074 4362 εις

2472 4401 2741 4455 traneum,
2768 4389 3033 4446 cessando
3062 4390 3434 4461 praeiudicavit
3470 4409 3593 4449 cum
3631 4406 3891 4453 extraneo
3937 4400 4074 4456 nihil

2466 4483 2568 4542 sibi
2614 4499 2757 4541 esse.
2783 4483 3071 4550 Caeterum,
3099 4481 3434 4555 disciplinam
3464 4485 3721 4556 diligendi
3750 4499 4072 4550 extraneum

2008 4598 2386 4666 LECTIONES
2417 4599 2830 4667 VARIANTES.

829 4692 904 4757 (I)
937 4691 995 4757 In
1016 4686 1182 4757 itts_eril
1195 4685 1412 4757 .Seinler.

859 4746 910 4824 si
940 4756 1053 4824 9,09
1075 4746 1224 4824 5.6"“.-
1250 4747 1622 4824 Ρριεηορῡςνυι-

859 4755 895 4806 i
945 4756 1053 4814 Quo
1075 4755 1224 4800 Scott.
1250 4755 1393 4800 Pam.
1423 4755 1600 4802 Obertlt

855 4822 885 4869 5
940 4815 1005 4866 Et
1018 4813 1154 4926 iugis
1173 4810 1301 4862 abeat
1322 4809 1374 4862 in
1393 4810 1558 4864 Paris.

854 4881 884 4931 4
939 4878 1002 4929 Ει
1061 4879 1105 4926 ic
1126 4887 1222 4923 non
1245 4875 1405 4924 minus
1427 4873 1600 4926 Pmnel

853 4945 886 4994 5
940 4941 1144 5002 Agatur.
1168 4937 1253 4987 Sic
1274 4935 1464 4989 Pamel.

854 4881 884 4931 4
939 4878 1002 4929 Ει
1024 4877 1105 4926 hic
1126 4887 1222 4923 non
1245 4877 1405 4924 minus
1427 4877 1616 4926 Pmnel.

853 4877 906 5004 ὅ)
940 4941 1144 5004 Agatur.
1168 4937 1253 4987 Sic
1274 4935 1464 4989 Pamel.

833 4996 906 5069 (si
941 4996 1023 5054 src
1042 4996 1148 5052 alii.

2389 4700 2442 4762 D

2533 4695 2605 4758 (7)
2640 4693 2879 4744 Bonitatis
2900 4693 3062 4743 Paris.
3092 4693 3238 4744 Rhea.

2534 4759 2606 4827 (ξ)
2645 4756 2911 4827 ytiIitatem
2933 4756 3155 4827 cruciare
3183 4755 3287 4821 m’g.

2555 4815 2607 4879 9)
2641 4819 2750 4868 iam
2774 4819 2918 4868 inser.
2941 4815 3130 4868 Pamel.

2562 4884 2640 4943 ιο)
2672 4881 3364 4945 Honmtumppcrationibus
3385 4882 3492 4945 ejus
3515 4883 3769 4939 admisisse
3795 4886 3944 4942 Rhea.

2532 4941 2640 5012 (ιι)
2671 4944 2872 4994 Debere
2894 4941 3042 4995 0mm;
3068 4941 3222 4995 Seml.
3245 4941 3441 4996 Obertli.

2143 5065 2703 5130 COMMENTARIUS.

847 5158 1276 5241 (aLNonpoase
1300 5156 1425 5241 quid
1450 5153 1561 5210 Deo
1586 5172 1687 5241 non
1714 5157 1846 5241 licet:
1878 5156 2081 5241 Sensus
2107 5172 2188 5217 est
2215 5181 2229 5218 :
2253 5163 2370 5241 Non

774 5228 1037 5291 licet'Deo
1065 5238 1122 5285 ut
1149 5228 1350 5299 aliquid
1378 5243 1484 5283 non
1513 5229 1702 5296 possit,
1742 5229 1938 5283 nedum
1969 5240 2028 5284 ut
2069 5249 2174 5288 non
2205 5239 2373 5304 possit

776 5302 1110 5363 naturalibus
1134 5300 1245 5356 suis
1271 5299 1455 5371 Iungi._
1473 5299 1647 5371 Rusti.
1736 5369 1744 5371 _

776 5314 1110 5363 naturalibus
1134 5314 1245 5356 suis
1271 5314 1438 5371 tungt.
1473 5314 1647 5352 unus.

784 5450 793 5453 _
847 5373 930 5450 (b)
962 5371 1141 5453 Ίξριιιηι
1169 5371 1385 5453 denique
1418 5369 1669 5425 Creatoris
1685 5369 1914 5453 elogium
1937 5371 1999 5453 in,
2019 5373 2164 5428 illum
2190 5379 2374 5453 ξςεενε-

775 5441 938 5525 betur.
982 5443 1225 5524 Elogium
1256 5441 1388 5525 dicit
1435 5455 1651 5525 nomen,
1683 5441 1895 5525 titulum
1903 5458 1924 5525 ξ
1954 5452 2009 5499 et
2051 5448 2323 5525 rescribere
2350 5491 2366 5514 ,

774 5518 916 5602 (ιμοᾴ
972 5511 1433 5602 miselli"?
1461 5511 2030 5602 ,d.‘c9F-_4§¢!'?T*¢'€z
2079 5517 2186 5602 βαι
2237 5529 2282 5574 ει
2327 5511 2372 5576 εἰ

775 5584 837 5647 tib
876 5584 1083 5646 nomine
1124 5584 1178 5638 in
1212 5584 1474 5640 diabolum
1503 5584 1880 5653 transcripseris
1905 5587 2040 5660 mali
2053 5588 2294 5660 elogium.

844 5733 917 5812 (c)
955 5729 1121 5812 Ilotae
1141 5729 1414 5812 damnatur
1438 5726 1489 5780 in
1521 5736 1748 5792 mrtem,
1777 5735 1881 5809 etc.
1915 5657 2137 5812 Fulgit;
2162 5735 2361 5812 peccati

771 5800 1045 5886 originali.“
1087 5800 1753 5886 descriptipuquamtﬂlam
1782 5800 1917 5886 ipse
1964 5801 2015 5855 in
2048 5800 2232 5886 plurali
2274 5822 2364 5860 nu-

768 5868 921 5934 mero
944 5871 1150 5940 efferat,
1189 5879 1238 5927 et
1283 5868 1483 5937 exinde,
1524 5869 1794 5940 prosiliunt
1827 5868 1988 5944 (sive
2040 5868 2314 5945 proﬁciunt
2341 5918 2358 5946 ,

2477 5166 2551 5221 uti
2597 5165 2795 5239 habent
2822 5161 2990 5239 Vatic.
3025 5177 3076 5217 ι.
3104 5161 3203 5239 Ms.
3245 5163 3368 5239 co_d.
3398 5163 3418 5237 )
3469 5166 3605 5221 dicta
3647 5184 3762 5222 eam
3792 5172 3973 5239 panis.
4005 5190 4068 5227 eo

2475 5237 2616 5307 quod
2644 5251 2710 5292 ex
2742 5235 2857 5304 ipso
2881 5234 3042 5307 etiam
3081 5233 3184 5307 alia
3214 5233 3624 5306 multa'peccata
3649 5233 3912 5296 oriantur.
3948 5245 4071 5299 Ele-

2474 5303 2676 5381 ganter
2697 5315 2874 5361 autem
2901 5303 3055 5381 dixit,
3098 5303 3437 5381 quiuperadis'i
3466 5309 3663 5363 nullum
3703 5313 3942 5381 cespitem
3971 5332 4069 5368 no-

2475 5375 2615 5447 runt,
2652 5378 2768 5505 Ihoc
2808 5386 2891 5434 est
2914 5375 3005 5447 qui
3036 5376 3266 5447 paradisi
3294 5387 3491 5434 terram
3521 5375 3811 5452 numquam
3838 5386 4069 5457 ingressi

2475 5461 2618 5505 sunt.
2695 5466 2785 5504 Αιι.
3079 5499 3084 5503 ,

2473 5461 2618 5506 sunt.
2652 5461 2785 5505 ΡΑΙ-
3079 5499 3084 5503 ,

2574 5520 2630 5584 d)
2673 5521 2749 5578 Si.
2781 5517 3034 5584 Subaudi,
3071 5517 3342 5576 sustinuit.
3386 5519 3518 5576 Eon.

2574 5523 2604 5579 d
2673 5521 2749 5578 Si.
2781 5520 3034 5584 Subaudi,
3071 5520 3342 5576 sustinuit.
3386 5520 3518 5576 Eon.

2547 5520 2630 5718 (of
2657 5594 2697 5646 Α
2729 5588 3338 5671 Cerdoneetollarrione.
3376 5591 3664 5666 Conjungit
3692 5595 3790 5652 hos
3815 5597 3976 5668 duos,
4004 5616 4069 5656 eo

2547 5683 2594 5718 οι
2636 5662 2899 5718 Cerdouis
2921 5660 3214 5718 dlSClDUIUS
3244 5660 3399 5716 fuerit
3427 5662 3678 5718 Marcion.
3713 5669 3850 5718 ΡΛιΙ-

2468 5660 2614 5736 quod
2636 5662 2899 5736 Car-donis
2921 5660 3214 5736 discipulus
3244 5660 3399 5736 fuerit
3427 5660 3678 5722 Marcion.
3712 5669 3850 5724 ΡΑιι.

2538 5736 2694 5792 CAP.
2720 5732 2906 5810 XXIII.
2921 5761 2990 5772 -—
3006 5731 3072 5802 (f)
3091 5730 3264 5786 Aliam
3289 5733 3368 5788 illi
3392 5737 3620 5808 regulam
3640 5742 3917 5810 metendo.
3953 5745 4070 5799 Alio

2465 5817 2781 5879 argumento
2808 5807 2862 5862 in
2888 5805 3056 5876 ipsam
3086 5815 3227 5873 utor,
3256 5814 3313 5864 et
3333 5805 3570 5878 regulam
3601 5805 3840 5868 veritatis
3865 5815 3941 5869 illi
3971 5833 4066 5872 ex-

2464 5878 2623 5950 plico.
2651 5878 2728 5934 Ls
2759 5878 2854 5934 Pu.
