4262 6490
747 403 855 459 275

2053 363 2084 398 ’⁵
2134 397 2593 454 TERTULLIANI
3953 405 4064 460 276

753 517 918 571 diatio
942 515 1150 580 salutis,
1177 516 1276 572 nisi
1301 531 1365 572 ex
1395 515 1696 572 defectione
1725 514 2015 570 bonitatis?
2043 513 2180 584 Quid
2203 514 2346 570 enim
2373 511 2427 572 Δ
2453 524 2561 569 stra
2591 513 2848 580 conditio,
2878 515 3018 585 apud
3063 523 3358 580 auctorem,
3403 516 3543 585 apud
3589 516 3828 587 judicem
3853 559 3866 584 ,
3917 518 4060 586 apud

752 621 862 665 tam
901 610 979 683 (l)
1035 611 1281 680 perfectae
1325 611 1598 677 bonitatis,
1643 625 1801 679 quam
1862 619 2030 664 totum
2077 608 2348 664 hominem

750 703 1000 770 redigere
1046 703 1098 756 in
1139 702 1388 765 salutem,
1434 712 1600 756 totum
1641 700 1951 756 damnatum
1993 715 2020 752 a
2072 697 2347 766 Creatore,

758 805 932 852 totum
964 812 991 848 a
1025 796 1132 850 Deo
1155 797 1359 864 optimo
1385 794 1824 863 allectum?Quod
1841 794 2005 848 sciam
2030 794 2130 861 (2).
2151 803 2204 848 et
2225 807 2352 849 caro

761 889 1020 957 tinguitur
1047 886 1184 956 apud
1217 887 1361 941 illum
1391 884 1487 958 (u),
1517 897 1571 941 et
1607 901 1734 940 caro
1765 885 1835 940 de
1882 885 2082 954 nuptiis
2128 885 2350 950 tollitur,

755 991 808 1035 et
842 997 966 1036 caro
1018 981 1069 1034 in
1099 980 1438 1036 confessione
1479 981 1710 1035 nominis
1747 980 2052 1034 dcsmvitur.
2095 979 2200 1034 Sed
2230 987 2284 1034 et
2309 979 2352 1034 si

760 1076 906 1128 carni
931 1074 1121 1129 delicta
1151 1084 1486 1144 reputantur,
1514 1073 1773 1143 praecedit
1815 1074 2006 1126 animae
2046 1081 2261 1139 reatus,
2301 1082 2356 1128 et

758 1169 929 1237 culpa!
975 1167 1302 1238 principatus
1348 1168 1540 1222 animae
1583 1167 1756 1234 potius
1805 1165 2212 1230 adscribendus,
2268 1165 2355 1219 cui

757 1277 884 1315 caro
915 1261 1143 1316 ministri
1175 1262 1388 1314 nomine
1413 1261 1666 1314 occurrit.
1699 1259 1899 1314 Carens
1927 1258 2156 1328 denique
2181 1257 2355 1312 anima

759 1370 908 1412 caro.
949 1354 1209 1413 hactenus
1247 1363 1449 1423 peccat.
1486 1353 1558 1407 lta
1593 1363 1646 1408 et
1673 1354 1724 1407 in
1755 1352 1856 1408 hoc
1895 1352 2092 1422 injusta
2124 1352 2355 1418 bonitas,

754 1459 808 1500 et
833 1450 908 1502 sic
930 1464 1143 1518 quoque
1176 1447 1517 1516 imperfecta;
1549 1447 1972 1501 innocentiorem
2005 1445 2356 1500 substantiam

762 1543 1068 1610 relinquens
1099 1543 1147 1594 in
1196 1541 1440 1605 exitium,
1487 1539 1767 1610 obsequio,
1801 1554 1908 1592 non
1939 1537 2160 1592 arbitrio
2189 1537 2361 1592 delin--

760 1644 1012 1702 queutem
1046 1653 1057 1687 :
1091 1633 1243 1703 cujus
1283 1633 1530 1687 Christus
1567 1631 1665 1687 etsi
1697 1647 1798 1684 non
1842 1631 2015 1686 induit
2054 1631 2356 1698 veritatem,

761 1739 820 1780 ut
871 1740 972 1780 tua;
1004 1726 1194 1780 haeresi
1226 1725 1394 1778 visum
1424 1735 1526 1788 est,
1575 1724 1858 1794 imaginem
1897 1732 2073 1778 tamen
2106 1722 2153 1793 ej
2168 1737 2230 1776 us
2268 1737 2360 1776 su-

761 1821 876 1875 bire
909 1821 1158 1884 dignatus
1194 1827 1294 1872 est.
1346 1816 1522 1883 Ipsum
1571 1818 1712 1887 quod
1756 1817 2014 1872 mentitus
2059 1826 2144 1872 est
2193 1816 2359 1880 illam,

2460 604 2721 660 offensum
2755 607 3048 678 principem
3078 609 3311 676 generis.
3349 607 3428 662 Tu
3455 611 3830 665 tantummodo
3858 610 4060 665 bonum

2454 696 2610 752 deum
2645 697 2724 769 (5)
2779 698 3020 768 praefers.
3067 699 3183 754 Non
3230 712 3383 770 p0tes
3434 710 3612 756 autem
3673 702 3911 771 perfecte
3963 703 4064 757 bo-

2457 803 2582 844 num
2636 788 2716 858 (6)
2765 790 3068 854 ostendere,
3116 806 3145 844 a
3201 807 3308 860 quo
3352 807 3456 848 non
3508 795 3740 862 perfecte
3792 794 4065 848 liberaris.

3037 884 3266 942 CAPUT
3308 885 3471 940 XXV.

2529 977 2680 1046 Quod
2727 980 2916 1032 attinet
2962 979 3028 1034 ad
3078 979 3332 1034 bonitatis
3383 981 3755 1050 quaestionem,
3790 979 3871 1034 his
3906 979 4068 1035 lineis

2458 1071 2776 1127 deduximus
2802 1087 2920 1127 eam
2950 1073 3172 1128 minime
3195 1074 3309 1128 Deo
3334 1073 3607 1142 adaequari
3630 1114 3643 1135 ,
3677 1083 3732 1126 ut
3770 1088 3946 1142 neque
3981 1075 4068 1126 in-

2458 1169 2716 1234 genitam,
2748 1179 2922 1234 neque
2945 1165 3283 1230 rationalem,
3327 1181 3498 1234 neque
3533 1164 3860 1234 perfectam;
3892 1167 3986 1218 sed
4018 1176 4071 1217 et

2461 1259 2783 1330 improbam,
2813 1260 3159 1328 etinjustam,
3189 1269 3242 1312 et
3275 1260 3391 1328 ipso
3418 1259 3526 1329 jam
3561 1259 3814 1312 bonitatis
3851 1261 4072 1312 nomine

2462 1351 2734 1422 indignam
2766 1352 2944 1422 :quod
2991 1352 3202 1407 scilicet
3245 1353 3294 1405 in
3323 1361 3579 1421 quantum
3626 1353 3736 1407 Deo
3783 1361 4071 1422 congruat,

2464 1445 2517 1500 in
2546 1453 2747 1499 tantum
2792 1446 2957 1500 Deum
2991 1460 3094 1499 non
3127 1461 3246 1500 esse
3273 1447 3580 1508 conveniat,
3621 1445 3710 1514 qui
3751 1445 3819 1497 de
3849 1444 3936 1499 tali
3973 1446 4071 1496 bo-

2464 1538 2632 1592 nitate
2658 1539 2819 1592 etiam
2855 1537 3172 1606 perferatur,
3206 1554 3304 1593 nec
3333 1540 3400 1592 de
3447 1538 3533 1591 tali
3579 1538 3759 1601 modo,
3787 1552 3970 1592 verum
4020 1547 4076 1591 et

2463 1631 2600 1686 sola.
2633 1631 2748 1686 Jam
2780 1632 2922 1686 enim
2974 1642 3027 1686 et
3074 1632 3174 1688 hoc
3201 1633 3394 1687 discuti
3445 1648 3539 1700 par
3579 1642 3680 1695 est,
3717 1647 3782 1686 an
3815 1632 3958 1685 Deus
4007 1631 4076 1686 de

2465 1725 2577 1779 Sola
2609 1726 2846 1781 bonitate
2875 1726 3176 1781 censendus
3199 1728 3286 1791 sit,
3315 1727 3519 1796 negatis
3545 1726 3757 1781 caneris
3806 1725 4075 1796 appendi-

2466 1817 2619 1872 cibus
2637 1817 2732 1890 (c),
2756 1818 3004 1874 sensibus
3031 1829 3085 1873 et
3115 1817 3413 1883 affectibus,
3447 1833 3582 1888 quos
3608 1817 3933 1871 Marcionita:
3961 1818 4079 1887 qui-

759 1912 960 1980 aliquid
992 1912 1038 1964 ci
1069 1910 1252 1964 debuit
1280 1911 1362 1977 (3)
1392 1909 1660 1964 debuisse.
1691 1908 1828 1976 Quid
1874 1917 1958 1964 est
1994 1919 2171 1963 autem
2202 1907 2364 1963 homo
2393 1906 2442 1964 B
2469 1907 2591 1963 dem
2628 1925 2657 1963 a
2703 1909 2804 1964 deo
2833 1925 2932 1964 suo
2982 1911 3200 1981 abigunt
3229 1911 3280 1964 in
3319 1909 3654 1972 Creatorem,
3690 1925 3788 1964 nos
3837 1925 3966 1964 vero
4014 1921 4068 1964 et

761 2005 905 2058 aliud
935 2020 1092 2074 quam
1136 2003 1300 2057 caro?
1327 2002 1382 2057 Si
1411 2004 1627 2072 quidem
1661 2017 1853 2056 nomen
1893 2000 2146 2067 hominis,
2200 2011 2362 2054 mate-

762 2099 840 2151 ria
866 2096 1180 2165 corporalis,
1201 2112 1302 2148 non
1331 2095 1598 2158 animalis,
1616 2096 1683 2150 ab
1700 2108 1918 2150 auctore
1938 2094 2124 2150 sortita
2148 2104 2230 2150 est
2259 2111 2271 2147 :
2293 2092 2360 2148 Et

762 2194 880 2262 fecit
908 2191 1160 2242 hominem
1182 2188 1339 2254 Deus,
1361 2188 1531 2258 inquit
1556 2187 1736 2260 (Gen,
1783 2187 1871 2259 ll),
1898 2190 2076 2242 limum
2103 2189 2167 2241 de
2189 2197 2356 2253 terra,

764 2297 870 2336 non
897 2282 1344 2345 animam-,auiiua
1370 2282 1510 2335 enim
1543 2280 1608 2336 de
1636 2279 1834 2334 adflatu
1856 2281 1966 2350 (b):
2005 2279 2068 2334 Et
2095 2286 2260 2350 {actus
2289 2290 2362 2334 est

761 2377 913 2429 homo
943 2378 994 2429 in
1015 2376 1240 2427 animum
1269 2375 1448 2428 uiuant.
1478 2374 1644 2440 Quis?
1675 2374 1856 2444 utique
1890 2374 1978 2444 qui
2011 2373 2078 2428 de
2117 2375 2262 2428 limo.
2299 2371 2362 2428 Et

763 2475 932 2538 posuit
962 2468 1098 2521 Deus
1129 2468 1380 2520 hominem
1433 2468 1484 2520 in
1531 2467 1772 2536 paradiso
1799 2510 1812 2533 ,
1861 2467 2003 2538 quod
2039 2468 2210 2528 ﬁnxit,
2253 2483 2360 2523 non

757 2561 901 2629 quod
929 2560 1093 2623 flavit;
1122 2561 1210 2630 qui
1240 2575 1369 2615 caro
1396 2575 1556 2625 nunc,
1593 2575 1695 2613 non
1727 2560 1814 2629 qui
1847 2560 2048 2614 anima.
2079 2558 2280 2629 Itaque,
2316 2563 2360 2616 si

763 2657 831 2711 ita
857 2666 954 2718 εει,
991 2670 1094 2723 quo
1124 2670 1218 2708 ore
1252 2654 1546 2708 contendes
1599 2653 1892 2722 perfectura
1936 2654 2187 2708 bonitatis
2237 2654 2363 2707 titti-

765 2750 900 2814 lum,
933 2765 1050 2816 quae
1079 2763 1181 2800 non
1205 2747 1314 2816 jam
1347 2761 1374 2798 a
1407 2747 1691 2815 partitione
1720 2746 1936 2813 speciali
1967 2745 2196 2800 hominis
2228 2746 2362 2801 libe-

764 2843 915 2898 randi
945 2841 1267 2902 defccit,scd
1298 2856 1327 2894 a
1357 2840 1684 2910 proprietate
1709 2840 1986 2910 generali?
2013 2838 2067 2894 Si
2098 2840 2248 2910 plena
2283 2849 2366 2894 est

763 2938 928 3009 gratia
961 2946 1012 2990 et
1039 2936 1208 2990 solida
1243 2933 1606 2989 misericordia
1637 2949 1753 3004 qua:
1777 2934 1875 2989 soli
1903 2935 2096 2989 anima:
2118 2936 2366 2991 salutaris

763 3039 865 3090 est.
899 3027 1016 3095 plus
1049 3035 1263 3095 prastat
1291 3025 1405 3082 haec
1426 3026 1551 3089 vita,
1576 3041 1676 3096 qua
1700 3027 1792 3080 toti
1814 3039 1864 3080 et
1891 3029 2080 3096 integri
2114 3027 2359 3084 fruimur.

757 3119 1046 3185 Caeterum,
1071 3136 1132 3173 ex
1165 3130 1312 3187 parte
1341 3134 1642 3186 resurgere,
1669 3119 1909 3173 mulctari
1940 3122 2064 3185 erit,
2093 3137 2196 3175 non
2229 3123 2366 3178 libe-

759 3214 886 3268 rari.
915 3213 1041 3268 Erat
1070 3222 1120 3266 et
1150 3211 1275 3266 illud
1302 3211 1549 3281 perfectae
1578 3211 1852 3273 bonitatis,
1902 3223 1958 3265 ut
1985 3217 2144 3268 homo
2173 3215 2366 3269 libera-

2462 2002 2806 2072 agnoscimus
2846 2003 2896 2057 in
2923 2004 3180 2058 Creatore
3200 2046 3214 2064 .
3244 2013 3300 2057 ut
3331 2004 3442 2057 Deo
3508 2003 3720 2073 dignos.
3771 2003 3835 2057 Et
3865 2019 3929 2057 ex
3965 2003 4068 2057 hoc

2463 2109 2677 2164 quoque
2705 2093 3015 2165 negabimus
3043 2094 3123 2166 (7)
3157 2095 3346 2157 Deum,
3382 2095 3434 2149 in
3463 2112 3568 2165 quo
3605 2111 3710 2149 non
3742 2097 3922 2149 omnia
3951 2113 4071 2166 quzc

2465 2191 2578 2246 Deo
2625 2193 2784 2263 digna
2824 2204 2967 2257 sunt,
3017 2203 3286 2248 constent.
3340 2195 3394 2248 Si
3454 2196 3682 2263 aliquem
3737 2195 3803 2249 de
3852 2197 4076 2263 Epicuri

2465 2284 2648 2338 schola
2680 2285 2843 2339 Deum
2873 2285 2952 2358 (d)
2993 2285 3260 2340 affectavit
3282 2286 3477 2341 Christi
3504 2289 3718 2342 nomine
3747 2289 3987 2350 titulare,
4025 2300 4081 2342 ut

2467 2379 2606 2449 quod
2641 2379 2853 2433 beatum
2881 2392 2935 2434 et
2966 2381 3364 2448 incorruptibilc
3393 2383 3482 2446 sit,
3515 2397 3685 2451 neque
3739 2382 3860 2443 sibi,
3901 2399 4076 2449 neque

2466 2475 2552 2528 alii
2583 2474 2852 2528 molestias
2882 2484 3095 2544 praestet
3123 2473 3283 2546 (hanc
3331 2477 3471 2529 enim
3524 2475 3842 2529 sententiam
3903 2477 4068 2529 rumi-

2466 2582 2601 2622 nans
2641 2567 2898 2634 Marcion,
2947 2569 3172 2622 removit
3199 2567 3266 2622 ab
3293 2568 3380 2621 illo
3413 2570 3728 2621 severitates
3755 2577 3808 2624 et
3831 2567 4059 2635 judicia-

2467 2660 2574 2715 rias
2621 2659 2788 2730 vires)
2831 2669 2921 2713 aut
2969 2661 3021 2713 in
3055 2664 3222 2713 totum
3271 2660 3599 2713 immobilem
3659 2669 3713 2712 et
3759 2669 4067 2728 stupentem

2470 2754 2634 2807 Deum
2668 2753 2981 2817 concepisse
3006 2752 3297 2814 debuerat;
3329 2761 3382 2804 et
3410 2752 3535 2821 quid
3572 2751 3644 2804 illi
3683 2767 3800 2805 cum
3833 2750 4076 2816 Christo,

2469 2849 2700 2903 molesto
2746 2857 2800 2901 et
2845 2845 3044 2900 Judaeis
3097 2861 3190 2914 per
3240 2845 3562 2908 doctrinam,
3609 2855 3659 2897 et
3698 2845 3796 2898 sibi
3831 2861 3928 2913 per
3959 2860 4082 2899 sen-

2469 2957 2588 2996 sum
2621 2938 2735 3010 (8)?
2766 2948 2854 2992 aut
2876 2949 2928 2992 ct
2952 2938 3017 2993 de
3038 2938 3248 2991 caeteris
3273 2938 3503 2992 motibus
3519 2951 3639 2990 eum
3669 2937 3954 3005 agnovisse
3974 2937 4078 3006 (9),

2469 3049 2517 3091 et
2546 3036 2669 3105 quid
2700 3033 2772 3087 illi
2801 3047 2920 3086 cum
2957 3032 3208 3100 Epicuro.
3244 3046 3340 3085 nec
3369 3032 3466 3084 sibi
3503 3047 3600 3084 nec
3627 3029 3951 3087 Christianis
3987 3047 4081 3085 ne-

2468 3127 2740 3184 cessario?
2766 3127 2906 3180 Ecce
2939 3127 3080 3178 enim
3111 3125 3210 3180 hoc
3239 3126 3353 3193 ipso
3383 3124 3521 3194 quod
3557 3132 3698 3178 retro
3720 3125 3956 3194 quietus,
3987 3127 4077 3195 qui

2471 3236 2568 3273 nec
2596 3219 2840 3272 notitiam
2867 3217 2946 3270 sui
2990 3217 3170 3286 aliquo
3211 3216 3422 3269 interim
3451 3230 3613 3283 opere
3639 3217 3930 3277 curaverit,
3960 3227 4081 3286 post

761 3315 847 3359 tus
871 3311 920 3357 in
953 3304 1109 3358 Iidem
1143 3303 1234 3357 Dei
1267 3303 1473 3372 optimi,
1519 3303 1697 3356 statim
1729 3304 2056 3359 eximeretur
2082 3306 2149 3360 de
2195 3306 2365 3362 douii-
2393 3297 2437 3359 C
2475 3321 2677 3366 tantum
2710 3315 2809 3364 τενί
2842 3310 3068 3363 senserit
3125 3308 3176 3360 in
3221 3307 3452 3360 hominis
3478 3307 3728 3370 salutem,
3760 3310 3945 3378 utique
3985 3326 4080 3379 per

761 3399 886 3453 cilio
910 3409 1066 3468 atque
1093 3396 1370 3452 dominatu
1401 3398 1487 3452 dei
1515 3399 1664 3451 saevi.
1712 3399 1780 3451 At
1811 3414 1952 3453 nunc
1985 3411 2039 3454 ct
2069 3399 2359 3469 febricitas,

762 3507 796 3546 ο
826 3492 1154 3555 Marcionita,
1181 3502 1229 3545 et
1254 3501 1478 3546 caeteros
1501 3491 1724 3547 tribulos
1742 3501 1795 3546 et
1818 3493 1998 3562 spinas
2011 3493 2166 3550 dolor
2185 3499 2362 3553 carnis

759 3595 866 3641 tua!
895 3585 985 3638 tibi
1015 3585 1158 3648 cdit;
1193 3600 1290 3639 nec
1339 3583 1648 3638 fulminibus
1681 3595 1904 3652 tantum,
1949 3601 2040 3642 aut
2090 3589 2263 3657 bellis,
2307 3602 2362 3648 et

762 3679 1022 3748 pestibus,
1045 3677 1271 3747 aliisque
1300 3677 1463 3746 plagis
1485 3677 1776 3740 Creatoris,
1799 3679 1892 3733 sed
1917 3689 1972 3736 et
1992 3683 2215 3752 scorpiis
2242 3685 2360 3754 ejus

761 3774 1033 3844 objectus;
1060 3776 1110 3828 in
1151 3791 1257 3844 quo
1290 3786 1339 3830 te
1384 3785 1536 3844 putas
1582 3777 1864 3833 liberatum
1905 3779 1972 3834 de
2010 3795 2176 3850 regno
2220 3783 2358 3850 ejus,

761 3870 915 3940 cujus
941 3882 990 3923 te
1023 3883 1218 3924 muscae
1245 3869 1420 3925 adhuc
1440 3871 1690 3926 calcant?
1717 3873 1759 3926 si
1789 3873 1857 3928 de
1880 3875 2055 3930 futuro
2076 3887 2258 3933 erutus
2275 3895 2355 3949 es,

759 3978 856 4021 cur
879 3980 986 4019 non
1019 3973 1070 4020 et
1095 3963 1161 4018 de
1188 3965 1471 4035 praesenti,
1499 3973 1556 4020 ut
1601 3966 1832 4037 perfecte
1861 3968 1972 4041 (6)?
1998 3969 2114 4025 Alia
2145 3982 2229 4026 est
2258 3988 2357 4028 no-

2469 3408 2820 3465 voluntatem,
2863 3414 3041 3454 nonne
3081 3399 3456 3453 concussibilis
3497 3409 3621 3453 tunc
3670 3398 3766 3452 fuit
3799 3415 3954 3452 novae
3984 3416 4078 3454 vo-

2467 3496 2677 3560 luntati,
2726 3503 2782 3547 ut
2820 3502 2874 3547 et
2913 3493 3125 3547 creteris
3192 3491 3424 3544 motibus
3469 3491 3714 3546 videatur
3765 3491 4078 3549 obnoxius?

2465 3591 2596 3659 Quae
2625 3598 2802 3644 autem
2838 3587 3084 3641 voluntas
3101 3585 3217 3639 sine
3234 3586 3682 3652 concupiscentia
3709 3587 3932 3641 stimulo
3951 3589 4076 3642 est?

2464 3685 2570 3741 Sed
2608 3693 2661 3739 et
2688 3697 2813 3736 cura
2841 3680 3058 3735 accedet
3090 3679 3368 3735 voluntati.
3413 3679 3542 3746 Quis
3585 3679 3729 3732 volet
3797 3679 3872 3750 (e)
3923 3685 4068 3751 quod

2465 3798 2570 3839 non
2595 3772 3116 3846 coucupiscet?Qnis
3130 3772 3272 3825 enim
3296 3772 3437 3825 volet
3457 3772 3601 3839 quid,
3619 3781 3672 3825 et
3691 3775 4066 3842 concupiscet,

2462 3886 2517 3934 et
2544 3889 2650 3929 non
2688 3867 2930 3926 curabit?
2974 3866 3138 3937 Igitur
3164 3877 3364 3919 cumet
3395 3865 3564 3920 voluit
3604 3875 3655 3920 et
3693 3869 3970 3938 concupiit
4017 3875 4068 3924 in

2461 3968 2694 4026 hominis
2722 3962 2973 4025 salutem,
3003 3960 3112 4030 jam
3140 3969 3194 4014 et
3223 3958 3324 4014 sibi
3351 3967 3407 4014 et
3453 3959 3574 4014 aliis
3617 3961 3889 4030 negotium
3920 3960 4066 4029 fecit,

2000 4107 2291 4168 LECTION
2298 4113 2375 4171 ES
2408 4103 2823 4171 VARIANTES.

2521 4247 2542 4562 ἒ

2579 4314 2598 4563 ἑ

820 4247 887 4314 (t_)
928 4245 1064 4314 Quid
1097 4250 1205 4314 erat
1234 4243 1478 4314 perfecta:
1509 4242 1660 4294 Seml.
1696 4242 1893 4295 Oberth.
1931 4247 2048 4310 quid
2087 4251 2218 4298 enim
2257 4257 2353 4300 tam
2527 4247 2598 4314 (ὃ)
2630 4245 2794 4314 peum
2969 4247 3115 4314 ξηαπ.

754 4299 988 4373 perfecta:
1024 4299 1273 4373 elisi-italis
1298 4305 1472 4373 Latin:
1559 4367 1570 4373 _
1773 4366 1784 4373 ⁸
1949 4299 1962 4310 ’
2264 4299 2269 4300 ⁷
2630 4307 2791 4373 Deum
2812 4300 2954 4353 addit
2979 4299 3124 4352 Rhcn.

841 4373 888 4433 2)
923 4371 1124 4438 Quodsi
1142 4373 1242 4438 jam
1270 4367 1586 4438 ξαρνιβςζῃι.
1619 4366 1814 4421 Obcrth.
2634 4369 2883 4438 [degamus
2903 4373 3015 4414 Jun.

838 4428 887 4495 :5)
922 4428 1103 4483 Habuit
1127 4436 1247 4482 Jun.
1274 4433 1424 4495 debui
1453 4429 1555 4481 alii.
2523 4428 2598 4495 (8)
2633 4428 2804 4482 Iesum
2830 4428 2974 4479 Rhen.

837 4493 887 4559 4)
921 4498 999 4548 Sis
1021 4495 1142 4546 add.
1183 4493 1330 4546 Seml.
2523 4493 2598 4559 (9)
2631 4495 2928 4556 Agnovisset
2957 4498 3137 4538 tr'ouw.

2122 4602 2680 4660 COMMENTARIUS.

747 4719 1055 4785 deperditus.
1075 4729 1178 4772 etc.
1199 4716 1308 4770 Hoc
1329 4723 1412 4770 est
1426 4714 1744 4788 quod_supra
1771 4713 1902 4769 dixit
1928 4723 2133 4783 auetor,
2162 4717 2256 4773 lib.
2275 4719 2337 4772 de
2362 4718 2415 4778 D
2443 4734 2543 4772 nus
2566 4717 2617 4769 in
2652 4723 2836 4788 mente
2854 4709 3116 4788 habebat;
3139 4706 3213 4762 Ls:
3241 4707 3339 4788 _Ptt.
3385 4786 3392 4788 Α
3458 4777 3469 4788 ο
3713 4774 3745 4788 η
3783 4777 3793 4787 ⁸

750 4774 974 4847 Ρῖιγκτν.
1001 4774 1115 4843 adv.
1143 4790 1338 4851 haeret,
1356 4804 1401 4841 c.
1420 4774 1478 4841 lit
1505 4805 1515 4837 :
1545 4774 1980 4840 Remi-rectionem
2019 4774 2203 4845 (minue
2224 4801 2336 4844 tnn-
2363 4774 2399 4778 —
2512 4790 2662 4842 CAP.
2693 4785 2945 4857 XXV.—_
2963 4777 3276 4857 (c)‘l_Vegatis
3302 4777 3507 4857 ueteris
3518 4774 3907 4857 appendicibus,
3936 4796 4053 4857 seu.

750 4863 1006 4916 tummodo
1031 4860 1226 4930 probat,
1277 4848 1510 4923 corporis
1528 4869 1694 4926 negat.
1719 4857 1913 4912 Contra
1931 4874 2090 4928 quam
2109 4859 2334 4916 heresin
2440 4877 2546 4926 sus,
2575 4869 2677 4914 etc.
2702 4857 2911 4930 Premit
2935 4848 3422 4930 hic_Marcionem,-
3444 4848 3768 4930 adhihetquc
3809 4852 4052 4930 appella-

743 4917 1104 4996 latedispttiat
1132 4917 1223 4984 lib.
1251 4931 1312 4981 de
1347 4917 1754 4983 flesurr.citrnis.
1775 4931 1924 4982 Sicut
1945 4917 2121 4984 autem
2145 4933 2228 4986 hic
2254 4933 2334 4986 le-
2443 4917 2614 4984 tiones
2660 4929 2776 4984 illas
2811 4940 2946 4996 quas
2975 4921 3346 4996 adsciscebant
3379 4917 3658 4996 Marcionis
3688 4917 3962 4989 discipuli,
3994 4934 4052 4978 ut

746 5005 906 5073 gitur,
923 4989 1206 5073 dimidiatio
1233 5001 1444 5073 salutis.”
1462 5001 1540 5055 sic
1560 5016 1717 5073 supra
1744 5001 1834 5056 lib.
1864 5001 1926 5054 de
1952 5019 2104 5055 carne
2128 5001 2334 5066 Christi,
2443 5003 2608 5057 Deum
2631 4989 2927 5073 creatorem
2961 5006 3159 5073 saw-utr}
3188 4992 3449 5073 digerepl;
3487 4989 3568 5073 LI:
3588 4989 3681 5042 PR-

747 5057 798 5129 ἕ.
827 5081 844 5127 l
884 5057 904 5127 ί
950 5075 1083 5137 Quid
1115 5071 1370 5127 Christum
1396 5057 1672 5144 dimidias?
1720 5073 1908 5127 eodem
1938 5075 2170 5144 pertinet
2209 5057 2337 5131 illud
2515 5075 2592 5143 (tl)
2621 5072 2682 5128 Si
2716 5068 3024 5144 aliquentde
3056 5064 3268 5130 Epicuri
3307 5061 3482 5144 schola
3524 5057 4049 5144 Deumﬁcmpcuuji

745 5145 902 5204 infra.
936 5132 1008 5216 ex
1037 5156 1178 5212 parte
1204 5159 1478 5216 resurgere.
1515 5143 1668 5216 Psu.‘
1811 5212 1854 5216 μ
1923 5132 1952 5216 κ’
2443 5132 2700 5215 sequitur.
2730 5132 3035 5216 inmobilem
3076 5147 3121 5190 et
3158 5143 3560 5216 .stupcnteninac
3587 5132 3775 5216 sicuti,
3795 5149 3914 5202 cap.
3948 5135 4042 5216 26,

2438 5202 2862 5285 stupidissimum.
2893 5209 3019 5285 (Quo
3039 5209 3266 5285 pertinet
3293 5206 3450 5285 etiam
3480 5202 3870 5285 illuddeﬁDeo,
3899 5209 4044 5276 quod

2440 5274 2702 5357 sequitur,
2736 5274 2992 5354 negotium
3033 5274 3078 5333 et
3117 5277 3212 5332 sibi
3261 5286 3307 5330 et
3359 5276 3474 5329 aliis
3515 5276 3652 5345 fecit,
3683 5274 4044 5344 Epicuro—no-

2440 5358 2589 5413 lente.
2625 5358 2757 5411 pAM.

2512 5430 2586 5499 (e)
2647 5427 2771 5493 Quis
2797 5427 2944 5490 volet,
2973 5423 3107 5499 quod
3135 5436 3234 5475 non
3253 5417 3601 5499 _concupiscet_,
3634 5426 3741 5499 etc.
3772 5415 3930 5499 istud
3943 5420 4043 5474 de-

2441 5487 2602 5556 letum
2629 5487 2964 5561 a‘Rhenano,
2981 5487 3101 5563 quia
3119 5507 3221 5547 non
3239 5491 3548 5563 habebatur
3562 5490 3619 5563 _in
3649 5487 3936 5563 001·ιίυηεὶ
3952 5506 4043 5544 co-

2437 5555 2579 5634 dice,
2614 5573 2801 5625 iterum
2834 5555 3113 5638 adjicimus
3142 5560 3403 5638 exj'atic.
3445 5555 3490 5614 ll
3535 5558 3631 5615 Ms.
3680 5574 3749 5638 eo
3794 5562 4039 5638 quod_ad

2439 5632 2847 5714 explicationem
2886 5632 3168 5714 pertineat.
3199 5634 3323 5689 Sive
3353 5641 3527 5713 autem
3563 5645 3686 5687 cum
3719 5632 3912 5714 iisdem
3961 5633 4041 5689 his

2439 5703 2602 5785 legas.
2645 5703 2926 5781 concupivit
2954 5754 2967 5770 ,
3011 5703 3598 5785 sive_cum“exeusis._
3619 5705 3892 5785 concupiit,
3949 5719 4040 5771 pe-

2439 5774 2590 5842 rindc
2619 5795 2718 5842 est.
2758 5774 2893 5839 suat
2925 5794 3099 5835 autem
3126 5776 3486 5832 Tertullianea
3518 5774 3756 5843 officiales
3791 5790 3916 5833 suat.
3968 5791 4030 5830 ac

2438 5858 2681 5920 uolentia,
2714 5872 2893 5926 quam,
2923 5850 3418 5926 inquitRhenanus,
3445 5846 3668 5916 opponit
3688 5845 3948 5904 voluntati
3973 5862 4035 5901 ac

2437 5929 2628 5984 homini
2655 5924 2911 5994 procurat.
2970 5924 3100 5978 Pass.

818 5217 894 5284 (ει)
925 5215 988 5269 Et
1027 5231 1146 5269 caro
1169 5212 1412 5284 tinguitur
1447 5214 1584 5282 apud
1611 5213 1776 5286 illum.
1804 5212 1892 5269 Sic
1921 5215 2144 5286 legimus
2190 5231 2341 5272 more

745 5287 1146 5358 Tertullianico,
1183 5302 1281 5358 pro
1309 5287 1540 5358 tingitur,
1574 5285 2026 5358 similiterAautein
2055 5302 2213 5358 supra
2246 5289 2336 5343 lib.

743 5359 805 5412 de
837 5357 1047 5410 Resurr.
1076 5354 1206 5422 can,
1239 5371 1286 5412 c.
1314 5357 1348 5412 8
1371 5354 1398 5410 εί
1418 5354 1523 5412 Sed
1544 5365 1589 5409 et
1616 5371 1734 5409 caro
1751 5355 1997 5422 abluitur,
2027 5354 2130 5414 etc.
2176 5357 2340 5422 Virgi-

739 5440 872 5484 nttas
899 5445 1092 5497 quoque
1107 5439 1151 5482 et
1187 5429 1428 5492 viduitas,
1460 5436 1562 5481 etc.
1594 5427 1658 5480 de
1681 5428 1823 5482 bonis
1851 5431 2018 5483 carnis
2062 5428 2170 5483 Deo
2212 5427 2339 5483 ado-

741 5503 933 5563 lentur;
963 5498 1062 5550 hoc
1091 5512 1173 5552 est
1194 5502 1332 5552 enim
1364 5498 1504 5567 quod
1529 5497 1613 5552 hic
1645 5499 1814 5562 addit,
1839 5510 1886 5553 et
1913 5517 2032 5554 caro
2061 5501 2123 5553 de
2145 5502 2337 5568 nuptiis

738 5573 953 5625 tollitur.
983 5570 1185 5635 Quibus
1208 5570 1337 5625 locis
1377 5580 1431 5625 et
1459 5569 1577 5626 aliis
1601 5571 1917 5640 quibusdam
1949 5573 2254 5627 confirmari
2305 5589 2332 5625 a

737 5644 938 5709 nuptiis
959 5643 1360 5704 continentiam,
1409 5657 1568 5709 quam
1594 5642 1751 5696 hodie
1780 5643 2089 5711 impugnare
2117 5642 2331 5713 quidam

739 5728 845 5768 non
882 5723 1146 5770 verentur.
1205 5713 1330 5766 ibid.
1366 5713 1757 5768 anuotavimus.
1814 5723 1866 5767 et
1894 5715 1964 5768 lib
1993 5715 2053 5767 de
2106 5716 2333 5769 relandis

749 5783 945 5853 Virgin.
979 5795 1025 5835 et
1059 5783 1121 5834 de
1148 5781 1296 5835 Cultu
1326 5784 1540 5848 factum,
1573 5799 1622 5838 c.
1644 5786 1698 5835 9.
1726 5783 1862 5839 Pu.

811 5859 889 5922 (δ)
915 5855 1099 5928 Anima
1124 5855 1256 5907 enim
1288 5855 1349 5907 de
1367 5855 1583 5928 adﬂatu.
1611 5854 1839 5928 Vulgare
1861 5863 1943 5928 est
1963 5867 2197 5928 etymum
2215 5858 2330 5912 ani-

741 5941 878 5980 mum
910 5941 1029 5981 esse
1050 5924 1246 5981 dictam
1274 5927 1422 5997 quasi
1455 5934 1642 5994 ἄνεμον.
1674 5924 1827 5994 Quod
1875 5924 2032 5984 forte
2055 5928 2332 5985 Tertullia-
