4262 6490
203 420 306 473 277

1276 417 1404 470 LIB.
1444 415 1469 469 Ι
1501 415 1871 472 ADVERSUS
1903 412 2331 470 MARCIONEM.

3401 405 3510 463 278

202 534 435 605 Epicuro
481 535 728 600 nolente,
773 535 1084 590 consiliario
1115 534 1382 593 Marciooe
1429 535 1530 606 (l).
1571 534 1702 589 Nam
1755 543 1808 589 ct
1839 537 1882 594 Α
1915 543 2020 588 tem
2043 576 2056 594 .
2089 533 2228 603 quod
2261 550 2374 610 non.
2398 533 2543 589 laedit
2569 534 2923 589 voluntatem.
2959 533 3066 586 Aut
3091 530 3134 586 si
3166 529 3266 585 hoc
3297 530 3401 585 erit
3426 528 3510 584 di-

200 631 569 685 adversarium
617 629 717 685 sibi
773 629 1050 686 consuluit
1127 629 1298 698 ipsum
1353 627 1482 682 illud
1550 626 1811 684 adversus
1915 626 2051 680 vinie
2082 626 2293 680 virtutis
2315 670 2328 692 ,
2357 628 2470 682 sive
2519 626 2805 691 bonitatis,
2835 625 2979 680 nolle
3006 623 3224 695 quidem
3257 620 3373 677 fieri
3403 662 3418 686 ,
3450 631 3509 676 et

200 722 345 794 quod
373 731 430 776 ct
457 722 648 783 voluit.
683 730 739 778 et
762 722 1107 792 concupiitet
1137 720 1364 785 curavit,
1398 720 1511 775 sive
1531 719 1805 784 delictum,

202 819 320 873 sive
348 826 577 873 mortem
613 833 627 882 ;
676 818 938 886 imprimis
987 818 1160 887 ipsum
1203 817 1463 872 arbitrum
1503 831 1712 877 eorum,
1755 824 1810 871 et

200 909 478 963 dominum
555 908 788 962 hominis
853 909 1185 964 Creatorem.
1248 909 1457 975 Porro,
1512 907 1640 962 nihil
1692 909 1809 963 sine

199 1001 546 1056 aemulatione
573 1001 842 1064 decurret,
871 1001 1010 1070 quod
1043 1002 1158 1056 sine
1195 1002 1504 1057 adversario
1548 1017 1652 1057 non
1683 1001 1803 1056 erit.

198 1095 446 1164 Denique
475 1096 681 1160 volens,
717 1107 771 1151 et
798 1097 1206 1165 concupiscens,
1237 1104 1291 1150 ct
1316 1111 1511 1150 curans
1536 1097 1805 1151 hominem

199 1186 458 1251 liberare,
485 1189 583 1242 hoc
615 1189 728 1257 ipso
747 1187 854 1256 jam
877 1188 1160 1242 aemulatur
1187 1196 1243 1243 et
1262 1203 1385 1244 eum
1408 1204 1436 1243 a
1453 1185 1531 1261 (2)
1549 1203 1656 1258 quo
1678 1188 1809 1244 Iibe-

197 1289 311 1343 rat;
342 1279 602 1335 adversus
626 1295 749 1334 eum
781 1280 987 1336 scilicet
1015 1281 1114 1334 sibi
1159 1280 1518 1344 liberaturus;
1549 1289 1606 1334 et
1633 1296 1693 1335 ea
1740 1280 1808 1336 de

198 1373 399 1442 quibus
458 1373 689 1438 liberat,
741 1374 793 1428 in
848 1373 949 1426 alia
999 1373 1341 1427 liberaturus.
1377 1372 1608 1428 Proinde
1662 1373 1806 1428 enim

198 1465 526 1520 aemulationi
557 1473 880 1522 concurrant
909 1465 986 1534 (‘5)
1018 1480 1238 1521 necesse
1267 1474 1349 1519 cst
1397 1465 1656 1521 officiales
1695 1481 1808 1522 sum

198 1557 252 1612 in
275 1573 337 1612 ea
357 1573 480 1626 qua:
497 1558 798 1622 aemulatur,
822 1559 918 1619 ira,
938 1556 1226 1619 discordia,
1250 1557 1452 1620 odium,
1476 1558 1804 1629 dedignatio,

196 1649 522 1719 indignatio,
563 1650 686 1704 bilis
710 1649 813 1721 (4),
852 1650 1105 1716 nolentia,
1131 1649 1354 1707 offensa.
1383 1652 1505 1707 liae
1532 1652 1730 1718 ouinia,
1761 1652 1806 1707 si

195 1743 527 1798 aemulationi
567 1743 855 1806 adsistunt,
890 1744 1165 1799 emulatio
1200 1754 1376 1800 autem
1409 1745 1683 1801 Iiberando
1713 1745 1808 1802 ho-

196 1834 326 1888 mini
348 1844 628 1903 procurat;
651 1835 898 1891 liberatio
933 1847 1112 1890 autem
1135 1835 1366 1890 hominis
1395 1839 1638 1906 operatio
1655 1837 1807 1892 boni-

1913 717 2197 788 prohibere
2223 717 2337 773 fleri
2365 735 2379 784 ;
2411 733 2518 773 non
2563 718 2765 772 moveri
2793 726 2969 772 tamen
2993 758 3006 781 ,
3043 716 3088 770 si
3120 716 3209 769 fiat
3234 731 3248 777 ;
3276 712 3510 768 dicimus

1907 810 2018 880 jam
2050 823 2251 868 motum
2282 828 2405 868 csse
2453 813 2602 867 illum
2644 811 2733 881 qui
2768 810 2976 865 noluit:
3011 819 3064 865 et
3092 823 3227 862 vane
3256 822 3362 861 non
3395 820 3511 860 mo-

1911 907 2022 960 veri
2070 905 2136 960 ad
2180 907 2414 967 factum,
2447 906 2536 975 qui
2581 915 2757 961 motus
2787 905 2856 958 sit
2899 901 2963 956 ad
3004 917 3111 957 non
3162 899 3460 955 faciendum
3487 939 3502 964 ,

1911 997 2127 1067 quando
2146 998 2311 1052 noluit
2329 995 2442 1052 fieri
2466 1016 2477 1051 :
2505 995 2739 1052 nolendo
2753 995 2894 1050 enim
2913 992 3197 1062 prohibuit.
3217 990 3331 1044 Non
3360 991 3504 1043 enim

1911 1099 1964 1143 et
1979 1089 2272 1158 judicavit?
2293 1089 2533 1144 Nolendo
2551 1088 2688 1155 fieri,
2705 1099 2756 1142 et
2783 1088 2984 1142 idcirco
3011 1081 3376 1156 prohibendo;
3400 1095 3504 1134 non

1913 1179 2215 1238 faciendum
2243 1184 2385 1238 enim
2405 1181 2683 1252 judicavit,
2706 1192 2759 1234 et
2782 1177 3172 1251 prohibendum
3197 1173 3507 1246 pronuntia-

1911 1277 2007 1333 vit.
2037 1280 2182 1348 Ergo
2208 1287 2264 1332 et
2295 1275 2384 1332 ille
2421 1275 2529 1346 jam
2570 1275 2798 1345 judicat.
2831 1273 2886 1328 Si
2917 1271 3192 1340 indignum
3219 1276 3301 1323 est
3334 1267 3502 1322 Deum

1909 1373 2149 1444 judicare
2171 1415 2184 1435 ,
2212 1380 2304 1425 aut
2323 1369 2367 1425 si
2394 1383 2457 1424 ea
2485 1378 2643 1423 tenus
2667 1367 2886 1438 dignum
2914 1373 2996 1434 est
3026 1363 3191 1417 Deum
3216 1359 3461 1430 judicare
3487 1399 3502 1422 ,

1911 1483 2014 1538 qua
2060 1461 2432 1521 tantummodo
2479 1461 2613 1514 nolit
2642 1468 2692 1515 et
2725 1458 3046 1530 prohibeat;
3077 1469 3183 1508 non
3234 1452 3394 1506 etiam
3425 1448 3505 1518 (6)

1912 1559 2168 1618 defendat
2204 1555 2520 1610 admissum.
2552 1553 2746 1622 Atquin
2776 1550 2904 1604 nihil
2928 1549 3040 1604 Deo
3067 1555 3174 1601 tam
3204 1542 3503 1612 indignum,

1913 1669 2072 1725 quam
2101 1668 2206 1707 non
2233 1649 2424 1718 exequi
2472 1645 2611 1718 quod
2643 1644 2814 1701 noluit
2859 1653 2912 1697 ct
2962 1639 3235 1710 prohibuit
3276 1635 3506 1690 admitti.

1911 1746 2093 1802 Primo
2116 1789 2128 1808 ,
2159 1743 2299 1814 quod
2321 1741 2693 1812 qualicumque
2717 1734 2997 1792 sententiae
3025 1748 3136 1787 sua:
3164 1739 3217 1785 et
3248 1730 3348 1798 legi
3374 1771 3388 1794 ,
3413 1727 3508 1782 de-

1912 1839 2034 1894 beat
2055 1836 2342 1891 vindictam
2377 1835 2428 1886 in
2460 1831 2832 1886 auctoritatem
2874 1835 2927 1881 et
2965 1822 3208 1892 obsequii
3265 1819 3498 1874 necessi-

196 1929 322 1983 tatis
354 1938 463 1994 est,
500 1943 603 1981 non
640 1930 837 1997 poterit
859 1944 918 1983 ea
959 1929 1172 1985 bonitas
1205 1930 1322 1983 sine
1347 1930 1458 1984 suis
1479 1930 1713 1996 dotibus,
1755 1929 1804 1984 id
1837 1935 1884 1995 Β
1913 1941 2098 1988 tatem.
2152 1926 2401 1984 Secundo
2421 1967 2437 1992 ,
2463 1926 2586 1996 quia
2620 1922 2870 1977 aemulum
2902 1920 2970 1973 sit
2999 1931 3221 1972 necesse
3253 1922 3334 1968 est
3365 1910 3507 1982 quod

194 2031 275 2076 est
307 2022 425 2075 sine
475 2020 722 2076 sensibus
745 2020 1117 2085 etaffectibus,
1138 2035 1383 2090 perquos
1400 2021 1806 2077 administratur

194 2111 456 2167 adversus
477 2111 809 2177 Creatorem;
825 2129 892 2168 ne
904 2114 982 2171 sic
993 2129 1205 2183 quoque
1227 2114 1558 2170 inrationalis
1573 2120 1803 2184 proscri-

198 2206 376 2270 batur,
405 2209 448 2261 si
482 2218 660 2264 careat
690 2217 743 2261 et
768 2208 1012 2264 sensibus
1040 2217 1095 2264 et
1123 2207 1401 2265 affectibus
1426 2208 1639 2263 debitis.
1671 2208 1796 2264 Hec

198 2299 369 2355 multo
401 2301 616 2368 plenius
640 2300 989 2356 defendemus
1021 2303 1071 2355 in
1103 2316 1292 2359 caussa
1314 2301 1605 2368 Creatoris,
1625 2302 1676 2356 in
1701 2317 1804 2372 qua

201 2401 251 2449 et
275 2394 698 2462 exprobrantur.

750 2484 979 2543 CAPUT
1019 2486 1211 2545 XXVI.

265 2575 334 2632 At
364 2576 454 2632 hic
506 2575 706 2633 sufficit
752 2578 1216 2646 perversissimum
1263 2578 1425 2635 deum
1487 2581 1697 2636 ostendi
1747 2580 1800 2635 in

197 2669 313 2740 ipso
347 2671 622 2738 prmconio
651 2670 905 2725 solitaria:
950 2671 1202 2725 bonitatis
1222 2714 1236 2735 ,
1264 2687 1366 2743 qua
1397 2672 1587 2728 nolunt
1615 2673 1664 2728 ei
1698 2672 1800 2728 ad-

194 2763 436 2818 scribere
463 2763 728 2834 ejusmodi
758 2772 936 2818 motus
974 2766 1168 2829 animi,
1193 2780 1324 2834 quos
1350 2767 1402 2820 in
1429 2763 1688 2822 Creatore
1712 2781 1800 2822 re-

193 2856 561 2926 prehendunt.
585 2857 638 2912 Si
663 2858 805 2912 enim
827 2873 999 2927 neque
1021 2859 1320 2925 amulatur,
1342 2876 1511 2929 neque
1531 2861 1799 2927 irascitur,

193 2962 372 3016 neque
404 2947 658 3011 damnat,
690 2964 862 3016 neque
883 2959 1075 3014 vexat,
1101 2961 1284 3018 utpote
1315 2951 1404 3020 qui
1437 2967 1534 3007 nec
1559 2953 1795 3022 judicem

194 3049 452 3108 praestat,
486 3055 590 3093 non
633 3041 844 3093 invenio
868 3040 1138 3110 quomodo
1177 3041 1250 3094 illi
1278 3041 1681 3112 disciplinarum
1715 3058 1800 3097 ra-

196 3132 274 3185 tio
301 3131 604 3193 consistat,
635 3140 688 3184 et
717 3131 931 3201 quidem
976 3132 1204 3202 plenior.
1234 3133 1402 3200 Quale
1427 3144 1509 3188 est
1535 3135 1676 3190 enim
1703 3176 1718 3201 ,
1747 3145 1803 3189 ut

196 3231 466 3292 praecepta
499 3223 790 3276 constituat
817 3239 923 3277 non
946 3226 1341 3280 exsecuturus?
1375 3235 1434 3280 ut
1459 3224 1649 3281 delicta
1675 3242 1802 3297 pro-

1911 2025 2080 2080 noluit
2127 2021 2382 2088 admitti,
2414 2029 2470 2074 et
2523 2015 2757 2073 uolendo
2805 2012 3095 2085 prohibuit.
3155 2009 3292 2064 Malo
3323 2016 3505 2062 autem

1907 2132 2132 2190 parcere
2162 2117 2326 2172 Deum
2347 2158 2361 2182 ,
2389 2112 2660 2184 indignius
2698 2110 2766 2164 sit
2791 2151 2806 2174 ,
2836 2123 2992 2178 quam
3033 2103 3505 2159 animadvertere:

1909 2221 1964 2268 et
1988 2211 2200 2282 quidem
2250 2209 2359 2263 Deo
2407 2209 2645 2275 optimo,
2678 2203 2768 2274 qui
2817 2215 2920 2255 non
2962 2197 3097 2254 alias
3126 2197 3284 2266 plene
3333 2193 3507 2249 bonus

1909 2306 1998 2372 sit,
2025 2305 2123 2359 nisi
2145 2300 2534 2363 maliaemulus,
2552 2299 2624 2352 uti
2645 2297 2769 2354 boni
2787 2306 3027 2348 amorem
3047 2289 3172 2345 odio
3198 2288 3322 2343 mali
3349 2301 3508 2341 eser«

1909 2405 2030 2454 ceat
2049 2437 2065 2462 ,
2093 2405 2147 2451 et
2178 2394 2260 2464 (7)
2289 2393 2414 2447 boni
2442 2390 2658 2446 tutelam
2689 2384 3084 2456 expugnatione
3112 2379 3239 2436 mali
3267 2378 3505 2448 impleat.

2475 2478 2702 2536 CAPUT
2741 2476 2953 2531 XXVII.

1979 2576 2083 2634 Sed
2112 2575 2316 2648 judicat
2341 2573 2496 2644 plane
2518 2571 2715 2626 malum
2748 2565 2982 2622 nolendo
3006 2607 3022 2631 ,
3047 2573 3101 2620 et
3132 2563 3353 2618 damnat
3379 2572 3504 2628 pro-

1907 2671 2144 2730 hibendo
2175 2689 2187 2724 :
2215 2669 2439 2725 dimittit
2465 2675 2643 2721 autem
2669 2677 2774 2718 non
2803 2658 3126 2716 vindicando
3147 2700 3162 2722 ,
3189 2665 3243 2712 et
3273 2652 3505 2709 absolvit

1908 2784 2017 2825 non
2051 2764 2340 2838 puniendo.
2380 2762 2425 2818 Ο
2479 2761 2646 2816 Deum
2696 2756 2948 2812 veritatis
2987 2750 3459 2824 przevaricatorem
3488 2786 3503 2804 .

1907 2861 2190 2918 sententia:
2219 2872 2330 2912 sua:
2360 2854 2883 2920 circumscriptorem
2913 2845 2993 2920 (a)
3027 2865 3040 2901 :
3070 2847 3222 2900 timet
3246 2842 3503 2897 damnare

1907 2952 2050 3025 quod
2075 2951 2330 3011 damnat,
2367 2947 2522 3001 timet
2554 2942 2737 2998 odisse
2779 2940 2921 3012 quod
2949 2954 3054 2996 non
3085 2946 3230 2993 amat
3257 2977 3271 3000 ,
3308 2933 3506 2989 factum

1906 3047 2033 3102 sinit
2071 3042 2211 3114 quod
2245 3041 2358 3096 fieri
2387 3053 2491 3095 non
2521 3037 2688 3101 sinit,
2740 3033 2943 3089 mavult
2967 3029 3250 3087 ostendere
3276 3027 3366 3097 qui
3397 3040 3496 3080 no-

1907 3138 2001 3204 lit;
2032 3150 2191 3207 quam
2222 3131 2469 3204 probare.
2504 3128 2618 3185 Hoc
2647 3126 2726 3200 (8)
2757 3127 2859 3182 erit
2882 3124 3096 3180 bonitas
3127 3118 3204 3190 (9)
3240 3118 3501 3186 imagina-

1906 3231 2008 3297 ria,
2058 3226 2342 3296 disciplina
2364 3264 2378 3287 ,
2407 3223 2720 3292 phantasma
2751 3235 2766 3282 ;
2798 3216 2874 3290 (ιι)
2902 3223 2956 3270 et
2993 3215 3111 3285 ipsa
3141 3208 3499 3265 transiuncto-

195 3313 380 3369 hibeat
424 3330 529 3370 non
577 3315 942 3370 vindicaturus
965 3357 980 3382 ,
1011 3317 1131 3385 quia
1167 3332 1270 3371 non
1299 3317 1674 3387 judicaturus?
1704 3335 1799 3375 ex-
1831 3332 1875 3396 ρ
1908 3322 1986 3379 ria
2027 3327 2290 3391 praecepta
2318 3358 2334 3382 ,
2374 3327 2564 3370 secura
2609 3309 2805 3365 delicta
2839 3326 2852 3363 :
2888 3304 3098 3371 audite,
3149 3310 3463 3373 peccatores
3485 3339 3500 3362 ,

197 3415 421 3460 traneus
471 3405 675 3460 scilicet
721 3407 790 3461 ab
819 3408 1069 3462 omnibus
1113 3410 1357 3464 sensibus
1404 3412 1707 3466 severitatis
1749 3421 1805 3466 ct
1844 3392 1874 3396 v
1906 3415 2105 3486 quique
2161 3411 2401 3465 nondum
2451 3405 2554 3459 hoc
2599 3402 2768 3468 estis,
2803 3407 2860 3455 ut
2901 3413 3021 3454 esse
3071 3394 3330 3467 possitis:
3365 3392 3506 3446 Deus

197 3495 712 3551 animadversionis.
757 3495 864 3553 Cur
900 3504 1042 3552 enim
1091 3497 1336 3569 prohibet
1378 3500 1628 3566 admitti,
1658 3503 1803 3574 quod

203 3603 310 3644 non
346 3587 594 3643 defendit
623 3589 913 3644 admissum
941 3591 966 3643 ?
992 3607 1111 3645 cum
1139 3592 1306 3649 multo
1329 3594 1528 3651 rectius
1555 3609 1659 3649 non
1685 3611 1802 3664 pro-

200 3682 468 3737 hibuisset
510 3682 652 3752 quod
697 3682 1013 3739 defensurus
1062 3701 1165 3742 non
1205 3697 1383 3754 esset,
1423 3703 1581 3759 quam
1613 3697 1669 3742 ut
1697 3703 1803 3743 non

199 3775 522 3832 defenderet
553 3777 694 3850 quod
725 3781 1087 3848 prohibuisset
1112 3801 1123 3837 :
1155 3784 1264 3839 imo
1289 3793 1344 3841 et
1385 3785 1692 3854 permisisse
1720 3784 1804 3839 di-

199 3878 354 3924 recto
403 3869 622 3937 debuit,
656 3873 773 3927 sine
814 3889 1000 3928 caussa
1050 3875 1436 3945 prohibiturus,
1463 3886 1521 3933 ut
1568 3892 1673 3933 non
1726 3878 1805 3950 (5)

201 3961 546 4019 defensurus.
580 3963 710 4018 Nam
736 3975 790 4020 et
817 3978 941 4021 tunc
969 3969 1125 4023 tacite
1171 3970 1489 4039 permissum
1522 3979 1634 4037 est,
1662 3970 1806 4042 quod

200 4055 324 4113 sine
370 4057 574 4114 ultione
618 4059 954 4128 prohibetur.
991 4060 1054 4114 Et
1084 4062 1264 4132 utique
1307 4078 1410 4120 non
1442 4063 1588 4119 aliud
1618 4063 1802 4135 prohi-

205 4147 300 4205 bet
323 4149 572 4212 admitti,
599 4164 760 4220 quam
790 4150 932 4220 quod
975 4167 1077 4206 non
1125 4162 1270 4208 amat
1315 4155 1450 4210 fieri.
1491 4153 1806 4224 Stupidissi-

207 4254 331 4304 mus
358 4255 493 4310 ergo
519 4240 608 4309 qui
641 4255 750 4295 non
792 4240 1080 4298 offenditur
1127 4244 1269 4300 facto
1317 4245 1457 4316 quod
1508 4261 1617 4300 non
1664 4255 1810 4302 amat

202 4332 321 4390 fieri
347 4377 362 4400 ,
397 4333 612 4404 quando
639 4333 846 4390 offensa
879 4351 1062 4392 comes
1091 4339 1156 4393 sit
1199 4341 1464 4395 frustrata:
1492 4341 1802 4396 voluntatis.

205 4430 314 4481 Aut
336 4426 385 4480 si
432 4425 760 4490 offenditur;
795 4426 958 4484 debet
1007 4429 1160 4484 irasci
1187 4472 1202 4492 ,
1235 4429 1280 4484 si
1331 4429 1612 4497 irascitur,
1640 4430 1804 4488 debet

203 4516 580 4572 ulcisci.‘Nam
603 4528 656 4573 et
698 4518 832 4575 ultio
879 4519 1079 4575 fructus
1109 4531 1190 4576 est
1221 4523 1312 4576 irae
1341 4563 1354 4587 ,
1415 4530 1470 4577 et
1527 4522 1605 4577 ira
1653 4523 1808 4579 debi-

205 4619 322 4664 tum
369 4609 588 4667 offensa
611 4653 625 4673 ,
654 4619 710 4666 et
749 4611 954 4669 offensa
980 4657 995 4675 ,
1041 4625 1096 4670 ut
1137 4613 1280 4680 dixi,
1309 4629 1492 4671 comes
1537 4614 1806 4674 frustrate

203 4701 527 4757 voluntatis.
557 4700 664 4758 Sed
710 4718 816 4759 non
865 4705 1182 4771 ulciscitur;
1216 4722 1343 4776 ergo
1369 4721 1468 4762 nec
1497 4707 1804 4765 offenditur.

1907 3483 2100 3563 melior
2131 3505 2381 3558 inventus
2405 3506 2521 3564 est,
2552 3496 2640 3566 qui
2676 3508 2776 3549 nec
2819 3490 3133 3554 offenditur,
3167 3501 3266 3543 nec
3313 3483 3503 3541 irasci-

1909 3609 2015 3664 tur,
2049 3612 2148 3653 nec
2195 3594 2493 3659 ulciscitur,
2526 3590 2612 3646 cui
2637 3588 2815 3644 nullus
2862 3586 2999 3657 ignis
3041 3582 3292 3652 coquitur
3329 3581 3380 3633 in
3404 3593 3500 3649 ge-

1911 3691 2084 3747 henna
2106 3731 2121 3756 ,
2153 3687 2238 3747 cui
2278 3686 2454 3742 nullus
2484 3683 2728 3739 dentium
2779 3677 3002 3734 frendor
3047 3674 3230 3729 horret
3263 3672 3315 3726 in
3346 3680 3504 3726 exte-

1908 3784 2144 3840 rioribus
2193 3779 2472 3842 tenebris;
2507 3777 2679 3831 bonus
2728 3781 2935 3826 tantum
2974 3776 3088 3834 est,
3115 3766 3345 3834 denique
3373 3777 3501 3833 pro-

1908 3877 2060 3932 hibet
2103 3874 2446 3943 delinquere,
2477 3868 2573 3925 sed
2612 3867 2782 3922 literis
2826 3863 2978 3921 solis.
3036 3859 3093 3914 In
3121 3858 3274 3914 vobis
3298 3864 3382 3912 est
3406 3898 3421 3922 ,
3451 3856 3498 3910 si

1909 3969 2088 4026 velitis
2113 4010 2127 4032 ,
2158 3968 2233 4021 illi
2264 3964 2577 4034 obsequium
2620 3957 2965 4029 subsignare,
2995 3961 3057 4008 ut
3098 3951 3359 4007 honorem
3393 3947 3502 4002 Deo

1910 4061 2164 4118 habuisse
2201 4055 2528 4113 videamini:
2562 4053 2808 4107 timorem
2851 4048 2995 4103 cnim
3023 4058 3129 4100 non
3161 4041 3294 4096 vult.
3330 4042 3507 4112 Atque

1910 4154 2045 4210 adeo
2090 4168 2200 4222 prae
2231 4167 2291 4206 se
2339 4148 2514 4204 ferunt
2554 4143 2886 4202 Marcionita:
2910 4184 2925 4208 ,
2953 4138 3096 4212 quod
3137 4136 3306 4192 Deum
3349 4149 3504 4188 suum

1911 4247 2132 4304 omnino
2159 4260 2266 4299 non
2306 4241 2551 4297 timeant.
2583 4239 2753 4293 Malus
2780 4245 2958 4290 autem
2985 4274 3001 4300 ,
3033 4232 3280 4302 inquiunt
3305 4268 3323 4295 ,
3353 4227 3510 4281 time-

1913 4340 2056 4396 bitur
2079 4379 2094 4402 ,
2126 4337 2296 4393 bonus
2345 4343 2523 4389 autem
2565 4333 2834 4400 diligetur.
2871 4324 3048 4382 Stulte
3072 4365 3090 4391 ,
3116 4336 3277 4393 quem
3325 4318 3506 4374 Domi-

1913 4445 2042 4490 num
2090 4427 2327 4499 appellas
2350 4469 2366 4494 ,
2399 4436 2564 4496 negas
2603 4419 2898 4477 timendum
2930 4435 2944 4484 ;
2978 4430 3100 4472 cum
3156 4415 3258 4470 hoc
3306 4427 3504 4468 nomen

1913 4522 2194 4596 potestatis
2217 4521 2321 4585 sit,
2351 4521 2510 4574 etiam
2554 4512 2827 4569 timendae.
2868 4511 2939 4566 At
2975 4506 3249 4581 quomodo
3277 4505 3468 4575 diliges
3490 4544 3505 4569 ,

1915 4615 2015 4672 nisi
2047 4615 2238 4671 timeas
2268 4628 2374 4669 non
2424 4607 2692 4681 diligere?
2722 4605 2891 4663 Plane
2921 4618 3021 4660 nec
3051 4611 3202 4673 pater
3232 4608 3353 4654 tuus
3381 4607 3466 4653 est
3491 4638 3507 4661 ,

1914 4711 1970 4764 in
1990 4721 2149 4777 quem
2170 4711 2442 4774 competat
2460 4711 2514 4756 et
2533 4715 2686 4755 amor
2705 4705 2929 4771 propter
2956 4695 3207 4766 pietatem
3226 4731 3241 4756 ,
3267 4698 3322 4746 et
3344 4689 3507 4743 timor

207 4794 320 4852 Sed
351 4811 459 4851 non
486 4793 777 4853 offenditur
801 4814 816 4863 ;
845 4813 972 4868 ergo
1002 4814 1100 4854 nec
1143 4768 1353 4856 liedit'ur
1383 4801 1627 4858 voluntas
1653 4803 1770 4875 ejus
1793 4846 1808 4869 ,
1836 4768 1891 4829 Β
1917 4768 2135 4873 propter
2176 4768 2493 4870 potestatem
2517 4794 2542 4848 ?
2576 4807 2677 4848 nec
2708 4768 2992 4862 legitimus
3016 4784 3268 4840 dominus
3291 4824 3307 4846 ,
3337 4791 3392 4835 ut
3418 4779 3505 4835 di-

206 4905 337 4947 cum
371 4889 431 4944 fit
460 4888 604 4959 quod
635 4888 750 4944 fieri
784 4891 953 4945 noluit
983 4909 995 4944 :
1029 4902 1084 4946 et
1122 4891 1181 4946 fit
1200 4892 1310 4963 jam
1338 4891 1591 4949 delictum
1623 4911 1813 4953 secun-

204 4981 341 5037 dum
368 4982 698 5037 voluntatem
725 4980 843 5052 ejus
867 5023 882 5047 ,
912 4982 1032 5052 quia
1057 4998 1165 5042 non
1193 4981 1249 5038 fit
1269 4982 1530 5041 adversus
1561 4986 1812 5041 volunta-

1916 4895 2050 4965 ligas
2078 4899 2297 4964 propter
2323 4887 2710 4943 humanitatem
2732 4927 2749 4952 ,
2775 4892 2830 4939 et
2870 4884 3062 4936 timeas
3105 4887 3323 4950 propter
3346 4874 3511 4930 disci-

1919 4987 2115 5057 plinam
2145 4981 2280 5038 tSic
2307 4979 2542 5052 denique
2572 4977 2814 5050 plagiarii
2842 4975 3159 5048 diliguntur,
3192 4985 3298 5027 non
3346 4970 3510 5025 etiam

1453 5076 1746 5135 LECTION
1753 5079 1836 5136 ES
1874 5075 2284 5135 VARIANTES.

277 5161 353 5282 iii
387 5159 767 5277 ἓὲιῖξῗὲίῗυῖέξῖ

389 5225 507 5277 Cum
529 5226 594 5276 de
621 5226 764 5276 Rhen.
814 5222 1011 5278 Oberth.

301 5285 352 5346 3)
389 5287 662 5338 Occurrant
677 5285 870 5339 Scmlvr
893 5323 908 5346 ,
934 5289 1111 5343 Obcrfh

307 5348 354 5412 ι)
391 5348 596 5412 Indigna
620 5351 733 5412 bilis
753 5350 904 5401 Rhea.

302 5411 356 5475 3)
391 5411 579 5464 Non’ut
596 5411 750 5464 Semf.
773 5427 868 5464 non
893 5420 947 5464 et
968 5421 1062 5464 Jun

2089 5166 2229 5218 Enim
2252 5165 2416 5218 Paris.

2090 5228 2157 5279 Ut
2177 5228 2387 5284 Semfer.
2413 5223 2608 5280 Oberth.

2083 5291 2202 5342 Haec
2221 5289 2326 5342 alii.

2088 5353 2332 5406 Bonitatis
2356 5350 2503 5403 thcn.

2036 5167 2057 5419 ξ

1558 5498 2117 5559 COMMENTARIUS.

270 5591 445 5673 .CAP.
462 5589 755 5673 xxvtt.——
768 5589 1151 5673 (a)-Sententia:
1171 5610 1276 5673 sua!
1299 5595 1813 5673 circumscriptorem.

219 5664 760 5743 Cir'cumscriptorem
783 5704 800 5728 ,
831 5664 905 5743 _id
957 5674 1040 5719 cst
1064 5708 1078 5731 ,
1138 5668 1505 5743 abrogatorem
1528 5709 1542 5732 ,
1583 5664 1816 5723 Circum-

215 5733 474 5812 scribere_
488 5746 586 5812 pro
614 5733 992 5812 circumducere
1013 5747 1090 5812 Aet
1128 5737 1393 5812 obliterare
1413 5779 1428 5804 ,
1472 5738 1822 5812 freguensju—

215 5802 551 5860 reconsultis
579 5811 632 5856 ct
656 5807 966 5860 auctoribus
1013 5809 1214 5861 idoneis
1260 5802 1502 5864 verbum.
1531 5802 1821 5866 C'icero'in

219 5873 458 5953 Finibus
473 5889 491 5936 ;
518 5871 924 5946 Circumscriptis
968 5879 1121 5949 igitur
1141 5879 1203 5933 iis
1229 5881 1489 5936 sententiis
1514 5899 1640 5953 quas
1672 5883 1825 5938 modo

220 5947 388 6016 posui.
421 5944 596 6000 Ruso.

1996 5595 2077 5669 (b)
2116 5595 2181 5650 Et
2201 5596 2316 5669 ipsa
2340 5591 2740 5669 transfundam
2769 5599 3046 5669 pragccpta.
3077 5585 3512 5669 Transfunctpria

1921 5656 2080 5723 vocat
2111 5656 2494 5738 perfunctoria:
2525 5666 2618 5720 Est
2644 5672 2823 5718 autem
2859 5656 3243 5738 jurcconsultis
3265 5656 3510 5738 _perfun-

1925 5726 2154 5795 ctorium
2201 5737 2341 5808 quod
2391 5738 2492 5790 levi
2532 5750 2657 5791 cura
2692 5738 2749 5788 lit
2775 5776 2791 5801 ,
2818 5726 2875 5808 et
2918 5733 3060 5808 aliud
3111 5730 3349 5808 agendo,
3381 5726 3508 5808 dum

1926 5812 2172 5866 videlicet
2220 5798 2329 5863 non
2383 5821 2636 5865 curamus
2679 5815 2739 5860 ut
2778 5798 2984 5875 aliquid
3042 5798 3177 5875 bene
3230 5800 3357 5875 flat,
3413 5798 3507 5852 sed

1930 5892 2134 5937 tantum
2162 5889 2216 5935 ut
2245 5881 2372 5933 fiat:
2403 5879 2528 5933 inde
2571 5871 2911 5944 perfunctorie
2947 5873 3254 5931 adverbium
3307 5871 3358 5925 in
3391 5884 3514 5924 cre-

1935 5954 2032 6010 bro
2063 5967 2157 6008 usu
2186 5951 2327 6023 apud
2358 5950 2501 6007 illos.
2536 5951 2707 6003 Ruso.
