4262 6490
749 419 853 474 ΞἹΩ

2171 408 2624 467 TERTULLIANI

3946 411 4051 468 980

750 538 1024 589 timentur.
1055 531 1170 590 Non
1217 533 1358 589 enim
1403 533 1706 598 timebitut',
1740 534 1839 589 nisi
1868 534 2014 604 jnsta
2041 543 2095 588 et
2124 531 2335 586 ordina-
2371 528 2417 583 Α
2441 530 2549 596 jam
2583 545 2679 583 nec
2709 530 2884 598 ipsum
2917 529 3035 583 fidei
3063 530 3180 598 ejus
3208 539 3622 584 sacramentum.
3663 526 3761 585 Cui
3791 530 3934 582 enim
3975 531 4048 586 rei

753 630 828 683 ria
884 627 1197 681 dominatio.
1245 625 1399 693 Diligi
1449 634 1628 680 autem
1678 634 1855 694 potest
1885 625 2044 679 etiam
2078 623 2339 676 adultera.

751 718 1137 774 Sollicitationc
1163 719 1303 771 enim
1338 726 1587 778 constat,
1618 730 1722 770 non
1751 716 2066 770 auctoritate
2093 733 2105 778 ;
2139 725 2192 769 et
2214 715 2345 768 adu-

752 810 988 872 latione,
1037 823 1140 862 non
1195 819 1480 879 potestate.
1524 808 1661 876 Qttid
1707 809 1937 879 denique
1981 809 2324 869 adulantius.

755 918 914 970 quam
944 903 1136 958 delicta
1166 917 1269 956 non
1297 901 1683 972 cxscquiYAge
1713 903 1910 973 itaque,
1934 901 2022 972 qui
2050 901 2213 955 Deum
2239 914 2344 954 non

758 995 913 1047 times
943 993 1092 1064 quasi
1138 993 1334 1047 bonum
1362 1035 1375 1057 ,
1403 992 1533 1062 quid
1564 1008 1668 1047 non
1719 995 1772 1047 in
1802 1007 2016 1048 omnem
2071 992 2346 1047 libidinem

756 1086 948 1141 rbullis
973 1088 995 1138 ?
1023 1102 1292 1141 summum
1315 1128 1328 1150 ,
1355 1085 1496 1156 quod
1527 1087 1690 1140 sciam
1720 1128 1735 1152 ,
1771 1089 1998 1142 fructum
2027 1087 2152 1142 vitae
2176 1086 2349 1140 omni-

755 1184 853 1236 bus
880 1183 970 1252 qui
1002 1183 1166 1236 Deum
1201 1197 1307 1236 non
1342 1182 1532 1236 timent
1556 1199 1571 1244 ;
1598 1181 1724 1252 quid
1769 1196 1874 1236 non
1904 1181 2214 1252 frequentas
2240 1190 2348 1236 tam

751 1274 1018 1329 solemnes
1044 1273 1121 1346 (a)
1149 1274 1446 1343 voluptates
1486 1274 1614 1327 circi
1661 1272 1883 1328 furentis
1906 1272 2008 1344 (ι),
2039 1288 2216 1328 caveae
2245 1288 2348 1327 saa-

754 1365 946 1418 vientis
990 1365 1089 1434 (li).
1123 1375 1171 1419 et
1203 1380 1379 1420 scenae
1406 1365 1733 1420 lascivientis
1756 1365 2019 1436 (c)?quid
2047 1381 2152 1420 non
2193 1374 2247 1418 et
2297 1364 2350 1420 in

758 1457 1220 1526 persecutionibus
1270 1457 1450 1511 statim
1501 1458 1676 1511 oblata
1746 1474 1929 1512 acerra
1978 1460 2214 1512 animant
2261 1474 2352 1512 ne-

758 1549 972 1616 gatione
1019 1551 1242 1604 lucraris
1264 1550 1286 1603 ?
1311 1550 1461 1603 Absit
1487 1591 1503 1616 ,
1537 1550 1714 1618 inquis
1739 1591 1752 1614 ,
1783 1550 1942 1604 absit.
1974 1549 2114 1620 Ergo
2138 1550 2247 1619 jam
2282 1549 2351 1604 ti-

759 1657 874 1695 mes
918 1641 1171 1696 delictum
1200 1685 1214 1705 ,
1256 1652 1310 1696 et
1355 1642 1594 1700 timendo
1644 1643 1880 1712 probasti
1934 1644 2082 1699 illum
2133 1645 2306 1700 timeri
2334 1687 2348 1707 ,

753 1732 842 1801 qui
889 1732 1136 1802 prohibet
1181 1733 1449 1789 delictum.
1503 1734 1660 1789 Aliud
1702 1745 1822 1803 est,
1861 1737 1904 1790 si
1945 1736 2130 1791 eadem
2163 1736 2247 1790 dei
2281 1738 2353 1791 ttti

757 1826 1106 1894 perversitate
1131 1867 1146 1890 ,
1181 1842 1338 1895 quem
1367 1841 1470 1882 non
1504 1827 1658 1882 times
1679 1868 1695 1892 ,
1729 1828 1984 1882 observas
2011 1869 2026 1892 ,
2055 1844 2156 1898 qua
2184 1838 2238 1882 et
2264 1828 2354 1884 ille

2449 625 2710 692 baptisma
2743 638 2956 693 quoque
2985 623 3123 694 apud
3151 639 3272 676 eum
3300 624 3571 693 exigitur?
3602 624 3656 679 Si
3687 625 3933 678 remissio
3959 625 4052 678 de-

2449 719 2693 771 lictorum
2724 727 2837 779 est,
2884 715 3153 786 quomodo
3203 715 3470 772 videbitur
3506 717 3698 770 delicta
3727 717 4000 769 dimittere
4026 757 4042 778 ,

2447 809 2537 879 qui
2566 824 2671 862 non
2705 808 2976 864 videbitur
3005 808 3283 861 retinere?
3311 807 3432 876 quis
3458 808 3711 861 retineret
3736 848 3752 872 ,
3781 807 3827 860 si
3846 805 4054 875 judica-

2452 910 2549 956 ret.
2586 899 2641 955 Si
2688 900 2956 955 absolutio
3006 901 3194 953 mortis
3238 910 3321 953 est
3350 941 3365 964 ,
3395 897 3665 967 quomodo
3693 899 3999 954 absolveret
4026 914 4054 950 a

2453 1004 2624 1047 morte
2653 1033 2668 1057 ,
2701 994 2789 1062 qui
2843 1007 2948 1045 non
3003 991 3242 1046 devinxit
3291 991 3357 1046 ad
3407 992 3680 1046 mortem?
3726 991 4057 1046 devinxisset

2452 1087 2595 1142 enim
2618 1127 2630 1148 ,
2659 1087 2703 1140 si
2749 1101 2776 1137 a
2812 1085 3104 1155 primordio
3143 1085 3472 1139 damnasset.
3505 1085 3560 1139 Si
3595 1086 3931 1154 regeneratio
3975 1093 4058 1138 est

2456 1178 3017 1248 hominis,quomodo
3061 1188 3342 1247 rcgenerat
3389 1178 3475 1245 qui
3539 1193 3642 1231 non
3676 1177 4058 1246 regeneravit?

2458 1269 2672 1324 lteratio
2709 1272 2852 1325 enim
2877 1286 2984 1324 non
3007 1271 3266 1338 competit
3309 1270 3356 1323 ei
3384 1285 3413 1322 a
3455 1286 3562 1338 quo
3588 1269 3714 1339 quid
3747 1285 3846 1323 nec
3888 1269 4059 1322 semel

2457 1343 2651 1419 factum
2697 1371 2799 1418 est.
2845 1362 2899 1417 Si
2943 1361 3254 1417 consecutio
3291 1370 3372 1414 est
3418 1362 3646 1429 Spiritus
3684 1362 3896 1425 sancti,
3929 1377 4062 1430 quo-

2458 1454 2619 1509 modo
2643 1454 2887 1524 spiritum
2918 1453 3204 1516 adtribuet,
3236 1455 3325 1522 qui
3350 1453 3582 1507 animam
3615 1467 3719 1506 non
3753 1453 3899 1521 prius
3926 1467 4060 1506 con-

2459 1547 2774 1615 tulit?quia
2806 1547 2887 1615 (d)
2932 1546 3216 1600 sull'ectura
3267 1553 3350 1599 est
3398 1543 3793 1614 quodammodo
3842 1543 4065 1611 spiritus

2457 1642 2654 1695 anima.
2687 1642 2869 1710 Signat
2893 1640 3049 1710 igitur
3071 1639 3361 1702 hominem,
3396 1652 3691 1708 numquam
3720 1637 3860 1708 apud
3893 1652 3952 1691 se
3981 1653 4066 1692 re-

2458 1734 2766 1804 signatum;
2797 1733 2936 1786 lavat
2984 1731 3274 1797 hominem,
3306 1745 3597 1798 numquam
3649 1731 3788 1799 apud
3827 1746 3888 1784 se
3933 1733 4067 1785 resi-

2458 1838 2676 1898 gnatum
2719 1827 2906 1891 ;lavat
2956 1826 3250 1887 hominem,
3279 1840 3569 1893 numquam
3621 1823 3758 1893 apud
3811 1838 3870 1876 se
3915 1824 4068 1877 coin-

755 1916 896 1986 quod
941 1933 1048 1971 non
1093 1918 1357 1985 vindieat,
1391 1918 1657 1989 prohibet.
1711 1919 1874 1973 Multo
1920 1919 2096 1974 adhuc
2128 1922 2314 1975 vanius
2339 1963 2354 1988 ,
2388 1919 2435 1978 B
2463 1921 2775 1992 quinatum;
2803 1919 2874 1990 (e)
2893 1930 2946 1974 et
2986 1920 3038 1973 itt
3077 1919 3177 1972 hoc
3218 1929 3387 1973 t0tum
3434 1917 3622 1972 salutis
3665 1927 4066 1971 sacramentum

752 2022 873 2062 eum
900 2008 1228 2079 interrogati,
1255 2011 1380 2082 quid
1410 2012 1498 2066 liet
1520 2012 1785 2079 peccatori
1807 2011 1998 2080 cuique
2022 2011 2110 2067 die
2128 2013 2241 2067 illo?
2261 2030 2352 2068 re-

758 2099 1026 2170 spondent
1087 2101 1167 2172 (εἰ)
1208 2102 1361 2169 abjici
1409 2101 1557 2155 illum
1589 2103 1738 2172 quasi
1767 2103 1834 2156 ab
1859 2103 2050 2157 oculis.
2084 2103 2272 2159 Nonne
2299 2115 2354 2159 et

759 2191 859 2246 hoc
896 2192 1098 2261 judicio
1139 2189 1646 2262 agitur?judicatur
1694 2195 1837 2249 enim
1892 2193 2228 2264 abjieicndus
2254 2238 2267 2262 ,
2301 2208 2356 2253 et

760 2286 940 2356 utique
961 2285 1162 2355 judicio
1189 2285 1546 2342 damnationis
1577 2304 1588 2340 :
1621 2288 1723 2342 nisi
1753 2289 1796 2342 si
1826 2290 1876 2344 in
1905 2289 1986 2360 (5)
2011 2290 2237 2347 salutem
2265 2294 2355 2346 ab-

753 2378 970 2446 jiciatur
1001 2390 1265 2448 peccator,
1297 2390 1352 2434 ut
1379 2388 1432 2433 et
1462 2379 1564 2434 hoc
1595 2379 1704 2435 Deo
1741 2381 1946 2450 optimo
1975 2392 2260 2452 competat.
2293 2383 2356 2438 Et

757 2470 885 2540 quid
915 2471 1016 2525 erit
1044 2471 1201 2541 abjici
1228 2513 1242 2537 ,
1281 2473 1378 2526 nisi
1421 2475 1666 2528 amittere
1692 2473 1743 2528 id
1773 2473 1914 2544 quod
1945 2485 2058 2530 erat
2094 2489 2353 2532 consecu-

762 2576 908 2621 turus
931 2605 944 2625 ,
977 2565 1020 2618 si
1072 2578 1174 2618 non
1221 2562 1547 2634 abjiceretur
1571 2567 1593 2619 ?
1625 2567 1676 2621 id
1703 2576 1785 2622 est
1818 2567 2065 2623 salutem.
2093 2568 2237 2639 Ergo
2263 2587 2352 2626 sa-

761 2655 886 2710 lutis
933 2657 987 2711 in
1017 2656 1397 2714 detrimentum
1442 2659 1720 2728 abjicietur
1747 2677 1757 2712 :
1791 2669 1844 2716 et
1871 2660 1971 2714 hoc
2000 2659 2215 2716 decerni
2248 2677 2353 2716 non

767 2754 962 2820 poterit
989 2755 1086 2807 nisi
1118 2753 1186 2808 ab
1215 2753 1371 2818 irato,
1401 2763 1456 2808 et
1481 2753 1708 2818 offenso,
1736 2765 1791 2809 et
1808 2765 2123 2811 cxsecutore
2146 2754 2352 2826 delicti,

772 2842 822 2897 id
849 2852 930 2897 est
947 2843 1148 2914 judice.

1317 2957 1543 3015 CAPUT
1583 2958 1818 3016 XXVIII.

833 3069 1019 3125 Exitus
1051 3077 1229 3126 autem
1272 3069 1342 3125 illi
1387 3071 1596 3142 abjecto
1625 3073 1744 3143 quis
1769 3074 1791 3127 Τ
1820 3074 1902 3130 Ab
1932 3076 2082 3146 igne,
2114 3077 2356 3147 inquiunt

759 3163 1028 3220 Creatoris
1055 3163 1507 3234 deprehendetur,
1542 3164 1762 3220 Adeone
1797 3167 1998 3222 nullum
2044 3168 2201 3225 habet
2240 3171 2353 3226 ele-

763 3265 1020 3323 mentum,
1044 3255 1126 3310 vel
1159 3256 1208 3310 in
1243 3257 1377 3309 hanc
1402 3270 1644 3310 caussam
1669 3258 1958 3325 provisum.
1981 3276 2086 3330 quo
2109 3274 2352 3332 peccato-

2459 2027 2675 2068 carnem
2708 2012 2898 2081 mergit
2925 2021 3195 2066 exsortem
3237 2010 3443 2064 salutis.
3475 2009 3584 2064 Nec
3612 2009 3844 2064 rusticus
3869 2019 4069 2063 terram

2461 2107 2691 2179 rigabit,
2737 2109 2962 2160 fructum
3011 2121 3116 2160 non
3171 2105 3463 2159 relaturam
3491 2147 3506 2168 ,
3541 2103 3640 2157 nisi
3688 2112 3793 2155 tam
3850 2117 4023 2156 vanus
4051 2145 4066 2165 ,

2458 2215 2616 2271 quam
2651 2199 2784 2253 deus
2820 2197 3122 2251 Marcionis.
3159 2195 3417 2257 Proinde,
3449 2210 3548 2248 cur
3577 2193 3657 2263 (6)
3686 2203 3889 2246 tantam
3909 2235 3922 2255 ,
3952 2193 4068 2248 sive

2457 2293 2724 2347 sarcinam
2749 2332 2762 2354 ,
2795 2292 2907 2345 sive
2933 2289 3157 2358 gloriam
3179 2331 3194 2353 ,
3227 2287 3604 2341 inﬁrmissima:
3653 2297 3744 2340 aut
3799 2284 4060 2354 indignis-

2459 2385 2609 2439 simae
2655 2383 2802 2439 carni
2855 2382 3080 2451 imponit
3107 2377 3486 2434 sanctitatem?
3514 2377 3650 2444 Quid
3677 2376 3852 2434 dicam
3887 2386 4065 2430 autem

2459 2476 2524 2532 de
2551 2475 2848 2545 disciplina:
2893 2473 3124 2528 vanitate
3156 2513 3172 2537 ,
3207 2485 3313 2540 qua
3363 2471 3662 2524 sanetilicat
3703 2467 4063 2523 substantiam

2457 2571 2741 2627 sanctam?
2768 2567 2902 2636 Quid
2933 2577 3023 2621 attt
3052 2566 3132 2637 (7)
3161 2573 3352 2620 onerat
3379 2565 3644 2618 infirmam
3667 2605 3683 2628 ,
3713 2572 3805 2614 aut
3835 2568 4064 2615 exornat

2461 2664 2730 2730 indignam
2759 2661 2782 2713 ?
2811 2659 2948 2728 Quid
2995 2675 3100 2712 non
3141 2657 3313 2712 salute
3358 2664 3664 2712 retnunerat
3689 2697 3704 2720 ,
3734 2670 3895 2723 quam
3927 2668 4060 2706 one-

2461 2765 2543 2810 rat
2571 2755 2651 2808 vel
2679 2751 2947 2808 exornat?
2977 2751 3114 2819 Quid
3145 2749 3354 2804 fraudat
3385 2749 3689 2804 mercedem
3718 2747 3920 2816 operis,
3951 2761 4059 2799 non

2459 2847 2761 2918 rependens
2791 2846 2873 2915 (8)
2895 2845 3042 2899 carni
3091 2842 3318 2898 salutem
3343 2842 3366 2895 ?
3391 2839 3530 2908 Quid
3563 2850 3616 2895 et
3642 2839 3904 2894 honorem
3931 2853 4056 2892 san-

2459 2941 2658 2997 etitatis
2688 2941 2738 2993 in
2763 2939 2852 2994 illa
2872 2937 3004 2992 mori
3035 2936 3272 3006 patitur?

3029 3049 3256 3107 CAPUT
3295 3048 3490 3102 XXIX.

2532 3170 2644 3227 Non
2674 3168 2933 3240 tinguitur
2957 3167 3096 3237 apud
3129 3166 3272 3221 illum
3301 3181 3426 3220 caro
3448 3207 3462 3228 ,
3489 3165 3589 3218 nisi
3621 3164 3770 3234 virgo
3795 3205 3808 3227 ,
3847 3163 3950 3219 nisi
3979 3164 4057 3218 vi-

2458 3263 2585 3329 dua,
2620 3263 2718 3318 nisi
2748 3261 2942 3315 caelebs
2967 3301 2982 3325 ,
3012 3261 3111 3312 nisi
3137 3259 3371 3312 divortio
3403 3258 3481 3327 (9)
3511 3257 3768 3326 baptisma
3797 3265 4055 3322 mercata,

760 3365 849 3405 res
873 3364 999 3404 suos
1024 3349 1105 3404 vel
1135 3349 1252 3404 sine
1278 3351 1478 3404 saevitia
1511 3351 1743 3419 releget,
1772 3367 1836 3408 ne
1860 3353 1976 3408 illos
2000 3355 2160 3412 dedat
2190 3359 2349 3413 Crea-
2382 3361 2427 3422 C
2460 3357 2609 3427 quasi
2660 3370 2766 3408 nun
2810 3352 2970 3407 etiam
3021 3349 3349 3420 spadonibus
3397 3365 3460 3404 ex
3513 3349 3710 3416 nuptiis
3752 3357 3896 3403 nata.
3929 3347 4056 3401 Sine

758 3440 904 3495 tori?
933 3441 1068 3508 Quid
1117 3449 1242 3496 tunc
1274 3439 1540 3495 Creator?
1563 3440 1757 3508 Credo,
1788 3443 2235 3514 sulplmratiorent
2275 3451 2353 3504 cis

759 3532 1054 3602 gehennam
1087 3533 1404 3603 praeparabit
1429 3531 1526 3603 (ι),
1552 3542 1608 3587 ut
1635 3533 1960 3603 blasphemis
1989 3538 2099 3592 suis
2126 3539 2350 3595 scilicet:

760 3625 859 3678 nisi
887 3623 1028 3693 quod
1083 3623 1221 3678 Deus
1267 3623 1470 3679 zelotes
1514 3623 1810 3680 fortassean
1845 3627 2213 3686 desertoribus
2251 3632 2346 3687 ad-

757 3717 978 3771 versarii
1007 3716 1087 3769 sui
1120 3726 1302 3786 pareat
1332 3716 1432 3786 (5).
1465 3715 1510 3770 0
1537 3715 1703 3771 Deum
1735 3733 2114 3791 usquequaque
2141 3738 2352 3793 perver.

762 3824 903 3872 sum,
928 3807 1122 3878 ubique
1153 3807 1555 3874 inrationalem,
1589 3807 1640 3862 in
1665 3809 1916 3866 omnibus
1945 3827 2160 3880 vanum,
2189 3825 2348 3886 atque

758 3902 828 3957 ita
874 3901 1140 3957 neminem
1170 3903 1182 3956 !
1216 3900 1365 3971 cujus
1396 3916 1500 3956 non
1528 3910 1724 3956 statum
1747 3944 1763 3965 ,
1793 3918 1898 3958 non
1942 3904 2303 3964 conditionem
2329 3953 2344 3979 ,

756 4009 861 4050 non
891 4003 1171 4057 naturam,
1209 4009 1312 4048 non
1357 3993 1520 4049 ullum
1547 3993 1790 4050 ordinem
1830 3995 1984 4052 video
2012 4001 2344 4072 consistere;

2457 3449 2619 3505 dubio
2652 3465 2718 3500 ex
2754 3443 3096 3500 damnatione
3141 3441 3372 3512 coniugii
3416 3439 3680 3494 institutio
3711 3439 3807 3493 ista
3835 3451 4055 3493 consta-

2459 3544 2552 3599 bit.
2591 3540 2878 3596 Videanms
2905 3554 2970 3592 an
2995 3537 3136 3606 justa
3167 3554 3178 3588 :
3215 3551 3322 3589 non
3354 3535 3502 3605 quasi
3535 3533 3857 3588 destructuri
3894 3533 4058 3587 felici-

2461 3643 2623 3689 tatem
2654 3630 2952 3686 sanctitatis
2977 3670 2991 3693 ,
3019 3639 3072 3680 ttt
3104 3627 3264 3696 aliqui
3304 3626 3576 3681 Nicolaitze
3599 3667 3612 3690 ,
3642 3633 3942 3679 assertores
3991 3625 4054 3678 li-

2460 3725 2652 3782 bidinis
2716 3734 2875 3793 atque
2941 3720 3211 3784 luxuriae;
3251 3718 3344 3772 sed
3399 3718 3487 3787 qui
3545 3717 3883 3771 sanctitatem
3937 3716 4056 3771 sine

2458 3816 2759 3887 nuptiarum
2807 3813 3150 3868 damnatione
3205 3809 3509 3865 noverimus
3533 3851 3546 3872 ,
3579 3819 3632 3862 et
3671 3815 3966 3872 sectemur,
3999 3817 4054 3862 et

2452 3910 2796 3982 pra-feramus
2821 3925 2835 3974 ;
2867 3924 2971 3960 non
3021 3915 3077 3960 ut
3115 3904 3254 3959 malo
3280 3904 3477 3958 bonum
3505 3945 3519 3968 ,
3546 3902 3640 3957 sed
3669 3911 3724 3956 ut
3750 3901 3894 3957 bono
3929 3916 4048 3955 me-

2450 4004 2572 4060 lius.
2601 4000 2717 4057 Non
2757 3999 2901 4055 enim
2949 3997 3296 4069 projicimus,
3343 3996 3414 4066 (ί)
3443 3994 3538 4049 sed
3587 3993 3913 4065 deponimus
3957 4009 4054 4048 nu-

1973 4114 2352 4175 LECTIONES
2394 4116 2802 4175 VARIANTES.

840 4206 858 4254 i
909 4203 1096 4255 Circum
1121 4203 1342 4253 furentes
1367 4203 1516 4253 Rhea.
1554 4201 1750 4255 Oberth.

816 4205 888 4329 l2;
911 4266 1308 4329 (Respondebunt
1349 4265 1484 4316 Latin
1543 4267 1750 4317 illorum.

837 4265 1308 4332 2)__Respondebunt
1349 4265 1484 4316 Latin
1543 4267 1764 4329 illorum,
1797 4269 2098 4332 respondent
2135 4271 2342 4325 Semler.

752 4328 848 4379 Dei
870 4328 1077 4378 aliorum
1102 4328 1252 4378 Rhea.

2511 4213 2582 4270 (5)
2621 4209 2895 4260 Adversarii
2937 4207 3131 4269 parcit?
3156 4204 3318 4270 Paris.
3349 4205 3502 4254 Fran.

2532 4263 2584 4332 6)
2623 4273 2686 4322 Ut
2705 4272 2829 4320 deus
2852 4263 3106 4332 Marcionis
3130 4268 3331 4332 proinde
3353 4281 3464 4318 cum
3488 4263 3637 4318 Semf.
3661 4263 3855 4316 Oberllt.

2533 4330 2583 4386 τὶ
2618 4339 2797 4386 Autem
2822 4330 3026 4383 Semler.

919 4391 1018 4461 δίεδί
1040 4394 1085 4439 in
1106 4388 1478 4461 Rh_8H-_Ob,€rlh.
2372 4433 2422 4461 η
2623 4396 3015 4461 Βρρτρὴρῐιόρηε
3037 4393 3190 4446 Rhen.

833 4407 860 4442 ο
919 4391 1018 4439 Nisi
1040 4394 1085 4439 in
1106 4391 1255 4441 Rhen.
1285 4391 1478 4441 Oberth.
2516 4391 2564 4447 ’8
2623 4398 2692 4446 Re
2727 4396 2990 4445 rehenden

920 4453 1214 4515 Prteparavit
1237 4450 1386 4503 Seml.
1414 4462 1526 4505 Jun.
2371 4433 2423 4494 D
2621 4414 2855 4509 Degortio
2878 4465 2990 4508 Jun.

2093 4540 2654 4600 COMMENTARIUS.

821 4628 900 4699 (a)
947 4628 1245 4698 Voluptates
1282 4628 1404 4682 circi
1436 4628 1668 4696 furentis.
1707 4631 1964 4687 Furorem
1991 4641 2045 4688 et
2075 4634 2334 4691 insaniam

747 4703 914 4775 tribui
946 4703 1090 4775 circo
1118 4712 1328 4775 veteres
1360 4699 1525 4775 ferme
1553 4717 1740 4775 omnes
1763 4705 1978 4759 docent.
2011 4709 2335 4775 Augustinus

751 4773 843 4826 lib.
877 4771 914 4825 II
947 4773 1010 4824 de
1035 4771 1278 4840 Symbolo
1315 4771 1384 4824 ad
1411 4772 1795 4829 catechumenos
1829 4791 1848 4829 :
1877 4776 2014 4842 Quid
2042 4771 2255 4832 delectat
2283 4781 2334 4833 i'n

745 4843 925 4919 circo?
950 4843 1153 4919 aurigas
1194 4844 1358 4919 videre
1383 4852 1629 4896 certantes
1644 4861 1669 4919 _:
1688 4849 1914 4919 papulas
1938 4849 2137 4919 insania
2157 4890 2172 4912 ,
2202 4851 2339 4919 furia

747 4913 1092 4984 anhelantes?
1119 4912 1178 4966 Β.
1215 4913 1566 4984 Hieronymus
1591 4914 1655 4967 ad
1686 4915 1990 4972 Marcellum
2016 4936 2028 4972 τ
2062 4912 2238 4974 Circus
2261 4923 2339 4974 in-

744 4987 930 5037 saniat.
965 4984 1022 5037 Β.
1053 4983 1342 5060 Gregorius
1364 4983 1612 5060 Nazianz.
1649 4985 1795 5040 Orat.
1822 4985 1891 5042 27
1923 5006 1935 5041 :
1970 4996 2076 5060 τιρὶ
2121 5000 2224 5054 τοὺς
2258 5001 2340 5046 ἱπ-

746 5067 912 5116 πικιὺς
941 5060 1021 5108 καὶ
1053 5064 1113 5110 τὰ
1147 5059 1345 5124 (JH-mu,
1374 5059 1454 5108 καὶ
1482 5061 1543 5110 τὰ
1569 5061 1764 5120 στάδια,
1789 5065 1869 5112 «cui
1896 5067 1958 5116 τὰ
1983 5059 2226 5127 novo-ﬂeta
2247 5089 2331 5118 rs-

744 5135 907 5198 ᾳιῧτιν
931 5134 1347 5198 μιμηνξνιιεῶστι
1369 5133 1522 5182 ταῦτα
1547 5133 1788 5184 ποιεῖσθαι
1820 5141 1931 5198 βίον
1960 5149 1972 5184 ε
2004 5129 2067 5186 In
2097 5133 2332 5188 circensi-

743 5197 834 5251 bus
875 5209 919 5251 et
966 5196 1264 5265 spectaculis
1285 5240 1298 5258 ,
1329 5214 1481 5251 cursu
1506 5208 1552 5251 et
1581 5196 1922 5256 venationibus
1951 5203 2078 5256 adeo
2107 5205 2332 5259 insanie-

742 5270 864 5346 (ιρι,
891 5270 1054 5346 ut_in_
1081 5270 1163 5346 iis_
1187 5269 1342 5346 pilam
1386 5279 1572 5346 ag_eret.
1615 5269 1756 5327 Idem
1805 5272 1979 5328 adhuc
2030 5273 2334 5346 Theologus

745 5339 926 5394 Carm.
960 5340 993 5392 3
1043 5338 1285 5394 iambico.
1316 5339 1392 5394 Le
1421 5338 1527 5395 ’Pn.

819 5411 899 5492 (η)
931 5410 1105 5464 Cavea
1126 5412 1392 5492 meientis.
1417 5410 1586 5492 Cavea
1611 5427 1763 5492 sape.
1782 5430 1877 5483 pro
1909 5415 2116 5492 theatro
2136 5428 2192 5492 et
2222 5433 2336 5492 am-

785 5479 1050 5534 ltitheatro
1091 5492 1144 5534 ut
1194 5481 1278 5534 hic
1330 5483 1572 5536 sumitur.
1608 5479 1712 5538 Sed
1753 5479 1890 5540 lt'unc
1938 5488 2110 5542 locum
2145 5489 2195 5542 in
2227 5491 2331 5543 vita

784 5594 797 5607 .
821 5552 1104 5628 Hilarionis
1116 5552 1387 5621 expressit
1405 5554 1606 5628 optime
1625 5555 1684 5608 Β.
1717 5556 2001 5628 llieronym
2025 5578 2036 5612 :
2062 5556 2181 5612 Non
2208 5562 2330 5614 circi

738 5625 1027 5693 furoribus,
1060 5640 1168 5693 non,
1211 5640 1381 5676 arena
1427 5625 1707 5692 sanguine.
1746 5643 1845 5682 non
1904 5625 2083 5683 theatri
2124 5631 2330 5685 luxuria

739 5692 1097 5772 delectabatur.
1132 5692 1291 5746 Vides
1316 5711 1521 5772 arenam
1544 5695 1652 5772 _dici
1684 5713 1777 5772 pro
1800 5716 1954 5772 cavea
1979 5741 1993 5765 ,
2019 5701 2159 5756 unde
2189 5702 2326 5772 Apo-

733 5766 839 5835 log.
869 5765 969 5835 3%.
999 5780 1168 5817 arena!
1191 5766 1427 5818 atrocitas
1455 5765 1664 5820 dicitur.
1695 5767 1768 5822 LE
1800 5770 1894 5826 l’n.

808 5837 881 5903 (ο)
913 5829 1091 5890 Sceme
1134 5835 1452 5888 lascivientis.
1506 5837 1775 5892 Prohibila
1824 5853 1973 5897 erant
2009 5841 2326 5899 Christianis

735 5907 1034 5977 spectacula
1075 5917 1291 5979 propter
1333 5909 1712 5978 turpitudinem
1740 5920 1792 5966 et
1824 5914 2202 5984 impudicitiam
2228 5931 2242 5981 ;
2274 5916 2323 5970 id

2442 4636 2677 4706 undique
2723 4635 2956 4691 clamant
3004 4647 3258 4688 canones.
3311 4633 3429 4702 Ipse
3480 4631 3708 4706 Tertull.
3742 4633 3896 4706 Apol.
3931 4633 4042 4689 38:

2440 4703 2758 4774 Spectaculis
2779 4707 2955 4760 vestris
2980 4707 3030 4758 in
3052 4715 3249 4759 tantum
3276 4705 3623 4758 renuntiamus
3645 4722 3663 4757 :
3695 4703 3746 4757 in
3777 4705 4047 4770 baptismo

2441 4779 2692 4834 nimirum
2713 4820 2728 4843 ,
2758 4777 2899 4832 unde
2936 4778 2992 4830 S.
3025 4776 3457 4845 Cltrysostomus.
3488 4775 3634 4830 Orat.
3665 4775 3752 4839 l9,
3783 4775 3854 4827 ad
3909 4777 4041 4842 Pop.

2444 4859 2669 4904 testatur
2697 4864 2802 4904 non
2835 4848 3002 4902 videri
3034 4847 3232 4901 debere
3249 4847 3582 4900 Christianos
3614 4847 3664 4900 in
3696 4862 3861 4901 scena
3882 4858 3938 4900 et
3967 4848 4044 4901 lu-

2440 4920 2658 4977 dionutn
2687 4919 3198 4991 gesticulationibus,
3232 4927 3276 4974 ιν
3301 4944 3446 4989 om;
3469 4925 3551 4973 καὶ
3578 4922 4040 5044 μὶἷιῶὶπιιδειαῖς.

3667 5006 3696 5044 ε
3767 5005 3819 5042 n.

3667 5006 3696 5044 Ε
3728 5005 3819 5042 I’ll.

2507 5063 2660 5118 CAP.
2690 5059 3096 5132 XXVlll.—(d)
3115 5059 3408 5127 Str/rectura
3437 5069 3508 5116 est
3522 5061 3898 5128 quodammodo
3928 5063 4040 5128 spi-

2436 5135 2562 5189 ritus
2588 5137 2779 5188 anima.
2813 5134 3103 5202 Tamquam
3126 5135 3400 5201 sitpposita
3440 5133 3646 5200 spiritui
3697 5132 4039 5186 suStinendo.

2433 5204 2760 5270 su/fccturam
2807 5205 2956 5267 dicit,
2973 5203 3420 5274 quemadmodum
3451 5213 3633 5258 contra
3643 5202 3723 5256 rio
3735 5203 4041 5274 significatu

2437 5275 2663 5331 dicimus
2695 5273 3062 5344 praefecturam.
3125 5275 3304 5344 Itaque
3331 5275 3671 5330 snlI'ecturam
3698 5273 3882 5328 tribuit
3912 5277 4038 5327 ani-

2439 5363 2562 5409 mae,
2586 5357 2641 5401 ut
2673 5349 3028 5414 intelligamus
3061 5345 3235 5400 datam
3268 5346 3475 5413 spiritui
3524 5345 3921 5416 praefecturam.
3949 5346 4039 5400 Sic

2440 5419 2576 5472 libro
2601 5419 2666 5543 ge
2710 5419 2893 5473 Anima
2917 5459 2933 5484 ,
2964 5417 3204 5472 animum
3246 5416 3381 5472 dixit
3430 5426 3724 5488 suggestum
3754 5431 3876 5472 esse
3923 5418 4038 5470 ani-

2442 5505 2565 5543 mai.
2651 5506 2721 5543 ιο.

2442 5505 2565 5546 Illa}.
2603 5505 2721 5544 NIG.

2509 5560 2587 5627 (e)
2624 5560 2688 5614 Et
2716 5563 2767 5615 in
2788 5562 2884 5614 hoc
2905 5569 3060 5614 tomm
3083 5560 3261 5613 salutis
3282 5567 3647 5614 sacramentum
3675 5574 3882 5612 carnem
3906 5575 4035 5612 mer-

2434 5632 2527 5703 git.
2556 5633 2879 5703 Augustinus
2900 5673 2914 5694 ,
2948 5631 3082 5703 libro
3113 5629 3130 5683 I
3159 5634 3228 5703 de
3248 5642 3563 5703 peccatorum
3592 5632 3777 5703 meritis
3803 5673 3815 5691 ,
3847 5642 4036 5685 contra

2438 5699 2785 5774 Pelag.,'cap.
2817 5702 2922 5756 εις
2956 5702 3194 5774 Optime,
3219 5701 3413 5770 inquit,
3437 5699 3621 5774 Punici
3646 5701 3928 5755 Christiani
3947 5703 4037 5757 ba-

2435 5775 2672 5842 ptismum
2698 5773 2864 5840 ipsum
2893 5773 3020 5826 nihil
3049 5773 3194 5825 aliud
3223 5789 3375 5835 quam
3398 5773 3609 5825 salutem
3630 5783 3828 5826 vocant.
3865 5774 3988 5827 Rto.

2502 5844 2654 5899 CAP.
2705 5843 2897 5899 XXIX.
2933 5876 2998 5883 —
3031 5844 3096 5915 (f)
3146 5842 3253 5898 Sed
3299 5845 3602 5915 deponimus
3645 5845 3886 5912 nuptias.
3924 5856 4030 5900 etc.

2429 5913 2647 5986 Naptias
2676 5917 2926 5988 equidem
2958 5913 3381 5971 non’damnabat
3402 5958 3415 5983 ,
3451 5917 3558 5968 imo
3593 5914 3646 5969 in
3677 5915 3741 5972 iis
3770 5919 4030 5970 sanctita-
