4262 6490
202 414 300 470 ἓὸι

1313 409 1436 466 LIB.
1481 410 1521 466 ll
1559 409 1925 472 ADVERSUS
1960 412 2385 470 MARCIONEM.

3394 410 3501 468 282

208 532 342 600 ptias
374 548 384 583 ε
415 543 514 585 nec
539 529 933 598 prmscribimus
956 573 969 594 ,
992 531 1086 587 sed
1116 532 1399 588 suademus
1425 532 1795 598 sanctitatem;
1826 531 1879 593 Α
1902 532 2010 602 jam
2067 535 2242 590 dicant
2304 534 2461 591 deum
2524 532 2810 588 Marcionis
2842 575 2857 602 ,
2898 547 3020 588 cum
3099 532 3500 588 matrimonium

207 632 486 676 servantes
516 632 569 676 et
603 622 838 687 bonum,
866 633 920 677 et
964 624 1158 680 melius
1189 641 1286 695 pro
1315 626 1515 680 viribus
1544 626 1802 696 cujusque

206 712 463 766 sectanda
491 731 503 776 ;
532 723 657 767 tunc
683 713 916 784 denique
941 715 1248 788 eonjugium
1280 727 1462 772 exerte
1503 717 1802 774 defenden-

210 818 285 862 tes
308 823 432 860 eum
483 807 697 862 inimice
741 818 1023 864 accusatur
1071 811 1339 880 spurcitia
1382 813 1600 867 nomine
1625 813 1676 867 in
1707 812 1803 867 dc-

208 904 562 956 structionem
593 901 901 964 Creatoris.
933 907 1022 973 qui
1077 904 1299 973 proinde
1342 905 1646 974 eonjugium
1702 920 1800 973 pro

210 996 284 1048 rei
336 995 618 1050 honestate
661 995 970 1061 benedixit,
1007 996 1057 1050 in
1088 1007 1425 1053 crementum
1454 999 1667 1068 generis
1699 998 1801 1052 hu-

211 1089 382 1151 mani,
419 1089 872 1158 quemadmodum
917 1099 970 1143 et
1022 1090 1328 1145 universum
1381 1090 1701 1146 conditionis
1749 1091 1801 1144 in

212 1184 452 1252 integros
482 1193 534 1239 et
564 1185 731 1239 bonos
761 1201 906 1239 usus.
942 1183 1057 1239 Non
1087 1185 1210 1240 ideo
1234 1196 1413 1240 autem
1441 1195 1494 1242 et
1514 1185 1617 1240 cibi
1648 1185 1803 1240 dam-

212 1277 501 1339 nabantur,
532 1279 652 1345 quia
680 1279 961 1346 operosius
990 1278 1243 1348 exquisiti
1276 1278 1330 1332 in
1353 1278 1531 1348 gulam
1557 1278 1806 1332 commit-

211 1377 367 1421 tunt:
407 1377 463 1421 nt
507 1369 587 1435 (l)
640 1384 737 1423 nec
783 1371 1004 1424 vestitus
1056 1370 1177 1425 ideo
1227 1369 1652 1435 accusabantur,
1679 1368 1804 1437 quia

212 1461 502 1526 pretiosius
528 1465 818 1533 comparati
871 1465 920 1518 in
968 1462 1318 1518 ambitionem
1347 1470 1666 1516 tumescunt.
1715 1461 1806 1516 Sic

211 1568 309 1607 nec
343 1557 666 1610 matrimonii
701 1572 788 1611 res
815 1557 938 1610 ideo
981 1556 1336 1626 despuentur,
1366 1557 1490 1626 quia
1540 1556 1807 1624 iutetnpeo

211 1651 424 1706 rantius
451 1650 652 1708 diffusae
682 1653 732 1705 in
768 1651 1030 1705 luxuriam
1064 1650 1424 1705 inardescunt.
1455 1649 1674 1704 Multum
1705 1646 1806 1703 dif-

211 1743 312 1795 fert
338 1743 480 1798 inter
511 1756 755 1800 caussam
781 1755 830 1797 et
859 1743 1070 1813 culpant
1097 1786 1112 1808 ,
1143 1745 1281 1798 inter
1319 1751 1514 1796 statum
1545 1750 1599 1797 et
1622 1756 1807 1796 exces-

210 1849 348 1886 sum.
387 1835 460 1888 lta
509 1835 812 1906 hujusmodi
869 1851 974 1890 non
1022 1836 1288 1890 institutio
1313 1877 1326 1900 ,
1359 1835 1454 1889 sed
1487 1834 1808 1889 exorbitatio

1907 637 1963 682 ut
2035 629 2232 684 malum
2283 638 2338 683 et
2388 628 2731 699 impudicitia:
2763 628 3032 698 negotium
3091 627 3363 697 reprobat,
3406 625 3500 682 ad-

1907 733 2092 774 versus
2117 720 2285 790 ipsam
2308 721 2484 776 facere
2503 723 2866 787 sanctitatem,
2894 721 2978 774 cui
3001 717 3212 774 videtur
3241 718 3459 772 studere
3485 737 3500 774 :

1907 812 2183 866 materiam
2230 813 2372 867 enim
2434 812 2546 883 ejus
2599 811 2820 868 eradit:
2870 813 2992 881 quia
3042 811 3088 866 si
3142 811 3340 880 nuptiae
3394 825 3501 865 non

1906 915 2082 967 erunt.
2129 906 2382 961 sanctitas
2429 907 2572 962 nulla
2615 915 2717 960 est.
2769 905 2934 960 Vacat
2976 905 3118 958 enim
3163 902 3502 957 abstinentiae

1908 1001 2290 1061 teSIimonium.
2321 1015 2442 1054 cum
2467 1001 2675 1054 licentia
2703 999 2956 1068 eripitur;
2981 998 3234 1068 quoniam
3265 997 3331 1049 ita
3358 1011 3505 1066 quie-

1906 1091 2029 1146 dam
2062 1092 2112 1146 in
2139 1090 2372 1146 diversis
2404 1091 2714 1160 probantur.
2755 1091 2905 1144 Sicut
2931 1099 2987 1145 et
3013 1089 3170 1142 virtus
3199 1089 3250 1140 in
3281 1088 3502 1155 inﬁrmi-

1909 1194 2010 1238 tate
2057 1185 2320 1253 per/icitur
2358 1182 2444 1255 (ll
2495 1181 2616 1237 Cor.
2669 1181 2762 1236 XII
2785 1224 2802 1248 ,
2841 1181 2962 1252 9),
2995 1182 3071 1235 sic
3102 1189 3157 1236 et
3184 1180 3503 1235 abstinentia

1909 1277 2141 1333 nubendi
2173 1278 2224 1332 in
2253 1277 2498 1332 facultate
2524 1277 2818 1332 dinoscitur
2842 1275 2946 1347 (5).
2965 1276 3096 1343 Quis
3128 1275 3354 1345 denique
3383 1275 3506 1328 abs-

1910 1371 2083 1425 tinens
2119 1369 2362 1434 dicetur,
2405 1369 2616 1424 sublato
2641 1385 2707 1424 eo
2753 1383 2782 1422 a
2830 1383 2937 1438 quo
2967 1367 3344 1422 abstinendum
3382 1367 3506 1421 est?

1910 1462 2040 1528 Qua:
2067 1462 2423 1532 temperantia
2459 1462 2598 1531 gula:
2630 1460 2682 1516 in
2711 1461 2888 1515 fame?
2927 1474 3046 1530 quae
3070 1459 3386 1514 ambitionis
3417 1475 3506 1514 re-

1910 1556 2147 1626 pudiatio
2185 1556 2234 1608 in
2272 1553 2555 1624 egestate?
2583 1568 2702 1623 qua:
2729 1553 2965 1608 libidinis
3002 1551 3300 1606 iitfrtenatio
3331 1551 3384 1605 in
3413 1566 3508 1605 ca~

1911 1648 2205 1703 stratione?
2246 1646 2361 1702 Jam
2403 1661 2530 1700 vero
2572 1657 2867 1700 sementem
2912 1643 2995 1716 (6)
3030 1644 3240 1714 generis
3287 1642 3508 1698 humani

1910 1755 2257 1811 compescere
2288 1741 2338 1794 itt
2374 1749 2541 1794 totum
2573 1736 2688 1810 (7),
2738 1739 2922 1792 nescio
2946 1754 3014 1792 an
3043 1736 3145 1791 ltoe
3172 1751 3383 1806 quoque
3412 1752 3509 1807 op-

1913 1837 2041 1890 timo
2069 1835 2182 1890 Deo
2211 1843 2491 1904 congruat.
2519 1832 2800 1900 Quomodo
2829 1833 2975 1886 enim
2999 1833 3205 1886 salvum
3234 1831 3506 1887 hominem

211 1927 549 1996 reprobanda
587 1937 668 1982 est
689 1970 704 1993 ,
732 1927 1026 1982 secundum
1064 1942 1345 1982 censuram
1373 1928 1693 1982 institutoris
1725 1927 1800 1996 ip.
1840 1933 1886 1991 Β
1915 1927 2078 1991 volet,
2108 1940 2266 1995 quem
2295 1935 2439 1979 vetat
2467 1925 2647 1988 nasci,
2676 1924 2743 1979 de
2770 1940 2876 1993 quo
2905 1923 3142 1980 nascitur
3167 1923 3464 1978 auferendo
3485 1923 3510 1974 Ἰ

211 2021 355 2085 sius;
381 2022 536 2088 cujus
557 2030 635 2076 est
662 2032 764 2076 tam
789 2065 802 2088 ,
827 2020 1048 2076 Crescite
1073 2032 1118 2076 et
1145 2023 1552 2092 multiplicamini
1585 2017 1738 2088 (Gen.
1767 2023 1805 2087 l,

209 2116 299 2185 28)
325 2158 338 2176 .
369 2130 532 2185 quam
560 2126 613 2168 et
633 2158 646 2178 ,
677 2113 798 2168 Non
835 2115 1144 2169 adulterabis
1175 2113 1392 2187 (Exod,
1423 2114 1542 2175 XX.
1577 2115 1690 2187 Η).
1717 2125 1771 2170 et
1792 2157 1808 2180 ,

216 2209 444 2264 Uxorem
469 2209 688 2277 proximi
715 2210 785 2262 tui
808 2226 906 2263 non
935 2211 1256 2279 concupisces
1287 2208 1469 2281 (Lerit.
1502 2209 1600 2264 XX
1622 2252 1636 2273 ,
1672 2210 1764 2279 10)
1791 2227 1810 2265 :

213 2312 387 2357 morte
429 2302 698 2371 punientis
726 2314 778 2357 et
812 2304 1070 2358 incestam
1094 2302 1208 2374 (2),
1242 2304 1557 2374 sacrilegam
1582 2347 1596 2369 ,
1645 2313 1810 2375 atque

212 2405 612 2448 monstruosam
644 2395 693 2447 in
721 2396 985 2448 masculos
1003 2405 1055 2449 et
1082 2397 1130 2448 in
1158 2395 1388 2465 pecudes
1413 2395 1694 2450 libidinum
1726 2397 1809 2450 in-

209 2489 440 2542 saniam.
473 2488 578 2541 Sed
606 2498 660 2542 et
687 2489 731 2543 si
764 2488 996 2544 nubendi
1033 2489 1142 2557 jant
1176 2496 1354 2542 tnotus
1383 2489 1616 2558 ponitur,
1649 2504 1810 2558 quem

211 2580 430 2647 quidem
463 2580 606 2648 apttd
631 2595 727 2634 nos
757 2581 1012 2651 spiritalis
1040 2581 1178 2634 ratio
1203 2621 1218 2646 ,
1249 2580 1527 2636 Paraeleto
1554 2591 1775 2636 auctore
1793 2623 1808 2649 ,

210 2669 488 2732 defendit,
521 2687 683 2726 unum
717 2673 767 2726 in
821 2673 923 2726 ﬁde
969 2673 1370 2728 matrimonium
1418 2675 1808 2743 praescribens;

210 2765 459 2834 ejusdem
505 2766 604 2818 erit
659 2764 873 2819 modum
905 2765 1104 2835 figere,
1134 2767 1224 2836 qtti
1271 2765 1485 2821 modum
1526 2766 1814 2838 aliquando

210 2856 504 2912 diffuderat
535 2876 546 2911 :
579 2858 624 2911 is
648 2857 861 2930 colliget
885 2899 898 2922 ,
935 2859 1023 2926 qui
1050 2858 1251 2928 sparsit
1285 2877 1298 2914 :
1334 2859 1377 2912 is
1406 2859 1578 2914 czedet
1605 2861 1810 2931 sylvam

210 2951 299 3017 qui
337 2950 599 3019 plantavit
631 2967 646 3016 ;
680 2952 723 3004 is
755 2960 920 3005 metet
962 2962 1238 3020 segetem,
1270 2954 1360 3021 qui
1405 2953 1726 3010 seminavit:
1769 2958 1813 3010 is

211 3043 352 3095 dicet
378 3085 393 3104 ,
433 3043 679 3112 Superest
707 3055 761 3098 ut
788 3055 835 3098 et
861 3045 950 3115 qni
979 3062 1162 3100 uxores
1189 3046 1410 3111 habent,
1439 3047 1512 3100 sic
1540 3048 1640 3101 sint
1665 3051 1812 3118 quasi

211 3150 310 3185 non
343 3134 565 3188 habeant
601 3135 653 3206 (l
687 3132 807 3189 Cor.
846 3135 968 3200 \‘Il,
999 3135 1093 3207 29)
1117 3181 1132 3200 ,
1172 3137 1327 3208 cujus
1371 3147 1426 3194 et
1473 3150 1620 3194 rclro
1674 3141 1767 3196 luit
1793 3184 1809 3209 ,

208 3224 434 3279 Crescite
490 3237 536 3280 et
592 3229 1002 3297 multiplicamini
1052 3230 1352 3301 :ejusdcm
1410 3232 1572 3298 linis,
1649 3234 1806 3304 cujus

1914 2020 2182 2090 quomodo
2240 2018 2456 2074 habebit
2505 2020 2556 2072 in
2599 2033 2705 2086 quo
2759 2018 3046 2071 bonitatem
3102 2031 3250 2070 suam
3299 2016 3508 2085 signet,

1916 2129 2070 2183 quem
2093 2129 2214 2168 esse
2241 2129 2344 2167 non
2379 2112 2619 2183 patitur?
2646 2112 2916 2181 quomodo
2937 2111 3128 2175 diligit,
3161 2109 3314 2178 cujus
3339 2109 3508 2178 origi-

1917 2222 2037 2260 nem
2069 2220 2174 2259 nou
2207 2207 2390 2258 amat?
2430 2203 2608 2258 'l‘imet
2636 2204 2858 2258 forsitan
2901 2202 3303 2258 redundantiam
3349 2201 3510 2255 sobo-

1918 2299 2002 2365 lis,
2035 2313 2103 2353 ne
2129 2297 2332 2352 laboret
2365 2297 2547 2367 plures
2577 2295 2880 2362 liberando,
2911 2312 2978 2350 ne
3003 2296 3201 2349 multos
3231 2293 3511 2350 faciathaz-

1917 2392 2138 2455 reticos,
2170 2406 2237 2443 ne
2265 2390 2640 2458 generosiores
2675 2387 2869 2443 habeat
2907 2386 3244 2441 Marcionitas
3271 2402 3336 2440 ex
3370 2385 3510 2441 Mar-

1915 2483 2148 2539 cionitis.
2193 2481 2307 2536 Non
2350 2482 2454 2536 erit
2499 2480 2782 2536 immanior
2819 2479 2898 2552 (8)
2939 2479 3130 2534 duritia
3181 2477 3509 2548 Pharaonis,

1917 2581 2250 2632 nascentium
2300 2583 2596 2629 enecatrix.
2645 2573 2778 2629 Nam
2817 2574 2904 2629 ille
2937 2572 3142 2627 animas
3168 2573 3382 2636 adimit,
3427 2572 3512 2628 hic

1918 2685 2024 2724 non
2055 2669 2168 2732 dat;
2213 2669 2301 2723 ille
2330 2668 2504 2722 aufert
2529 2666 2597 2721 de
2626 2667 2705 2738 (9)
2737 2666 2838 2720 vita
2862 2707 2876 2729 ,
2925 2665 3011 2719 liie
3043 2679 3148 2719 non
3185 2664 3418 2720 admittit
3445 2667 3500 2719 in

1919 2765 2102 2817 vitam.
2139 2760 2280 2816 Nihil
2325 2760 2465 2828 apud
2510 2760 2698 2814 ambos
2732 2757 2801 2814 de
2831 2757 3124 2814 homicidio
3163 2755 3336 2812 differt
3373 2757 3512 2812 :sub

1920 2866 2144 2924 utroque
2183 2855 2343 2908 homo
2383 2852 2731 2916 interficitur;
2776 2851 2876 2905 sub
2902 2851 3107 2917 altero,
3142 2849 3250 2919 jam
3293 2849 3505 2915 editus,

1917 2949 2018 3004 sub
2044 2947 2219 3002 altero
2242 2989 2255 3009 ,
2289 2946 2549 3001 edendas.
2596 2944 2793 3000 Gratus
2821 2960 2970 3000 esses
2990 2987 3005 3011 ,
3034 2960 3068 2999 o
3100 2944 3199 2999 dce
3240 2943 3510 3012 hct-elice,

1917 3044 1960 3098 si
1990 3057 2140 3098 esses
2178 3043 2232 3096 in
2263 3040 2668 3109 diSpositionem
2694 3037 3001 3105 Creatoris,
3048 3037 3188 3108 quod
3225 3051 3427 3092 marem
3457 3049 3512 3093 et

1919 3133 2190 3190 foeminam
2232 3132 2444 3189 miscuit
2478 3133 2699 3202 :utiqne
2741 3131 2884 3186 enim
2920 3139 2974 3184 et
3015 3129 3249 3186 Marcion
3294 3140 3414 3184 tuus
3442 3144 3510 3185 ex

1919 3227 2119 3298 nuptiis
2146 3233 2299 3280 natus
2325 3232 2427 3278 est.
2457 3222 2597 3279 Satis
2625 3223 2738 3278 hanc
2763 3222 2832 3277 de
2871 3223 2975 3277 deo
2992 3220 3300 3285 Marcionis,
3327 3235 3508 3290 quem,

208 3328 261 3371 et
308 3319 542 3374 initium.
603 3321 679 3393 (η)
733 3321 851 3377 Non
904 3331 1080 3378 tamen
1126 3334 1181 3378 ut
1229 3323 1308 3395 (5)
1360 3326 1660 3380 accusanda
1700 3341 1806 3381 ete-
1837 3329 1881 3392 C
1916 3335 1969 3382 et
1998 3323 2338 3378 definitiones
2377 3321 2548 3374 unicae
2591 3318 2922 3383 divinitatis,
2954 3327 3009 3372 et
3033 3317 3369 3372 conditiones
3395 3325 3508 3370 sta.

207 3413 355 3467 ditur
387 3415 576 3485 sylva,
626 3432 724 3470 nec
778 3426 836 3471 ut
885 3418 1186 3472 damnanda
1233 3429 1447 3473 secatur
1489 3436 1684 3491 seges,
1713 3420 1809 3476 sed

207 3515 264 3560 ut
315 3508 548 3576 tempori
599 3522 694 3561 suo
747 3523 960 3576 parcns.
1021 3508 1108 3562 Sic
1152 3519 1206 3562 et
1246 3511 1494 3564 connubii
1540 3526 1626 3567 res
1655 3554 1670 3575 ,
1702 3528 1809 3567 non

207 3608 263 3654 ut
335 3600 477 3654 mala
514 3642 529 3663 ,
585 3615 831 3656 securem
906 3611 962 3656 et
1038 3601 1232 3658 falcem
1303 3602 1536 3659 admittit
1611 3607 1812 3662 sancti-

207 3693 332 3747 tatis
365 3733 382 3757 ,
439 3692 533 3747 sed
605 3704 658 3748 ut
712 3702 918 3748 matura
970 3693 1232 3764 defungi,
1278 3703 1336 3750 ut
1391 3696 1488 3766 ipsi
1539 3698 1808 3753 sanctitati

204 3793 486 3839 reservata
521 3825 536 3849 ,
567 3785 652 3838 cui
697 3785 957 3842 cadendo
1008 3795 1228 3857 pra:th
1266 3797 1320 3842 et
1363 3801 1484 3842 esse
1513 3787 1616 3858 (4).
1657 3787 1809 3844 Unde

1916 3429 2064 3475 tuum
2085 3415 2200 3488 (10)
2228 3415 2343 3484 ejus
2369 3413 2590 3469 omnino
2617 3426 2722 3468 non
2753 3425 2874 3466 esse
2893 3409 3216 3465 confirmant
3246 3410 3384 3481 (ll).
3405 3408 3506 3465 Sed

1915 3521 1968 3565 et
1994 3510 2158 3564 totius
2210 3507 2452 3576 opusculi
2511 3504 2680 3562 series
2737 3503 2788 3555 in
2848 3500 2950 3556 hoc
3008 3502 3195 3572 utique
3248 3502 3506 3557 succedit.

1916 3601 2171 3667 Proinde,
2194 3600 2238 3654 si
2266 3599 2349 3654 cui
2378 3597 2556 3653 minus
2583 3595 2708 3667 quid
2741 3593 2985 3649 videmur
3013 3594 3129 3665 (l2)
3157 3596 3352 3660 egisse,
3385 3610 3508 3663 spe-

1915 3706 1999 3752 ret
2018 3703 2347 3751 reservatum
2373 3705 2470 3748 suo
2493 3689 2893 3762 tempori,sicut
2917 3698 2971 3744 et
2997 3688 3231 3759 ipsarum
3257 3687 3328 3744 Sc
3341 3689 3505 3760 riptu-

1914 3806 2094 3847 rarum
2120 3788 2596 3855 examinationem,
2627 3787 2818 3858 quibus
2844 3784 3076 3841 Marcion
3109 3785 3289 3839 utitur.

1426 3902 1805 3962 LECTIONES
1849 3907 2265 3964 VARIANTES.

267 4017 341 4076 (l)
379 4015 519 4067 Tunc
543 4016 694 4068 Rhea.
724 4017 918 4068 Oberth.

267 4079 342 4139 (ἐ)
381 4079 622 4139 incestam
655 4088 708 4130 et
730 4089 844 4130 Jun.

269 4138 341 4205 l5)
385 4142 444 4205 [Vt
460 4138 639 4205 neglig.
662 4143 813 4193 Seml.
839 4142 1032 4205 oherth.

278 4202 341 4269 ξι)
381 4202 728 4269 ςνιρςῐυιίρςςθ
756 4202 906 4269 Seml.
933 4213 1184 4269 praestaret
1217 4204 1363 4257 Rhen.

292 4213 341 4267 4)
383 4213 592 4253 Praestet
617 4219 728 4255 esse,
756 4213 906 4255 Semt.
933 4219 1006 4269 pra

268 4213 344 4392 (ὅ)
382 4264 694 4340 pignoseitnr
719 4267 827 4333 Rig.
856 4270 1006 4320 Frttn.

291 4329 322 4376 6
381 4335 566 4378 Semen
588 4338 702 4381 Jun.

291 4327 342 4381 6)
381 4327 566 4378 Semen
588 4338 702 4381 Jun.

1975 4022 2046 4088 (7)
2083 4021 2138 4088 III
2162 4017 2504 4088 de'elseP"-.
2565 4079 2614 4088 Α.
2708 4079 2718 4088 .
2780 4078 2843 4088 ..
3015 4081 3024 4088 .

1976 4076 2046 4145 (Β)
2083 4084 2346 4145 Humanior
2370 4079 2520 4145 Sentl.
2555 4079 2751 4132 Oberth.
2779 4078 3083 4130 inhumanior
3106 4076 3209 4131 alii.

1977 4143 2049 4202 (9)
2084 4148 2124 4195 Α
2149 4144 2296 4197 Seml.
2325 4143 2515 4194 Pmnel.

2002 4205 2076 4258 illi
2112 4210 2302 4258 Statum
2329 4206 2470 4256 (then.
2514 4205 2711 4257 Obcrth.

2002 4269 2080 4321 ll)
2117 4271 2465 4321 Confirmantes
2491 4269 2637 4319 Ithen.

2003 4333 2078 4384 l2)
2117 4333 2400 4384 Videbimur
2413 4333 2566 4382 Frttn.

1567 4434 2134 4495 COMMENTARIUS.

205 4567 312 4612 tem
339 4558 969 4631 commendabatauetor,
1001 4560 1093 4616 sed
1114 4561 1419 4631 nuptiarum
1440 4559 1662 4615 obtentu
1690 4570 1800 4616 tur-

206 4628 502 4704 pitndinem
528 4629 638 4698 jam
669 4632 1081 4688 invalescentem
1113 4628 1406 4704 rejiciebat.
1440 4632 1516 4688 La
1547 4632 1644 4688 Pa.

279 4703 354 4779 (ει)
390 4698 513 4779 Non
543 4711 796 4779 tamen_nt
819 4705 1108 4758 accusanda
1131 4698 1342 4779 deditur
1370 4705 1532 4775 sylva.
1552 4707 1606 4779 ΔΑ
1638 4703 1799 4779 simili

201 4774 417 4846 nuptias
465 4772 800 4827 damnand-as
844 4790 948 4828 non
994 4791 1115 4831 esse
1142 4775 1327 4840 docet,
1359 4772 1520 4846 utque
1543 4776 1679 4844 juris
1709 4789 1798 4830 ro-

198 4844 341 4895 mani
386 4847 589 4910 peritus
615 4855 749 4911 erat,
781 4846 848 4901 de
879 4847 1030 4918 sylva
1075 4848 1281 4912 caedua,
1316 4836 1575 4919 vloquitu'r
1604 4846 1670 4902 de
1696 4860 1800 4916 qua
1828 4836 1881 4896 D

1910 4558 2162 4628 frequens
2187 4559 2237 4614 in
2264 4558 2384 4628 jure
2409 4556 2611 4628 mentio
2640 4598 2656 4622 ,
2688 4555 3048 4628 dividiturque
3074 4551 3219 4625 sylva
3245 4551 3422 4606 omnis
3445 4552 3499 4607 in

1909 4625 2148 4687 caeduam
2173 4672 2189 4695 ,
2213 4625 2401 4685 etnon
2431 4627 2692 4684 caeduam.
2728 4627 2875 4683 Prior
2905 4625 3025 4682 ideo
3058 4635 3301 4679 servatur
3322 4632 3379 4680 ut
3402 4637 3503 4678 caa-

1907 4704 2085 4767 datur,
2121 4703 2382 4773 posterior
2413 4701 2653 4773 pastioni
2686 4713 2958 4773 pecorum
3005 4697 3266 4752 destinata
3294 4704 3378 4750 est
3401 4736 3416 4762 ,
3449 4703 3511 4750 et

1910 4775 2067 4846 vulgo
2086 4770 2280 4846 pascua
2321 4770 2538 4828 dicitur.
2570 4771 2646 4826 Ls;
2685 4770 2785 4826 Pa.

235 4995 3491 5030 _—______________—_____

1095 5106 1570 5222 LIBER
1648 5092 2534 5211 SECUNDUS.

1534 5332 2192 5363 ——-—o'—_

190 5459 598 5512 Ακαυιεεειτυιι.
638 5477 708 5488 -—
747 5446 790 5504 ι.
831 5446 958 5503 Cum
1005 5449 1133 5502 libro
1198 5444 1499 5518 praecedenti
1546 5439 1799 5511 deﬁnierit

269 5542 619 5601 Tertullianus
669 5538 818 5595 deum
866 5537 1145 5595 Marcionis
1188 5538 1352 5593 Deum
1397 5553 1498 5591 non
1539 5550 1680 5598 esse,
1714 5547 1791 5586 re-

267 5638 402 5709 gulis
436 5634 591 5690 certis
625 5631 1064 5704 prcscrilrentibus
1091 5633 1294 5686 unicam
1325 5645 1432 5684 esse
1457 5629 1793 5692 divinitatem;

266 5731 362 5783 hoc
395 5727 523 5781 libro
554 5723 720 5779 Deum
747 5722 1034 5780 Creatorem
1062 5723 1216 5794 digne
1239 5720 1402 5775 Deum
1448 5737 1587 5788 esse,
1620 5730 1793 5792 utpote

266 5823 489 5886 bonum,
519 5834 620 5872 non
649 5819 836 5872 malum
855 5859 873 5885 ,
904 5817 1148 5886 defendit,

192 5912 262 5968 ll.
288 5911 567 5968 Pramissa
577 5909 819 5966 invectiva
836 5909 889 5964 in
912 5908 1265 5977 Marcionitas,
1278 5910 1477 5980 quinta
1498 5907 1789 5964 curiositate

1973 5433 2084 5490 Deo
2112 5437 2365 5508 negotium
2391 5435 2619 5508 faciunt,
2654 5432 2717 5488 de
2744 5431 2957 5487 arbitrio
3007 5445 3181 5484 sensus
3222 5428 3301 5482 sui
3332 5426 3499 5482 Deum

2009 5533 2302 5587 ensitantes.

2009 5549 2302 5587 enatantes.

1899 5549 2075 5680 lll.pln
2091 5625 2269 5695 primis
2299 5633 2466 5680 autem
2492 5622 2634 5678 docet
2656 5621 2927 5677 bonitatem
2951 5616 3050 5674 Dei
3080 5614 3332 5673 Creatoris
3356 5626 3496 5672 teter-

1969 5735 2087 5773 nam
2124 5736 2230 5774 esse
2247 5762 2263 5786 ,

1895 5812 1984 5869 IV.
2023 5811 2310 5868 Prtesertim
2338 5830 2402 5867 ex
2428 5812 2646 5866 hominis
2675 5819 2718 5866 et
2747 5806 2923 5864 mundi
2951 5809 3148 5878 {actura
3171 5821 3232 5859 ac
3254 5818 3312 5860 ea
3336 5820 3489 5874 quant

1966 5907 2160 5963 homini
2184 5907 2491 5979 praescripsit
2516 5908 2668 5977 lege;
