4262 6490
709 393 818 452 283

2125 396 2598 455 TERTULLIANI

3909 393 4020 451 28b

714 513 778 569 V.
810 511 995 583 Neque
1017 513 1150 569 enim
1187 513 1390 584 lapsunt
1419 514 1640 569 hominis
1669 512 1796 579 Deo,
1819 515 1908 569 sed
1929 515 2086 569 libero
2105 514 2315 568 arbitrio
2341 518 2394 576 Λ
2422 516 2589 573 XXII.
2625 515 2802 584 Neque
2853 519 3002 572 etiam
3052 517 3444 572 similitudinum
3490 513 3860 585 prohibiturum
3913 512 4017 582 legi

790 607 1010 662 hominis
1045 608 1439 677 imputandum:

715 699 805 756 VI.
856 698 922 754 Et
950 717 1066 755 vero
1099 699 1192 755 Dei
1216 700 1488 756 bonitatem
1514 717 1575 755 ac
1598 703 1844 756 rationem
1871 701 2090 754 hominis
2116 701 2212 752 hoc
2236 715 2316 752 re-

789 796 1071 867 quisivisse,
1094 805 1147 848 ut
1164 797 1549 848 constitueretur
1573 795 1724 848 homo
1738 794 1881 848 liberi
1907 793 2128 858 arbitrii;
2144 803 2316 854 utpote

787 905 900 942 cum
927 905 1017 942 nec
1041 887 1160 941 boni
1185 904 1274 941 nec
1303 887 1422 941 mali
1451 903 1636 942 merces
1657 889 1779 959 jure
1799 889 1849 941 ei
1871 897 2168 954 pensaretur
2187 928 2202 950 ,
2228 886 2316 955 qui

787 992 876 1036 aut
903 983 1061 1036 bonus
1088 991 1175 1035 aut
1203 981 1370 1036 malus
1400 982 1693 1036 necessitate
1721 982 1899 1051 fuisset
1926 982 2187 1047 inventus,
2212 998 2312 1036 non

788 1075 1050 1130 uoluntate
1077 1090 1098 1129 :

720 1167 828 1222 VII.
848 1165 915 1220 Id
943 1168 1110 1239 ipsum
1132 1167 1283 1222 etiam
1296 1167 1495 1240 exigere
1519 1165 1615 1221 Dei
1636 1167 1952 1238 gravitatem,
1981 1166 2132 1237 ﬁdem
2155 1176 2198 1221 et
2217 1184 2312 1237 pa-

791 1261 1019 1314 tientiam
1047 1276 1066 1314 :

721 1353 857 1410 VIII.
890 1354 1111 1409 Prorsus
1127 1355 1299 1426 itaque
1315 1355 1509 1409 homini
1525 1355 1762 1408 delictum
1780 1355 2137 1425 imputandum
2167 1370 2314 1426 quem

791 1448 858 1500 ad
887 1459 1018 1502 recte
1047 1453 1310 1502 vivendum
1340 1458 1593 1502 creaverat
1627 1447 1764 1503 Deus
1796 1464 1815 1502 :

719 1538 812 1594 IX.
849 1539 1030 1609 Neque
1060 1551 1327 1610 propterea
1352 1541 1457 1595 Deo
1474 1542 1526 1594 id
1547 1542 1924 1611 imputandum,
1947 1543 2082 1611 quod
2103 1543 2318 1615 afﬂatus

793 1632 889 1687 Dei
919 1635 982 1688 sit
1005 1636 1180 1688 anima
1207 1651 1320 1705 qua:
1347 1637 1590 1706 delinquit
1612 1652 1629 1699 ;
1655 1639 1772 1707 quia
1799 1637 1943 1691 habet
1973 1639 2173 1709 quidem
2204 1639 2317 1691 ani-

792 1742 876 1778 ma
908 1725 1028 1780 illas
1065 1727 1226 1780 lineas
1252 1727 1346 1780 Dei
1369 1743 1489 1796 aqua
1535 1728 1837 1782 immortalis
1863 1771 1878 1794 ,
1921 1744 2021 1795 qua
2050 1730 2205 1782 libera
2237 1732 2317 1784 sui

793 1818 1030 1883 arbitrii,
1079 1835 1180 1888 qua
1231 1821 1443 1889 prtescia
1489 1820 1818 1891 plerumque,
1863 1837 1963 1881 qua
2009 1822 2317 1884 rationalis;

2491 613 2742 683 refragari
2759 613 2886 666 (ι’ηεὶ
2901 614 3168 683 serpentis,
3193 622 3284 666 aut
3308 611 3561 666 Cherubin
3579 620 3626 664 et
3641 607 3898 677 Seraphin
3915 623 4016 662 au-

2490 723 2602 761 reas
2633 707 2835 778 effigies,
2865 723 2978 769 qua:
3013 708 3164 778 longe
3191 707 3415 760 diuersas
3432 705 3682 759 habebant
3713 720 3921 756 caussas
3950 702 4017 754 ab

2487 800 2874 864 idololatria,de
2891 817 3011 872 qua,
3031 811 3206 855 uetans
3223 799 3605 855 similitudinem
3625 797 3759 865 ﬁeri,
3777 796 3983 860 subjici!
3999 812 4019 849 :

2490 891 2605 947 Non
2655 892 2977 955 adorabitis,
3026 907 3202 962 neque
3247 891 3494 947 servietis
3541 890 3659 951 eis;
3689 890 3844 958 fuisse
3882 887 4018 941 enim

2489 987 2639 1040 etiam
2652 986 2950 1040 rationalem
2969 984 3058 1039 Dei
3083 985 3448 1040 institutionem
3469 982 3839 1049 sacriﬁciorum
3862 979 4014 1050 (aro-

2489 1082 2649 1134 cantis
2678 1079 2740 1133 ab
2766 1079 2963 1151 idolis),
2991 1096 3108 1152 qua:
3134 1089 3301 1134 tamen
3331 1094 3508 1133 rursus
3536 1077 3786 1147 rejecerit.

2419 1173 2610 1231 XXIII.
2634 1172 2755 1228 Non
2781 1184 2912 1228 recte
2939 1175 3093 1228 etiam
3125 1173 3276 1228 leuem
3299 1173 3461 1227 Deum
3489 1171 3613 1236 dici,
3643 1186 3756 1224 cum
3781 1169 4021 1238 reprobat

2489 1267 2765 1335 aliquando
2781 1267 3132 1336 probatos,aut
3143 1264 3322 1335 probat
3333 1264 3634 1335 quandoque
3645 1261 4023 1330 reprobandos;

2490 1359 2621 1413 nihil
2647 1361 2779 1414 enim
2807 1360 2970 1430 magis
2999 1361 3127 1412 bono
3153 1359 3304 1412 etiam
3340 1357 3510 1429 judici
3536 1355 3802 1410 convenire
3822 1396 3838 1421 ,
3866 1371 4022 1425 quant

2494 1470 2586 1522 pro
2607 1454 2933 1524 presentibus
2962 1452 3172 1517 meritis,
3201 1461 3248 1505 et
3277 1453 3507 1519 rejicere,
3541 1457 3588 1501 et
3613 1449 3870 1518 allegere:

2418 1544 2607 1601 XXIV.
2622 1544 2850 1599 Proinde
2862 1545 3205 1615 paenitentiam
3227 1539 3533 1612 apudDeunt
3553 1541 4022 1610 praueinterpreta-

2491 1641 2534 1691 ri
2561 1637 2894 1702 Marcionem,
2919 1653 3038 1690 nam
3064 1637 3181 1690 etin
3208 1651 3372 1706 grwco
3398 1634 3736 1704 sono(utpote
3763 1635 4022 1701 μιτίνςω)

2492 1731 2796 1800 ραηδιεπιίω
2821 1745 2998 1782 nomen
3027 1745 3129 1782 non
3155 1744 3218 1782 ea:
3241 1728 3413 1781 delicti
3441 1726 3756 1797 confessione
3780 1767 3796 1792 ,
3838 1725 3931 1779 sed
3961 1741 4025 1779 ex

2491 1821 2648 1875 animi
2675 1821 3016 1875 denmtatione
3044 1821 3382 1889 compositum
3412 1828 3505 1872 est.

793 1923 961 1966 tamen
986 1921 1030 1966 et
1056 1913 1108 1966 in
1139 1913 1218 1967 his
1247 1915 1414 1984 imago
1445 1914 1706 1967 dumtaxat
1738 1911 1867 1978 Dei,
1914 1931 2017 1968 non
2044 1931 2199 1986 usque
2244 1915 2311 1969 ad
2341 1911 2389 1971 B
2417 1913 2582 1970 XXV.
2606 1913 2713 1968 Nec
2728 1915 3025 1968 absimiliter
3041 1929 3192 1984 praue
3207 1913 3270 1967 ab
3296 1891 3386 1965 illo
3407 1911 3621 1981 intelligi
3637 1910 3769 1964 illud
3791 1908 4021 1973 :Adam,

793 2004 960 2070 ipsum
988 2006 1086 2059 vim
1116 2006 1416 2061 divinitatis.

724 2095 792 2151 X.
827 2095 1006 2168 Neque
1043 2099 1237 2152 etiamsi
1264 2099 1315 2151 iu
1340 2098 1598 2152 diabolunt
1627 2100 2043 2155 trauscriberctur
2064 2102 2234 2170 culpa,
2262 2109 2318 2154 ut

795 2189 1136 2242 instinctorem
1165 2189 1362 2252 delicti,
1397 2204 1658 2257 propterea
1689 2193 1743 2244 in
1774 2191 2063 2246 Creatorem
2091 2193 2318 2262 dirigen-

795 2281 914 2334 dant
936 2324 949 2346 ,
982 2291 1035 2334 ut
1062 2283 1118 2335 in
1159 2292 1417 2336 auctorem
1457 2283 1682 2347 diaboli,
1713 2295 1885 2354 utpote
1924 2286 2010 2354 qui
2048 2287 2258 2354 angelus
2289 2302 2324 2338 a

797 2373 909 2428 Deo
935 2385 982 2430 et
1012 2375 1171 2429 bonus
1192 2381 1358 2447 factus
1382 2379 1467 2442 sit,
1510 2395 1609 2430 non
1637 2377 1868 2431 diabolus
1887 2418 1902 2440 ,
1925 2378 1980 2430 id
2004 2389 2077 2430 est
2100 2379 2319 2433 delator.

729 2465 820 2522 XI.
841 2465 1026 2531 Porro,
1045 2469 1086 2522 si
1105 2480 1214 2536 post
1227 2468 1462 2522 delictum
1485 2471 1702 2523 hominis
1719 2470 1878 2539 iudex
1893 2481 1938 2523 et
1953 2486 2152 2524 severus
2172 2471 2325 2539 fuerit

800 2559 968 2625 Deus,
1000 2579 1101 2617 non
1135 2565 1205 2616 ad
1232 2564 1506 2628 malitiam,
1541 2565 1627 2617 sed
1654 2566 1720 2615 ad
1755 2565 2012 2632 justitiam
2041 2565 2323 2632 pertinere;

728 2653 842 2709 XII.
873 2655 1001 2719 Quae
1022 2656 1218 2720 iustitia
1239 2672 1354 2709 cum
1378 2667 1618 2725 perpetuo
1640 2657 1690 2708 iu
1713 2655 1818 2709 Deo
1832 2672 1946 2708 cum
1966 2655 2190 2709 bonitate
2207 2673 2327 2709 con-

798 2746 1005 2813 spirarit
1031 2787 1047 2813 ,
1076 2763 1178 2800 non
1221 2757 1352 2800 recte
1379 2763 1604 2800 seorsum
1633 2747 1866 2816 deputari
1894 2743 2062 2801 Deum
2095 2746 2280 2800 bonunt
2309 2788 2325 2815 ,

803 2847 848 2892 et
868 2854 1096 2892 seorsum
1122 2836 1287 2891 Deum
1303 2839 1500 2906 justum
1528 2854 1546 2902 ,-

729 2928 866 2986 XIII.
897 2929 924 2984 Ι
934 2948 1012 2984 mo
1034 2948 1147 2985 vero
1164 2949 1310 2986 omne
1311 2934 1337 3002 j
1345 2932 1528 2986 ustitia:
1547 2949 1675 3001 opus
1691 2933 1900 2986 bonitati
1925 2932 2017 2987 Dei
2033 2949 2326 3002 procurare,

801 3023 990 3094 quippe
1009 3039 1125 3076 cum
1155 3023 1305 3078 timor
1335 3025 1522 3094 judtcii
1549 3025 1617 3077 ad
1667 3024 1874 3090 bonum,
1901 3040 2000 3078 non
2028 3026 2095 3078 ad
2113 3027 2326 3093 malum,

801 3120 1029 3186 conferat
1053 3131 1070 3170 :

732 3208 874 3265 XIV.
919 3210 979 3262 Si
1007 3211 1212 3279 quando
1238 3211 1404 3278 itaque
1431 3208 1570 3264 Deus
1599 3211 1797 3280 legatur
1823 3211 2045 3264 condens
2070 3212 2206 3264 mala
2225 3255 2239 3277 ,
2271 3212 2336 3266 de

805 3305 952 3357 utalia
984 3319 1143 3372 pana:
1161 3345 1177 3369 ,
1201 3321 1301 3357 uou
1327 3305 1490 3372 cupo
1510 3344 1526 3369 ,
1553 3304 1768 3372 intelligi
1793 3321 1813 3358 :

733 3395 852 3452 XV.
884 3395 1150 3450 Justitiam
1199 3397 1411 3467 proinde
1453 3413 1577 3460 esse,
1615 3407 1766 3466 atque
1785 3398 1911 3452 adeo
1931 3398 2199 3454 bonitatem
2219 3399 2333 3470 Dei,

806 3506 920 3559 qua:
947 3490 1188 3544 severitas
1215 3492 1441 3545 uideatur
1463 3508 1484 3556 ,-

735 3583 874 3639 XVI.
900 3583 964 3637 Et
979 3584 1138 3651 iudici
1151 3601 1249 3637 non
1263 3584 1614 3653 exprobranda
1625 3601 1740 3653 qui:
1751 3587 1957 3649 iustitia!
1972 3587 2338 3650 accidunt,non

809 3678 968 3749 magis
1001 3695 1152 3748 quam
1180 3678 1374 3732 medico
1403 3682 1712 3748 ferramenta
1740 3695 1854 3748 quae
1879 3690 2071 3744 secant,
2095 3683 2336 3747 inurunt,

807 3779 1074 3838 amputant
1101 3779 1146 3823 et
1175 3771 1500 3823 constrictant
1529 3785 1548 3824 :

737 3859 900 3917 XVII.
935 3860 1164 3932 Denique
1189 3872 1347 3915 totum
1374 3862 1603 3916 ordinem
1629 3860 1725 3916 Dei
1752 3863 1986 3917 bonitatis
2012 3881 2076 3919 ex
2109 3865 2220 3935 ejus
2247 3866 2342 3920 mi-

810 3953 1084 4009 sericurdia
1105 3955 1422 4021 inerrantes,
1461 3955 1706 4026 patientia
1744 3956 1797 4010 in
1838 3973 1938 4011 non
1969 3959 2337 4028 resipisceutes,

811 4059 859 4102 et
884 4048 1177 4117 praestantia
1199 4049 1254 4102 in
1281 4058 1547 4102 merentes.

741 4139 925 4196 XVIII.
953 4140 1145 4194 Deinde
1170 4141 1238 4194 ad
1263 4143 1534 4196 antitheses
1552 4141 1751 4197 ueniens
1784 4141 2246 4209 Marcionis,etiam
2275 4144 2342 4197 ad

813 4238 1084 4292 bonitatem
1109 4235 1199 4291 Dei
1220 4241 1466 4307 pertinere
1479 4237 1654 4307 probat
1669 4238 1872 4292 talionis
1886 4255 2104 4306 poenam,
2118 4240 2343 4294 ciboruut

820 4329 1201 4382 immundorum
1233 4329 1657 4398 prohibitionem,
1681 4341 1728 4384 et
1757 4331 2125 4400 sacriﬁciorum
2154 4348 2345 4397 onera;

743 4422 888 4479 XIX.
927 4421 1033 4477 Nec
1055 4424 1222 4477 minus
1240 4423 1390 4476 etiam
1429 4423 1616 4492 legales
1651 4441 1874 4494 quasque
1921 4424 2238 4494 disciplinas,
2283 4443 2347 4481 ne

815 4516 893 4571 illi
913 4525 1160 4570 momento
1187 4525 1422 4569 vacarent
1445 4532 1477 4568 a
1502 4513 1600 4569 Dei
1625 4529 1854 4584 respectu
1876 4536 1895 4584 ,°

745 4605 867 4661 XX.
911 4605 936 4660 1
946 4623 1026 4662 mo
1053 4622 1168 4660 vero
1195 4608 1344 4660 etiam
1373 4607 1610 4675 rapinam
1634 4610 1828 4677 argenti
1858 4610 2151 4663 mandatam
2175 4626 2208 4664 a
2239 4608 2348 4666 Deo

2363 3304 2409 3366 C

2500 2009 2585 2063 ubi
2619 2025 2677 2063 es
2701 2009 2725 2061 γ
2750 2018 2795 2062 et
2823 2008 2951 2061 illud
2990 2008 3058 2060 ad
3100 2006 3227 2061 Cain
3248 2047 3262 2068 ,
3287 2005 3388 2061 Ubi
3419 2013 3502 2059 est
3524 2002 3692 2058 frater
3714 2001 3870 2060 tuus?
3894 2001 4028 2056 Item

2481 2101 2613 2157 illud
2627 2102 2924 2156 deSodoma
2937 2112 2984 2155 et
2997 2098 3653 2160 GomorrhaJlescendens
3673 2095 4025 2160 videbo,etc.;

2423 2195 2616 2252 XXVI.
2644 2195 2776 2252 ltent
2806 2197 2954 2249 etiam
2973 2196 3318 2266 juramentum
3348 2190 3446 2245 Dei
3475 2207 3566 2260 per
3609 2189 3960 2258 semetipsum.
3986 2196 4032 2241 et

2499 2290 2646 2346 verba
2690 2291 2782 2344 illa
2807 2289 2874 2341 ad
2914 2287 3149 2358 Moysen,
3200 2286 3328 2342 Siue
3361 2298 3467 2352 me,
3520 2291 3575 2337 ct
3620 2281 3926 2352 indignatus
3955 2281 4032 2336 ira

2499 2383 2803 2454 disperdam
2837 2382 2975 2436 illos.

2429 2476 2639 2534 XXVII.
2675 2475 2901 2544 Denique
2927 2473 3149 2540 reliquas
3185 2470 3485 2541 pusillitates
3511 2484 3638 2541 quas
3670 2465 3782 2522 Deo
3831 2466 4035 2532 objicie-

2501 2573 2617 2625 bant
2643 2568 2958 2624 Marcionita
2979 2583 3078 2622 non
3106 2577 3274 2621 tantas
3303 2581 3410 2619 esse
3436 2574 3656 2634 quantas
3685 2564 3838 2616 etiam
3855 2561 3958 2628 ipsi
3982 2561 4034 2613 in

2503 2664 2702 2719 Christo
2727 2667 2950 2735 fatentur
2972 2705 2985 2727 ,
3010 2663 3091 2716 cui
3113 2660 3458 2730 apparitiones
3482 2659 3589 2712 illi:
3624 2656 3816 2711 Veteris
3848 2653 4033 2708 Testa-

2503 2758 2658 2811 menti
2687 2755 3032 2810 adscribendte
3055 2754 3177 2808 sint.

2433 2846 2670 2904 XXVIII.
2727 2845 2990 2900 Postremo
3037 2845 3276 2898 adversus
3331 2841 3646 2897 Marcionem
3703 2840 3836 2894 alias
3915 2855 4037 2894 suas

2505 2943 2778 2997 antithescs
2822 2931 3032 2994 tennilas
3055 2943 3178 3011 facit
3203 2938 3272 2991 ad
3293 2938 3444 3006 ﬁnem
3474 2953 3633 3008 usque
3655 2934 3792 2990 libri.
3824 2934 3965 2990 Pu.

2437 3038 2902 3094 Ancuueu'ruu.—
2924 3033 3186 3102 Quidquid
3210 3049 3242 3085 a
3273 3030 3379 3084 Deo
3400 3029 3555 3084 Patre
3579 3040 3630 3084 et
3661 3027 3904 3083 Creatore
3928 3031 4041 3098 fac-

2509 3141 2616 3183 tum
2641 3139 2734 3192 est,
2765 3129 2818 3180 id
2843 3126 3212 3198 sapientissime
3240 3127 3430 3194 factum
3452 3123 3618 3189 docet,
3637 3121 3854 3191 ideoque
3875 3117 4036 3174 Crea-

2509 3231 2668 3275 torem
2698 3219 2860 3273 Deum
2891 3221 3074 3272 bonum
3102 3232 3240 3278 esse,
3275 3230 3376 3267 non
3402 3213 3614 3266 malum.

2957 3307 3186 3365 CAPUT
3227 3303 3512 3362 PRIMULI.

2513 3406 2737 3463 Occasio
2767 3402 3093 3461 reformandi
3127 3396 3666 3470 opusculihujus,cui
3680 3393 3808 3468 quid
3825 3393 4043 3452 accide-

2443 3502 2511 3557 rit
2531 3502 2702 3570 primo
2725 3497 2961 3553 libellulo
2985 3495 3004 3567 (
3017 3493 3065 3567 l)
3091 3494 3292 3565 praelati
3319 3505 3528 3557 sumus,
3554 3490 3656 3545 hoc
3675 3504 3892 3560 quoque
3913 3503 4046 3544 con-

2445 3597 2561 3652 tulit
2595 3593 2749 3650 nobis
2771 3633 2784 3659 ,
2823 3592 2898 3646 uti
2928 3590 3141 3645 duobus
3167 3587 3273 3643 diis
3302 3586 3563 3642 adversus
3588 3583 3918 3639 )Iarcionem
3951 3599 4042 3638 reo

2443 3685 2739 3743 tractandis
2761 3726 2774 3750 ,
2805 3684 2886 3738 sui
2915 3682 3111 3752 cuique
3140 3679 3352 3733 titulum
3381 3686 3437 3733 et
3465 3678 3714 3732 volumen
3745 3675 4047 3744 distingue-

2444 3792 2626 3834 remus
2666 3791 2762 3846 pro
2803 3773 3040 3828 materia:
3073 3770 3373 3836 divisione,
3418 3768 3649 3824 alterum
3697 3767 3857 3822 deum
3902 3764 4041 3820 deli-

2444 3875 2658 3930 nicntes
2681 3870 2903 3925 omnino
2935 3883 3040 3922 non
3073 3881 3216 3932 esse,
3246 3865 3473 3920 alterum
3503 3860 3856 3917 defendentes
3881 3858 4046 3930 digne

2447 3968 2613 4024 Deum
2651 3980 2772 4021 esse
2807 3971 3114 4034 :quatenus
3158 3961 3231 4013 ita
3273 3957 3498 4012 Pontico
3533 3953 3762 4024 placuit,
3807 3951 4045 4008 alterum

2446 4061 2722 4120 inducere,
2747 4057 2976 4112 alterum
3005 4051 3315 4110 excludere.
3350 4048 3467 4104 Non
3496 4048 3644 4104 enim
3671 4051 3886 4116 poterat
3906 4042 4046 4098 aedi.

2449 4151 2612 4207 ﬁcare
2655 4147 2991 4203 mendacium
3033 4144 3149 4199 sine
3188 4140 3536 4197 demolitione
3571 4136 3835 4193 veritatis.
3883 4133 4046 4190 Aliud

2448 4243 2713 4298 subruere
2735 4251 2954 4293 necesse
2983 4234 3199 4298 habuit,
3234 4243 3290 4287 ut
3318 4229 3461 4302 quod
3495 4229 3676 4293 vellet,
3715 4233 4042 4282 exstrueret.

2448 4332 2537 4390 Sic
2567 4331 2797 4386 cedilicat
2830 4327 2906 4402 (η)
2936 4329 3024 4399 qui
3055 4325 3270 4397 propria
3298 4331 3547 4393 paratura
3573 4327 3741 4379 caret.
3771 4315 4047 4388 Oporttte-

2449 4439 2531 4483 rat
2559 4436 2736 4480 autem
2765 4425 2818 4478 in
2863 4423 2965 4478 hoc
2993 4421 3166 4476 solum
3203 4419 3558 4488 diseeptasse,
3600 4415 3746 4485 quod
3778 4428 3942 4468 nemo
3974 4413 4044 4467 sit

2447 4523 2585 4578 deus
2618 4520 2703 4576 ille
2727 4518 2816 4589 qui
2847 4516 3087 4572 Creatori
3116 4511 3514 4584 superducitur;
3570 4519 3628 4564 ut
3658 4507 3794 4562 falso
3825 4505 3934 4562 deo
3959 4506 4051 4560 de-

2451 4616 2630 4688 pulso,
2654 4612 2853 4681 regulis
2873 4611 3034 4664 certis
3058 4618 3116 4662 et
3144 4609 3357 4661 unicam
3386 4614 3443 4659 et
3471 4602 3765 4672 perfectam
3794 4600 4050 4672 prescri-

827 4697 1050 4753 Hebrcis
1101 4699 1154 4752 in
1183 4697 1492 4770 zEgyptios;
1537 4699 1698 4769 pluris
1724 4701 1852 4754 enim
1875 4701 2090 4757 valuisse
2137 4719 2334 4758 sexceu-
2370 4701 2422 4761 D
2451 4705 2703 4766 bentihus
2731 4704 3107 4770 divinitatem,
3141 4700 3273 4755 nihil
3301 4699 3412 4769 jam
3441 4707 3772 4769 quaereretur
3792 4694 3848 4750 in
3877 4694 4050 4750 Deum

821 4801 990 4845 torum
1037 4791 1254 4844 millium
1297 4809 1386 4862 per
1426 4800 1495 4846 tot
1539 4809 1722 4858 annos,
1751 4802 1796 4846 et
1835 4794 2056 4861 ﬁliorum
2087 4798 2346 4866 jacturam

819 4901 944 4956 quos
968 4895 1240 4939 merserant
1265 4901 1283 4939 :

751 4977 895 5033 XXI.
918 4977 966 5031 Ν
971 4979 1129 5032 ullam
1146 4995 1260 5034 vero
1277 4979 1430 5034 etiam
1456 4980 1856 5035 contrarietatem
1870 4983 2034 5037 essein
2057 4981 2162 5038 Deo
2177 4985 2351 5054 prohi-

822 5071 967 5125 bente
993 5072 1213 5126 sabbatis
1235 5073 1435 5143 operari
1461 5115 1476 5140 ,
1506 5084 1552 5128 et
1573 5075 1774 5143 jubeuti
1803 5091 1978 5129 arcam
2021 5077 2342 5146 circumferri

825 5165 976 5218 etiam
1004 5166 1056 5219 iu
1085 5164 1292 5219 sabbato
1309 5182 1327 5219 :

2448 4814 2636 4857 verum
2665 4813 2679 4851 :
2713 4811 2871 4865 quem
2896 4795 2974 4868 (2)
3013 4803 3212 4865 quanto
3240 4800 3518 4849 constaret
3545 4804 3666 4846 esse
3686 4831 3703 4856 ,
3731 4788 3811 4844 sic
3832 4803 4052 4858 quoque

2449 4893 2576 4948 dum
2619 4891 2778 4944 alium
2820 4903 2940 4944 esse
2980 4903 3085 4942 non
3131 4895 3375 4950 constat,
3418 4893 3568 4940 tanto
3589 4883 4048 4956 qualemcumque

2452 4988 2570 5042 sine
2601 4983 2968 5039 controversia
3009 4981 3196 5037 haberi
3226 4979 3468 5044 deceret,
3499 4976 3837 5033 adorandum
3873 4978 4054 5046 potius

2451 5094 2614 5150 quam
2636 5075 3019 5146 judicaudum;
3059 5084 3115 5130 et
3137 5070 3526 5129 demereudum
3560 5071 3730 5141 magis
3753 5083 3920 5139 quam
3953 5083 4054 5123 re-

2457 5169 2833 5234 tractandum,
2882 5166 2966 5224 vel
3017 5183 3175 5238 quam
3227 5165 3522 5222 timendum
3561 5165 3632 5221 ob
3677 5163 4048 5221 severitatem.

1993 5285 2371 5345 LECTIONES
2406 5281 2821 5342 VAHIANTES.

822 5398 894 5462 (t)
926 5397 1121 5449 Libello
1144 5397 1332 5450 Parnel.
1357 5395 1508 5450 Seml.
1533 5396 1728 5452 Oberth.

2509 5394 2585 5463 (3)
2621 5401 2777 5461 Quem
2799 5397 2948 5450 omitt.
2977 5398 3124 5449 Fran.

2123 5506 2677 5566 COMMENTARIUS.

833 5621 984 5677 CAP.
1012 5619 1208 5687 I.-—(a)
1229 5621 1328 5687 Qui
1345 5621 1552 5690 propria
1569 5629 1810 5690 paratura
1829 5628 1986 5674 caret.
2011 5621 2342 5686 Parntursm.

761 5694 930 5763 inquit
953 5691 1271 5763 Bhenanus.
1324 5703 1376 5763 et
1408 5696 1492 5747 hic
1525 5704 1673 5746 vocat
1718 5693 2015 5747 trieteriam.
2051 5693 2138 5747 Sic
2163 5696 2250 5747 lib.
2284 5697 2348 5747 de

760 5761 924 5820 Carne
947 5761 1154 5823 Christi.
1185 5778 1235 5816 c.
1259 5765 1320 5818 8:
1344 5762 1530 5823 Debeo.
1557 5764 1745 5834 inquit.
1762 5765 1877 5817 illos
1900 5764 1962 5816 de
1989 5781 2080 5817 sua
2099 5778 2344 5830 puratura

762 5847 1118 5903 repercutere;
1151 5836 1277 5888 item
1312 5836 1399 5889 III).
1431 5837 1728 5904 praecede.
1763 5835 1814 5890 ll
1850 5852 1860 5888 :
1889 5836 2080 5888 nullam
2106 5838 2200 5888 sibi
2219 5853 2342 5902 pro-

763 5907 929 5976 spexit
1004 5907 1322 5976 agnoscendo
1391 5916 1709 5970 paraturam.
1788 5906 2020 5962 Aduolat
2081 5916 2342 5976 praeterea

2450 5624 2690 5681 Latinius
2731 5619 2934 5676 similes
2987 5618 3136 5674 locns
3173 5633 3236 5672 ex
3271 5617 3364 5671 IIII.
3405 5613 3473 5672 IV
3509 5615 3627 5670 adv.
3665 5613 3926 5669 Marcion.
3954 5617 4056 5672 sub

2451 5698 2698 5751 initium.
2756 5704 2801 5746 et
2848 5708 3044 5745 omnem
3089 5700 3384 5759 paraturam
3435 5690 3578 5754 impii
3625 5699 3774 5756 atque
3817 5689 4058 5758 sacrilegi

2451 5765 2770 5825 Marcionis;
2811 5773 2865 5818 et
2895 5779 3105 5816 rursum
3141 5762 3330 5816 eodem
3363 5762 3453 5814 lib.
3484 5777 3532 5812 ρ.
3565 5759 3599 5813 2
3625 5777 3636 5812 :
3667 5759 3844 5813 habuit
3878 5760 4055 5829 utique

2448 5838 2792 5894 authenticam
2823 5845 3140 5904 paraturam.
3175 5834 3308 5888 Pu.
