4262 6490
192 429 299 484 285

1307 426 1435 482 LIB.
1478 423 1518 479 Il
1558 419 1918 478 ADVERSUS
1954 420 2379 480 MARCIONEM.

3377 417 3487 476 286

197 544 339 612 Quid
371 545 517 599 enim
544 545 774 616 amplius
805 544 1007 600 homini
1040 543 1403 600 necessarium
1424 584 1437 606 ,
1479 555 1636 612 quam
1663 553 1790 594 cura
1819 540 1868 598 A
1897 550 1986 595 aut
2005 543 2073 594 ad
2096 558 2244 611 quem
2272 540 2575 596 consultavit
2595 541 2622 597 ?
2653 551 2743 596 aut
2767 540 2901 596 uiam
2929 537 3215 596 intellectus
3243 546 3290 594 et
3319 539 3486 594 scien-

195 636 248 690 in
282 638 450 693 Deum
477 653 684 704 verum,
719 639 770 692 in
801 653 993 709 quem,
1038 649 1098 693 ut
1125 638 1197 692 ita
1223 635 1449 691 dixerim
1472 677 1485 700 ,
1513 633 1789 698 inciderat,

199 731 323 800 quia
355 731 492 785 alius
522 731 661 787 Deus
689 747 792 787 non
820 742 957 788 erat.

822 823 1048 881 CAPUT
1088 823 1152 879 II.

277 916 356 990 (ο)
404 919 470 973 At
508 933 648 974 nunc
690 920 963 991 negotium
1009 921 1209 990 patitur
1246 917 1386 973 Deus
1427 916 1793 986 omnipotens,

196 1011 456 1066 dominus
485 1024 539 1066 et
567 1012 815 1068 conditor
855 1012 1248 1077 universitatis;
1289 1009 1409 1066 ideo
1437 1018 1639 1064 tantum
1681 1007 1798 1077 epi-

198 1095 332 1169 nor,
381 1105 504 1174 quia
549 1121 578 1158 a
625 1105 920 1176 primordio
968 1115 1126 1159 notus
1179 1114 1291 1171 est,
1348 1105 1475 1174 quia
1506 1117 1797 1172 numquam

197 1197 390 1264 latuit,
425 1199 544 1268 quia
573 1214 790 1267 semper
819 1199 1009 1262 illuxit,
1048 1199 1208 1254 etiam
1238 1207 1361 1252 ante
1397 1197 1682 1252 Romulum
1717 1199 1799 1267 ip-

199 1305 320 1346 sum
346 1335 360 1355 ,
396 1293 591 1346 nedum
621 1302 743 1347 ante
775 1293 1049 1348 Tiberium
1084 1310 1096 1343 :
1125 1292 1224 1346 nisi
1252 1291 1393 1362 quod
1423 1291 1555 1345 solis
1586 1291 1802 1346 hereti-

199 1387 277 1438 cis
305 1385 554 1455 cognitus
583 1401 687 1439 non
720 1395 820 1449 est,
854 1385 944 1455 qui
976 1387 1024 1440 ei
1058 1385 1334 1455 negotium
1368 1385 1566 1438 faciunt
1597 1403 1609 1438 :
1643 1399 1802 1454 prop-

202 1485 348 1530 terea
378 1477 542 1528 alium
574 1476 736 1531 Deum
766 1477 1135 1532 existimantes
1170 1477 1598 1546 praesumendum
1620 1520 1635 1541 ,
1679 1479 1800 1548 quia

199 1583 361 1638 quem
411 1576 623 1624 constat
663 1583 821 1635 csse,
882 1571 1282 1638 reprehendere
1331 1570 1502 1640 magis
1548 1578 1797 1640 possunt,

200 1677 361 1730 quant
406 1677 602 1730 negare
639 1662 706 1726 de
737 1661 962 1716 arbitrio
1001 1677 1194 1717 sensus
1219 1664 1300 1718 sui
1341 1663 1672 1733 pensitantes
1718 1662 1798 1738 (I)

201 1753 373 1809 Deum
405 1753 568 1824 aliqui
604 1771 615 1806 :
648 1753 1049 1824 proindeatque
1079 1754 1121 1807 si
1153 1769 1328 1809 caecus
1361 1755 1443 1808 vel
1477 1753 1552 1827 (ὁ)
1588 1753 1804 1808 lluitan-

203 1846 346 1899 tibus
375 1846 580 1909 oculis,
632 1845 753 1900 ideo
773 1846 935 1902 alium
967 1847 1138 1902 solem
1171 1861 1499 1916 praesumere
1533 1846 1662 1902 velit
1696 1847 1800 1901 mi-

1903 636 1988 688 tia:
2016 635 2126 704 quis
2157 636 2516 689 demonstravit
2548 635 2592 688 ei
2610 634 2636 688 .9
2667 634 2766 690 Cui
2796 643 2851 690 et
2878 633 2952 705 (c)
2982 633 3272 704 Apostolus
3299 631 3489 688 condi-

1898 737 2009 784 cet:
2034 727 2079 783 0
2104 729 2418 800 profundum
2435 729 2725 783 divitiarum
2747 737 2792 782 et
2809 729 3004 799 sophia:
3022 726 3158 780 Dei!
3183 737 3235 780 ut
3263 726 3489 780 ininves-

1900 822 2127 894 tignbtlia
2157 820 2357 892 judicia
2384 823 2494 894 ejus
2514 863 2528 887 ,
2570 821 2749 890 utique
2781 820 2871 875 Dei
2904 820 3099 890 jutlicis
3129 860 3144 886 ,
3176 828 3223 872 et
3271 819 3494 874 ininves-

1902 915 2132 988 ligabiles
2162 915 2255 969 vite
2278 915 2430 986 ejus!
2456 915 2640 984 utique
2668 913 2967 968 intellectus
2994 924 3041 968 el
3075 912 3330 978 scientiae,
3360 926 3494 983 quas

1901 1009 1948 1062 ei
1993 1023 2154 1063 nemo
2182 1008 2542 1061 monstravit:
2580 1007 2677 1060 nisi
2716 1005 2853 1060 l'orte
2893 1005 2978 1060 isti
3008 1018 3262 1061 censores
3302 1003 3497 1059 divini-

1904 1100 2058 1163 tatis,
2102 1098 2313 1154 dicente
2373 1120 2385 1154 :
2417 1099 2505 1152 Sic
2536 1113 2641 1152 non
2681 1097 2866 1153 debuit
2899 1097 3083 1162 Deus;
3126 1105 3178 1152 et
3215 1097 3293 1151 sic
3327 1095 3494 1166 magis

1901 1193 2283 1262 debuitzquasi
2311 1203 2595 1262 cognoscat
2624 1191 2820 1261 aliquis
2844 1206 2963 1261 quae
2993 1191 3099 1245 sint
3126 1191 3177 1244 in
3212 1189 3351 1254 Deo,
3384 1189 3486 1244 nisi

1901 1287 2121 1357 spiritus
2168 1285 2281 1340 Dei.
2336 1285 2518 1339 Mundi
2566 1294 2734 1338 autem
2782 1283 3018 1337 habentes
3066 1282 3345 1353 spiritum,
3395 1297 3498 1335 non

1903 1388 2234 1450 agnoscentes
2288 1380 2340 1432 in
2389 1378 2642 1448 sapientia
2700 1374 2794 1429 Dei
2845 1391 2935 1444 per
2982 1373 3284 1444 sapientium
3332 1370 3497 1426 Deum

1904 1472 1922 1544 (
1942 1473 1956 1526 1
1990 1469 2132 1538 Cor.,
2191 1471 2228 1536 l,
2262 1469 2328 1525 21
2363 1471 2419 1541 ),
2448 1467 2803 1524 consultiores
2832 1465 3048 1520 sibimet
3074 1464 3319 1521 videntur
3349 1464 3485 1518 Deo.

1905 1564 2190 1634 Quoniam,
2218 1564 2357 1619 sicut
2405 1561 2664 1632 sapientia
2707 1557 2890 1614 mundi
2931 1557 3157 1612 stultitia
3202 1565 3285 1612 est
3332 1571 3499 1626 penes

1906 1658 2075 1714 Deum
2108 1699 2124 1724 ,
2158 1657 2228 1710 ita
2258 1664 2311 1709 et
2340 1653 2599 1725 sapientia
2659 1651 2752 1706 Dei
2783 1650 3006 1707 stultitia
3038 1662 3119 1705 est
3147 1664 3312 1720 penes
3339 1664 3492 1704 mun-

1907 1754 2054 1807 dum.
2098 1749 2204 1807 Sed
2233 1764 2332 1805 nos
2361 1748 2561 1803 scimus
2588 1745 2802 1800 stultum
2835 1743 2927 1798 Dei
2960 1743 3240 1811 sapientius
3278 1742 3502 1796 homini-

1907 1846 2019 1910 bus,
2039 1854 2084 1898 el
2100 1841 2379 1897 invalidum
2405 1840 2496 1893 Dei
2521 1839 2737 1892 validius
2757 1836 3040 1890 hominibus
3063 1835 3082 1906 (
3102 1836 3120 1890 I
3141 1833 3284 1901 Cor.,
3309 1834 3353 1903 I,
3371 1832 3488 1908 25).

205 1938 400 1990 tiorem
435 1947 482 1991 et
516 1938 906 2004 salubriorem;
934 1940 1056 2009 quia
1088 1953 1246 2009 quem
1275 1939 1472 2004 videat,
1507 1953 1612 1993 non
1641 1939 1802 1994 videt.
1836 1935 1885 1996 B
1916 1939 1982 1994 Et
2012 1937 2080 1991 ita
2116 1936 2255 1990 Deus
2287 1943 2413 1988 tunc
2440 1931 2674 1988 maxime
2702 1944 2926 2000 magnus
2950 1969 2967 1996 ,
3009 1944 3132 1984 cum
3165 1927 3368 1983 homini
3407 1944 3504 1998 pu-

203 2029 406 2085 Unicus
434 2031 516 2085 sol
540 2040 644 2098 est,
669 2046 702 2086 o
726 2032 906 2098 homo,
930 2033 1018 2104 qui
1049 2033 1304 2090 mundum
1331 2033 1471 2088 hunc
1497 2041 1798 2103 temperat;

203 2131 255 2174 et
299 2122 519 2190 quando
558 2137 662 2176 non
700 2131 871 2190 putas,
901 2125 1134 2193 Optimus
1158 2132 1212 2178 et
1235 2124 1414 2191 utilis;
1455 2135 1510 2178 et
1550 2140 1670 2179 cum
1706 2124 1800 2180 tibi

206 2215 382 2268 acrior
404 2225 458 2268 et
488 2213 752 2280 infesuor,
789 2216 870 2270 vel
896 2217 1055 2271 etiam
1084 2217 1352 2272 sordidior
1382 2228 1545 2289 atque
1575 2233 1800 2286 corrup-

210 2309 332 2368 tior,
369 2308 564 2361 rationi
596 2317 771 2362 tamen
798 2324 907 2362 suae
933 2324 1028 2378 par
1047 2319 1147 2363 est.
1180 2309 1311 2365 Eam
1341 2319 1395 2366 tu
1427 2312 1468 2365 si
1498 2312 1804 2382 perspicere

207 2414 311 2451 non
342 2398 492 2453 vales
519 2398 621 2470 (Ξ),
651 2401 760 2467 jam
785 2416 886 2455 nec
914 2401 1071 2458 ullius
1092 2399 1170 2473 (ὃ)
1200 2403 1420 2458 alterius
1450 2404 1598 2462 solis.
1645 2404 1689 2458 si
1714 2405 1803 2474 qui

208 2490 424 2552 fuisset,
446 2492 626 2546 radios
645 2493 913 2546 sustinere
937 2494 1226 2562 potuisses,
1249 2495 1433 2564 utique
1457 2497 1678 2565 majoris
1699 2497 1800 2571 (4).

203 2582 335 2637 Nam
361 2585 452 2654 qui
487 2585 537 2638 in
563 2583 643 2656 (5)
670 2583 977 2640 inferiorem
1018 2587 1176 2641 deum
1209 2590 1446 2655 carentis,
1476 2588 1602 2657 quid
1633 2591 1683 2644 iu
1707 2607 1802 2645 su-

207 2677 561 2731 blimiorem?
606 2677 744 2758 Quin
776 2679 952 2747 potius
988 2677 1289 2734 inﬁrmitati
1330 2691 1434 2735 tuae
1467 2683 1661 2752 parcis,
1706 2699 1804 2739 nec

204 2770 254 2822 in
301 2761 602 2840 periculum
643 2772 950 2827 extenderis
979 2813 994 2837 ,
1065 2772 1268 2828 habens
1307 2773 1466 2830 deum
1507 2786 1711 2831 certum
1751 2789 1805 2833 et

203 2863 605 2928 indubitatum,
652 2873 707 2918 et
745 2863 847 2919 hoc
881 2867 996 2935 ipso
1038 2866 1169 2919 satis
1210 2869 1380 2921 visum
1404 2909 1417 2932 ,
1459 2883 1579 2923 cum
1614 2868 1664 2923 id
1693 2870 1805 2940 pri-

202 2972 350 3009 mum
381 2958 732 3026 conSpexeris
760 2973 882 3012 eum
914 2973 1057 3024 esse,
1087 2974 1245 3028 quem
1283 2976 1388 3014 non
1417 2962 1578 3028 scias,
1613 2962 1714 3017 nisi
1739 2979 1803 3018 ex

200 3059 357 3117 parte
398 3064 504 3117 qua
540 3048 707 3102 voluit
751 3049 887 3118 ipse.
929 3049 1034 3104 Sed
1071 3050 1235 3104 Deum
1277 3051 1494 3121 quidem
1537 3062 1592 3106 ut
1628 3053 1805 3108 sciens

201 3154 308 3194 non
344 3153 552 3208 negas,
601 3149 654 3192 ut
686 3141 932 3194 nesciens
971 3149 1231 3195 retractas
1263 3159 1276 3204 ;
1339 3142 1444 3196 imo
1487 3152 1542 3197 ct
1580 3159 1801 3201 accusas

199 3232 353 3300 quasi
398 3232 612 3297 sciens;
665 3247 824 3302 quem
867 3235 911 3287 si
940 3235 1138 3300 scires,
1185 3250 1291 3289 non
1325 3251 1610 3294 accusares
1636 3283 1649 3304 ,
1698 3240 1805 3294 imo

1907 2032 2093 2095 sillus;
2124 2037 2178 2083 et
2219 2037 2346 2081 tunc
2388 2026 2620 2080 maxime
2660 2024 2933 2094 Optimus,
2982 2037 3105 2077 cum
3153 2021 3353 2076 homini
3398 2034 3504 2075 non

1908 2126 2080 2181 bonus
2107 2129 2123 2188 ;‘
2150 2131 2204 2178 et
2247 2133 2372 2176 tunc
2411 2119 2642 2174 maxime
2671 2133 2847 2184 unus,
2897 2131 3016 2172 cum
3054 2116 3253 2170 homini
3279 2114 3386 2171 duo
3417 2122 3510 2169 aut

1907 2221 2111 2293 plures.
2155 2215 2308 2285 Quod
2348 2216 2392 2271 si
2431 2229 2459 2268 a
2495 2212 2788 2282 primordio
2834 2211 2914 2282 (ά)
2952 2212 3103 2263 homo
3133 2209 3372 2262 animalis
3406 2224 3508 2263 non

1907 2311 2156 2380 recipiens
2180 2323 2294 2379 quae
2319 2317 2433 2362 sunt
2463 2305 2671 2370 spiritus
2703 2301 2744 2377 (Ι
2769 2297 2912 2369 Cor.,
2941 2300 2986 2356 II
3005 2344 3017 2363 ,
3046 2302 3112 2356 14
3135 2299 3153 2372 )
3175 2341 3190 2367 ,
3222 2299 3502 2354 stultitiam

1909 2403 2237 2462 existimavit
2267 2402 2363 2456 Dei
2393 2400 2562 2470 legem
2588 2438 2603 2464 ,
2634 2405 2695 2451 ut
2721 2411 2879 2464 quam
2912 2394 3201 2448 observare
3231 2391 3496 2462 neglexit:

1909 2500 1985 2567 (e)
2010 2495 2235 2564 ideoque
2266 2509 2366 2546 non
2399 2489 2629 2544 habendo
2661 2487 2819 2542 ﬁdem
2842 2528 2855 2551 ,
2896 2486 3049 2539 etiam
3075 2484 3210 2553 quod
3240 2484 3501 2539 videbatur

1908 2587 2091 2642 habere
2115 2586 2408 2656 ademptum
2434 2592 2505 2636 est
2531 2579 2860 2650 illt(MattIt.,
2894 2576 3024 2641 XIII,
3056 2576 3145 2642 I2;
3177 2575 3331 2644 Luc.,
3361 2574 3500 2640 VIII,

1912 2682 1980 2738 I8
2011 2679 2059 2752 ),
2095 2678 2320 2748 paradisi
2352 2674 2521 2747 gratia
2566 2684 2620 2728 et
2682 2671 3016 2727 familiaritas
3046 2670 3175 2734 Dei,
3217 2685 3314 2740 per
3342 2684 3502 2740 quam

1909 2775 2090 2830 omnia
2124 2772 2216 2826 Dei
2248 2768 2623 2840 cognovisset,
2665 2766 2709 2821 si
2737 2763 3010 2820 obedissct
3041 2781 3055 2818 :
3088 2762 3214 2834 quid
3247 2762 3437 2816 mirum
3461 2760 3508 2816 si

1909 2865 2210 2924 redhibitus
2235 2861 2473 2916 materiae
2498 2875 2628 2922 sum,
2657 2867 2712 2913 et
2739 2858 2790 2912 in
2812 2856 3140 2926 ergastulum
3173 2862 3331 2908 terra:
3355 2853 3507 2908 labo-

1909 2959 2092 3016 randae
2123 2957 2421 3027 relegatus,
2464 2954 2536 3024 (fi
2575 2952 2628 3006 in
2657 2951 2772 3020 ipso
2802 2963 2967 3018 opere
3000 2961 3167 3018 prono
3205 2955 3264 3001 et
3302 2945 3508 3000 devexo

1909 3051 1976 3107 ad
2009 3061 2244 3112 terram,
2289 3056 2601 3115 usurpatum
2640 3058 2704 3096 ex
2749 3041 2836 3096 illa
2877 3039 3122 3110 spiritum
3161 3036 3345 3092 mundi
3387 3037 3508 3090 uui-

1909 3158 2066 3199 verso
2104 3141 2287 3214 generi
2319 3153 2419 3194 suo
2458 3136 2714 3203 tradidit,
2760 3135 2838 3207 (g)
2867 3133 3162 3188 dumtaxat
3190 3129 3406 3187 animali
3449 3138 3509 3186 et

1911 3236 2199 3302 haeretico,
2232 3249 2337 3289 non
2370 3229 2647 3301 recipienti
2679 3243 2798 3300 quae
2828 3234 2952 3281 sunt
2977 3223 3110 3280 Dei?
3141 3224 3227 3295 (It)
3257 3225 3363 3278 Aut
3385 3224 3508 3293 quis

199 3339 300 3380 nec
333 3332 684 3382 retractares.
721 3326 980 3383 Reddens
1011 3344 1205 3384 nomen
1235 3331 1330 3396 illi,
1358 3347 1520 3403 negas
1552 3332 1800 3389 substan-
1829 3330 1876 3393 C
1909 3329 2173 3388 dubitabit
2225 3333 2399 3398 Ipsum
2440 3324 2567 3382 illud
2616 3322 2744 3378 Atla:
2798 3320 3053 3376 delictum
3095 3317 3321 3373 heresin
3377 3331 3499 3387 pro-

200 3420 330 3479 tiam
366 3421 641 3484 nominis,
667 3420 736 3474 'id
773 3432 858 3476 est
897 3423 1350 3492 magnitudinem,
1393 3441 1497 3494 qua
1536 3425 1614 3498 (6)
1662 3428 1805 3483 Deus

197 3510 424 3573 dicitur,
489 3526 593 3565 non
649 3521 848 3566 tantam
897 3529 1016 3568 eam
1069 3530 1400 3584 agnoscens,
1456 3530 1707 3588 quantam
1756 3524 1802 3577 si

199 3603 368 3658 homo
410 3603 749 3659 omnifariam
791 3620 949 3661 nosse
991 3609 1294 3677 potuisset,
1346 3612 1657 3682 magnitudo
1696 3630 1801 3670 non

1910 3423 2158 3480 nuntiare
2179 3464 2193 3486 ,
2241 3419 2381 3490 quod
2415 3433 2507 3488 per
2532 3416 2849 3472 electionem
2881 3426 2993 3466 sure
3026 3411 3200 3480 potius
3226 3424 3384 3480 quam
3418 3409 3499 3462 tli-

1907 3519 2044 3572 vium
2073 3516 2352 3571 sententia:
2386 3508 2640 3565 admisit?
2683 3507 2783 3561 nisi
2822 3504 2960 3576 quod
2998 3503 3168 3558 Adam
3205 3516 3498 3572 numquam

1910 3613 2072 3685 ligqu
2111 3626 2209 3666 suo
2247 3607 2381 3664 dixit
2419 3624 2429 3658 :
2470 3623 2488 3656 ι
2537 3603 2651 3658 Νοη
2695 3599 2988 3672 prudenter
3020 3595 3288 3652 delluxisti
3329 3609 3436 3649 me.
3471 3613 3491 3647 ι

201 3709 372 3754 esset.
410 3697 578 3753 Isaias
603 3699 713 3770 jam
741 3711 849 3757 tum
882 3700 961 3777 (⁵1)
1004 3704 1300 3773 apostolus,
1327 3709 1661 3778 pmSpiciens
1687 3711 1800 3766 ha:-

1907 3703 2199 3765 Confessus
2222 3713 2303 3758 est
2331 3697 2735 3760 seductionem;
2779 3709 2884 3749 non
2915 3688 3204 3747 occultavit
3239 3687 3504 3743 seductti-

195 3797 365 3847 retica
395 3792 560 3846 corda
586 3810 597 3822 ο
628 3793 773 3859 Quis,
808 3796 982 3865 inquit
1012 3795 1031 3869 (
1059 3795 1136 3850 ls.
1167 3796 1280 3863 XL,
1305 3800 1405 3876 15,
1440 3800 1573 3872 14),
1608 3817 1802 3874 cogno-

197 3889 265 3942 uit
294 3903 510 3942 sensum
537 3886 782 3955 Domini,
816 3899 907 3943 aut
932 3890 1046 3960 quis
1083 3891 1162 3945 illi
1195 3893 1523 3950 consiliarius
1553 3895 1632 3970 (8)
1663 3899 1760 3970 fuit
1780 3903 1806 3957 ?

1910 3820 2029 3862 cem
2062 3821 2074 3856 :
2103 3799 2249 3857 rudis
2278 3792 2565 3852 admodum
2595 3790 2678 3862 (9)
2712 3788 2995 3847 htcreticus
3025 3785 3147 3841 l'uit.
3177 3781 3295 3839 Non
3324 3783 3502 3838 obau-

1907 3902 2038 3968 diit;
2068 3914 2174 3954 non
2202 3905 2380 3952 tamen
2405 3883 2800 3959 hlasphemavit
2821 3879 3164 3945 Creatorem,
3192 3890 3292 3933 nec
3318 3889 3503 3947 repre-

1441 4034 1821 4102 LECTIONES
1847 4035 2260 4100 VARIAN'I‘ES.

258 4152 332 4210 ll)
369 4153 631 4202 Pensitant
653 4149 808 4201 Latin.
827 4157 940 4200 Jun.

258 4210 333 4338 (2)
370 4215 550 4290 Valeas
572 4210 676 4264 alii.

281 4281 311 4327 5
372 4277 514 4329 Illius
529 4274 676 4328 Seml.

281 4274 333 4329 3)
372 4277 514 4329 Illius
529 4274 680 4328 Seml.
717 4274 914 4328 Oberth.

257 4337 332 4404 μ)
372 4341 583 4404 Maiores
603 4337 708 4404 alii-

258 4400 332 4468 (δ)
372 4402 429 4454 In
447 4400 584 4455 abest
605 4401 714 4468 Rig.
751 4407 908 4454 Venet.

1989 4155 2040 4220 6)
2075 4153 2442 4220 Magnitudinis,
2464 4160 2574 4220 qua!
2768 4145 2936 4220 Venet.

1989 4160 2020 4209 6
2075 4159 2442 4220 Magnitudiuis,
2499 4160 2574 4196 uae
2600 4159 2746 4196 lmen.
2774 4159 2936 4216 renes.
2965 4159 3154 4189 ramos.

1969 4159 2042 4282 (7)
2079 4219 2192 4282 Ipse
2210 4219 2308 4280 jam
2331 4163 2610 4282 conciam.
2637 4209 2789 4282 Εζςιη.
2814 4201 3054 4282 ipsenjan'i
3077 4198 3229 4282 I‘t‘hke‘rt.‘

1971 4259 2042 4411 (ἐξ
2078 4259 2198 4341 ὸῖἷίὲ
2210 4259 2656 4350 Eminuit—iacias
2691 4259 2881 4321 Pame't.
2908 4259 3062 4318 Sémt.
3089 4259 3289 4316 Oberth.

1992 4347 2022 4396 9
2078 4345 2250 4397 Adhuc
2269 4337 2386 4394 oltm
2408 4338 2558 4403 legeb.
2585 4331 2716 4386 Edd.

2078 4331 2250 4397 ldhue
2269 4337 2386 4394 olim
2408 4338 2558 4403 legeb.
2574 4331 2716 4386 'Edd.

1569 4509 1761 4570 COMM
1770 4515 1944 4572 ENTA
1957 4517 2131 4573 RIUS.

266 4644 426 4702 CAP.
459 4642 690 4718 ll.—7(a)
719 4641 943 4718 {ltnunc
972 4643 1225 4718 negotium
1252 4643 1445 4709 patitur
1463 4643 1603 4700 Deus
1632 4649 1797 4702 omni-

1900 4653 2025 4708 bum
2056 4649 2362 4711 transtulit,
2392 4647 2527 4718 quod
2550 4643 2750 4698 videtur
2776 4642 2989 4708 habere,
3019 4653 3116 4710 pro
3144 4652 3210 4694 eo
3238 4635 3380 4708 quod
3411 4646 3494 4694 est

233 4729 398 4774 olens,
431 4726 540 4769 etc.
578 4712 737 4781 Quasi
774 4714 953 4767 dieare
981 4715 1139 4768 vellet
1172 4715 1278 4768 Deo
1318 4718 1587 4784 negotium
1621 4719 1794 4776 facere

233 4737 398 4774 οιρηε,
431 4737 540 4769 CIC.
578 4737 737 4781 υιιίιδι
774 4737 953 4767 UICI'I'U
983 4737 1139 4768 γειιυι
1172 4737 1278 4768 υευ
1318 4737 1587 4784 ΙΙΒΒΟΙΙΙΙΙῘΙ
1621 4737 1792 4776 lacere

190 4737 628 4845 Klarcionitarum
674 4785 1025 4838 temeritatem
1064 4797 1116 4839 et
1154 4785 1452 4844 audaciam.
1497 4789 1585 4847 qui
1620 4792 1792 4847 Deum

190 4804 628 4845 Μητωοηιιεπυῐη
674 4804 1025 4838 ιρῐιιετιωιεηι
1064 4804 1116 4839 ει
1154 4804 1452 4844 auuaCIam.
1534 4805 1585 4841 III

190 4863 362 4916 alium
378 4858 444 4909 ab
469 4859 834 4925 omnipotente
863 4857 959 4909 sibi
987 4855 1379 4910 conﬁnxerunt.
1413 4804 1608 4912 LE‘I’n.

269 4934 353 4999 (b)
398 4927 741 4999 luituntibus
771 4926 931 4978 oculis
960 4929 1117 4978 alium
1149 4927 1302 4981 solent
1335 4944 1638 4995 prwsumere
1703 4931 1792 4988 Sic

191 4998 291 5058 lib.
327 5019 340 5054 ι
367 5019 377 5051 :
412 4998 784 5069 Lippientibus,
815 4998 967 5050 etiam
993 4999 1269 5068 singularis
1292 4999 1504 5053 lncarna
1524 5018 1791 5058 numerosa

189 5086 286 5128 est.
317 5073 441 5126 th.

273 5143 348 5214 (c)
381 5139 653 5214 Apostolus
679 5140 905 5214 condicet
932 5154 948 5192 :
1056 5141 1389 5214 profundum,
1410 5151 1518 5198 etc.
1542 5142 1613 5214 Β,
1639 5147 1784 5213 Apo-

187 5209 370 5270 stolus
396 5209 568 5284 Esaiae
619 5211 921 5284 consentit,
960 5209 1103 5284 dum,
1128 5209 1302 5282 (Rom.
1339 5213 1402 5284 ll)
1434 5215 1544 5268 ait:
1579 5213 1624 5267 0
1656 5209 1777 5283 pro-

187 5283 456 5356 fundum_._'
483 5292 586 5336 etc.
608 5298 621 5342 ;
647 5281 696 5356 in
724 5282 916 5356 graecis
940 5291 1041 5344 est,
1074 5282 1109 5336 ὧ
1134 5288 1304 5356 βάρος.
1336 5281 1411 5339 ιε
1434 5285 1528 5339 Pn.

270 5358 350 5425 (ιι)
405 5353 571 5426 llomo
611 5352 865 5406 animalis.
917 5352 1248 5426 Yox¢x6;._Et
1284 5357 1464 5409 statim
1507 5355 1774 5426 explicat,

186 5423 295 5485 non
323 5423 573 5492 recipiens
599 5438 711 5490 qua:
732 5433 848 5477 sunt
877 5425 1104 5492 spiritus.
1142 5423 1258 5478 RIG.

264 5501 340 5568 (ε)
377 5495 598 5568 Ideoque
618 5510 723 5568 non
758 5495 999 5568 habendo
1016 5494 1186 5568 fidem,
1216 5498 1387 5560 etiam,
1418 5506 1522 5568 etc.
1549 5497 1778 5554 Pulchre

183 5563 426 5637 explicat
459 5563 596 5637 illud,
618 5564 744 5618 Luc.
779 5564 888 5619 VIII
921 5583 934 5618 ε
963 5564 1064 5630 Qui
1093 5569 1224 5618 enim
1256 5568 1436 5632 habet,
1479 5567 1678 5623 dabitur
1702 5571 1769 5634 ei,

184 5653 235 5694 et
264 5643 351 5710 qui
383 5656 482 5710 non
514 5636 870 5710 habet__,_cliam
896 5638 1030 5710 quod
1056 5647 1201 5710 putat
1227 5652 1280 5691 se
1309 5640 1490 5692 habere
1513 5643 1773 5709 auferetur

183 5713 254 5766 ab
276 5706 354 5765 eo.
390 5709 443 5763 Id
470 5709 519 5762 in
552 5706 708 5760 simili
740 5707 803 5758 ad
836 5707 1096 5760 .-\(I:tlllll|tl
1121 5709 1378 5772 referens,
1405 5710 1512 5770 cui,
1543 5706 1647 5762 non
1675 5713 1771 5765 Ita-

181 5785 355 5839 θεηΔο
394 5781 569 5846 fiderit,
610 5779 757 5832 etiam
795 5777 932 5847 quod
965 5780 1224 5832 videbatur
1263 5781 1444 5833 habere
1480 5781 1771 5848 ademptum

184 5865 296 5916 est,
334 5866 526 5919 nempe
567 5849 793 5923 paradisi
831 5852 996 5923 gratia
1021 5892 1033 5914 ,
1069 5859 1116 5923 et
1156 5848 1484 5923 familiaritas
1517 5850 1646 5923 Dei,
1684 5871 1772 5923 per

183 5941 344 5978 auam
371 5925 544 5977 omnia
575 5921 668 5974 Dei
694 5921 1000 5990 cognovisset
1019 5961 1033 5987 ,
1063 5921 1106 5973 si
1132 5920 1396 5977 obedisset.
1426 5921 1528 5977 Ubi
1553 5922 1616 5977 ad
1649 5920 1768 5980 ver-

1898 4740 2096 4796 graece,
2121 4730 2145 4778 δ
2177 4727 2304 4777 δοκεῖ
2325 4729 2469 4788 ιχιιν.
2505 4718 2640 4772 Pu.

1972 4795 2038 4866 (Γ)
2071 4781 2136 4849 In
2172 4796 2282 4864 ipso
2311 4781 2461 4862 opere
2496 4805 2655 4861 prono
2685 4796 2730 4842 et
2761 4787 2949 4840 devexo
2994 4781 3062 4836 ad
3090 4790 3298 4836 terram.
3337 4781 3494 4836 Dixe-

1899 4868 2221 4998 Γωὲῗιῖιῖιῐῗτὲ
2240 4907 2291 4984 in
2316 4939 2476 4984 terras
2499 4933 2688 4998 animae,
2718 4934 2769 4977 et
2789 4925 3064 4998 omlestium
3086 4924 3286 4998 inanes!
3316 4918 3425 4998 Ilia.

1969 4987 2360 5069 (ngumtaxat
2420 4994 2634 5069 animali
2677 4987 2752 5069 et.
2804 4990 3059 5069 haeretica.
3125 4988 3305 5069 Itaque
3353 4987 3491 5069 alios

1883 5057 2178 5195 gsvchicos
2215 5069 2335 5123 facit
2357 5111 2372 5131 ,
2406 5069 2540 5121 alios
2570 5060 2872 5124 haereticos,
2905 5073 2961 5115 ut
2989 5067 3045 5114 et
3061 5057 3336 5141 principio
3364 5057 3487 5112 libri

1939 5158 1964 5195 e
2010 5141 2360 5198 Monoanntia.
2408 5137 2480 5192 Et
2525 5145 2701 5190 tamen
2753 5132 3014 5186 Adamum
3061 5143 3273 5197 Ipsum.
3325 5143 3484 5198 quem

1939 5158 1964 5195 e
2010 5151 2360 5198 Monoaamta.
2411 5151 2480 5192 lat
2525 5151 2701 5190 tamen
2753 5151 3014 5186 nuamum
3062 5151 3273 5197 Ipsum.

1886 5159 1964 5195 ue
2010 5159 2360 5210 monoganua.
2411 5159 2480 5192 bl.
2526 5159 2701 5190 nunc"
2753 5159 3014 5186 nuatttulll
3062 5159 3273 5197 Ipsum.
3325 5159 3409 5198 qui

1886 5214 2196 5285 psychicum
2223 5222 2553 5285 vocat,‘mo_x
2584 5203 2871 5285 appellabit
2894 5201 3240 5285 .hatreticum.
3268 5199 3409 5254 Pus.

1955 5269 2036 5356 in)
2054 5285 2151 5337 Aut
2172 5283 2281 5352 quis
2303 5269 2549 5356 tintinant
2585 5269 2906 5356 ξρέᾳηᾳιιηά
2930 5272 3056 5326 Αάω
3080 5269 3344 5356 delictum,
3371 5280 3480 5356 etc.

1882 5340 2056 5409 Etiam
2091 5340 2273 5409 notata
2301 5353 2493 5421 dignus
2522 5340 2723 5421 est'hic
2750 5347 2925 5421 locus,
2950 5341 3095 5414 quod
3129 5340 3334 5399 initium
3363 5355 3481 5421 o_m-

1881 5427 1964 5481 nis
1997 5426 2263 5480 htereseos
2290 5412 2576 5478 ah'Adami
2609 5418 2803 5472 delicto
2827 5412 3076 5476 deducat,
3111 5421 3293 5482 utpote
3314 5451 3328 5474 ,
3360 5412 3472 5465 sie-

1881 5498 1956 5551 uti
1998 5497 2261 5566 sequitur,
2288 5493 2540 5566 quodper
2565 5490 3002 5566 electionemlsute.
3019 5485 3364 5566 potiuanuam
3389 5482 3445 5536 di
3455 5511 3476 5523 -

1880 5568 2010 5621 vina
2030 5552 2554 5625 se'itteittiie'adiitisit;
2585 5562 2635 5615 iu
2658 5575 2763 5629 quo
2790 5552 2993 5629 atlludjt
3013 5552 3078 5610 ad
3108 5554 3471 5629 deﬁnitionem

1882 5637 2167 5698 haereseos,
2201 5639 2268 5691 de
2296 5651 2396 5702 qua
2423 5635 2525 5687 late
2546 5624 2702 5699 supra
2721 5630 2812 5702 lib.
2835 5628 2898 5682 de
2926 5626 3243 5702 Pres_g:r_ipt._,
3267 5638 3386 5694 cap.

1880 5707 2120 5763 Placeret
2159 5694 2381 5775 proinde
2413 5705 2580 5774 magis
2616 5694 2747 5755 illud
2780 5701 2962 5775 prima
2982 5697 3250 5775 editionis
3271 5735 3283 5754 .
3327 5694 3473 5775 rudis

1876 5779 2044 5832 adhuc
2071 5763 2335 5833 heereticus
2358 5777 2473 5846 fuit,
2503 5763 2697 5846 proco
2724 5763 2867 5846 quod
2887 5786 2948 5823 ex
2974 5767 3250 5846 Gotaiensi
3283 5763 3469 5846 codice

1876 5851 2149 5904 substituit
2173 5836 2486 5910 Rhenanus,
2509 5836 2652 5910 rudis
2678 5836 2975 5907 admodum,
3010 5841 3108 5895 nisi
3139 5839 3241 5894 hoc
3261 5836 3474 5905 reperi-

1877 5930 2025 5978 retur
2053 5921 2107 5978 iu
2128 5919 2301 5977 Vatic.
2325 5917 2361 5971 ‘2
2382 5907 2483 5974 Ms.
2515 5907 2673 5973 codd.
2702 5913 2838 5970 Pan.
