4262 6490
706 388 810 444 287

707 601 968 670 optimum
1021 602 1317 670 invenerat,
1375 617 1430 659 et
1477 606 1594 676 ipse
1640 605 1685 660 si
1729 604 1864 661 forte
1889 605 2124 676 judicent
2163 606 2301 661 fece-

711 703 794 747 rat
821 708 850 748 a
878 694 1193 764 primordio.

1323 834 1552 892 CAPUT
1594 834 1681 890 Ill.

786 969 951 1044 Igitur
979 970 1248 1040 oportebit
1283 971 1528 1026 ineuntes
1558 970 2011 1025 examinationem
2047 970 2097 1024 in
2133 970 2300 1026 Deum

717 1073 937 1129 notum,
980 1064 1022 1118 si
1055 1065 1312 1134 qnmritur
1339 1066 1389 1117 in
1427 1079 1528 1134 qua
1565 1063 1870 1118 conditione
1906 1065 1974 1118 sit
2011 1073 2204 1129 nolus,
2233 1065 2304 1119 ab

715 1155 966 1224 operibus
1002 1156 1119 1225 ejus
1156 1155 1394 1226 incipere
1424 1172 1543 1227 quze
1576 1157 1746 1227 priora
1779 1169 1900 1210 sunt
1946 1157 2162 1211 homine
2184 1199 2199 1223 ,
2246 1167 2301 1211 ut

721 1249 899 1303 statim
940 1265 1062 1304 cum
1109 1250 1225 1319 ipso
1267 1258 1540 1318 comperta
1583 1250 1792 1304 bonitas
1836 1250 1986 1319 ejus,
2029 1260 2081 1305 et
2117 1250 2310 1306 exinde

714 1341 1005 1398 constituta
1038 1352 1194 1411 atque
1225 1344 1532 1413 praescripta
1553 1386 1567 1409 ,
1599 1343 1832 1412 aliquem
1862 1357 2080 1398 sensum
2110 1359 2304 1413 sugge-

716 1443 800 1487 rat
825 1434 977 1488 nobis
1007 1435 1331 1504 intelligendi
1358 1477 1374 1501 ,
1415 1436 1644 1505 qualiter
1683 1451 1911 1506 sequens
1939 1453 2117 1491 rerum
2158 1437 2306 1490 ordi-

719 1527 865 1580 natio
892 1528 1142 1582 evaserit.
1174 1529 1406 1586 Possunt
1436 1540 1614 1583 autem
1647 1530 1890 1601 discipuli
1923 1531 2206 1588 Marcionis
2234 1549 2312 1588 rc-

714 1633 1104 1691 cognoscentes
1143 1622 1434 1679 bonitatem
1481 1624 1570 1680 Dei
1603 1628 1807 1692 nostri,
1850 1626 2061 1697 dignam
2095 1644 2310 1698 quoque

714 1714 827 1769 Deo
855 1731 1151 1786 agnoscere
1176 1732 1268 1786 per
1293 1717 1512 1773 eosdem
1539 1720 1745 1786 titulos,
1772 1735 1865 1788 per
1883 1737 2018 1790 quos
2039 1721 2307 1791 indignam

713 1809 1048 1864 ostendimus
1085 1812 1134 1866 in
1163 1810 1265 1867 deo
1309 1812 1546 1867 illorum.
1574 1815 1694 1869 Jam
1724 1817 1826 1870 hoc
1858 1817 2028 1885 ipsum
2056 1816 2139 1886 (Ξ)
2167 1817 2308 1887 quod

2129 393 2586 452 TERTULLIANI

709 504 891 562 hendil
912 514 1214 576 auctorem,
1238 524 1394 579 quem
1424 525 1450 563 a
1481 509 1772 579 primordio
1806 512 1886 568 sui
1912 511 2106 566 bonum
2135 523 2190 567 et
2220 512 2298 583 (ι)
2331 511 2378 567 Α

3910 399 4016 456 288

3025 512 3252 572 CAPUT
3294 515 3380 571 IV.

2481 695 2665 765 Igitur,
2685 710 2807 750 cum
2830 696 3206 766 cognoscendo
3224 697 3335 752 Deo
3357 696 3628 752 hominem
3649 698 4021 768 prospexisset

2412 786 2620 841 bonitas
2673 788 2765 842 Dei
2803 789 3001 860 ipsius.
3031 791 3192 844 etiam
3227 789 3328 844 hoc
3355 789 3626 860 praeconio
3664 804 3763 844 suo
3791 788 4020 855 addidit,

2410 879 2552 950 quod
2587 880 2736 950 prius
2775 881 3108 937 domicilium
3138 881 3340 936 homini
3381 891 3741 937 commentata
3770 890 3875 945 est,
3916 881 4020 936 ali-

2410 987 2568 1043 quam
2615 972 2950 1044 postmodum
3001 974 3195 1030 molem
3228 974 3514 1029 maximam
3541 1015 3554 1037 ,
3589 973 3931 1044 postmodum
3965 980 4022 1028 et

2413 1068 2696 1136 majorem,
2730 1076 2790 1120 ιιι
2815 1069 2867 1121 in
2891 1082 3080 1138 magna
3096 1077 3368 1137 tamquam
3400 1069 3451 1120 in
3476 1069 3685 1122 minore
3708 1067 4024 1138 proluderet

2412 1171 2571 1230 atque
2597 1161 2875 1230 perliceret
2901 1179 2912 1212 :
2948 1169 3002 1214 et
3027 1161 3095 1214 ita
3116 1160 3184 1215 de
3207 1160 3348 1215 bono
3375 1159 3490 1224 Dei,
3517 1160 3566 1214 id
3594 1169 3676 1213 est
3705 1159 3772 1215 de
3800 1175 4024 1230 magno,

2413 1255 2478 1308 ad
2530 1254 2790 1323 Optimum
2829 1268 3042 1324 quoque
3070 1254 3208 1324 ejus,
3237 1254 3289 1308 id
3318 1263 3401 1309 est
3441 1254 3506 1308 ad
3537 1255 3707 1323 majus
3737 1253 4026 1309 habitacu-

2414 1346 2522 1399 lum
2579 1356 3005 1416 promoveretur.
3052 1346 3282 1401 Adltibet
3349 1346 3499 1416 Operi
3548 1346 3690 1404 bono
3756 1345 4025 1416 optimum

2413 1439 2572 1491 etiam
2641 1438 2973 1505 ministrum,
3023 1452 3326 1494 sermonem
3356 1453 3559 1492 suum:
3609 1437 3683 1508 (b)
3730 1435 4023 1505 Eruclacit,

2416 1531 2602 1599 inquit,
2629 1529 2749 1602 (Ps.
2770 1529 2950 1594 XLIV,
2980 1530 3032 1601 l)
3056 1547 3143 1584 cor
3161 1548 3324 1584 meum
3347 1531 3426 1601 (ὅ)
3445 1546 3726 1584 sermonem
3746 1531 4023 1598 optimum.

2416 1627 2682 1693 Agnoscat
2709 1623 2833 1679 hinc
2866 1623 3094 1692 primum
3124 1622 3353 1678 fructum
3385 1623 3689 1693 Optimum,-
3711 1625 3896 1693 utique
3917 1637 4025 1693 0p-

2417 1718 2560 1772 tima:
2583 1716 2812 1777 arboris.
2841 1716 3075 1772 Marcion
3107 1733 3121 1771 :
3155 1717 3601 1788 imperitissimus
3629 1717 3864 1772 rusticus
3899 1718 4028 1787 qui-

2415 1809 2538 1864 dem
2585 1810 2635 1864 in
2675 1809 2892 1869 malam.
2919 1809 3113 1865 bonam
3148 1809 3403 1874 inseruit;
3428 1811 3521 1865 sed
3546 1826 3652 1865 non
3677 1809 3874 1864 valebit
3905 1810 4026 1866 bla-

716 1903 940 1958 tnateria
967 1914 1052 1959 est
1080 1907 1364 1975 agnitionis
1389 1923 1500 1961 suae
1521 1950 1536 1974 ,
1572 1922 1676 1962 non
1705 1907 1844 1978 apud
1876 1909 2037 1964 alium
2080 1911 2301 1977 invenit,
2336 1908 2385 1968 B
2412 1904 2670 1976 spbemia:
2696 1903 2944 1959 surculus
2973 1901 3071 1976 (c),
3104 1912 3311 1972 arescet
3341 1917 3462 1958 cum
3489 1919 3587 1958 suo
3607 1902 3832 1966 artiﬁce.
3862 1912 3922 1958 et
3951 1902 4025 1958 ita

715 1994 809 2049 sed
838 1995 905 2050 de
935 2011 1031 2051 suo
1059 1998 1159 2051 sibi
1191 1999 1337 2053 fecit.
1382 1998 1557 2054 Prima
1580 1999 1811 2070 denique
1845 2001 2051 2057 bonitas
2080 2002 2303 2058 Creato-

719 2088 813 2152 ris.
841 2105 944 2160 qua
973 2106 1032 2146 se
1057 2091 1194 2146 Deus
1220 2093 1387 2147 noluit
1411 2093 1464 2147 in
1487 2102 1744 2148 aeternum
1772 2093 1959 2159 latere,
1990 2097 2040 2150 id
2066 2108 2146 2151 est
2204 2113 2309 2154 non

716 2195 836 2236 esse
866 2182 1087 2253 aliquid,
1121 2185 1204 2238 cui
1235 2185 1374 2239 Deus
1403 2198 1835 2256 cognosceretur.
1865 2189 2001 2255 Quid
2031 2191 2175 2244 enim
2202 2201 2307 2244 tam

716 2275 1112 2346 bonum.quam
1146 2280 1328 2334 notitia
1363 2288 1416 2334 et
1449 2280 1651 2335 fructus
1677 2281 1809 2336 Dei?
1844 2281 2000 2345 Nam,
2037 2284 2134 2337 etsi
2170 2299 2309 2337 non-

716 2366 844 2422 dtnu
877 2370 1202 2439 apparebat,
1235 2370 1336 2425 hoc
1367 2372 1563 2426 bonum
1593 2385 1712 2427 esse
1735 2415 1749 2438 ,
1783 2374 1903 2444 quia
1937 2373 2172 2428 nondum
2197 2383 2314 2430 erat

715 2461 997 2530 quicquam
1037 2460 1121 2515 cui
1151 2471 1468 2534 appareret;
1510 2464 1603 2517 sed
1647 2465 1787 2520 Deus
1821 2464 2133 2534 praesciebat
2173 2466 2302 2535 quid

719 2553 843 2607 boni
886 2555 1248 2623 appariturum
1295 2566 1437 2610 esset
1472 2576 1485 2610 :
1517 2567 1570 2610 et
1610 2556 1730 2611 ideo
1761 2557 1839 2628 (a)
1879 2559 1930 2613 in
1978 2573 2129 2613 suam
2166 2575 2314 2614 sum-

722 2659 864 2699 tnam
891 2646 1158 2700 etuntnisit
1201 2646 1532 2712 bonitatem,
1575 2651 1864 2720 apparitori
1909 2652 2033 2704 bntti
2077 2653 2316 2723 negotia~

729 2741 939 2807 tricem,
971 2755 1078 2795 non
1102 2744 1285 2810 utiqtte
1315 2743 1674 2814 repentinam,
1705 2760 1804 2799 nec
1833 2744 2143 2800 obrentitize
2171 2747 2318 2801 boni-

726 2832 892 2897 tatis,
947 2846 1045 2884 nec
1089 2832 1454 2901 prorocatitiie
1496 2834 1875 2901 animationis,
1925 2838 2076 2905 quasi
2125 2838 2318 2892 exinde

722 2924 1079 2989 censendum,
1107 2940 1214 2995 quo
1241 2926 1405 2994 cmpit
1443 2927 1672 2997 operari.
1708 2928 1763 2984 Si
1789 2928 1932 2982 enim
1967 2929 2078 2997 ipsa
2119 2932 2322 2985 consti-

725 3014 824 3068 tttit
851 3015 1094 3083 initium,
1137 3015 1332 3072 exinde
1367 3034 1474 3087 quo
1501 3020 1663 3090 empit
1693 3021 1904 3091 operari
1931 3063 1946 3086 ,
1998 3037 2102 3076 non
2135 3022 2320 3078 habuit

726 3105 936 3162 initium
987 3108 1099 3178 ipsa
1152 3125 1274 3164 cum
1316 3111 1461 3167 fecit.
1499 3113 1655 3168 lmtio
1696 3123 1875 3169 autem
1922 3113 2099 3182 facta,
2148 3117 2214 3171 ab
2256 3133 2319 3173 ca

726 3201 888 3254 etiam
917 3201 1057 3257 ratio
1080 3211 1382 3274 temporum
1408 3214 1526 3259 nata
1558 3215 1663 3273 est,
1697 3215 1882 3277 utpote
1909 3209 2104 3278 quibus
2129 3211 2322 3266 distin-

2416 2015 2475 2056 se
2505 2001 2658 2055 bona:
2702 1997 2910 2054 arboris
2941 2007 3132 2052 natura
3178 1997 3480 2053 testabitur.
3514 1983 3743 2067 Adspice
3783 1995 3850 2052 ad
3877 2011 4030 2051 sum.

2417 2109 2581 2160 mam,
2635 2093 2808 2163 qualia
2857 2107 3038 2150 sermo
3086 2091 3490 2147 fructificaverit
3525 2091 3626 2147 εει
3672 2091 3804 2146 dixit
3831 2089 3976 2146 Deus
4009 2107 4031 2148 :

2418 2183 2562 2250 Fiat;
2585 2196 2630 2240 et
2649 2190 2841 2256 factum
2862 2194 2935 2238 est.
2961 2225 2977 2251 ,
2999 2194 3046 2238 et
3069 2183 3191 2236 uidit
3207 2179 3347 2238 Deus
3363 2185 3482 2253 quia
3504 2183 3688 2237 bonum
3717 2181 3902 2252 (Gen.,
3931 2181 3986 2253 Ι)
4009 2201 4025 2239 :

2419 2294 2524 2332 non
2569 2278 2720 2349 quasi
2771 2276 3014 2330 nesciens
3058 2275 3286 2342 bonum,
3337 2275 3437 2329 nisi
3477 2274 3720 2340 rideret,
3750 2273 3845 2330 sed
3894 2273 4023 2344 quia

2421 2373 2640 2433 bonum.
2675 2369 2795 2424 ideo
2824 2367 3030 2433 videns,
3065 2369 3336 2422 honoratis
3387 2377 3440 2421 et
3464 2367 3806 2437 consignans,
3833 2375 3889 2420 et
3917 2365 4030 2421 dis-

2420 2482 2660 2539 pungens
2711 2466 3002 2520 bonitatem
3049 2478 3272 2533 operum
3321 2461 3634 2534 dignatione
3681 2471 4026 2532 conspectus.

2420 2563 2509 2619 Sic
2534 2572 2588 2617 et
2629 2559 2980 2618 benedicebat
3018 2574 3139 2629 quae
3188 2559 3323 2612 bene
3361 2557 3608 2621 faciebat,
3640 2565 3699 2610 ut
3741 2555 3837 2610 tibi
3885 2564 4029 2610 totus

2423 2657 2561 2713 Deus
2591 2650 3079 2714 commendaretur,
3110 2651 3304 2714 bonus,
3333 2658 3387 2703 et
3414 2649 3595 2704 dicere
3621 2656 3675 2704 et
3699 2648 3897 2702 facere.
3921 2646 4030 2700 Ila-

2422 2750 2652 2804 lcdicere
2674 2747 2846 2802 adhuc
2870 2759 3050 2801 sermo
3072 2759 3177 2798 non
3206 2751 3379 2807 norat,
3401 2742 3522 2811 quia
3547 2755 3645 2794 nec
3667 2739 3807 2794 male
3829 2740 4029 2794 facere.

2423 2843 2736 2900 Videbimus
2763 2854 3004 2903 caussas,
3024 2854 3143 2909 quze
3172 2837 3274 2890 hoc
3299 2851 3514 2906 quoque
3530 2851 3559 2889 a
3581 2835 3692 2889 Deo
3711 2844 4028 2904 exegerunt.

2425 2936 2588 2991 lntcri
2614 2954 2642 2985 ιι
2669 2931 2902 2987 mundus
2924 2947 2988 2984 ex
3015 2931 3170 2984 bonis
3184 2928 3433 2984 omnibus
3457 2927 3719 2991 constitit,
3742 2927 3873 2981 satis
3897 2941 4036 2996 prae-

2426 3038 2730 3085 monstrans
2757 3035 3012 3096 quantum
3033 3023 3154 3077 boui
3180 3029 3457 3092 pararetur
3483 3020 3582 3086 illi,
3624 3019 3709 3075 cui
3761 3018 3843 3091 (6)
3898 3034 4038 3088 prte-

2429 3121 2714 3191 parabzuur
2765 3118 2868 3172 huc
2914 3125 3108 3172 totum.
3152 3114 3284 3181 Quis
3334 3112 3566 3183 denique
3625 3111 3819 3182 dignus
3880 3111 4039 3165 inco-

2426 3216 2539 3271 lere
2587 3214 2676 3269 Dei
2730 3225 2916 3280 opera,
2965 3224 3124 3280 quam
3173 3208 3342 3278 ipsius
3392 3206 3568 3277 imago
3614 3216 3669 3261 et
3697 3203 4040 3261 similitudo?

729 3294 954 3363 gucudis
983 3304 1038 3350 et
1067 3297 1335 3364 notandis,
1362 3298 1536 3353 sidera
1565 3309 1620 3356 et
1641 3300 1920 3356 luminaria
1952 3305 2188 3360 ccelestia
2212 3306 2324 3362 dis-
2350 3303 2396 3366 C
2432 3310 2561 3365 Eam
2606 3320 2817 3376 quoque
2857 3303 3071 3358 bonitas
3117 3309 3174 3357 et
3223 3299 3440 3370 quidem
3470 3299 3783 3369 operantior
3814 3306 4041 3368 θρα-ιιι

733 3387 905 3458 posita
937 3397 1061 3442 sunt
1085 3407 1096 3440 :
1125 3388 1292 3444 Erunt
1320 3393 1485 3455 enim,
1521 3394 1689 3464 inquit
1718 3392 1894 3466 (Gem,
1919 3396 1961 3464 Ι,
1987 3398 2098 3470 id),
2123 3400 2176 3453 in
2203 3411 2328 3454 tem-

741 3495 888 3548 pora,
926 3491 972 3534 ct
1006 3497 1200 3536 menses
1224 3523 1238 3548 ,
1278 3495 1326 3537 et
1362 3501 1544 3539 annos.
1593 3487 1733 3558 Ergo
1763 3504 1861 3544 nec
1893 3499 2104 3562 tempus
2145 3492 2330 3549 habuit

730 3583 856 3628 ante
901 3584 1130 3645 tempus,
1159 3591 1278 3647 qua:
1328 3576 1452 3633 fecit
1497 3588 1750 3650 tempus;
1783 3583 1921 3637 sicut
1971 3599 2068 3638 nec
2119 3586 2325 3642 initium

733 3677 860 3722 ante
882 3668 1116 3734 initium,
1141 3686 1261 3740 quae
1288 3674 1564 3728 constituit
1586 3674 1816 3730 initium.
1846 3679 2021 3748 Atque
2039 3678 2109 3733 ita
2136 3694 2328 3736 carens

736 3771 794 3816 et
835 3761 1026 3818 ordine
1068 3763 1202 3818 initii
1246 3775 1300 3819 et
1337 3767 1496 3819 modo
1540 3770 1824 3837 temporis,
1869 3770 1937 3824 de
1977 3772 2234 3829 inuncnsa
2277 3785 2331 3830 et

738 3853 1187 3911 iudeterminabili
1219 3867 1375 3913 :ctate
1400 3860 1738 3928 censebitur,
1785 3877 1883 3918 nec
1913 3859 2108 3933 poterit
2139 3883 2331 3937 repen-

741 3948 847 4002 tina
885 3948 968 4003 vel
998 3950 1287 4006 obventitia
1317 3962 1371 4006 et
1402 3955 1746 4021 provocatitia
1771 3957 2043 4025 reputari,
2086 3975 2190 4014 non
2233 3960 2330 4014 ba-

738 4040 870 4096 bens
903 4042 1043 4096 unde
1081 4053 1391 4114 repntetur,
1423 4044 1472 4099 id
1500 4057 1582 4100 est
1625 4047 1856 4116 aliquam
1918 4051 2177 4120 temporis
2205 4066 2332 4122 Spe-

738 4134 912 4199 ciem;
941 4134 1033 4189 sed
1057 4146 1109 4190 et
1141 4137 1221 4207 (5)
1251 4148 1474 4201 mterna,
1501 4147 1554 4192 et
1581 4139 1689 4194 Deo
1717 4141 1969 4209 ingenita,
1999 4150 2051 4196 et
2081 4152 2333 4214 perpetua

745 4226 1114 4297 pra:sumenda
1138 4272 1152 4294 ,
1184 4246 1248 4285 ac
1280 4245 1375 4301 per
1397 4230 1499 4286 boc
1523 4231 1631 4287 Deo
1659 4231 1814 4303 digna
1839 4276 1853 4299 ,
1887 4233 2200 4292 suffundens
2222 4236 2333 4308 jam

744 4319 866 4374 hinc
908 4320 1195 4377 bonitatem
1244 4322 1329 4376 dei
1384 4322 1699 4389 Marcionis,
1749 4342 1853 4380 non
1908 4326 2030 4383 dico
2071 4329 2236 4384 initiis
2280 4343 2335 4389 et

746 4413 1079 4482 temporibus
1099 4455 1115 4478 ,
1153 4415 1246 4470 sed
1279 4416 1392 4486 ipsa
1418 4417 1614 4472 malitia
1650 4419 1909 4475 creatoris
1937 4423 2292 4490 posteriorem
2315 4469 2332 4496 ,

745 4505 788 4563 si
820 4515 995 4563 tamen
1022 4507 1218 4564 malitia
1246 4509 1416 4579 potuit
1443 4525 1470 4564 a
1497 4510 1732 4567 bonitate
1764 4514 2023 4569 connnini
2048 4515 2152 4588 (4).

2433 3412 2556 3466 est,
2586 3415 2692 3455 non
2720 3396 2982 3468 imperiali
3011 3394 3197 3457 verbo,
3227 3392 3322 3448 sed
3354 3391 3601 3447 familiari
3646 3405 3805 3446 manu
3829 3433 3846 3455 ,
3873 3391 4042 3447 etiam

2434 3495 2600 3549 verbo
2640 3490 2950 3548 blandiente
2997 3487 3322 3559 praemisso:
3371 3483 3650 3539 Faciamus
3689 3484 3945 3540 hominem
3976 3486 4046 3539 ad

2433 3586 2709 3657 imaginem
2738 3592 2784 3637 ct
2806 3580 3194 3636 similitudinem
3229 3587 3458 3632 nostram
3483 3575 3664 3648 (Gem,
3695 3575 3735 3643 Ι,
3767 3576 3838 3632 26
3861 3577 3905 3647 ).
3936 3575 4048 3632 Bo-

2435 3680 2574 3734 nitas
2606 3677 2780 3736 dixit.
2813 3674 3025 3729 bonitas
3070 3671 3221 3725 tinxit
3260 3670 3532 3725 hominem
3583 3666 3664 3741 (7)
3707 3667 3778 3724 de
3807 3667 3966 3735 limo,
3994 3669 4049 3724 in

2439 3781 2638 3825 tantam
2667 3765 3018 3822 substantiam
3057 3763 3240 3818 carnis
3265 3778 3329 3816 ex
3362 3776 3467 3816 una
3494 3761 3717 3815 materia
3758 3768 3841 3815 tot
3867 3760 4050 3832 quali-

2438 3865 2632 3920 tatibus
2658 3869 3008 3918 exstructam.
3039 3857 3257 3912 Bonitas
3289 3853 3492 3910 iullavit
3534 3852 3616 3927 (8)
3647 3853 3911 3920 animam,
3943 3869 4050 3909 non

2438 3967 2743 4021 mortuam,
2798 3953 2892 4010 sed
2954 3953 3152 4007 vivam.
3220 3949 3438 4006 Bonitas
3489 3947 3734 4018 prafecit
3779 3948 4054 4005 universis

2440 4051 2676 4107 fruendis
2693 4058 2853 4121 atque
2869 4045 3180 4118 regnandis,
3199 4046 3363 4100 etiam
3386 4041 3841 4114 cognominandis
3860 4041 4050 4115 (Gem,

2443 4141 2507 4209 ll,
2541 4142 2619 4214 7).
2671 4141 2888 4196 Bonitas
2935 4137 3170 4204 amplius
3211 4135 3433 4192 delicias
3482 4134 3685 4205 adjecit
3731 4133 3965 4202 bomini,
3999 4143 4057 4190 ut

2443 4250 2762 4310 quamquam
2796 4234 2961 4287 totius
3006 4230 3153 4286 orbis
3198 4228 3498 4298 possidens,
3549 4228 3602 4281 in
3653 4225 4050 4283 amoenioribus

2442 4336 2762 4394 moraretur,
2825 4323 2905 4398 (il)
2950 4321 3239 4377 translatus
3266 4321 3318 4375 in
3342 4318 3667 4391 paradisum,
3697 4319 3809 4388 jam
3831 4327 3966 4374 tunc
3990 4317 4059 4373 de

2442 4421 2644 4480 mundo
2685 4423 2738 4475 in
2783 4416 3104 4474 Ecclesiam.
3137 4413 3343 4470 Eadem
3393 4411 3610 4468 bonitas
3639 4419 3696 4468 et
3721 4411 4056 4482 adiutorium

2442 4515 2762 4589 prospexit,
2817 4525 2887 4568 ne
2912 4508 3040 4581 quid
3087 4523 3191 4564 non
3233 4505 3358 4563 boni
3398 4523 3411 4560 :
3443 4503 3567 4560 Non
3593 4515 3665 4561 est
3690 4503 3860 4574 enim,
3883 4504 4058 4577 inquit

1997 4654 2377 4720 LECTIONES
2418 4653 2830 4716 VARIANTES.

2569 4776 2590 5027 ἐ

2514 4779 2536 5028 i

814 4765 885 4890 tl)
923 4765 984 4816 Et
1003 4765 1133 4839 abest
1159 4767 1264 4831 Rig.
1299 4775 1459 4820 Venet.

814 4829 864 4886 (2
922 4828 1031 4890 Ipso
1050 4827 1166 4880 olim
1189 4828 1338 4890 legeb.

2515 4776 2589 4890 (5)
2624 4774 2841 4849 verbum
2863 4770 2983 4822 add.
3009 4766 3116 4819 alii.

2536 4841 2567 4889 6
2614 4837 2848 4888 llltaddtt
2871 4835 3001 4890 Iron.

814 4827 888 4968 ἓξέ
922 4827 1166 4968 ea
1379 4893 1578 4947 ουρνιιι.

2514 4827 2589 4968 iii
2614 4835 3026 4968 wa
3229 4888 3424 4945 0W-

817 4955 888 5020 (ι)
923 4952 1241 5008 Committere
1261 4957 1364 5009 alii.

2516 4952 2590 5020 lsi
2625 4962 2681 5014 ιη
2704 4959 2825 5012 add.
2851 4953 3003 5012 Seml.
3040 4952 3235 5010 omne.

2120 5065 2684 5126 COMMENTARIUS.

829 5204 982 5276 CAP.
1009 5201 1174 5259 111.-
1195 5204 1272 5276 (a)
1312 5205 1380 5260 In
1405 5222 1550 5261 suam
1587 5222 1836 5261 summam
1861 5207 2110 5260 conmisit
2148 5206 2346 5260 bonita-

760 5288 875 5349 tem.
918 5273 1218 5349 Commisit.
1246 5273 1349 5332 hoc
1379 5287 1460 5334 est
1500 5279 1764 5349 reposuit,
1827 5286 2067 5346 tempore
2102 5292 2203 5332 suo
2236 5277 2346 5333 sci-

760 5348 878 5418 licet
904 5347 1274 5418 promendum.
1315 5349 1434 5406 th.

832 5417 873 5491 C
908 5417 986 5473 VP.
1016 5418 1182 5491 lV.-—e
1203 5420 1282 5490 (b)
1312 5419 1594 5484 Emctavit,
1618 5419 1808 5491 inquit,
1825 5435 2113 5491 cormeum
2149 5420 2352 5491 verbum

763 5490 1029 5557 optimum.
1054 5489 1254 5546 Eodem
1282 5493 1440 5546 modo
1462 5493 1668 5548 initium
1695 5489 1787 5548 Ps.
1819 5489 1985 5548 XLIV
2004 5506 2160 5554 supra
2174 5490 2357 5545 citavit

765 5561 858 5636 lib.
887 5562 1004 5615 adv.
1035 5561 1418 5636 Hermogenem,
1445 5579 1562 5636 cap.
1602 5563 1691 5630 18,
1725 5581 1820 5632 pro
1843 5581 1908 5620 eo
1934 5562 2071 5636 quod
2095 5561 2359 5636 editiones

767 5631 946 5698 belua,
978 5649 1058 5698 gr.
1089 5644 1140 5688 et
1161 5631 1456 5699 cbaldaica,
1480 5631 1533 5690 et
1563 5631 1739 5690 latinae
1765 5651 1952 5692 omnes
1977 5634 2183 5690 bonum.
2221 5635 2357 5688 Plin.

838 5705 912 5776 (c)
951 5703 1292 5774 Blasphemite
1320 5709 1573 5771 surculus,
1605 5716 1708 5762 etc.
1741 5709 1831 5764 Sic
1862 5717 2007 5763 recte
2048 5704 2358 5770 Rhenanus,

769 5791 866 5848 il"?
906 5790 972 5848 βο
997 5776 1137 5848 quod
1166 5785 1316 5832 antea
1343 5780 1749 5844 eral,sarcalus;
1785 5781 2040 5848 accipitur
2078 5778 2218 5848 enim
2254 5791 2363 5848 pro

769 5847 1018 5916 palmite,
1053 5847 1122 5901 de
1150 5864 1254 5916 quo
1283 5849 1532 5904 scribitur
1567 5848 1726 5906 Joan.
1760 5850 1850 5917 ιν,
1875 5846 1930 5911 ‘2,
1963 5865 2069 5919 quo
2111 5846 2366 5903 adludere

771 5921 982 5978 videtur
1009 5934 1196 5979 auctor
1223 5941 1236 5978 :
1273 5922 1503 5979 Mittetnr
1529 5926 1669 5996 {oras
1696 5925 1824 5979 sicut
1849 5923 2123 5994 palmes,“
2151 5927 2362 5976 arescet.

2453 5207 2549 5264 Est
2591 5218 2719 5261 vero
2750 5201 2880 5257 illud
2916 5198 3384 5262 Tertullianicnm,
3424 5195 3633 5264 adspice
3670 5194 3742 5249 ad
3783 5211 4064 5262 sumntum,

2456 5293 2554 5348 pro
2587 5292 2654 5332 eo
2673 5273 2814 5351 quod
2833 5271 3233 5351 yulgodicitur,
3256 5271 3308 5323 in
3350 5265 3855 5351 summaaﬂetioeri
3885 5276 4067 5351 autem

2455 5337 2632 5473 potest
2663 5337 3057 5415 [iuctiﬁcoo'erih
3091 5353 3182 5397 aut
3201 5343 3317 5411 lege
3342 5353 3463 5395 cum
3495 5337 3664 5394 Vatic.
3691 5338 3746 5406 l,
3774 5338 4068 5408 fructiﬁea-

2459 5431 2546 5475 vtt.
2622 5435 2714 5475 Αιι.

2537 5513 2617 5586 (d)
2656 5509 2957 5586 Translata:
2982 5509 3033 5586 in
3057 5507 3374 5586 paradisum,
3397 5505 3518 5586 iam.
3537 5502 3761 5586 tuncnde-
3781 5503 3979 5586 mundo
4019 5504 4074 5558 in

2467 5572 2770 5640 Ecclesium.
2802 5582 2963 5637 Libro
2991 5572 3415 5642 de'Ptenitenlia,
3469 5575 3601 5629 dixit
3634 5572 3923 5632 Ecclesium
3963 5590 4072 5630 esse

2466 5659 2517 5710 in
2544 5673 2644 5710 uno
2676 5665 2723 5708 et
2743 5655 2923 5708 altero.
2960 5651 3054 5706 Hic
3083 5651 3239 5720 igitur
3275 5646 3536 5720 Adamttm
3560 5643 3816 5720 ,ει-[ξυνῇ
3846 5644 4077 5720 transla-

2468 5738 2552 5800 tos
2579 5727 2739 5781 fuisse
2751 5727 2825 5800 ait
2842 5725 2895 5779 in
2911 5722 3076 5800 parad
3081 5714 3325 5800 i§um.__de
3338 5717 3610 5800 mundojn
3627 5715 3959 5800 Ecclestam,
3978 5714 4046 5800 a_d
4057 5742 4078 5756 ο

2469 5799 2670 5854 dictum
2699 5814 2728 5851 a
2757 5795 2866 5851 Deo
2898 5785 3201 5864 paradisum
3231 5789 3484 5846 Ecclesia
3505 5786 3849 5864 signiﬁcans}
3884 5785 4078 5843 Eccle-

2470 5873 2604 5927 siam
2637 5883 2763 5926 vero
2783 5856 3050 5939 jam'tunc
3077 5865 3240 5922 fuisse
3261 5864 3314 5919 in
3340 5876 3447 5918 uno
3474 5869 3529 5917 et
3554 5856 3743 5916 altero.
3804 5856 3930 5914 llic.
