4262 6490
233 375 336 432 989

1333 372 1464 429 LIB.
1507 373 1548 430 ll
1587 370 1950 432 ADVERSUS
1987 369 2410 428 MARCIONEM.

3438 371 3545 428 290

232 489 416 560 (Gem,
447 491 508 555 ll,
542 487 652 565 l8).
685 488 869 546 bonum
895 488 1064 546 solum
1103 505 1208 545 esse
1237 489 1511 545 hominem.
1561 488 1638 563 (α)
1684 488 1837 546 Scie-
1867 495 1916 554 Α
1943 496 1997 544 et
2025 490 2336 558 potentiam.
2367 487 2475 543 Nec
2503 486 2828 542 immorabor
2858 486 2981 544 huic
3007 487 3252 555 articulo,
3271 498 3545 560 prmeunte

231 583 326 638 bat
359 582 432 638 illi
464 599 653 639 sexum
686 582 884 648 Maria,
939 593 992 637 et
1029 581 1285 655 deinceps
1312 583 1569 638 Ecclesia:
1600 582 1841 654 prolutu-

230 689 374 730 rum.
407 674 513 731 Sed
541 686 594 730 et
623 690 784 745 quam
812 676 992 746 arguis
1023 675 1217 746 legem,
1246 687 1405 744 quam
1446 676 1496 730 in
1523 687 1838 732 controver-

231 767 343 822 sias
370 777 609 840 torques,
641 768 852 823 bonitas
878 767 1139 838 erogavit,
1191 766 1266 839 (lt)
1305 768 1597 825 consulens
1637 769 1838 824 homini

230 877 340 932 quo
365 861 478 917 Deo
505 861 825 927 adha'reret,
859 875 926 917 ne
952 877 1057 916 non
1089 872 1195 916 tam
1227 861 1382 928 liber,
1411 878 1569 932 quam
1597 861 1840 932 adjectus

231 953 528 1018 videretur,
559 953 854 1024 :rquandus
879 952 1090 1009 l'amnlis
1129 955 1240 1008 suis
1263 956 1475 1009 caneris
1499 955 1838 1022 animalibus,

233 1046 430 1101 solutis
452 1062 477 1098 a
507 1046 617 1102 Deo
654 1055 709 1101 et
736 1061 801 1101 ex
835 1045 1046 1101 fastidio
1097 1045 1178 1119 (Ι)
1228 1047 1430 1112 liberis;
1480 1046 1577 1102 sed
1609 1056 1666 1101 ιιι
1694 1048 1842 1103 solus

232 1137 398 1194 homo
424 1141 764 1212 gloriaretur,
791 1139 932 1211 quod
961 1139 1108 1194 solus
1129 1140 1320 1210 dignus
1343 1139 1530 1196 luisset
1549 1142 1636 1211 qui
1667 1141 1839 1211 legem

242 1248 272 1287 a
301 1233 415 1289 Deo
436 1242 705 1297 sumeret,
736 1241 896 1303 utque
923 1233 1120 1287 animal
1144 1231 1423 1297 rationale,
1458 1232 1760 1288 intellectus
1787 1243 1843 1288 et

243 1313 489 1383 scientia:
516 1341 705 1396 capax.
735 1327 847 1396 ipsa
875 1340 1088 1396 quoque
1117 1325 1357 1380 libertate
1397 1326 1640 1380 rationali
1667 1325 1838 1380 conti-

241 1428 485 1484 neretur,
506 1418 558 1475 ei
580 1418 976 1490 subjectus,qui
1003 1418 1306 1486 subjecerat
1323 1417 1398 1472 illi
1427 1418 1604 1472 omnia
1627 1416 1670 1488 (l
1695 1416 1840 1487 Cor.,

235 1511 354 1578 XV,
382 1511 456 1566 28
486 1511 525 1578 ).
576 1509 739 1580 Cujus
784 1510 916 1580 legis
960 1509 1311 1564 observanda:
1377 1509 1700 1576 consilium,
1751 1510 1844 1565 bo-

243 1605 384 1660 nitas
413 1605 616 1676 pariter
641 1603 926 1672 adscripsit
950 1618 963 1654 :
998 1600 1111 1667 Qua
1141 1602 1224 1656 die
1247 1612 1416 1655 autem
1447 1601 1671 1670 ederitis,
1703 1619 1844 1656 mor-

234 1707 282 1754 te
303 1698 593 1755 moriemini
650 1696 828 1769 (Gem,
861 1695 928 1761 Il,
963 1695 1075 1767 l7).
1132 1695 1518 1766 Benignissitne
1556 1697 1699 1752 enim
1748 1697 1844 1752 de-

233 1789 558 1844 monstravit
582 1788 785 1843 exitum
826 1786 1288 1857 transgressionis,
1327 1802 1393 1841 ne
1425 1787 1721 1856 ignorantia
1752 1802 1845 1857 pe-

1945 582 2258 637 deﬁnitione
2297 582 2457 636 etiam
2507 580 2672 650 ipsius
2699 579 2897 636 Christi
2942 579 3137 650 (Joan.
3159 621 3173 646 ,
3207 581 3276 646 Χ,
3310 582 3404 653 25)
3434 598 3447 634 :
3479 597 3545 637 ex

1943 676 2194 746 operibus
2219 673 2298 747 (tl)
2324 672 2567 730 ineundze
2591 673 2932 742 probationes
2965 671 3066 744 (5).
3083 671 3254 742 Opera
3277 673 3548 729 Creatoris

1953 778 2240 840 utrumque
2263 777 2524 823 testantur
2546 777 2598 822 et
2625 767 2914 824 bonitatem
2940 766 3074 836 ejus,
3103 783 3205 836 qua
3228 767 3387 832 bona,
3410 768 3549 820 sicut

1949 861 2322 926 ostendimus;
2355 871 2409 916 et
2441 860 2734 932 potentiam
2778 875 2881 932 qua
2929 867 3068 913 tanta
3095 875 3109 924 ;
3155 868 3208 913 et
3237 859 3450 930 quidem
3480 874 3546 915 ex

1957 955 2146 1010 nihilo.
2172 955 2326 1016 Nam.
2349 954 2450 1010 etsi
2476 969 2540 1009 ex
2562 953 2738 1024 aliqua
2765 953 3074 1018 ntateria,nt
3098 953 3312 1023 quidam
3342 952 3545 1019 volunt,

1949 1049 2057 1103 hoc
2091 1047 2208 1118 ipso
2253 1055 2431 1102 tamen
2463 1062 2527 1102 ex
2560 1044 2725 1100 nihilo
2747 1085 2762 1110 ,
2795 1045 2920 1099 dum
2952 1060 3058 1100 non
3088 1045 3136 1098 id
3167 1043 3382 1100 luerunt
3406 1045 3546 1115 quod

1947 1150 2095 1195 sunt.
2127 1139 2408 1194 Postremo
2433 1179 2449 1205 ,
2501 1138 2583 1193 vel
2623 1138 2701 1192 sic
2743 1151 2932 1207 magna
2954 1179 2968 1201 ,
2998 1137 3124 1191 dum
3157 1136 3292 1192 bona
3318 1155 3331 1189 :
3362 1137 3442 1190 vt-l
3469 1136 3549 1192 sic

1949 1232 2088 1287 Deus
2121 1241 2337 1301 potens,
2368 1230 2491 1284 dum
2521 1230 2700 1284 omnia
2731 1229 2916 1300 ipsius,
2945 1229 3082 1284 unde
3104 1239 3158 1285 et
3187 1230 3546 1299 omnipotens.

1949 1324 2024 1380 De
2056 1325 2393 1395 prmscientia
2433 1340 2561 1379 vero
2605 1322 2730 1394 quid
2775 1322 3000 1378 dicam?
3040 1339 3158 1393 qua:
3188 1333 3364 1379 tantos
3391 1324 3551 1381 habet

1949 1425 2145 1481 testes,
2219 1426 2450 1486 quantos
2514 1416 2635 1471 fecit
2693 1414 2997 1486 prophetas.
3054 1415 3383 1488 Quamquam
3429 1417 3550 1487 quis

1947 1508 2301 1579 pra-scientia:
2333 1508 2518 1563 titulus
2547 1509 2598 1562 in
2625 1506 2863 1562 omnium
2891 1517 3134 1575 auctore,
3163 1523 3266 1580 qua
3299 1509 3548 1566 universa

1949 1601 2129 1670 utiqne
2158 1600 2494 1671 disponendo
2526 1601 2774 1670 pra'sciit,
2811 1611 2865 1656 et
2896 1602 3227 1671 prmsciendo
3265 1602 3548 1674 disposuit,

1946 1704 2093 1749 certe
2117 1693 2285 1764 ipam
2317 1698 2838 1766 transgressionem;
2871 1712 3030 1766 quam
3063 1697 3162 1751 nisi
3212 1699 3544 1769 praesciSset,

1949 1800 2048 1840 nec
2078 1785 2381 1841 cautionem
2417 1787 2536 1856 ejus
2562 1786 2864 1856 delegasset
2890 1788 2990 1842 sub
3016 1800 3158 1844 metu
3209 1791 3415 1846 mortis.
3445 1791 3550 1863 lgi-

232 1883 390 1938 riculi
423 1881 804 1954 negligentiam
842 1881 1056 1952 juvaret
1079 1882 1343 1948 obsequii.
1388 1882 1580 1946 Porro,
1627 1883 1671 1937 si
1712 1883 1844 1952 legis
1873 1897 1920 1957 Β
1951 1886 2036 1932 tur
2061 1878 2105 1931 si
2133 1887 2187 1932 et
2225 1876 2519 1933 fueruntin
2563 1878 2673 1934 Deo
2719 1879 2832 1933 ista:
2882 1878 3181 1948 facultates,
3213 1898 3327 1954 pra:
3354 1884 3550 1954 quibus

232 1976 576 2049 imponendae
599 1979 736 2032 ratio
777 1977 1084 2047 praecessit,
1113 1978 1436 2046 sequebatur
1459 1977 1623 2032 etiam
1652 1975 1836 2031 obser-

233 2070 447 2134 vandae,
481 2079 537 2124 ut
563 2083 722 2140 pcena
762 2068 1177 2138 transgressioni
1222 2067 1654 2132 adscriberetur;
1686 2082 1843 2136 quam

235 2173 421 2219 tamen
449 2163 669 2219 evenire
700 2161 889 2227 noluit,
917 2162 1006 2234 qui
1040 2171 1164 2216 ante
1191 2160 1456 2230 prardixit.
1481 2161 1721 2230 Agnosce
1755 2159 1850 2229 lgi-

237 2266 322 2310 tur
352 2258 647 2313 bonitatem
694 2255 784 2310 Dei
828 2258 994 2309 noswi
1046 2252 1293 2318 interim,
1329 2251 1410 2307 vel
1455 2251 1733 2322 hucusque
1779 2267 1845 2306 ex

237 2349 495 2418 operibus
525 2347 703 2410 bonis,
736 2363 798 2401 ex
829 2344 1295 2402 benedictionibus
1327 2345 1479 2398 bonis
1503 2385 1518 2408 ,
1562 2359 1626 2398 ex
1674 2343 1850 2399 indul—

237 2439 454 2510 gentiis,
497 2454 562 2494 ex
586 2438 941 2509 'providentiis
966 2480 980 2502 ,
1011 2455 1076 2492 ex
1108 2439 1309 2509 legibus
1334 2445 1390 2495 et
1419 2437 1846 2507 praemonitioni-

236 2533 341 2590 bus
391 2531 473 2604 (2)
527 2533 684 2588 bonis
708 2542 763 2588 et
793 2531 1058 2601 benignis.

844 2622 1072 2679 CAPUT
1116 2621 1178 2677 V.

311 2721 434 2776 Jam
465 2720 589 2777 hinc
618 2719 685 2775 ad
711 2719 1037 2790 quzestiones
1049 2732 1257 2774 omnes.
1277 2715 1348 2790 (ε)
1365 2716 1409 2773 0
1428 2717 1504 2788 (ὅ)
1520 2731 1852 2788 canes,quos

237 2815 387 2871 foras
406 2814 695 2884 Apostolus
709 2806 1849 2882 expellit(Apoc.,XXI|,15),latrantesin(4)

237 2906 415 2963 Deum
446 2907 687 2961 veritatis
711 2906 723 2957 !
751 2903 864 2959 hare
887 2915 1014 2958 sunt
1037 2903 1556 2974 argumentationum
1586 2915 1707 2955 ossa
1735 2916 1854 2970 qua:

238 3001 528 3058 ohroditis.
549 2999 604 3056 Si
627 3000 766 3054 Deus
782 2997 1284 3069 honusetpraascius
1302 2996 1480 3060 futuri,
1505 3005 1559 3050 et
1579 2994 1851 3050 avertendi

235 3093 366 3150 mali
415 3102 607 3163 potens
629 3133 646 3160 ,
674 3107 770 3146 cur
799 3090 1069 3146 hominem
1095 3131 1110 3156 ,
1144 3099 1197 3144 et
1237 3087 1450 3159 quidem
1481 3087 1767 3158 imaginem
1796 3098 1852 3143 et

233 3187 651 3244 similitudinem
695 3201 869 3249 suam,
914 3184 1023 3239 imo
1053 3192 1108 3239 et
1135 3181 1489 3237 substantiam
1537 3195 1710 3245 suam,
1757 3197 1853 3251 per

1952 1971 2085 2026 nihil
2117 1972 2238 2026 ntali
2267 1971 2484 2027 evenire
2523 1970 2725 2026 homini
2756 1981 2847 2026 aut
2904 1974 3164 2042 potuisset
3204 1986 3294 2030 aut
3329 1977 3548 2032 debuiso

1955 2075 2058 2125 set.
2089 2074 2145 2119 et
2178 2064 2530 2119 nihilominus
2554 2066 2754 2130 evenit;
2785 2065 3060 2120 videamus
3089 2076 3144 2121 et
3166 2066 3396 2124 hominis
3423 2085 3553 2125 con-

1951 2154 2230 2221 ditionem,
2283 2170 2353 2211 ne
2406 2171 2500 2225 per
2545 2155 2690 2210 illam
2741 2156 2916 2227 potius
2955 2158 3214 2224 evenerit,
3265 2160 3405 2228 quod
3460 2177 3554 2229 per

1956 2247 2122 2304 Deum
2150 2247 2368 2304 evenire
2395 2263 2500 2303 non
2547 2247 2737 2317 potuit.
2767 2248 3022 2306 Liberum
3049 2260 3103 2305 et
3133 2249 3206 2324 (e)
3234 2253 3313 2308 sui
3344 2254 3550 2310 arbitrii

1953 2349 2008 2394 et
2031 2355 2141 2393 suze
2169 2341 2450 2408 potestatis
2481 2339 2696 2395 invenio
2723 2339 2994 2396 hominem
3020 2358 3050 2396 a
3088 2343 3196 2398 Deo
3226 2343 3549 2412 institutum,

1957 2430 2159 2487 nullam
2192 2432 2360 2500 magis
2405 2431 2690 2502 imaginem
2719 2441 2774 2486 et
2801 2432 3206 2488 similitudinem
3237 2435 3330 2491 Dei
3361 2436 3413 2491 in
3464 2437 3553 2493 illo

1953 2522 2407 2589 animadvertens,
2455 2538 2614 2594 quam
2664 2523 2926 2594 ejusmodi
2970 2535 3140 2582 status
3168 2525 3416 2585 formam.
3448 2529 3555 2587 Ne-

1955 2630 2062 2684 que
2099 2615 2244 2670 enim
2286 2615 2420 2670 facie
2447 2626 2501 2669 et
2527 2615 2896 2686 corporalibus
2935 2616 3127 2685 lineis,
3161 2627 3268 2674 tam
3300 2622 3457 2677 variis
3499 2623 3550 2678 in

1956 2723 2154 2778 genere
2183 2707 2436 2771 humano,
2466 2709 2532 2762 ad
2563 2709 2886 2764 uniformem
2921 2709 3086 2766 Deum
3115 2727 3404 2782 expressus
3431 2725 3512 2771 est
3536 2733 3551 2783 ;

1956 2799 2052 2855 sed
2084 2800 2134 2853 itt
2163 2816 2224 2854 ea
2252 2800 2572 2866 substantia,
2597 2815 2755 2870 quam
2787 2801 2856 2854 ab
2895 2803 3011 2872 ipso
3036 2802 3148 2858 Deo
3175 2806 3353 2871 traxit,
3385 2806 3435 2862 id
3472 2817 3556 2863 est

1956 2893 2150 2947 anima:
2178 2891 2280 2964 (6),
2310 2892 2376 2946 ad
2405 2894 2630 2948 formam
2660 2894 2751 2949 Dei
2785 2896 3159 2965 respondentis
3189 2897 3292 2970 (7),
3321 2910 3377 2955 et
3406 2903 3553 2958 arbi-

1957 2987 2042 3040 trii
2071 2987 2151 3041 sui
2183 2986 2429 3041 libertate
2465 2995 2521 3041 et
2560 2995 2824 3057 potestate
2852 2989 3095 3058 signatus
3115 3000 3216 3046 est.
3247 2991 3400 3049 Hune
3445 3005 3557 3049 sta-

1961 3088 2068 3134 tmn
2097 3078 2213 3149 ejus
2251 3077 2589 3133 confirmavit
2612 3078 2772 3134 etiam
2802 3081 2912 3150 ipsa
2943 3081 3060 3147 lex,
3097 3091 3222 3138 tunc
3265 3100 3292 3135 a
3325 3084 3434 3140 Deo
3463 3101 3555 3155 po-

1958 3175 2076 3230 sita.
2110 3174 2224 3229 Non
2277 3175 2420 3228 enim
2474 3183 2761 3244 poneretur
2813 3173 2901 3229 lex
2951 3176 3000 3230 ei
3040 3175 3129 3246 qui
3173 3193 3279 3232 non
3337 3178 3557 3236 haberet

234 3281 437 3335 animae
466 3279 670 3334 scilicet
695 3293 940 3342 censum,
965 3291 1153 3346 passus
1177 3285 1258 3330 est
1280 3273 1382 3328 labi
1405 3273 1472 3328 de
1488 3273 1747 3344 obsequio
1768 3273 1845 3329 le-
1878 3290 1924 3353 ρ
1960 3270 2273 3339 obsequium
2309 3266 2545 3322 debitum
2575 3267 2677 3337 legi
2705 3267 2756 3320 in
2781 3281 2878 3321 sua
2915 3277 3175 3336 potestate
3204 3287 3216 3322 :
3244 3285 3344 3326 nec
3373 3287 3557 3328 rursus

236 3373 320 3445 gis
348 3375 404 3426 in
432 3379 684 3435 mortem,
709 3369 1138 3424 circumventum
1168 3383 1198 3422 a
1223 3366 1485 3421 diabolo?
1511 3365 1567 3420 Si
1614 3367 1757 3420 enim
1788 3375 1844 3420 et

237 3466 417 3520 bonus
447 3462 536 3532 qui
566 3461 785 3517 evenire
832 3459 936 3516 tale
971 3459 1100 3531 quid
1146 3459 1346 3525 nollet,
1374 3467 1427 3512 et
1467 3459 1721 3528 praescius
1753 3459 1843 3528 qui

237 3563 561 3612 eventurum
586 3568 690 3607 non
722 3552 1012 3623 ignoraret,
1034 3559 1088 3606 et
1116 3560 1305 3621 potens
1331 3550 1421 3620 qui
1444 3548 1714 3620 depellere
1743 3564 1841 3603 va-

237 3645 402 3714 leret,
432 3645 580 3700 nullo
605 3643 765 3699 modo
793 3639 1086 3708 evenisset,
1112 3643 1253 3714 quod
1283 3642 1386 3699 sub
1408 3641 1490 3699 his
1517 3643 1682 3698 tribus
1706 3657 1841 3697 con-

237 3739 538 3795 ditionibus
589 3737 783 3798 divina:
849 3734 1150 3806 majestatis
1193 3736 1413 3792 evenire
1478 3751 1583 3790 non
1639 3744 1848 3805 posset.

241 3832 401 3900 Quod
428 3832 473 3888 si
499 3833 700 3898 evenit,
736 3829 1037 3885 absolutum
1069 3838 1208 3884 este
1233 3829 1508 3884 contrario
1549 3829 1716 3884 Demn
1750 3844 1847 3884 ne-

240 3941 350 3998 que
381 3925 581 3981 bonum
611 3921 958 3987 credendmn,
991 3936 1167 3992 neque
1192 3921 1496 3992 praescium.
1537 3936 1710 3992 neque
1737 3936 1849 3991 po—

241 4027 452 4076 tentem
486 4032 500 4070 :
532 4013 794 4085 siquidem
825 4013 877 4068 in
909 4021 1165 4085 quantum
1193 4011 1322 4068 nihil
1352 4013 1457 4069 tale
1483 4013 1774 4078 evenisset,
1806 4015 1850 4067 si

243 4109 372 4164 talis
411 4107 556 4162 Dens
577 4148 592 4173 ,
624 4104 676 4160 id
719 4115 802 4161 est
829 4104 1001 4160 bonus
1024 4147 1040 4172 ,
1069 4115 1124 4161 et
1151 4106 1427 4176 praescius,
1456 4115 1506 4161 et
1535 4115 1729 4177 potens
1751 4148 1766 4172 ,
1801 4105 1852 4160 in

241 4210 454 4256 tantum
509 4199 629 4255 ideo
670 4199 891 4266 evenit,
920 4199 1040 4268 quia
1077 4213 1182 4252 non
1228 4197 1348 4253 talis
1388 4198 1546 4253 Deus.
1594 4199 1674 4253 Ad
1708 4198 1846 4264 haec,

250 4292 405 4365 prius
435 4302 518 4347 est
549 4292 676 4346 istas
704 4291 911 4361 species
937 4291 989 4345 in
1017 4288 1280 4345 Creatore
1308 4290 1619 4357 defendere,
1649 4307 1767 4362 qua:
1793 4292 1848 4347 in

243 4386 469 4444 dubium
506 4396 791 4452 vocantur;
823 4383 1114 4440 bonitatem
1155 4385 1310 4452 dico,
1343 4396 1396 4440 et
1435 4386 1844 4456 praescientiam,

1952 3361 2298 3419 comminatio
2343 3359 2529 3413 mortis
2575 3361 2986 3429 transgressioni
3032 3360 3455 3432 adscriberetur,
3509 3366 3555 3421 si

1950 3471 2058 3511 non
2085 3465 2138 3508 et
2165 3459 2504 3520 contemptus
2537 3450 2670 3520 legis
2700 3451 2751 3504 in
2779 3449 2983 3504 arbitrii
3009 3451 3310 3508 libertatem
3344 3454 3549 3510 homini

1948 3550 2314 3620 deputaretur.
2336 3543 2427 3600 Sic
2455 3552 2510 3598 et
2537 3544 2587 3598 in
2610 3544 2842 3613 posteris
2873 3544 3077 3616 legibus
3104 3547 3378 3603 Creatoris
3405 3551 3556 3608 invo-

1952 3643 2072 3698 nias
2103 3682 2118 3705 ,
2154 3638 2502 3710 proponentis
2545 3647 2669 3692 ante
2716 3636 2990 3693 hominem
3033 3639 3228 3695 bonum
3257 3651 3312 3696 et
3335 3643 3555 3710 malum,

1950 3735 2114 3789 vitam
2134 3742 2186 3787 et
2201 3745 2424 3785 mortem
2447 3728 2647 3802 (Deam,
2667 3727 2935 3802 XXXJS)
2956 3748 2968 3783 :
2990 3729 3082 3786 sed
3111 3747 3210 3787 nec
3230 3734 3362 3790 alias
3388 3745 3554 3791 totum

1953 3824 2198 3880 ordinem
2221 3821 2515 3890 disciplina:
2543 3835 2637 3890 per
2657 3832 2919 3890 praecepta
2949 3821 3560 3893 dispositum,avoeante

1959 3920 2068 3974 Deo
2092 3927 2145 3970 et
2163 3916 2399 3969 minante
2428 3922 2483 3968 et
2507 3913 2824 3969 exhortante
2852 3913 2955 3985 (8),
2974 3915 3074 3970 nisi
3093 3917 3223 3972 etad
3242 3919 3557 3991 obsequium

1959 4018 2024 4072 et,
2043 4007 2109 4062 ad
2147 4013 2518 4075 contemptum
2548 4004 2720 4061 libero
2747 4014 2802 4061 et
2829 4007 3131 4064 voluntario
3157 4009 3357 4068 homini
3391 4012 3492 4087 (9).

2587 4097 2816 4156 CAPUT
2855 4100 2946 4157 Vl.

2025 4192 2129 4250 Sed
2159 4191 2408 4264 quoniam
2438 4206 2503 4246 ex
2531 4191 2634 4247 hoc
2654 4191 2764 4262 jam
2796 4192 3162 4266 intelligimur,
3195 4214 3263 4253 eo
3286 4208 3559 4258 struentes

1951 4288 2172 4344 liberam
2217 4285 2446 4338 hominis
2484 4293 2803 4353 potestatem
2833 4286 3036 4342 arbitrii
3079 4291 3160 4345 sui
3184 4332 3198 4356 ,
3230 4301 3288 4347 ut
3337 4295 3478 4365 quod
3508 4297 3559 4350 ei

1951 4381 2150 4446 evenit,
2181 4394 2284 4433 non
2311 4379 2441 4442 Deo,
2471 4377 2566 4433 sed
2588 4376 2689 4449 ipsi
2715 4377 2909 4436 debeat
2935 4382 3246 4454 exprobrari
3274 4402 3289 4451 ;
3333 4403 3399 4443 ne
3419 4397 3474 4444 et
3505 4397 3559 4444 tu

1484 4498 1866 4560 LECTIONES
1909 4491 2320 4555 VARIANTES.

350 4613 397 4676 l)
432 4613 649 4676 Fastigio
672 4609 838 4664 Paris.
865 4612 1019 4664 Fran.

346 4672 396 4728 2i
432 4672 935 4728 Prwduntiationibus
974 4672 1126 4728 Semt.
1157 4673 1352 4727 Oberth.

343 4732 397 4808 Pi)
431 4739 473 4808 9
497 4740 647 4808 omitt.
673 4732 825 4808 53ml.

322 4801 398 4881 5.?)
413 4802 502 4881 .19.
511 4801 670 4881 993?}:
679 4801 732 4881 Ῐ
735 4813 844 4881 ζηαῙέ

241 4919 244 4927 ,
315 4858 392 4929 (iii
410 4864 719 4915 Probationis
740 4858 894 4915 Seml.
914 4859 1108 4914 Oberth.

1886 4613 1938 4673 D

2028 4605 2100 4670 (ti)
2137 4603 2356 4670 Animam
2388 4599 2539 4670 Scott.
2574 4600 2786 4670 ⁵ΟζιειίΙι.

2046 4661 2097 4729 7)
2131 4665 2429 4729 Spondentis
2451 4661 2599 4729 sentt.
2627 4661 2814 4716 Pamel.

2047 4723 2097 4792 8)
2133 4723 2194 4792 Ei
2216 4727 2347 4778 abest
2384 4723 2904 4792 Seiitl._exliormntive
2929 4726 3118 4781 Punici.

2049 4785 2100 4855 9)
2137 4791 2346 4842 Homine
2377 4785 2566 4842 Pamel.
2601 4793 2767 4840 Venet.

1625 4959 2182 5022 COMMENTARIUS.

320 5089 401 5166 (τι)
442 5090 645 5148 Sciebat
660 5090 762 5166 _itli
797 5105 978 5166 sexum
1018 5087 1236 5166 Mariae,
1268 5097 1316 5142 et
1346 5084 1856 5166 deiitcepg__Ecclesiw

289 5155 612 5233 rofuturum;
659 5161 886 5233 Etenint
919 5161 1081 5233 Maria
1126 5161 1274 5233 v_irgo
1314 5155 1532 5233 peperit
1557 5155 1854 5222 Christum,

289 5181 612 5233 ratumrum;
662 5181 868 5217 mentm
919 5181 1081 5216 maria
1126 5181 1274 5229 Virgo
1314 5181 1518 5232 peperit
1557 5181 1854 5222 hlll'lbullll,

249 5181 538 5299 hominum
574 5233 818 5288 salutem.
845 5231 998 5288 Unde
1041 5242 1094 5285 et
1137 5231 1372 5285 Ecclesia
1421 5230 1567 5299 virgo
1596 5268 1612 5294 ,
1658 5242 1855 5298 Sponsa

249 5305 489 5376 Christi,
505 5307 641 5376 parit
659 5303 1014 5376 Christianos.
1036 5302 1154 5376 ιιια,

329 5374 410 5448 (b)
451 5369 737 5448 Consulean
765 5374 1098 5448 hominiquo
1131 5371 1240 5426 Deo
1264 5371 1563 5448 adimeret.
1595 5369 1854 5426 Prieclara

254 5443 547 5520 cogitatio,
597 5447 868 5520 hominem
918 5443 982 5498 ad
1036 5445 1200 5520 Deum
1245 5445 1543 5520 Perfinere,
1595 5452 1857 5520 quatenus

252 5513 577 5576 mandatisa
609 5519 718 5589 Deo
746 5517 950 5589 legibus
988 5515 1229 5571 adhaeret
1269 5515 1541 5586 religionis
1566 5513 1857 5568 observan-

257 5593 323 5647 tia
350 5591 628 5658 cultuque.
658 5588 776 5644 th.

323 5661 482 5718 CAP.
511 5660 654 5714 V.——
683 5660 756 5728 (e)
788 5658 834 5713 0
871 5675 1040 5721 canes,
1081 5674 1205 5729 quos
1243 5659 1382 5727 [oras
1416 5657 1719 5727 Apostolus,
1747 5661 1852 5729 etc.

248 5733 457 5790 Alludit
501 5733 568 5787 ad
596 5727 721 5786 illud
748 5731 914 5801 Apoc.
947 5727 1114 5795 XXII,
1162 5729 1286 5801 foris
1312 5745 1482 5801 canes.
1514 5731 1685 5798 Atque
1719 5727 1855 5801 adeo

248 5805 378 5861 facit
419 5803 506 5859 hic
537 5803 687 5860 locus
728 5798 913 5858 contra
961 5798 1274 5864 Erasmum,
1317 5811 1371 5854 et
1418 5799 1551 5854 alios
1593 5798 1852 5868 quosdam

246 5877 342 5952 qui
384 5875 742 5948 Apocalypsin
767 5873 967 5929 audent
1002 5887 1201 5944 negare
1222 5871 1444 5928 Joannis
1471 5870 1732 5942 Apostoli.
1776 5870 1850 5925 De

1957 5094 2064 5150 quo
2099 5077 2296 5149 aliquid
2332 5091 2490 5150 supra
2541 5075 2771 5131 diximus
2818 5076 2913 5133 lib.
2953 5079 3016 5133 de
3060 5079 3381 5149 Prwscr.,et
3424 5085 3560 5144 intra

1960 5147 2050 5207 lib.
2086 5150 2147 5205 IV
2191 5147 2312 5206 adv.
2355 5147 2522 5202 Marc.
2555 5163 2618 5202 ac
2650 5151 2700 5202 in
2728 5150 3026 5219 Scorpioco.
3060 5151 3198 5208 Pw.

2034 5222 2114 5292 (tl)
2165 5219 2247 5275 Ea:
2293 5221 2528 5292 apta-ibus
2577 5219 2814 5292 ineundte
2866 5222 3202 5290 probationes.
3239 5225 3370 5280 Dum
3424 5228 3560 5287 hanc

1959 5286 2337 5350 del'in'itionem'
2362 5286 2576 5344 Christo
2617 5286 2894 5357 adscribit,
2927 5293 3116 5349 alludit
3158 5297 3223 5350 ad
3248 5297 3372 5353 illttd
3399 5286 3554 5357 Joan.

1961 5367 2060 5421 ηδε
2097 5364 2266 5434 opera
2293 5376 2406 5428 quo:
2425 5376 2518 5435 ego
2563 5362 2716 5432 facio,
2749 5363 2800 5416 in
2827 5364 3028 5418 nomine
3083 5364 3257 5421 Patris
3302 5372 3420 5435 mei,
3450 5373 3560 5426 time

1959 5432 2295 5491 testimonium
2324 5432 2582 5502 perhibent
2621 5437 2684 5486 de
2713 5449 2822 5499 me,
2849 5443 2895 5488 et
2924 5438 2967 5490 si
2992 5437 3116 5490 mihi
3145 5455 3244 5493 non
3275 5432 3425 5497 vultis
3452 5459 3558 5498 cre-

1961 5510 2098 5567 dere,
2131 5502 2364 5567 oneribus
2390 5504 2598 5557 credite.
2634 5503 2767 5558 Pu.

2035 5575 2113 5652 (e)
2154 5574 2249 5632 Sui
2276 5574 2474 5652 arbitr
2499 5585 2545 5627 et
2564 5590 2672 5628 sua:
2694 5576 2974 5652 potestatis,
3002 5588 3105 5652 etc.
3131 5578 3206 5635 Ea
3230 5580 3324 5635 fuit
3345 5581 3560 5639 haereti-

1958 5646 2144 5705 corum
2200 5646 2546 5715 quorumdatn
2597 5646 2833 5710 vesania,
2892 5657 2948 5701 ιιι
2999 5650 3223 5706 liberum
3287 5652 3556 5713 hominem

1959 5731 2195 5778 creatum
2224 5716 2389 5773 fuisse
2418 5716 2679 5786 negarint.
2711 5715 2869 5770 Tales
2901 5718 3048 5776 fuere
3088 5721 3321 5778 Marcion
3357 5736 3413 5780 et
3455 5727 3558 5787 Va-

1958 5793 2212 5848 lentinus.
2245 5789 2369 5843 Post
2401 5798 2676 5857 peccatum
2705 5803 2832 5843 vero
2855 5789 3031 5850 adhuc
3052 5795 3374 5851 remansisse
3400 5797 3559 5857 liber-

1957 5874 2121 5922 tatem
2145 5875 2269 5919 mox
2304 5857 2568 5932 probabit.
2613 5857 2691 5916 lie
2718 5859 2814 5916 Pa.
