4262 6490
687 309 788 368 291

2101 301 2560 362 TERTULLIANI

3883 302 3997 357 202

688 427 812 483 hinc
837 426 946 498 jam
973 439 1247 498 opponas,
1280 437 1384 479 non
1428 422 1500 478 ita
1531 422 1680 477 illum
1712 419 1917 476 institui
1945 419 2194 477 debuisse
2234 421 2278 474 si
2309 423 2361 481 Α
2391 421 2580 489 prium,
2611 417 2720 488 jam
2756 429 2951 488 sponte
2980 418 3218 489 prwstari
3250 418 3318 474 ab
3349 419 3606 484 homine;
3640 421 3892 491 quoniam
3941 430 3996 475 et.

688 520 909 576 libertas
937 529 990 575 et
1021 525 1257 589 potestas
1283 515 1486 570 arbitrii
1514 515 1738 570 exitiosa
1770 513 1943 567 futura
1975 523 2118 567 esset
2146 512 2286 577 ;~boe

688 629 902 684 quoque
931 626 1075 682 prius
1095 609 1377 665 defendam
1411 609 1479 662 ita
1507 607 1711 661 institui
1736 606 2005 668 debuisse,
2038 621 2145 676 quo
2174 605 2284 658 for-

689 707 793 760 tius
822 704 1214 766 commendem,
1246 713 1298 756 et
1329 700 1400 754 ita
1427 700 1744 765 institutum,
1774 707 1825 752 et
1854 696 2012 768 digne
2043 698 2151 752 Deo
2204 696 2288 750 in-

690 799 954 862 stitutum,
984 796 1188 865 potiore
1217 802 1430 849 ostensa
1455 807 1518 846 ea
1541 806 1725 847 caussa
1755 806 1874 861 qua:
1893 790 1960 843 ita
1985 789 2107 844 fecit
2134 790 2288 844 iusti-

690 895 788 948 tui.
818 890 1036 947 Bonitas
1080 890 1170 945 Dei
1202 897 1257 944 et
1315 889 1451 944 ratio
1490 886 1603 956 ejus
1655 886 1778 939 huic
1806 901 2019 955 quoque
2049 874 2291 939 instituto

693 989 1188 1060 patrocinabantur,
1219 987 1269 1040 in
1293 985 1544 1041 omnibus
1567 983 1938 1054 conspirantes
1959 981 2098 1052 apud
2125 981 2291 1035 Deum

689 1096 954 1139 nostrum.
980 1081 1089 1137 Nec
1109 1082 1245 1136 ratio
1271 1081 1414 1136 enim
1438 1079 1555 1134 sine
1584 1078 1820 1132 bonitate
1855 1076 1988 1131 ratio
2040 1084 2159 1149 est,
2193 1088 2294 1129 nec

693 1176 906 1232 bonitas
956 1176 1071 1230 sine
1139 1174 1347 1231 ratione
1415 1173 1657 1238 bonitas,
1705 1171 1803 1224 nisi
1860 1170 1994 1223 forte
2027 1167 2101 1244 (τι)
2129 1183 2293 1238 penes

693 1271 852 1324 deum
881 1265 1182 1333 Marcionis,
1215 1265 1601 1320 inrationaliter
1627 1264 1825 1317 bonum
1848 1305 1862 1328 ,
1890 1263 2027 1316 sicut
2057 1261 2292 1315 ostendi-

695 1375 834 1416 mus.
860 1357 1156 1430 Oportebat
1184 1356 1349 1412 Dcum
1391 1359 1688 1428 cognosci:
1731 1356 1928 1410 bonum
1970 1352 2073 1406 hoc
2115 1353 2296 1422 utique

693 1465 748 1509 et
795 1452 1073 1509 rationale.
1115 1450 1411 1521 Oportebat
1456 1450 1675 1520 dignum
1721 1447 1920 1519 aliquid
1969 1461 2124 1509 esse,
2154 1444 2298 1516 quod

697 1545 865 1602 Deum
897 1553 1278 1617 cognosceret:
1306 1543 1433 1614 quid
1460 1553 1563 1596 tam
1585 1541 1804 1612 dignum
1834 1538 2065 1610 prospici
2095 1548 2292 1608 posset,

697 1655 855 1710 quam
884 1638 957 1711 (b)
1003 1640 1176 1710 imago
1210 1637 1302 1692 Dei
1334 1647 1388 1692 et
1428 1635 1769 1691 similitudo?
1803 1633 1869 1688 Et
1923 1635 2024 1688 hoc
2073 1633 2294 1698 bonum,

697 1733 814 1788 sine
855 1731 1020 1787 dubio
1043 1775 1056 1795 ,
1083 1741 1139 1787 et
1170 1731 1444 1785 rationale.
1478 1727 1771 1797 Oportebat
1800 1729 1960 1798 igitur
2014 1727 2300 1796 imaginem

2392 514 2492 566 hoc
2515 513 2649 566 ratio
2677 511 2929 566 bonitatis
2959 513 3196 582 exigeret
3224 514 3522 567 voluntarie
3546 514 3862 571 exercendae
3888 531 3902 577 ;
3928 530 3997 568 ex

2392 605 2639 660 libertate
2667 605 2874 660 scilicet
2903 605 3112 660 arbitrii
3137 621 3242 660 non
3274 605 3488 661 favente
3519 607 3842 662 institutioni
3887 607 3995 678 (2),

2393 715 2498 753 non
2548 699 2853 755 serviente:
2883 709 2942 754 ut
2986 699 3055 755 ita
3100 699 3315 756 demum
3350 701 3518 757 bonus
3547 705 3868 758 consisteret
3895 703 3997 756 ho-

2393 808 2518 858 mo,
2569 794 2612 846 si
2669 792 2964 848 secundum
3019 794 3407 849 institutionem
3466 795 3723 865 quidem,
3779 802 3874 850 sed
3930 811 3998 851 ex

2394 885 2666 941 voluntate
2719 887 2828 956 jam
2886 886 3061 942 bonus
3107 886 3475 952 inveniretur,
3529 889 3678 960 quasi
3739 892 3805 944 de
3877 905 3999 957 pro-

2396 978 2621 1046 prietate
2691 987 2943 1033 natura}:
3006 979 3230 1049 proinde
3296 991 3354 1034 ut
3411 992 3466 1035 et
3534 989 3717 1036 contra
3795 985 3997 1037 malum

2399 1066 2570 1137 (nam
2628 1081 2684 1125 et
2731 1071 2862 1126 illud
2913 1073 3095 1141 utique
3136 1073 3277 1127 Detts
3332 1072 3700 1145 providebat)
3757 1073 3836 1144 (5)
3885 1073 3999 1128 for-

2399 1171 2502 1225 tior
2551 1169 2713 1224 homo
2773 1165 3131 1236 prmtenderet
3183 1164 3261 1236 (4)
3291 1207 3304 1231 ,
3358 1167 3492 1222 liber
3539 1168 3746 1222 scilicet
3790 1178 3844 1220 et
3887 1182 4001 1222 sua:

2398 1261 2676 1334 potestatis
2702 1278 2714 1314 :
2743 1259 2820 1331 (ά)
2873 1259 3017 1330 quia,
3047 1261 3089 1312 si
3120 1269 3329 1314 careret
3373 1258 3473 1315 hoc
3513 1261 3661 1329 jure,
3697 1270 3754 1313 ut
3798 1259 4001 1314 bonum

2398 1370 2610 1425 quoque
2633 1368 2738 1408 non
2771 1353 3043 1406 voluntate
3065 1352 3258 1414 obiret,
3291 1351 3384 1406 sed
3409 1354 3747 1416 necessitate,
3783 1367 4004 1422 usurpa-

2400 1447 2522 1503 bilis
2552 1449 2710 1502 etiam
2745 1447 2884 1501 malo
2926 1445 3134 1501 futurus
3154 1456 3298 1503 esset
3335 1461 3401 1500 ex
3440 1445 3745 1502 inﬁrmitate
3771 1447 4002 1512 servitii,

2405 1541 2625 1611 proinde
2650 1548 2707 1596 et
2737 1541 2876 1595 malo
2905 1539 3044 1594 sicut
3071 1540 3209 1594 bono
3239 1538 3488 1594 famulus.
3524 1539 3655 1592 Tota
3688 1554 3817 1610 ergo
3838 1541 4002 1594 liber-

2405 1644 2484 1688 tas
2510 1634 2716 1689 arbitrii
2754 1633 2808 1687 in
2852 1645 3133 1702 utramque
3174 1643 3378 1702 partem
3410 1646 3663 1686 concessa
3695 1643 3777 1686 est
3818 1634 3920 1697 illi,
3953 1641 4010 1686 ut

2404 1729 2486 1782 sui
2533 1727 2782 1781 dominus
2836 1733 3147 1780 constanter
3177 1736 3592 1792 occurreret,et
3630 1728 3771 1780 bono
3813 1739 4009 1796 sponte

697 1834 753 1879 et
782 1823 1184 1878 similitudinem
1205 1822 1324 1886 Dei,
1358 1821 1511 1875 liberi
1541 1819 1743 1874 arbitrii
1795 1829 1851 1874 et
1877 1833 1986 1872 sua:
2016 1817 2298 1888 potestatis
2328 1823 2376 1884 B
2405 1821 2670 1877 servando
2690 1863 2705 1887 ,
2746 1829 2799 1875 et
2842 1820 2983 1874 man
3007 1830 3200 1888 sponte
3231 1819 3447 1873 vitando
3473 1838 3485 1873 :
3515 1821 3763 1890 quoniam
3791 1831 3844 1874 et
3876 1822 4012 1875 alias

698 1915 902 1970 institui
927 1955 941 1979 ,
975 1915 1027 1969 in
1055 1930 1157 1985 qua
1203 1914 1302 1968 hoc
1334 1914 1526 1983 ipsum,
1579 1911 1754 1982 imago
1784 1920 1837 1965 et
1864 1910 2159 1964 similitudo
2206 1909 2301 1965 Dei

700 2009 1080 2077 deputaretur;
1108 2005 1310 2060 arbitrii
1362 2005 1567 2060 scilicet
1615 2004 1830 2057 libertas
1857 2013 1910 2058 et
1938 2011 2176 2073 potestas
2201 2019 2215 2057 :
2248 2002 2303 2055 in

701 2116 863 2170 quam
891 2115 1002 2154 rem
1021 2113 1081 2154 ea
1099 2098 1392 2153 substantia
1417 2096 1618 2151 homini
1640 2095 2038 2151 accommodata
2061 2103 2164 2162 est,
2185 2109 2306 2164 qua:

706 2193 868 2263 hujus
906 2201 1076 2247 status
1105 2200 1269 2254 chet,
1300 2191 1528 2246 adﬂatus
1558 2191 1668 2254 Dei,
1718 2190 1898 2258 utique
1929 2188 2081 2242 liberi
2104 2197 2157 2241 et
2196 2201 2307 2240 sua:

706 2287 1007 2358 potestatis.
1036 2285 1140 2341 Sed
1166 2297 1220 2340 et
1243 2285 1374 2339 alias
1395 2284 1553 2355 quale
1574 2293 1689 2337 erat
1710 2292 1770 2336 ut
1792 2283 1956 2335 tutius
1979 2280 2160 2334 mundi
2189 2294 2310 2350 pos-

707 2378 888 2434 sidens
917 2377 1098 2441 homo,
1131 2391 1234 2430 non
1263 2377 1312 2429 in
1347 2374 1532 2443 primis
1560 2373 1723 2427 animi
1746 2373 1826 2427 sui
1859 2371 2198 2441 possessione
2227 2385 2310 2425 re-

707 2484 917 2546 gnaret,
952 2473 1180 2526 aliorum
1213 2468 1482 2532 dominus,
1511 2467 1592 2522 sui
1623 2465 1900 2520 famulus?
1931 2464 2108 2519 Habes
2154 2463 2312 2534 igitur

706 2577 763 2622 et
785 2567 1076 2622 bonitatem
1096 2561 1193 2618 Dei
1211 2575 1506 2634 agnoscere
1522 2575 1589 2614 ex
1611 2559 1938 2629 dignatione,
1967 2565 2022 2610 et
2047 2556 2314 2609 rationem

707 2677 774 2717 ex
823 2660 1190 2731 dispositione.
1237 2657 1362 2713 Sola
1401 2671 1540 2708 nunc
1583 2655 1790 2707 bonitas
1835 2651 2160 2721 deputetur,
2196 2667 2314 2720 qua:

711 2766 915 2810 tantum
945 2754 1142 2807 homini
1168 2751 1353 2820 largita
1382 2751 1472 2813 sit,
1505 2748 1556 2803 id
1593 2758 1674 2802 est
1723 2746 1928 2801 arbitrii
1986 2745 2310 2800 libertatem.

719 2845 878 2902 Aliud
918 2845 1017 2901 sibi
1060 2846 1196 2899 ratio
1226 2842 1475 2898 defendat
1513 2842 1564 2895 in
1610 2839 1870 2909 ejusmodi
1904 2839 2316 2893 institutionem.

721 2935 854 2994 Nam
910 2938 1082 2993 bonus
1128 2943 1313 2990 natura
1365 2934 1500 2989 Deus
1551 2933 1696 2987 solus
1725 2929 1968 3002 (.llutth.,
2011 2929 2154 2994 XIX,
2184 2929 2317 3004 l7).

715 3034 814 3102 Qui
843 3035 983 3090 enim
1013 3030 1152 3104 quod
1184 3039 1268 3085 est
1291 3031 1406 3084 sine
1435 3027 1584 3082 initio
1617 3025 1808 3090 habet,
1842 3039 1946 3079 non
1989 3025 2322 3079 insututione

717 3127 878 3182 habet
921 3125 1048 3180 illud
1075 3166 1089 3189 ,
1117 3123 1209 3179 scd
1251 3130 1462 3176 natura.
1494 3120 1668 3176 llomo
1709 3130 1885 3174 autem
1925 3120 2014 3190 qui
2065 3127 2207 3173 totus
2256 3133 2320 3173 ex

2412 1917 2640 1986 positum
2684 1914 2956 1969 hominem
2987 1911 3087 1967 sub
3111 1912 3311 1981 judicio
3345 1911 3439 1966 Dei
3466 1953 3480 1976 ,
3510 1913 3580 1983 (ε)
3620 1915 3903 1982 oportebat
3926 1915 4014 1982 ju-

2409 2021 2553 2066 Stum
2584 2008 2712 2064 illud
2753 2007 2968 2063 efﬁcere
2998 2006 3063 2060 de
3088 2007 3294 2060 arbitrii
3325 2006 3406 2059 sui
3438 2007 3642 2060 meritis
3664 2048 3677 2069 ,
3708 2007 3862 2062 liberi
3910 2008 4014 2061 sci-

2411 2102 2553 2156 licet.
2574 2099 2860 2166 Caeterum,
2882 2115 2980 2153 nec
3005 2098 3126 2152 boni
3155 2113 3252 2152 nec
3280 2098 3404 2152 mali
3436 2113 3639 2152 merces
3658 2098 3784 2169 jure
3818 2115 4013 2168 pensa-

2414 2203 2562 2248 retur
2586 2194 2634 2247 ei
2685 2192 2776 2262 qui
2813 2199 2904 2246 aut
2938 2192 3110 2245 bonus
3136 2204 3226 2245 aut
3255 2193 3425 2245 malus
3462 2194 3785 2247 necessitate
3823 2195 4016 2249 fuisset

2416 2286 2681 2348 inventus,
2717 2299 2820 2337 non
2852 2285 3142 2338 voluntate.
3171 2284 3227 2338 In
3260 2284 3360 2339 hoc
3383 2296 3438 2339 et
3468 2285 3552 2340 lex
3580 2288 3875 2341 constituta
3911 2298 4016 2353 est,

2417 2395 2522 2433 non
2564 2378 2853 2434 excludens
2874 2420 2890 2444 ,
2933 2379 3025 2434 sed
3069 2379 3303 2448 probans
3331 2379 3629 2434 libertatem
3659 2381 3727 2434 de
3757 2383 4022 2451 obsequio

2417 2479 2608 2540 Sponte
2640 2470 2963 2540 praestando,
2998 2470 3081 2523 vel
3113 2469 3535 2540 transgressione
3556 2481 3745 2541 sponte
3775 2475 4024 2526 commit-

2421 2563 2575 2617 tenda
2603 2580 2617 2627 ;
2649 2563 2719 2616 ita
2750 2563 2800 2616 in
2830 2572 3116 2631 utrumque
3153 2565 3354 2618 exitum
3397 2565 3618 2619 libertas
3661 2569 3829 2635 patuit
3872 2569 4020 2622 arbi-

2423 2654 2530 2708 trii.
2571 2653 2748 2724 Igitur,
2787 2655 2831 2708 si
2868 2665 2921 2708 et
2952 2655 3158 2708 bonitas
3185 2665 3242 2711 et
3271 2658 3407 2710 ratio
3449 2659 3539 2711 Dei
3574 2659 3842 2714 invenitur
3881 2664 4024 2716 circa

2426 2748 2724 2802 libertatem
2771 2747 2978 2801 arbitrii
3018 2762 3330 2803 concessam
3371 2747 3610 2814 homini,
3639 2767 3743 2805 non
3782 2762 4021 2822 oportet,

2424 2842 2621 2897 omissa
2653 2842 2820 2911 prima
2845 2841 3152 2897 definitione
3182 2843 3434 2897 bonitatis
3459 2854 3617 2913 atque
3640 2846 3867 2900 rationis
3905 2864 4028 2917 qua:

2425 2946 2549 2991 ante
2579 2950 2791 2992 omnem
2827 2946 3107 2992 tractatum
3149 2938 3519 2992 constituenda
3546 2949 3660 3006 est,
3706 2949 3826 3009 post
3873 2939 4030 2996 factis

2426 3028 2777 3101 praejudicare
2814 3046 2918 3084 non
2953 3032 3020 3086 ita
3075 3031 3244 3086 Deum
3300 3032 3575 3086 instituere
3614 3033 3868 3089 debuisse
3902 3037 4030 3105 quia

2429 3124 2586 3179 aliter
2609 3139 2768 3193 quam
2798 3123 2961 3177 Deum
2992 3124 3206 3179 deceret
3232 3126 3440 3190 evasit;
3474 3127 3568 3180 sed
3616 3128 3860 3196 dispecta
3903 3131 4030 3198 quia

718 3219 1057 3274 institutione
1077 3227 1180 3282 est,
1229 3215 1432 3270 habens
1462 3213 1693 3280 initium,
1740 3227 1862 3266 cum
1910 3212 2060 3266 initio
2103 3212 2322 3266 sortitus
2349 3214 2395 3277 C
2430 3216 2497 3270 ita
2527 3215 2766 3271 debuerit
2812 3216 3118 3281 instituere,
3141 3218 3290 3272 salvo
3318 3232 3384 3272 eo
3413 3218 3554 3288 quod
3582 3219 3880 3290 dispectum
3909 3236 4029 3288 εει,

718 3319 803 3367 est
828 3310 1052 3365 formam
1095 3323 1198 3381 qua
1244 3315 1423 3363 esset:
1455 3315 1614 3376 atque
1644 3305 1713 3357 ita
1747 3317 1851 3357 non
1906 3312 2094 3358 natura
2125 3303 2176 3356 in
2230 3303 2328 3357 bo-

723 3417 851 3459 num
880 3400 1171 3471 dispositus
1213 3408 1316 3464 est,
1369 3397 1462 3455 sed
1492 3397 1824 3451 institutione
1853 3410 1868 3460 ;
1895 3408 1998 3449 non
2047 3409 2203 3449 suum
2235 3394 2328 3448 ba-

724 3500 858 3554 bens
888 3496 1060 3552 bonus
1087 3508 1226 3560 csse,
1259 3493 1379 3563 quia
1426 3508 1530 3546 non
1563 3500 1748 3545 natura
1781 3490 1832 3544 in
1867 3489 2064 3544 bonum
2095 3487 2326 3558 disposi-

725 3597 812 3643 tus
833 3597 934 3652 est,
975 3586 1069 3642 sed
1111 3583 1466 3649 institutione,
1513 3582 1809 3637 secundum
1841 3581 2199 3636 institutorem
2232 3579 2322 3634 bo-

728 3698 856 3738 nttm
885 3723 898 3747 ,
932 3681 1136 3736 scilicet
1163 3679 1424 3734 bonorum
1454 3675 1812 3731 conditorem.
1842 3673 1910 3730 Ut
1947 3689 2078 3744 ergo
2123 3673 2327 3728 bonum

725 3777 835 3847 jam
881 3789 1036 3829 suum
1069 3774 1292 3828 haberet
1335 3771 1532 3836 homo,
1571 3770 1964 3839 emancipatum
2009 3768 2110 3824 sibi
2137 3784 2165 3821 a
2196 3769 2328 3836 Deo,

732 3876 787 3923 et
813 3869 969 3923 iieret
994 3866 1292 3937 proprietas
1325 3864 1435 3935 jam
1463 3863 1588 3918 boni
1631 3864 1684 3918 in
1715 3860 1947 3926 homine,
1984 3871 2036 3918 et
2074 3861 2333 3934 quodam-

735 3961 896 4016 modo
939 3969 1151 4024 natura,
1183 3958 1252 4014 de
1295 3958 1628 4012 institutione
1680 3956 1946 4026 adscripta
1976 3956 2155 4010 estilli
2182 3955 2332 4024 quasi

737 4054 994 4125 libripens
1047 4050 1128 4124 (Ι)
1176 4051 1496 4121 emancipati
1553 4064 1581 4102 a
1628 4048 1738 4102 Deo
1785 4048 1907 4103 boni
1962 4047 2057 4119 (ε).
2117 4048 2335 4107 libertas

736 4155 791 4202 et
839 4155 1076 4218 potestas
1125 4143 1364 4211 arbitrii,
1414 4158 1533 4214 qua:
1571 4139 1811 4199 efﬁceret
1851 4141 2072 4207 bonum,
2128 4151 2187 4196 ut
2213 4160 2337 4214 pro-

2431 3320 2622 3365 czetera
2650 3309 2952 3380 explorare.
2977 3309 3240 3365 Caeterum
3268 3310 3420 3367 facile
3444 3322 3525 3366 est
3551 3313 3890 3371 oﬂ‘endentes
3917 3329 4031 3371 Sta-

2433 3400 2526 3456 tim
2567 3403 2618 3456 in
2660 3402 2892 3457 hominis
2922 3402 3129 3457 ruinam
3151 3445 3163 3467 ,
3198 3413 3482 3474 antequam
3523 3406 3884 3463 condittonein
3914 3409 4034 3480 ejus

2432 3493 2782 3564 inspexerint,
2806 3494 2857 3547 in
2871 3504 3143 3549 auctorem
3167 3496 3366 3550 referre
3383 3496 3524 3565 quod
3549 3497 3761 3562 accidit,
3779 3500 3904 3570 quia
3937 3515 4036 3557 nec

2431 3585 2664 3640 auctoris
2680 3585 2979 3639 examinata
3007 3586 3075 3640 sit
3101 3586 3256 3641 ratio.
3293 3583 3547 3658 Denique,
3567 3600 3617 3643 et
3647 3591 3860 3646 bonitas
3889 3592 3986 3647 Dei
4006 3610 4035 3648 a

2435 3677 2727 3749 primordio
2763 3693 2983 3748 operum
3022 3687 3297 3749 perspecta
3318 3721 3333 3747 ,
3373 3681 3711 3750 persuadebit
3745 3683 3815 3756 (ί)
3844 3684 3980 3739 nihil
4007 3702 4038 3740 a

2435 3771 2538 3825 deo
2555 3770 2680 3824 mali
2701 3771 2922 3825 evenire
2953 3771 3208 3840 potuisse,
3241 3780 3296 3826 et
3324 3771 3542 3828 libertas
3569 3774 3797 3831 hominis
3829 3780 4039 3847 recogi-

2437 3872 2543 3917 tata
2571 3877 2630 3917 se
2667 3862 2844 3930 potius
2871 3877 3016 3916 ream
3037 3862 3283 3916 ostendet
3305 3863 3406 3932 (5),
3436 3865 3577 3935 quod
3599 3865 3714 3935 ipsa
3736 3868 4032 3924 commisit.

3052 3953 3278 4012 CAPUT
3317 3955 3429 4012 VII.

2511 4050 2620 4107 Hac
2663 4048 2974 4105 deﬁnitione
3015 4048 3191 4104 omnia
3234 4049 3344 4103 Deo
3383 4049 3527 4104 salva
3559 4061 3718 4118 sunt;
3749 4062 3802 4108 et
3846 4062 4039 4111 natura

2439 4146 2714 4208 bonitatis,
2738 4154 2791 4198 et
2818 4143 2954 4198 ratio
2977 4143 3363 4213 dispositionis,
3395 4153 3450 4200 et
3476 4146 3829 4217 praescientite
3857 4158 3914 4204 et
3948 4165 4041 4220 po-

1970 4255 2355 4320 LECTIONES
2391 4258 2808 4318 VARIANTES.

807 4377 881 4504 ξιξ
914 4376 1204 4448 Libripepse
1231 4371 1384 4424 Rhen.
1407 4367 1598 4442 Oberlin.

827 4441 858 4488 2
913 4438 1233 4504 lttstttuttoms
1461 4435 1598 4504 a_rbtt_t

913 4430 1233 4488 lnstitbtiouis
1249 4432 1436 4484 Pamcl.
1461 4434 1645 4482 arbitrii
1661 4430 1856 4482 favente
1876 4433 2166 4484 institutioni
2191 4437 2340 4488 Wou-

741 4491 1071 4555 wer.'arbitrii
1093 4513 1106 4562 ;
1131 4511 1239 4548 nam
1263 4496 1459 4548 favente
1483 4496 1767 4545 institutioni
1792 4491 1965 4557 corijic.
1998 4493 2149 4546 Seml.

2531 4435 2579 4500 4⁷)
2611 4435 2948 4500 Pertenderet
2968 4444 3081 4500 Jtm.

2531 4497 2580 4560 ὅ)
2599 4498 2827 4549 Ostendit
2850 4497 3037 4551 Pamel.
3062 4500 3215 4550 Seml.

2502 4371 2574 4563 ξε)
2612 4372 2676 4423 Ut
2691 4371 2808 4423 add.
2837 4372 2987 4424 Seml.
3015 4376 3209 4426 oberth.

2531 4439 2579 4500 ι)
2615 4435 3081 4486 PertenderetJtm.

2531 4502 2580 4560 ὅ)
2599 4498 2827 4549 Ostendit
2850 4497 3037 4551 Pamel.
3062 4500 3209 4550 Seml.

2366 4481 2417 4545 D

2113 4599 2666 4659 COMMENTARIUS.

818 4720 1071 4779 CAP.V|.
1097 4747 1157 4758 --
1187 4715 1278 4790 (ιι)Δ
1309 4716 1472 4771 Penes
1505 4715 1666 4790 Deum
1694 4713 1970 4790 Marcionis
1991 4755 2005 4779 ,
2036 4724 2140 4769 etc.
2171 4716 2337 4790 ‘Ridi-

750 4796 904 4852 culus
935 4786 1210 4847 videbatur
1233 4786 1484 4851 Marcion,
1517 4787 1606 4855 qui
1633 4786 1745 4840 lnec
1776 4787 1882 4840 Deo
1905 4787 2240 4856 deneganda,
2274 4789 2340 4843 de

753 4868 944 4938 quibus
995 4862 1162 4938 modo
1202 4862 1329 4938 egit,
1377 4861 1545 4915 Deum
1585 4857 1741 4912 faciat
1773 4859 1968 4912 bonum
2004 4859 2261 4912 rationem
2293 4861 2342 4915 ei

758 4927 1108 4994 detrahendo.
1141 4931 1218 4987 Le
1246 4927 1341 4985 Pa.

829 5009 907 5081 (b)
945 5005 1124 5070 Imago
1161 5014 1206 5081 et
1237 5002 1510 5081 similitudo
1544 5000 1684 5081 Dei,
1712 5009 1816 5081 etc.
1863 4999 2224 5081 Longe-aliter
2265 5002 2351 5056 hic

758 5071 1028 5151 imaginem
1068 5086 1112 5130 et
1160 5073 1541 5128 similitudinem
1595 5072 1718 5151 l_)_e_i_,
1749 5071 1831 5151 ad_
1858 5088 2015 5142 quam
2050 5071 2217 5125 factus
2269 5082 2353 5151 est

761 5143 940 5212 homo,
974 5149 1372 5214 interpretatur,
1399 5160 1554 5214 quam
1583 5143 1706 5196 alibi
1756 5143 1941 5206 soleat,
1976 5154 2028 5196 et
2058 5144 2350 5210 praesertim

767 5226 855 5278 hh.
888 5222 949 5274 de
979 5218 1177 5286 Baptis.
1203 5232 1320 5286 cap.
1351 5218 1402 5276 5.
1439 5215 1524 5268 ubi
1555 5214 1621 5268 de
1651 5230 1715 5267 eo
1736 5214 1930 5286 aliquid
1959 5214 2351 5278 annotavimus,

765 5296 902 5348 sicut
917 5285 1097 5355 etiam,
1121 5285 1390 5359 quomodo
1417 5287 1645 5342 adflatus
1678 5285 1766 5338 llei
1797 5288 2001 5339 dtCatur
2031 5286 2231 5352 anima,
2264 5286 2358 5340 ibi-

767 5367 901 5419 dem.
957 5362 1091 5416 Pius.

845 5433 918 5504 (c)
961 5432 1119 5498 Quasi
1149 5431 1388 5504 libripens
1411 5427 1712 5504 enmncipati
1738 5445 1769 5480 τι
1811 5425 1916 5504 _Deo
1963 5428 2097 5504 boni.
2146 5427 2358 5504 Aphalie:

772 5498 916 5562 natio
944 5520 1119 5558 rerum
1149 5498 1398 5569 tttattcipi,
1432 5517 1549 5570 qua:
1578 5501 1779 5552 scilicet
1803 5498 1925 5567 jure
1949 5503 2151 5565 optimo
2181 5500 2362 5570 haberi

773 5593 834 5632 ac
865 5575 1121 5646 possideri
1152 5569 1461 5644 pomerant,
1486 5573 1641 5646 ﬁebat
1670 5585 1853 5646 pertes
1871 5581 1922 5622 et
1951 5570 2158 5646 libram.
2186 5569 2366 5646 Itaque

775 5642 1124 5702 adhibebatur
1155 5642 1431 5712 libripens
1480 5645 1628 5711 quasi
1689 5643 1887 5694 arbiter
1937 5642 2360 5712 mancipationis.

778 5720 909 5787 Ejus
951 5716 1176 5772 formula
1215 5711 1388 5770 exstat
1426 5714 1562 5784 apud
1605 5712 1883 5787 Boethium
1924 5713 1983 5787 in_
2016 5711 2210 5787 Topica
2257 5712 2364 5787 Cic.

782 5781 900 5846 liis.
917 5818 984 5831 ——
1004 5788 1160 5859 Quasi
1181 5787 1420 5859 libripens
1441 5781 1746 5854 emancipati
1774 5801 1806 5839 a
1837 5781 1946 5840 Deo
1966 5783 2101 5840 boni.
2118 5782 2369 5841 Transla-

2543 4717 2679 4781 hzec,
2707 4733 2863 4801 quam
2895 4720 3112 4805 adhibet
3144 4738 3175 4777 e
3216 4723 3357 4808 jure,
3393 4731 3619 4786 sumitur
3645 4732 3712 4787 ab
3732 4738 4046 4808 emancipa-

2446 4794 2612 4876 tioqe,
2645 4807 2763 4860 qme
2791 4794 3096 4876 imaginaria
3130 4798 3362 4876 venditio
3389 4803 3823 4876 erat,_fiebatque
3853 4794 4049 4876 per'azs

2541 4862 2765 4946 libra").
2805 4867 3030 4946 ,Ιιοοέεει
3073 4871 3421 4935 prtescntibus
3459 4862 3691 4946 quinque
3732 4862 4052 4939 fesli'buis'ﬁcvt

2450 4932 2769 5002 libripende.
2805 4933 2879 4987 LE
2920 4935 3016 4988 PR.

2486 5075 2495 5085 .
2529 5000 2609 5085 (il)
2661 5002 2791 5067 Quia
2821 5007 2864 5058 si
2893 5017 3081 5060 careret
3107 5009 3201 5061 hoc
3221 5011 3359 5085 jure.
3391 5012 3516 5067 Mira
3545 5029 3914 5076 correctorum
3967 5041 4053 5079 va-

2456 5084 2616 5166 rietas
2643 5087 2905 5166 saperet,
2934 5090 3137 5166 laverat,
3190 5084 3366 5166 abiret,
3398 5085 3572 5152 obiret,
3602 5104 3843 5166 _cup_eret,
3887 5111 4052 5166 repo-

2460 5156 2610 5222 nunt,
2636 5156 2701 5222 et.
2718 5149 2909 5222 melius
2934 5149 3055 5218 legit
3079 5151 3332 5222 ltigaltius
3357 5149 3567 5210 careret.
3601 5149 3800 5216 LE'l’n.

2534 5217 2608 5285 (θ)
2642 5215 2933 5297 'Oportcbat
2983 5215 3180 5297 justum
3231 5225 3360 5278 illud
3411 5230 3629 5297 efﬁcere.
3687 5215 3836 5288 Facit
3889 5238 4055 5295 etiam

2464 5288 2613 5375 locus
2642 5290 2749 5375 iste‘
2769 5306 2862 5375 pro
2890 5288 3092 5345 meritis
3118 5309 3362 5375 operum,
3397 5288 3532 5352 sicut
3555 5312 3607 5354 et
3633 5303 3762 5358 illud
3795 5288 4054 5375 quo—rise:

2466 5361 2642 5440 quit‘nr
2659 5361 2960 5440 igtetcrunt
2989 5379 3077 5416 nec
3115 5361 3234 5440 boni
3265 5384 3354 5420 nec
3381 5372 3504 5424 ntuli
3529 5389 3747 5439 merces,
3777 5361 3889 5431 e'tc.
3914 5361 4052 5436 Psi.

2526 5429 2605 5511 .(f)
2649 5429 2797 5512 ιγίιιιι
2838 5450 2867 5484 a
2897 5431 3007 5512 Deo
3046 5435 3169 5512 moli
3210 5442 3406 5512 evenire
3453 5447 3705 5512 potuisse,

2468 5502 2644 5583 etiam
2673 5502 2773 5556 hoc
2801 5506 3127 5583 etquithnid
3159 5509 3332 5576 capite
3365 5528 3426 5579 pr
3443 5502 3718 5580 ecedeuti',
3758 5502 4058 5577 etdtiobits

2469 5574 2731 5649 capitibus
2753 5579 3103 5649 sequentibus
3134 5574 3412 5644 tractatur,
3458 5598 3640 5640 contra
3681 5574 4061 5649 Calvinuuret

2471 5645 2725 5771 ii|||ilpslqii
2751 5645 2913 5702 Deum
2951 5648 3214 5706 malorum
3241 5661 3513 5711 auctorem
3542 5655 3720 5716 facere
3741 5645 4060 5723 nutrivereu;

2567 5755 2578 5768 .
2654 5733 2683 5770 Α
2734 5758 2746 5771 .

2567 5755 2578 5768 .
2609 5733 2746 5771 I’AI.
