4262 6490
186 372 285 428 295

1306 368 1435 429 LIB.
1477 367 1521 423 11
1565 363 1939 424 ADVERSUS‘
1964 363 2385 424 MARCIONEM.

3367 363 3477 423 294

192 488 367 545 tentias
397 487 571 558 copia.
606 485 836 557 Exigere
863 494 1041 541 tamen
1069 499 1100 539 a
1134 485 1243 539 Deo
1280 484 1444 540 debes
1471 482 1550 555 (l)
1577 492 1631 538 et
1660 498 1781 553 gra-
1810 482 1865 542 Α
1890 481 2203 547 obstitisset,
2230 495 2367 535 nnne
2399 478 2492 535 tibi
2519 479 2791 536 insusurra
2820 493 2919 552 pro
2948 478 3205 536 Creatore
3225 490 3277 536 et
3304 479 3481 552 gravi-

189 584 403 637 vitatem
446 595 711 636 summam
742 586 796 635 et
826 577 983 634 fidem
1013 578 1334 649 praecipuam
1362 576 1414 631 in
1442 576 1586 632 onmi
1627 574 1779 629 insti-

188 673 390 728 tutione
438 670 591 742 ejus,
648 679 705 724 ut
747 669 962 725 desinas
1005 682 1247 738 qnazrcre
1294 682 1361 721 an
1411 666 1519 721 Deo
1569 665 1783 721 nolente

188 766 420 837 potuerit
443 763 573 836 quid
612 764 852 820 evenire.
882 762 1099 817 Tcnens
1124 763 1267 817 enim
1290 760 1604 831 gravitatem
1634 770 1688 816 et
1716 759 1784 813 fi-

186 860 305 914 dem
354 858 447 914 Dei
480 858 643 925 boni,
671 857 766 912 scd
811 854 1163 910 rationalibus
1204 853 1628 909 institutionibus
1668 852 1786 923 ejus

186 952 569 1017 vindicandas,
606 966 704 1007 nec
749 949 879 1006 illud
926 948 1246 1014 miraberis,
1297 946 1442 1019 quod
1484 947 1621 1002 Dens
1675 961 1784 1001 non

188 1047 551 1103 intercesserit
577 1045 837 1101 adversus
872 1058 934 1098 ea
969 1058 1089 1114 qua:
1110 1042 1280 1096 noluit
1309 1041 1555 1107 evenire,
1580 1047 1787 1094 utcon-

184 1147 427 1196 servaret
484 1152 545 1193 ea
599 1152 717 1206 qua:
756 1134 921 1189 voluit
952 1133 1053 1205 (2).
1084 1131 1139 1190 Si
1181 1133 1323 1189 enim
1372 1132 1539 1187 semel
1586 1130 1789 1186 homini

188 1231 507 1302 permiserat
531 1229 734 1284 arbitrii
764 1228 1063 1283 libertatem
1093 1234 1150 1281 et
1178 1234 1518 1295 potestatem,
1539 1234 1595 1280 et
1631 1224 1790 1294 digne

189 1324 529 1394 permiserat,
556 1322 695 1376 sicut
723 1320 1076 1383 ostendimus,
1108 1319 1291 1389 utique
1319 1316 1575 1373 fruendas
1602 1331 1696 1372 eas
1723 1331 1789 1372 ex

187 1417 304 1486 ipsa
355 1413 707 1469 institutionis
759 1412 1074 1467 auctoritate
1136 1409 1485 1479 permiserat;
1538 1406 1792 1463 frucndas

187 1517 369 1562 autem
412 1517 667 1578 quantum
692 1506 745 1559 in
772 1504 908 1575 ipso,
940 1502 1234 1559 secundum
1265 1502 1457 1572 ipsum,
1491 1500 1543 1556 id
1590 1510 1674 1556 est
1703 1515 1787 1557 se-

188 1600 428 1655 cundum
455 1599 647 1663 Deum,
679 1596 730 1651 id
751 1604 833 1651 est
864 1595 915 1650 in
964 1596 1161 1650 homnn
1184 1612 1197 1647 :
1222 1594 1343 1664 quis
1367 1594 1510 1649 enim
1538 1591 1795 1647 adversus

187 1710 250 1750 se
293 1693 565 1764 permittet
609 1689 844 1760 aliquid?
892 1699 1150 1760 quantum
1180 1702 1309 1744 vero
1337 1688 1389 1742 in
1422 1687 1636 1742 homine
1658 1727 1674 1754 ,
1704 1700 1795 1742 se-

188 1786 427 1841 cundum
472 1792 649 1839 motus
688 1782 951 1837 libertatis
996 1782 1161 1852 ipsius
1194 1781 1324 1850 Quis
1379 1782 1521 1837 enim
1554 1795 1659 1835 non
1695 1780 1796 1836 hoc

1892 583 2053 629 tatem
2075 616 2091 642 ,
2122 585 2172 630 et
2220 574 2526 644 patientiam
2546 615 2561 639 ,
2593 584 2648 629 et
2674 572 2835 629 fidem
2857 614 2874 639 ,
2908 573 3331 631 institutionibus
3371 573 3482 631 suis

1889 668 2068 725 functo
2084 710 2100 736 ,
2127 678 2258 725 utet
2286 667 2633 723 rationalibus
2658 676 2713 721 et
2738 667 2911 723 bonis.

2492 759 2720 818 CAPUT
2759 759 2896 817 VIII.

1960 857 2145 928 Neque
2166 858 2310 913 enim
2349 856 2417 913 ad
2457 855 2739 912 vivendum
2780 853 3121 913 solummodo
3160 854 3487 927 produxerat

1895 950 2196 1015 hominem,
2232 957 2290 1004 ut
2331 964 2440 1005 non
2487 948 2555 1004 ad
2600 958 2746 1005 recte
2793 947 3079 1004 vivendum
3104 989 3119 1013 ,
3145 948 3199 1005 in
3237 958 3486 1018 respectu

1891 1045 2095 1101 scilicet
2154 1043 2248 1099 Dei
2299 1041 2540 1115 legisque
2576 1042 2714 1113 ejus.
2744 1040 2907 1113 Igitur
2934 1043 3121 1098 vivere
3161 1041 3379 1122 quidem
3412 1041 3487 1097 illi

1893 1136 2008 1207 ipse
2049 1134 2368 1204 pratstiterat
2387 1175 2404 1201 ,
2440 1133 2579 1189 facto
2603 1134 2654 1188 in
2682 1134 2916 1189 animam
2941 1133 3110 1187 vivam
3136 1146 3151 1199 ;
3182 1141 3329 1188 recte
3359 1146 3490 1188 vero

1893 1228 2073 1282 vivere
2100 1225 2469 1291 demandarat,
2499 1226 2778 1282 admonito
2808 1227 2858 1281 in
2889 1226 3022 1296 legis
3049 1224 3383 1296 obsequium.
3414 1227 3491 1283 Ita

1896 1334 2000 1375 non
2032 1322 2082 1375 in
2110 1332 2334 1377 mortem
2360 1320 2662 1376 institutum
2696 1319 2968 1374 hominem
2998 1317 3207 1389 probat,
3232 1320 3320 1388 qni
3350 1332 3492 1374 nunc

1895 1411 2046 1484 cupit
2072 1412 2124 1467 in
2156 1412 2317 1467 vitam
2346 1412 2674 1476 restitutum,
2703 1410 2897 1464 malens
2928 1409 3206 1478 peccatoris
3246 1409 3494 1479 paeniten-

1898 1504 2021 1557 tiam
2041 1546 2057 1571 ,
2093 1521 2246 1574 quam
2284 1515 2495 1559 mortent
2525 1501 2781 1576 (Exacta,
2811 1500 2999 1567 XVIII,
3030 1502 3146 1574 23).
3177 1502 3360 1573 Igitur,
3386 1503 3495 1557 sic-

1901 1608 1955 1653 ut
2006 1596 2145 1652 Deus
2181 1597 2381 1652 homini
2422 1598 2544 1652 vita:
2601 1604 2796 1651 statum
2824 1594 3071 1661 induxit,
3106 1594 3176 1650 ita
3202 1593 3363 1649 homo
3388 1593 3492 1649 sibi

1901 1690 2091 1744 mortis
2116 1698 2309 1743 statum
2338 1688 2571 1743 adtraxit
2601 1706 2612 1741 :
2644 1698 2698 1745 et
2725 1687 2827 1743 hoc
2853 1704 2960 1743 non
2990 1702 3085 1758 per
3112 1687 3495 1755 infirmitatem,

1900 1780 2054 1836 sicuti
2085 1794 2185 1835 nec
2207 1796 2300 1850 per
2321 1780 2699 1851 ignorantiam,
2724 1796 2791 1835 ne
2818 1780 2944 1850 quid
2968 1780 3173 1835 auctori
3203 1782 3497 1849 imputare-

192 1887 413 1949 przestat
438 1876 511 1943 ei,
541 1878 625 1930 cui
647 1874 773 1946 quid
802 1874 970 1929 semel
1002 1874 1101 1929 frui
1136 1882 1375 1943 prmstat,
1407 1883 1460 1927 ut
1484 1889 1578 1941 pro
1611 1874 1792 1927 animo
1823 1877 1872 1937 B
1901 1881 2005 1927 tur.
2032 1870 2167 1926 Nam
2211 1873 2309 1926 etsi
2350 1871 2573 1941 angelus
2599 1871 2689 1943 qui
2719 1872 2967 1936 seduxit,
2999 1871 3094 1927 sed
3136 1871 3272 1927 liber
3306 1884 3360 1927 et
3388 1887 3502 1927 sua:

192 1980 248 2026 et
290 1968 516 2024 arbitrio
560 1983 661 2022 suo
701 1964 941 2021 fruatur?
968 1964 1135 2036 Igitur
1171 1977 1506 2034 consequens
1558 1974 1673 2018 erat
1719 1964 1796 2018 uti

194 2064 335 2120 Deus
366 2062 646 2118 secederet
673 2076 703 2115 a
734 2060 981 2115 libertate
1024 2057 1189 2113 semel
1230 2070 1484 2111 concessa
1544 2055 1744 2109 homini
1770 2095 1785 2120 ,

196 2156 249 2210 id
298 2164 384 2210 est
437 2154 743 2209 contineret
787 2152 839 2205 in
891 2148 1181 2219 semetipso
1210 2156 1265 2204 et
1294 2146 1683 2218 prmscientiam
1739 2155 1799 2204 et

194 2246 605 2317 praepotentium
638 2259 810 2305 suam,
830 2241 904 2314 (α)
935 2256 1029 2310 per
1048 2254 1180 2311 quas
1205 2239 1574 2295 intercessisse
1598 2239 1799 2309 potuis-

193 2348 307 2401 set.
338 2354 446 2409 quo
478 2337 653 2391 minus
681 2334 841 2390 homo
874 2333 1012 2388 male
1051 2332 1297 2387 libertate
1324 2348 1418 2387 sua
1450 2333 1550 2386 frui
1577 2332 1799 2402 adgres-

192 2446 288 2486 sus
310 2473 322 2495 ,
354 2433 411 2485 in
446 2430 745 2500 periculum
778 2428 1069 2481 laberetur.
1112 2425 1169 2482 Si
1198 2427 1342 2480 enim
1373 2427 1797 2491 intercessisset,

196 2523 513 2579 rescidisset
537 2521 740 2576 arbitrii
774 2519 1106 2583 libertatem,
1136 2533 1294 2588 quam
1327 2519 1535 2573 ratione
1562 2530 1617 2573 et
1645 2518 1799 2573 boni-

200 2627 309 2671 tate
345 2614 687 2682 permiserat.
722 2610 994 2680 Denique,
1043 2620 1166 2680 puta
1212 2609 1621 2676 intercessisse,
1676 2619 1803 2681 puta

199 2708 491 2763 rescidisse
536 2706 686 2760 illum
734 2703 940 2759 arbitrii
984 2702 1283 2758 libertatem
1331 2702 1456 2757 dum
1497 2704 1804 2759 revocatab

210 2799 435 2867 arbore,
468 2798 596 2853 dmn
631 2798 803 2868 ipsum
829 2795 905 2865 (ὁ)
928 2795 1447 2865 circumscriptorem
1474 2794 1749 2849 colubrum
1773 2810 1804 2849 a

204 2906 507 2962 congressu
554 2889 787 2945 iterumne
843 2897 1025 2952 arcet,
1074 2901 1252 2941 nonne
1295 2887 1622 2942 exclamaret
1669 2885 1808 2941 Mar-

204 2990 330 3043 cion
363 3006 377 3040 :
416 2988 491 3055 (c)
520 2987 565 3041 0
588 2985 862 3040 dominum
904 2984 1127 3045 fntilem.
1159 2985 1480 3051 instabilem,
1513 2984 1804 3053 infidelem,

199 3078 602 3136 rescindentem
645 3093 764 3148 qua:
803 3077 1061 3131 instituit!
1093 3074 1202 3131 Cur
1230 3075 1549 3146 permiserat
1578 3077 1805 3132 liberum

201 3172 527 3235 arbitrium,
557 3168 603 3223 si
634 3168 956 3224 intercedit?
986 3184 1085 3223 cur
1114 3168 1426 3235 intercedit,
1458 3168 1501 3222 si
1531 3170 1808 3238 permisit?

1906 1963 2182 2033 petestatis
2212 1963 2303 2033 qui
2332 1964 2588 2019 seductus
2627 1972 2744 2028 est;
2787 1964 2880 2018 sed
2926 1963 3101 2034 imago
3127 1972 3180 2017 et
3204 1963 3502 2019 similitudo

1904 2055 2036 2121 Dei,
2072 2054 2260 2110 fortior
2305 2057 2495 2127 angelo
2520 2074 2536 2123 ;
2564 2055 2658 2112 sed
2685 2055 2915 2111 adflatus
2942 2058 3032 2110 Dei
3059 2058 3369 2128 generosior
3394 2057 3506 2128 Spi-

1904 2149 2010 2201 ritu
2041 2147 2336 2213 matcriali,
2371 2164 2477 2218 quo
2513 2148 2687 2219 angeli
2726 2149 3144 2205 constituerunt.
3189 2149 3290 2217 Qui
3342 2151 3501 2221 facit,

1908 2241 2076 2311 inquit
2127 2240 2147 2314 (
2172 2238 2264 2301 Ps.
2293 2238 2422 2306 CIII,
2456 2241 2490 2297 5
2518 2247 2559 2311 ),
2587 2242 2799 2309 spiritus
2858 2242 3063 2312 angelos
3096 2240 3308 2311 (Helm,
3333 2243 3374 2307 l,
3400 2244 3430 2297 7
3459 2245 3503 2315 ),

1907 2331 1987 2406 (tl)
2018 2344 2062 2388 ct
2090 2335 2412 2404 adparitores
2430 2334 2695 2404 ﬂammam
2721 2334 2875 2406 ignis.
2909 2333 3042 2402 Quia
3095 2350 3195 2391 nec
3240 2337 3505 2392 universi-

1906 2435 2066 2480 tatem
2109 2426 2310 2481 homini
2339 2427 2657 2496 subjecissct
2703 2426 2915 2481 inlirmo
2938 2427 3292 2494 dominandi,
3318 2439 3373 2485 et
3401 2444 3506 2486 non

1907 2520 2099 2592 potiori
2142 2520 2380 2591 angelis,
2430 2520 2623 2590 quibus
2673 2519 2807 2574 nihil
2860 2520 2963 2575 tale
3007 2521 3266 2590 subjecit;
3300 2522 3380 2577 sic
3409 2538 3509 2578 nec

1909 2612 2042 2683 legis
2071 2610 2278 2682 pondus
2304 2611 2670 2681 imposuisset,
2700 2611 2744 2665 si
2767 2611 2946 2681 gravis
2974 2611 3056 2666 lex
3090 2611 3325 2667 invalido
3349 2613 3511 2669 susu-

1909 2704 2068 2760 nendi
2097 2721 2111 2770 ;
2158 2720 2259 2761 nec
2307 2719 2467 2775 quem
2509 2702 2869 2759 excusabilem
2897 2704 3061 2758 sciret
3092 2706 3308 2759 nomine
3339 2704 3510 2760 imbe-

1909 2800 2185 2865 ciilitatis,
2231 2815 2353 2855 eum
2404 2797 2487 2869 (5)
2533 2796 2853 2854 definitione
2892 2798 3083 2854 mortis
3130 2800 3509 2866 convenisset;

1912 2902 2215 2960 postremo,
2247 2906 2352 2946 non
2384 2890 2629 2945 libertate
2649 2931 2663 2953 ,
2699 2904 2799 2945 nec
2832 2899 3091 2959 potestate
3113 2890 3317 2946 arbitrii
3349 2889 3512 2945 fecis-

1910 2992 1994 3037 set
2037 2982 2343 3047 infirtnnm,
2390 2980 2487 3037 sed
2534 2981 2711 3051 potius
2741 2978 3049 3037 defectione
3087 2997 3293 3039 earum.
3341 2983 3515 3052 Atque

1912 3074 2048 3131 adeo
2078 3073 2329 3129 eumdem
2378 3073 2651 3128 hominem
2678 3115 2693 3140 ,
2738 3073 2982 3127 eamdem
3014 3074 3366 3128 substantiam
3393 3074 3513 3128 ani-

1914 3182 2017 3222 ma:
2035 3206 2051 3233 ,
2079 3165 2326 3221 eumdem
2352 3164 2482 3220 Atla:
2508 3174 2705 3219 statum
2730 3206 2745 3228 ,
2778 3164 2967 3220 eadetn
2993 3165 3198 3220 arbitrii
3226 3165 3444 3221 libertas
3462 3173 3517 3221 et

204 3266 388 3337 Eligat
414 3264 504 3319 ubi
535 3264 883 3333 semetipsum
908 3262 1110 3317 erroris
1138 3271 1320 3329 notet,
1356 3262 1406 3315 in
1436 3261 1806 3331 institutione,
1837 3268 1880 3333 α
1915 3269 2185 3332 potestas,
2219 3259 2477 3314 victorem
2527 3256 2691 3314 elficit
2732 3258 2891 3313 hodie
2932 3259 2998 3315 de
3041 3259 3229 3314 eodem
3277 3259 3513 3327 diabolo,

203 3375 274 3415 an
298 3361 351 3414 in
385 3356 732 3413 rescissione.
763 3354 951 3409 Nonne
980 3362 1106 3409 tunc
1134 3354 1301 3424 magis
1331 3354 1586 3424 deceptus
1612 3370 1676 3408 ex
1708 3355 1811 3409 im-

206 3448 552 3521 pmscietttia
583 3448 747 3503 futuri
769 3447 1060 3513 videretur,
1089 3460 1212 3501 cum
1237 3447 1572 3503 obstitisset?
1596 3458 1652 3504 et
1671 3448 1813 3519 quod

203 3543 361 3613 quasi
396 3542 650 3612 ignorans
675 3541 946 3610 quomodo
982 3553 1272 3595 evasurum
1303 3548 1447 3595 esset
1478 3540 1811 3608 indulserat,

207 3636 332 3706 quis
363 3647 472 3687 non
498 3631 738 3687 diceret?
779 3629 888 3686 Sed
916 3631 1015 3686 etsi
1048 3631 1355 3700 praescierat
1383 3632 1520 3687 male
1543 3631 1815 3689 hominem

208 3727 557 3784 institutione
574 3741 669 3781 sua
691 3741 933 3791 uSttrttm,
960 3724 1087 3796 quid
1121 3737 1225 3779 tam
1249 3723 1467 3797 dignum
1492 3724 1627 3789 Deo,
1656 3742 1815 3797 quam

208 3821 455 3892 gravitas
476 3861 489 3885 ,
523 3832 680 3889 quam
723 3817 856 3873 fides
895 3816 1285 3872 institutionum
1316 3817 1817 3890 qualiumcumque?

214 3913 455 3969 Vidissct
525 3910 689 3966 homo
748 3912 794 3965 si
838 3927 943 3965 non
986 3909 1123 3965 bene
1167 3910 1530 3980 dispunxisset
1567 3912 1645 3983 (ὅ)
1676 3913 1819 3983 quod

209 4007 354 4063 bene
379 4012 698 4074 acceperat;
724 4012 782 4057 ut
807 4002 918 4073 ipse
947 4002 1026 4075 (4)
1056 4002 1155 4073 legi
1190 4018 1313 4057 reus
1335 4002 1520 4059 fuisset
1548 4006 1634 4059 cui
1663 4006 1820 4061 obse-

210 4100 305 4171 qui
336 4098 623 4163 noloisset,
654 4110 763 4152 non
794 4107 851 4150 ut
872 4095 1142 4167 legislator
1170 4096 1283 4165 ipse
1304 4093 1543 4151 fraudem
1576 4096 1677 4169 legi
1706 4110 1818 4152 suae

211 4193 458 4256 faceret,
487 4205 595 4246 non
625 4189 852 4245 sinendo
879 4188 1244 4260 praescriptum
1275 4190 1394 4259 ejus
1436 4189 1665 4259 impleri.
1694 4189 1820 4247 llaec

214 4285 537 4359 dignissime
576 4293 923 4354 peroraturus
954 4282 1005 4337 in
1029 4282 1361 4349 Creatorem,
1396 4284 1437 4338 si
1472 4283 1639 4340 libero
1670 4285 1819 4341 arbi-

213 4382 324 4438 trio
364 4377 604 4435 hominis
624 4392 691 4434 ex
724 4376 1054 4449 providentia
1082 4386 1137 4434 et.
1167 4376 1401 4449 potentia
1422 4415 1437 4444 ,
1464 4392 1598 4448 quas
1626 4380 1818 4451 exigis,

1915 3368 2037 3409 cum
2065 3350 2361 3408 secundum
2391 3350 2704 3421 obsequium
2733 3352 2907 3422 legum
2944 3352 3062 3422 ejus
3090 3351 3514 3408 administratur.

2556 3441 2783 3499 CAPUT
2824 3442 2916 3498 IX.

1989 3538 2214 3609 Quoquo
2256 3546 2456 3598 tamen.
2486 3537 2684 3607 inquis,
2717 3535 2876 3591 modo
2906 3537 3203 3593 substantia
3245 3536 3520 3595 Creatoris

1917 3632 2097 3688 delicti
2141 3646 2309 3703 capax
2359 3631 2661 3695 invenitur,
2703 3645 2827 3686 cum
2877 3630 3108 3687 adflatus
3151 3632 3284 3697 Dei,
3328 3632 3379 3688 id
3436 3643 3523 3690 est

1918 3727 2119 3789 anima,
2157 3727 2206 3778 in
2252 3725 2468 3780 homine
2497 3724 2737 3794 deliquit.
2770 3722 2880 3779 Nec
2924 3734 3100 3795 potest
3127 3741 3233 3781 non
3264 3726 3331 3782 ad
3357 3727 3523 3799 origi-

1922 3819 2097 3874 nalem
2138 3819 2219 3889 (6)
2259 3833 2523 3872 summam
2572 3815 2762 3872 referri
2804 3819 3078 3889 corruptio
3108 3820 3391 3890 partionis.
3439 3819 3524 3876 Ad

1922 3912 2026 3967 hoc
2053 3910 2452 3981 interpretanda
2489 3912 2594 3966 erit
2629 3911 2860 3981 qualitas
2888 3911 3101 3967 aninne.
3136 3913 3192 3967 In
3227 3912 3413 3983 primis
3444 3921 3526 3969 te-

1924 4006 2176 4068 nendum,
2205 4004 2276 4075 (e)
2302 4003 2443 4074 quod
2484 4019 2658 4075 graeca
2685 4004 2959 4075 Scriptura
2988 4006 3238 4075 signavit,
3269 4005 3527 4064 adflatum

1926 4099 2231 4163 nominans,
2266 4113 2371 4152 non
2398 4098 2669 4168 Spiritum.
2694 4098 2923 4167 Quidam
2954 4101 3097 4155 enim
3138 4100 3206 4156 de
3232 4116 3411 4173 grach
3442 4102 3526 4158 in-
3580 4125 3583 4128 ν

1926 4198 2285 4261 terpretantes
2308 4231 2323 4254 ,
2354 4205 2459 4245 non
2509 4192 2798 4262 recogitata
2845 4191 3147 4248 differentia
3167 4236 3180 4257 .
3212 4210 3311 4250 nec
3341 4205 3530 4253 curata

1925 4287 2248 4358 proprietate
2288 4284 2573 4337 verborum
2600 4322 2615 4348 ,
2656 4299 2754 4354 pro
2783 4282 3007 4353 adﬂatu,
3038 4285 3272 4354 spiritum
3301 4297 3527 4357 ponunt,

1925 4391 1980 4437 et
2030 4380 2157 4433 dant
2206 4374 2475 4431 hazreticis
2521 4375 2860 4431 occasionem
2907 4377 3157 4448 spiritum
3198 4378 3293 4435 Dei
3330 4379 3526 4437 delicto

1469 4492 1851 4558 LECTIONES
1887 4491 2300 4557 VARIAN'I‘ES.

311 4612 359 4675 l)
382 4610 557 4682 Habes
573 4616 698 4682 Jsot._

283 4612 363 4801 la

311 4730 363 4801 ὅ)
388 4738 721 4802 Depunxisset
736 4732 927 4787 Pantel.
971 4730 1127 4785 Semt.
1161 4730 1356 4784 Obertlt.

1847 4618 1903 4678 Ι)
2008 4611 2040 4660 4
2090 4608 2155 4659 Ut
2177 4610 2270 4672 ipsi
2296 4607 2393 4675 Rig.
2423 4607 2576 4660 Latin.
2602 4615 2659 4662 ut
2682 4608 2816 4663 abest
2834 4611 3024 4664 Pamel.
3042 4609 3204 4665 Genti.

1992 4608 2067 4801 £5}
2093 4668 2419 4745 Cumpamel.
2444 4668 2597 4722 Seml.
2618 4671 2820 4743 pbertlt.

2017 4737 2046 4784 6
2094 4734 2350 4799 Originem
2382 4737 2552 4786 Venet.
2577 4744 2679 4800 mg.

2016 4668 2067 4727 iii
2093 4668 2211 4722 Cum
2239 4668 2419 4723 Pam'el.
2444 4668 2597 4722 Seml.
2624 4671 2820 4727 obertlt.

2017 4732 2067 4799 6)
2094 4734 2350 4799 Originem
2382 4737 2552 4786 Venet.
2577 4732 2679 4800 Itig.

1600 4835 2160 4895 COMMENTARIUS.

292 4957 455 5015 CAP.
498 4955 611 5011 VII.
639 4953 803 5024 —(a)
855 4950 956 5007 Per
1006 4969 1135 5023 quas
1170 4954 1510 5009 intercessisse
1556 4955 1820 5023 potuisset.

210 5029 636 5091 lntercedebant
654 5026 847 5080 trilnmi
867 5026 1343 5080 senatusconsultis
1367 5025 1505 5092 apud
1535 5025 1822 5090 ltotnanos,

209 5106 352 5162 dum
412 5100 701 5157 obstabant
761 5112 830 5152 ne
870 5100 1079 5152 tierent.
1137 5096 1227 5153 Sic
1270 5106 1323 5151 et
1381 5112 1543 5163 mox,
1592 5096 1655 5153 Si
1697 5100 1833 5152 enim

211 5173 613 5231 intercessisset.
661 5169 836 5223 ﬂuctv.

298 5246 380 5317 (h)
412 5242 689 5317 Calabrum
706 5239 1217 5317 circumscriptorem.
1233 5236 1347 5317 1100
1365 5245 1448 5292 est
1467 5237 1831 5317 deceptorcm.

206 5309 526 5379 Iuvenalis,
558 5312 674 5367 Sat.
706 5309 822 5371 XV,
851 5310 1100 5376 pupillum
1129 5309 1198 5361 ad
1215 5310 1337 5378 jura
1365 5318 1713 5363 vocantem...
1738 5312 1834 5364 cir-

207 5388 668 5455 cumscriptorem.
699 5381 828 5455 tjam
860 5380 1324 5447 circumscribere,
1348 5381 1507 5433 etiam
1531 5382 1832 5436 circumve—

207 5461 345 5518 nire
376 5451 661 5518 significat.
701 5451 869 5507 linea.

298 5528 376 5601 (ο)
475 5527 738 5601 dominum
756 5522 979 5601 [:ufileltt,
998 5529 1101 5575 etc.
1138 5518 1389 5601 Faciebat
1416 5521 1556 5601 cnim
1589 5520 1821 5577 Marcion

210 5590 401 5659 Dcitin
435 5593 874 5651 irrationalnlitcr
924 5593 1121 5663 bonum
1144 5634 1157 5652 ,
1190 5599 1245 5663 ut
1283 5590 1449 5645 videri
1485 5601 1676 5662 potest,
1702 5608 1821 5663 cap.

206 5676 252 5733 6
288 5669 575 5739 Ιιιιῇηεηιγὶιιἶ
601 5674 656 5721 et
684 5664 816 5739 aliis
834 5666 884 5717 in
911 5663 1066 5739 locis.
1105 5662 1179 5716 Ls
1205 5662 1322 5739 Plu
1353 5688 1370 5708 .

292 5733 752 5805 CKPNIIL—(d)
771 5733 833 5788 Et
854 5736 919 5787 ad
925 5733 1174 5805 paritores
1188 5734 1451 5801 ﬂammam
1468 5735 1619 5805 ignis.
1637 5735 1826 5789 Parnm

204 5819 459 5874 interest
498 5803 689 5867 utrum
718 5822 781 5861 ex
824 5807 993 5875 Epist.
1025 5805 1091 5858 ad
1122 5803 1398 5865 Hebraeos,
1430 5803 1547 5875 cap.
1591 5806 1608 5859 1
1649 5806 1830 5875 (quod

199 5887 481 5948 adfirmat
537 5877 803 5938 I’amelius
830 5874 881 5944 ),’
902 5891 968 5930 an
1018 5892 1081 5930 ex
1130 5874 1270 5932 I’sal.
1323 5875 1452 5934 Clll.
1499 5874 1831 5935 Licetcnim

1936 4963 2089 5031 vocet
2108 4955 2392 5031 Apostolus
2406 4964 2565 5031 Eafa;
2590 4956 3175 5031 pthgseuﬂammam
3206 4959 3370 5031 ignis,
3399 4961 3530 5020 illud

1936 5028 2062 5081 citat
2092 5040 2122 5079 e
2152 5027 2361 5079 l’salmo
2397 5023 2523 5089 CIII,
2554 5023 2706 5097 versit
2738 5026 2790 5090 5,
2814 5029 2899 5082 ubi
2926 5030 3168 5097 habetur,
3195 5023 3252 5084 εἴ
3273 5023 3530 5089 ministros

1939 5107 2050 5175 tuos
2102 5099 2272 5175 ignem
2320 5096 2665 5175 urentem.__ln
2707 5113 2882 5168 graeco
2908 5112 2988 5175 est
3032 5108 3126 5173 πῦρ
3162 5111 3344 5175 φὶεσγον.
3403 5105 3530 5161 Mihi

1939 5167 2148 5245 videtur
2179 5169 2279 5223 hoc
2322 5168 2372 5222 in
2418 5168 2533 5245 loco
2559 5167 2990 5245 Vitfgatauversio
3016 5167 3192 5245 magis
3232 5167 3530 5245 conigruerc

1941 5243 2142 5312 textui,
2189 5257 2344 5308 qntmt
2393 5242 2567 5294 versio
2607 5238 2941 5295 Tertulliani.
2974 5243 3098 5298 Sive
3115 5238 3314 5301 'autem
3335 5238 3527 5312 'legas,

1941 5263 2142 5304 tenui,
2189 5263 2344 5308 quam
2394 5263 2567 5294 vrrs‘tu
2619 5263 2941 5295 lt'ruullalu.
2974 5263 3098 5298 atve
3139 5263 3314 5301 antem
3359 5263 3408 5301 te
3445 5263 3527 5312 as,

1938 5311 2199 5379 ﬂammam
2228 5312 2378 5381 ignis.
2404 5314 2521 5365 sive
2550 5312 2717 5379 ignem
2743 5322 3006 5381 urentem,
3031 5315 3252 5379 perinde
3291 5328 3389 5371 est.
3410 5263 3531 5373 ἵξι-

1942 5361 2219 5436 suam.
2244 5361 3532 5461 7..ignaua:5giconismotenuitati).

1941 5463 2167 5507 urentem
2195 5467 2289 5505 seu
2312 5454 2656 5521 ﬂammantem
2681 5465 2823 5508 recte
2849 5467 3045 5511 vertes.
3084 5458 3158 5511 La
3191 5454 3284 5512 I'n.

2002 5523 2155 5579 CAP.
2186 5522 2273 5576 ΙΧ.
2299 5554 2367 5562 --
2398 5526 2469 5595 (c)
2507 5524 2841 5598 Quodgm’ca
2862 5526 3132 5598 Scriptura
3160 5530 3393 5598 signavit,
3419 5538 3525 5586 etc.

1934 5594 2097 5649 Recte
2124 5610 2294 5661 grmca
2326 5594 2427 5649 vox
2471 5606 2591 5655 mai
2618 5596 2683 5649 ad
2716 5594 3009 5665 marginem
3050 5594 3301 5654 adnotata
3362 5614 3440 5656 est
3497 5618 3530 5659 a

1936 5666 2199 5743 Rhenano
2221 5708 2235 5731 ,
2265 5665 2518 5743 adquam
2549 5667 2635 5720 hic
2672 5665 2861 5721 alludit
2896 5678 3120 5735 auctor;
3153 5683 3272 5743 nam
3295 5688 3358 5743 ea
3401 5674 3531 5743 tegi-

1937 5747 2045 5811 tnr,
2074 5737 2270 5811 Cenes.
2302 5736 2362 5811 II.
2385 5754 2487 5793 non
2518 5752 2645 5792 vero
2682 5744 2883 5805 πνεῦμας
2914 5755 3078 5809 quare
3120 5742 3340 5811 proinde
3367 5736 3529 5801 etiam

1938 5809 2215 5882 interpres
2259 5809 2451 5863 latinus
2496 5818 2641 5863 recte
2685 5811 2953 5865 transtulit
3008 5809 3323 5882 spiraculum
3371 5815 3524 5881 vitat,

1939 5880 2082 5953 quod
2111 5881 2361 5953 att/latum
2376 5890 2581 5946 auctor,
2613 5894 2720 5935 non
2747 5895 2875 5938 vero
2896 5880 3152 5953 spiritum.
3172 5884 3309 5942 ΡΑιι.
