4262 6490
779 359 883 417 295

2187 369 2652 429 TERTULLIANI
3973 381 4068 440 996

774 492 1112 560 infuscandi,
1156 494 1205 550 id
1270 504 1352 553 est
1403 496 1577 568 ipsum
1629 499 1834 567 Deum;
1883 509 1938 557 et
1975 513 2229 574 usurpata
2260 505 2370 574 jam

2481 487 2542 558 (1
2571 487 2715 554 Cor.,
2750 489 2831 556 Vl,
2859 489 2895 544 2
2927 489 2967 560 ),
2999 490 3042 547 si
3076 491 3125 546 in
3162 491 3251 548 Dei
3306 489 3420 566 lege
3471 499 3793 565 constiterit,
3827 499 3969 568 quod
4017 501 4062 553 in

775 590 1002 657 quaestio
1044 596 1148 642 εει.
1181 586 1421 659 lntellige
1444 590 1621 660 itaque
1663 590 1914 646 adﬂatum
1956 594 2219 649 minorem
2261 596 2372 665 spi-

775 679 880 734 ritu
907 695 1028 736 esse
1057 679 1160 752 (l),
1189 681 1288 734 etsi
1316 679 1385 735 de
1405 682 1591 752 spiritu
1617 683 1845 751 accidit,
1881 694 1938 738 ut
1964 689 2207 742 aurulam
2233 687 2370 757 ejus,

781 785 888 825 non
938 779 1115 824 tamen
1161 771 1425 841 spiritum.
1455 772 1584 827 Nam
1620 785 1675 829 et
1703 789 1831 830 aura
1865 788 2024 831 vento
2052 778 2242 842 rarior,
2275 779 2374 834 etsi

778 861 848 918 de
893 870 1054 916 vento
1097 877 1261 928 aura,
1316 881 1423 920 non
1468 876 1645 921 tamen
1691 878 1884 924 ventus
1925 885 2073 924 aura.
2117 871 2198 940 (α)
2227 869 2377 941 Capit

777 953 936 1008 etiam
978 954 1258 1024 imaginem
1301 956 1521 1025 spiritus
1561 957 1740 1014 dicere
1771 959 1976 1016 ﬂatum.
2014 961 2146 1017 Nam
2173 971 2228 1017 et
2256 963 2378 1018 ideo

777 1044 942 1100 homo
962 1047 1135 1116 imago
1163 1047 1277 1111 Dei,
1308 1046 1360 1102 id
1383 1058 1465 1103 est
1493 1051 1710 1120 spiritus
1735 1068 1748 1105 :
1773 1052 1914 1108 Deus
1942 1054 2084 1109 enim
2133 1056 2374 1125 spiritus.

777 1135 958 1208 lmago
992 1154 1121 1209 ergo
1151 1139 1390 1209 spiritus,
1423 1141 1578 1196 ﬂatus
1609 1143 1712 1216 (2).
1747 1145 1934 1212 Porro,
1965 1146 2140 1217 imago
2169 1149 2377 1204 veritati

777 1248 885 1287 non
932 1247 1312 1304 uSquequaque
1357 1235 1741 1305 adieqttabilur.
1794 1240 1950 1295 Aliud
1999 1252 2082 1297 est
2118 1243 2261 1297 enim
2288 1259 2376 1298 se-

775 1327 1010 1382 cundum
1043 1329 1323 1382 veritatem
1353 1342 1506 1395 esse,
1537 1331 1681 1386 aliud
1715 1333 1882 1402 ipsam
1915 1336 2195 1391 veritatem
2235 1351 2375 1393 esse.

781 1420 871 1474 Sic
896 1430 950 1475 et
989 1420 1248 1485 adﬂatus,
1281 1435 1402 1474 cum
1448 1423 1620 1493 imago
1657 1424 1728 1478 sit
1769 1426 2004 1495 Spiritus,
2052 1444 2154 1482 non
2205 1439 2379 1497 potest

775 1515 848 1569 ita
881 1515 1162 1584 imaginem
1196 1513 1286 1568 Dei
1314 1529 1630 1584 comparare
1661 1521 1778 1589 (5),
1810 1528 1866 1573 ιιι
1903 1522 2023 1588 quia
2065 1520 2291 1587 veritas,
2327 1521 2378 1576 id

774 1619 856 1661 est
883 1609 1120 1677 spiritus,
1161 1607 1210 1660 id
1234 1617 1318 1662 εει
1347 1607 1505 1674 Deus,
1537 1611 1652 1665 sine
1682 1610 1876 1666 delicto
1907 1621 2008 1678 est,
2043 1612 2164 1668 ideo
2194 1622 2247 1668 et
2279 1613 2375 1667 ad-

781 1703 958 1766 flatus,
978 1701 1030 1756 id
1053 1700 1346 1770 estimago,
1373 1716 1476 1754 non
1505 1701 1750 1758 debuerit
1785 1703 2066 1759 admisisse
2099 1705 2374 1760 delictum.

780 1795 840 1851 In
871 1796 969 1851 hoc
993 1798 1094 1852 erit
1147 1801 1320 1870 imago
1362 1795 1535 1851 minor
1563 1798 1786 1852 veritate
1807 1839 1820 1863 ,
1849 1808 1902 1853 et
1939 1799 2163 1852 adﬂatus
2191 1801 2378 1868 spiritu

2480 581 2776 650 primordio
2807 583 2991 638 uoluit.
3027 583 3136 640 Hoc
3162 586 3334 655 ipsum
3367 604 3495 658 ergo
3527 594 3694 658 potuit
3725 592 3953 646 adflatus
3981 592 4063 646 Dei

2479 672 2781 730 admittere.
2815 675 3011 743 Potuit,
3043 678 3136 734 sed
3169 695 3272 734 non
3300 681 3502 734 debuit.
3533 681 3776 739 Potuisse
3799 686 3942 740 enim
3975 685 4063 738 ha-

2480 766 2633 833 buit,
2677 784 2771 838 per
2797 770 3110 826 substantiae
3157 773 3467 838 exilitatem,
3501 791 3604 845 qua
3667 776 3916 842 adﬂatus,
3969 794 4066 833 non

2479 862 2741 932 spiritus:
2771 879 2875 919 non
2925 865 3174 922 debuisse
3217 879 3417 930 autem,
3452 886 3548 938 per
3590 872 3792 926 arbitrii
3839 883 4069 941 potesta-

2482 962 2612 1020 tem,
2643 970 2746 1026 qua
2793 956 2957 1023 liber,
3003 975 3107 1013 non
3139 975 3366 1025 servus;
3400 961 3693 1018 adsistente
3723 965 3955 1033 amplius
3984 966 4074 1020 de—

2483 1049 2873 1106 monstratione
2937 1067 3045 1107 non
3111 1053 3454 1124 delinquendi
3512 1057 3612 1110 sub
3665 1060 4074 1115 comminatione

2483 1141 2784 1208 moriendi,
2816 1158 2917 1213 qua
2965 1144 3366 1202 substrueretur
3403 1148 3716 1205 substantiae
3754 1152 3998 1217 exilitas,
4027 1165 4077 1207 et

2485 1244 2758 1302 regeretur
2778 1239 3058 1292 sententia:
3088 1239 3325 1294 libertas.
3353 1240 3536 1310 Itaque
3560 1259 3664 1296 non
3695 1258 3790 1313 per
3816 1245 3944 1299 illud
3969 1246 4074 1314 jam

2481 1325 2648 1380 videri
2683 1337 2856 1396 potest
2881 1329 3055 1384 anima
3082 1330 3392 1399 deliquisse,
3412 1332 3554 1403 quod
3588 1335 3658 1389 illi
3691 1351 3809 1390 cum
3839 1336 3950 1391 Deo
3982 1337 4075 1391 ad-

2484 1417 2591 1474 ﬁne
2621 1430 2724 1485 est,
2756 1436 2850 1490 per
2871 1421 3123 1478 adﬂatum
3157 1440 3169 1476 :
3199 1423 3290 1479 sed
3322 1440 3413 1495 per
3441 1425 3566 1480 illud
3594 1427 3737 1497 quod
3767 1429 4076 1484 substantia:

2483 1515 2729 1578 accessit,
2755 1513 2804 1567 id
2827 1525 2904 1570 est
2960 1531 3054 1584 per
3079 1516 3305 1571 liberum
3333 1519 3646 1586 arbitrium;
3673 1537 3700 1575 a
3732 1522 3840 1578 Deo
3867 1525 4076 1593 quidem

2483 1606 2820 1662 rationaliter
2843 1607 3209 1674 atltrilmtum;
3242 1611 3310 1664 ab
3340 1611 3557 1668 homine
3585 1630 3732 1681 vero,
3769 1632 3870 1685 qua
3913 1619 4078 1672 voluit

2482 1697 2755 1768 agitatum.
2778 1698 2930 1767 Quod
2957 1701 2998 1754 si
3022 1701 3091 1755 ita
3117 1716 3175 1757 se
3199 1701 3418 1766 habent,
3446 1707 3620 1760 omnis
3647 1708 3754 1776 jam
3783 1709 3872 1764 Dei
3898 1711 4079 1780 dispo-

2483 1790 2608 1844 sitio
2632 1797 2699 1846 dc
2726 1792 2848 1846 mali
2891 1795 3308 1863 exprobratione
3339 1808 3611 1868 purgatur.
3645 1799 3896 1856 Libertas
3938 1805 4076 1857 enim

773 1887 1014 1955 inferior,
1049 1890 1250 1947 habens
1278 1894 1395 1947 illas
1429 1892 1612 1961 utique
1641 1892 1808 1946 lineas
1851 1891 1973 1954 Dei,
2003 1908 2106 1962 qua
2150 1893 2372 1947 imtuor-
2405 1891 2450 1951 B
2479 1887 2687 1941 arbitrii
2720 1905 2824 1942 non
2852 1889 2900 1943 ei
2929 1890 3138 1958 culpam
3171 1907 3320 1944 suam
3355 1903 3591 1963 respuet,
3623 1911 3650 1948 a
3680 1912 3785 1966 quo
3809 1897 3932 1950 data
3967 1908 4076 1963 est,

773 1981 894 2035 talis
921 1984 1114 2049 anima,
1148 2001 1251 2056 qua
1300 1986 1464 2040 libera
1506 1993 1562 2042 et
1609 1984 1691 2038 ειιί
1738 1984 1968 2048 arbitrii,
1998 2001 2099 2054 qua
2152 1985 2373 2056 pnescia

774 2073 1107 2145 plerumque,
1138 2094 1239 2147 qua
1268 2077 1562 2142 rationalis,
1591 2091 1760 2144 capax
1789 2077 2092 2132 intellectus
2119 2087 2173 2132 et
2199 2079 2374 2133 scien-

777 2166 866 2220 tia:
894 2185 905 2219 :
942 2177 1116 2223 tamen
1140 2179 1193 2223 et
1221 2168 1298 2239 (σί)
1332 2171 1384 2224 in
1418 2169 1498 2224 bis
1527 2170 1724 2238 imago,
1768 2179 1822 2223 et
1864 2185 1966 2223 non
2011 2187 2178 2240 usque
2205 2172 2269 2226 ad
2301 2174 2375 2242 ip-

773 2277 888 2315 satn
923 2263 1025 2316 vim
1050 2263 1377 2329 divinitatis;
1407 2267 1482 2318 sic
1509 2279 1608 2319 nec
1641 2279 1808 2332 usque
1838 2265 1905 2319 ad
1950 2265 2313 2337 integritatem
2346 2285 2374 2322 a

771 2354 1000 2419 delicto;
1032 2358 1157 2428 quia
1213 2357 1313 2412 hoc
1354 2358 1452 2412 soli
1499 2357 1610 2412 Deo
1659 2357 1822 2424 cedit,
1854 2357 1904 2411 id
1945 2366 2027 2412 est
2052 2360 2293 2425 veritati;
2321 2369 2377 2415 et

772 2445 876 2502 hoc
905 2448 1075 2503 solum
1111 2449 1324 2519 imagini
1355 2464 1459 2504 non
1486 2447 1797 2504 licet.Sicut
1839 2451 1982 2504 enim
2014 2451 2211 2522 imago,
2248 2467 2372 2507 cum

770 2556 959 2597 omnes
1008 2543 1178 2597 lineas
1227 2544 1494 2613 exprimat
1541 2543 1802 2609 veritatis,
1829 2544 1877 2598 vi
1910 2545 1995 2614 (5)
2037 2555 2213 2599 tamen
2261 2545 2374 2616 ipsa

728 2668 732 2673 -
772 2647 942 2703 caret,
976 2653 1081 2692 non
1125 2637 1329 2692 habens
1369 2647 1571 2692 motum
1605 2653 1621 2702 ;
1654 2640 1722 2692 ita
1768 2647 1822 2692 et
1863 2639 2037 2691 anima
2066 2638 2241 2708 imago
2269 2639 2377 2708 spi-

773 2729 928 2793 ritus,
957 2729 1126 2782 solam
1175 2729 1281 2782 vim
1332 2728 1450 2798 ejus
1501 2730 1806 2799 exprimere
1837 2743 1943 2782 non
1971 2727 2156 2793 valuit,
2189 2728 2238 2783 id
2271 2739 2371 2797 εει,

773 2839 880 2877 non
928 2821 1270 2893 delinquendi
1301 2823 1626 2879 fwlicitatem
1665 2822 1764 2892 (6).
1800 2822 2067 2877 Crctcrum
2100 2838 2206 2878 non
2234 2833 2379 2879 esset

771 2915 973 2979 anima,
1006 2915 1097 2969 sed
1121 2915 1372 2984 Spiritus;
1411 2930 1509 2970 nec
1537 2914 1720 2980 homo,
1749 2915 1838 2986 qui
1878 2915 2111 2969 animam
2155 2917 2376 2970 sortitus

770 3015 870 3070 est,
902 3006 993 3061 sed
1027 3006 1190 3064 Deus.
1221 3005 1292 3061 Et
1341 3007 1475 3060 alias
1513 3016 1716 3071 autem,
1761 3022 1865 3061 non
1917 3021 2077 3061 omne
2107 3007 2246 3076 quod
2280 3007 2373 3062 Dei

770 3098 895 3165 erit,
928 3098 1061 3154 deus
1109 3098 1425 3154 habebitur:
1473 3108 1529 3152 ιιι
1566 3100 1878 3169 expostules
1931 3099 2096 3153 Deum
2123 3109 2178 3155 et
2208 3099 2376 3154 adﬂa-

775 3200 911 3255 tum,
945 3190 995 3244 id
1043 3201 1125 3246 est
1153 3208 1373 3246 vacuum
1407 3206 1436 3245 a
1462 3191 1676 3254 delieto,
1721 3190 1844 3262 quia
1878 3191 1971 3246 Dei
2017 3193 2085 3246 sit
2123 3191 2369 3246 adﬂatus.

2481 1979 2574 2034 sed
2615 1995 2643 2034 a
2684 1996 2791 2050 quo
2837 1996 2939 2035 non
2967 1991 3024 2036 ut
3052 1982 3236 2037 debuit
3263 1984 3634 2040 administrata
3665 1998 3768 2044 est.
3799 1989 3954 2056 ρυηά
3985 1991 4078 2045 de-

2480 2072 2642 2144 nique
2671 2073 2868 2128 malum
2899 2073 3172 2129 adscribes
3197 2077 3432 2130 Creatori
3465 2078 3587 2150 (7)?
3617 2081 3659 2132 si
3692 2080 3946 2135 delictum
3982 2083 4077 2135 ho-

2480 2166 2638 2219 minis
2663 2207 2677 2228 ,
2710 2182 2812 2219 non
2842 2167 2945 2220 erit
2986 2166 3114 2232 Dei,
3167 2166 3306 2237 quod
3347 2177 3432 2224 cst
3481 2169 3749 2225 hominis:
3796 2189 3895 2227 nec
3942 2174 4078 2228 idem

2482 2255 2758 2309 habendus
2778 2266 2860 2310 est
2883 2257 3064 2311 delicti
3092 2269 3278 2313 auctor
3326 2262 3414 2330 qui
3448 2261 3716 2316 invenitur
3739 2265 4075 2332 interdiclor,

2482 2345 2591 2403 imo
2637 2359 2692 2403 et
2738 2349 3146 2405 condemnator.
3188 2353 3241 2407 Si
3295 2370 3441 2408 mors
3489 2357 3718 2421 malum,
3777 2374 3874 2412 nec
3937 2377 4082 2415 mors

2478 2443 2847 2498 comminatori
2901 2459 3034 2510 suo,
3076 2446 3169 2500 sed
3208 2451 3564 2518 contemptori
3602 2451 3756 2505 faciet
3790 2453 4077 2518 invidiam,

2479 2545 2537 2590 ut
2561 2537 2788 2592 auctori.
2817 2536 3226 2595 Contemneudo
3256 2541 3398 2595 enim
3426 2559 3544 2598 eam
3579 2543 3703 2600 fecit
3725 2563 3738 2610 ;
3763 2563 3869 2601 non
3903 2548 4084 2618 utique

2479 2630 2739 2697 futuram,
2769 2633 2812 2689 si
2842 2647 2945 2686 nou
2973 2635 3404 2704 contempsisset.

3110 2725 3336 2783 CAPUT
3391 2727 3454 2782 X.

2552 2817 2678 2882 Sed,
2712 2818 2810 2873 etsi
2843 2816 2930 2890 (8),
2951 2817 3018 2873 ab
3061 2818 3278 2874 homine
3302 2821 3352 2874 in
3375 2821 3648 2876 diabolum
3679 2823 3751 2893 (b)
3783 2827 4080 2896 transcrip-

2479 2911 2618 2966 seris
2656 2912 2780 2965 tnali
2835 2913 3099 2983 elogium,
3130 2913 3264 2966 utin
3299 2913 3378 2982 (9)
3431 2916 3800 2971 instinctorem
3859 2918 4082 2981 delicti;

2479 3004 2555 3058 ιιιὶ
2589 3005 2665 3059 sic
2694 3020 2907 3075 quoque
2932 3008 2982 3059 in
3003 3005 3314 3062 Creatorem
3345 3009 3541 3079 dirigas
3563 3011 3796 3079 culpant,
3822 3020 3879 3064 ut
3899 3023 4082 3064 aucto-

2480 3113 2592 3152 rem
2638 3097 2870 3162 diaboli,
2904 3098 2994 3167 qui
3049 3099 3175 3154 facit
3222 3101 3438 3171 angelos
3491 3104 3894 3174 Spiritnszcrgo
3943 3105 4085 3174 quod

2479 3188 2650 3244 factus
2678 3205 2704 3241 a
2736 3189 2846 3245 Deo
2891 3201 3006 3254 est,
3035 3191 3085 3245 id
3127 3201 3209 3245 est
3254 3192 3512 3261 angelus,
3571 3193 3620 3246 id
3668 3194 3770 3247 erit
3819 3195 3941 3263 ejus
3996 3199 4084 3264 qui

770 3283 881 3338 Nec
909 3292 964 3337 tu
1001 3285 1142 3338 enim
1176 3284 1219 3338 si
1255 3284 1304 3337 in
1351 3284 1530 3338 tibiam
1577 3283 1809 3348 ﬂaveris,
1865 3283 2133 3337 hominem
2186 3283 2370 3338 tibiam
2398 3281 2444 3344 C
2480 3281 2638 3345 fecit;
2668 3283 2808 3352 quod
2851 3294 3031 3338 autem
3076 3285 3249 3338 factus
3277 3301 3305 3338 a
3343 3285 3452 3339 Deo
3496 3301 3600 3339 non
3633 3296 3712 3340 est
3735 3330 3748 3352 ,
3775 3287 3826 3340 id
3859 3299 3946 3340 est
3976 3290 4087 3342 dia-

779 3377 996 3442 feceris,
1049 3392 1370 3448 quamquam
1399 3377 1464 3431 de
1509 3377 1685 3431 anima
1739 3384 1835 3430 tua-
1871 3375 2083 3431 ﬂaveris
2110 3417 2124 3440 ,
2151 3377 2285 3430 sicut
2324 3385 2379 3431 ct

778 3468 919 3524 Deus
946 3469 1012 3524 de.
1042 3469 1230 3537 spiritu
1261 3484 1380 3523 suo.
1411 3468 1669 3540 Denique,
1702 3484 1822 3523 cum
1873 3469 2152 3523 manifeste
2181 3467 2370 3538 Scrip-

782 3573 899 3618 tura
930 3564 1072 3618 dicat
1109 3567 1125 3634 (
1153 3562 1359 3626 Cenes,
1392 3563 1456 3630 ll,
1488 3563 1520 3617 7
1549 3564 1567 3634 )
1631 3563 1789 3619 ﬂasse
1838 3563 2004 3618 Deum
2070 3564 2121 3617 iu
2186 3563 2373 3618 faciem

774 3657 1029 3722 hominis,
1059 3666 1112 3710 et
1143 3655 1338 3711 factum
1363 3655 1632 3711 hominem
1683 3656 1734 3709 in
1775 3655 2007 3709 animam
2039 3656 2235 3719 vivam,
2267 3670 2374 3710 non

776 3747 831 3802 in
860 3745 1105 3817 spiritum
1130 3747 1512 3802 vivilieatorem
1537 3788 1550 3811 ,
1580 3747 1852 3816 separavit
1877 3763 1993 3801 eam
2016 3762 2044 3800 a
2073 3746 2377 3802 conditione

773 3838 1008 3893 factoris.
1042 3837 1188 3909 Opus
1227 3839 1369 3893 enim
1409 3837 1552 3892 aliud
1585 3837 1655 3892 sit
1685 3852 1906 3893 necesse
1933 3846 2018 3892 est
2046 3838 2113 3893 ab
2143 3839 2372 3901 artifice.

782 3931 836 3987 id
873 3942 956 3988 est
1020 3933 1239 3989 inferius
1267 3933 1492 3988 artifice.
1521 3931 1630 3988 Nec
1659 3947 1850 3988 urceus
1879 3933 2022 3987 enim
2051 3931 2221 3987 factus
2249 3949 2279 3987 a
2309 3934 2374 3987 li-

772 4028 919 4098 gulo,
952 4028 1064 4098 ipse
1090 4027 1192 4083 erit
1238 4027 1472 4098 figulus;
1506 4028 1575 4082 ita
1616 4043 1713 4082 nec
1746 4027 1974 4082 adﬂatus
2001 4029 2170 4083 factus
2203 4043 2231 4080 a
2263 4027 2374 4096 spi-

767 4120 893 4184 ritu,
929 4120 1048 4174 ideo
1102 4121 1206 4174 erit
1249 4120 1489 4189 Spiritus.
1539 4119 1716 4189 Ipsum
1756 4119 1895 4188 quod
1940 4120 2138 4185 anima,
2170 4120 2373 4174 vocita-

768 4220 854 4266 tus
893 4221 970 4265 est
1023 4211 1200 4266 ﬂatus.
1232 4209 1366 4266 Vide
1413 4211 1574 4266 etiam
1607 4226 1675 4266 ne
1712 4209 1781 4266 de
1823 4210 2021 4264 adﬂata
2070 4210 2377 4266 conditione

770 4304 1048 4358 transierit
1121 4304 1172 4358 in
1246 4304 1480 4374 aliquam
1554 4303 1960 4360 diminutiorem
2038 4304 2372 4375 qualitatem.

767 4396 945 4466 Ergo,
1003 4396 1213 4466 inquis,
1269 4396 1463 4452 dedisti
1518 4397 1713 4451 anima:
1776 4397 2142 4452 infirmitatem
2210 4410 2372 4467 supra

767 4499 1033 4560 negatam.
1066 4488 1249 4554 Planc,
1292 4504 1416 4544 cum
1463 4489 1605 4545 illam
1653 4489 1824 4560 exigis
1848 4489 1960 4544 Deo
1986 4503 2190 4560 parem,
2215 4488 2265 4544 id
2294 4497 2376 4544 est

767 4582 945 4637 delicti
978 4583 1293 4646 immunem,
1344 4581 1467 4636 dico
1525 4582 1813 4638 infirmam.
1845 4583 1978 4638 Cttm
2022 4599 2150 4639 vero
2179 4580 2246 4637 ad
2276 4599 2372 4638 an-

2480 3372 2635 3426 hulus
2656 3415 2670 3436 ,
2700 3373 2751 3428 id
2783 3382 2866 3428 est
2894 3375 3133 3439 delator,
3168 3383 3414 3444 superest
3459 3387 3511 3429 ut
3558 3376 3670 3445 ipse
3699 3389 3818 3431 sese
3853 3375 4041 3432 fecerit
4070 3420 4085 3443 ,

2479 3463 2772 3519 deferendo
2799 3465 2865 3521 de
2899 3465 3047 3532 Deo;
3086 3475 3141 3522 ει
3168 3467 3382 3537 quidem
3416 3468 3604 3522 falsum
3637 3486 3649 3522 :
3684 3470 3887 3538 primo,
3941 3472 4086 3539 quod

2481 3560 2620 3614 Deus
2648 3559 2767 3616 illos
2796 3576 2862 3616 ex
2895 3561 3040 3615 omni
3061 3561 3202 3632 ligno
3218 3561 3380 3618 edere
3401 3564 3678 3627 vetuisset,
3703 3564 3902 3619 dehinc
3929 3569 4087 3636 quasi

2481 3653 2724 3707 morituri
2786 3670 2891 3707 non
2953 3663 3172 3718 essent,
3237 3655 3280 3707 si
3339 3654 3616 3720 edissent;
3677 3658 3869 3721 tertio,
3929 3661 4086 3728 quasi

2482 3744 2620 3800 Deus
2658 3745 2762 3799 illis
2802 3745 3079 3801 invidisset
3119 3744 3471 3802 divinitatem.
3504 3748 3654 3804 Unde
3682 3749 3841 3818 igitur
3873 3753 4085 3804 malitia

2481 3837 2746 3892 mendacii
2773 3846 2827 3892 et
2853 3837 3074 3893 fallacize
3103 3838 3155 3893 in
3188 3837 3455 3905 homines,
3480 3849 3532 3894 et
3553 3841 3783 3894 infamiie
3808 3840 3858 3894 in
3885 3841 4090 3896 Deum?

2478 3945 2508 3984 a
2541 3931 2649 3985 Deo
2677 3931 2860 4002 utique
2891 3947 3018 3996 non,
3049 3932 3138 4002 qui
3176 3941 3231 3986 cl
3256 3932 3506 4002 angelum
3537 3948 3602 3987 ex
3644 3933 3810 3986 forma
3850 3949 4088 4002 operum

2478 4025 2740 4081 bonorum
2793 4026 3021 4080 instituit
3073 4027 3293 4080 bonum.
3358 4025 3594 4094 Denique
3647 4025 4092 4095 sapientissimus

2479 4119 2714 4173 omnium
2743 4118 2942 4186 editur,
2970 4129 3254 4188 antequam
3295 4117 3569 4180 diabolus;
3609 4118 3709 4172 nisi
3751 4119 3958 4173 malum
4007 4131 4090 4174 est

2478 4210 2758 4278 sapientia.
2836 4209 2905 4264 Et
2971 4210 3016 4264 si
3087 4211 3304 4264 evolvas
3375 4208 3672 4264 Ezechielis
3737 4211 4086 4280 prophetiam

2481 4301 2720 4374 (Baeda,
2752 4300 2989 4367 XXVIII,
3022 4301 3133 4372 ιε),
3160 4303 3314 4358 facile
3343 4302 3739 4357 animadvertes
3777 4312 3888 4356 tam
3923 4303 4085 4358 insti-

2479 4397 2684 4451 tutione
2732 4395 2927 4450 homno
2983 4396 3231 4466 angelum
3280 4396 3449 4461 illum,
3499 4411 3657 4466 quam
3708 4404 3907 4463 sponte
3956 4410 4083 4450 cor—

2477 4499 2713 4559 ruptum.
2749 4487 2802 4542 In
2837 4502 3063 4557 persona
3107 4487 3222 4558 (10)
3249 4503 3388 4542 ειιιιιι
3425 4487 3683 4556 principis
3703 4485 3827 4551 Sor,
3860 4486 3931 4541 ad
3962 4488 4080 4541 diaa

2478 4581 2656 4636 bolum
2695 4580 3103 4648 pronuntiatur:
3148 4576 3216 4631 Et
3247 4582 3412 4649 factus
3445 4589 3517 4634 est
3549 4594 3713 4633 sermo
3753 4577 3970 4632 Domini
4014 4577 4082 4630 ad

764 4675 941 4745 gelqu
990 4685 1328 4746 provocatur,
1377 4676 1651 4732 fortiorem
1701 4676 1985 4732 defendam
2035 4694 2255 4734 necesse
2284 4689 2367 4734 est
2394 4678 2445 4737 D
2472 4692 2572 4740 me,
2612 4675 2816 4730 dicens:
2862 4671 2988 4726 Filii
3020 4673 3260 4740 hominis,
3289 4689 3427 4727 sume
3453 4674 3716 4743 planctum
3741 4689 3900 4744 super
3930 4675 4078 4743 prin-

765 4771 1040 4824 domiuutn
1094 4769 1490 4836 univcrsitatis;
1519 4771 1603 4826 cui
1629 4769 1738 4841 jam
1778 4772 1952 4843 angeli
1985 4771 2362 4828 administrant

766 4863 788 4936 (
821 4859 1004 4927 llrbr.,
1039 4859 1095 4929 l,
1130 4862 1195 4917 H
1227 4863 1286 4931 ):
1328 4862 1416 4934 qui
1466 4863 1626 4918 etiam
1656 4862 1878 4935 angelos
1920 4862 2255 4933 judicaturus
2283 4872 2368 4919 est

2465 4767 2847 4839 cipeinSur;et
2869 4768 3004 4822 dices
3043 4767 3088 4820 ei
3128 4765 3242 4838 (Η)
3281 4785 3294 4821 :
3330 4765 3450 4821 11αέ
3482 4768 3606 4821 dicit
3639 4766 3891 4821 Dominus
3936 4787 3949 4820 :
3999 4765 4078 4819 Tu

2470 4860 2846 4932 resignaculuin
2883 4853 3235 4915 similitudinis
3282 4859 3410 4932 (qui
3455 4859 3667 4917 scilicet
3708 4861 4072 4930 integritatem

1999 4973 2380 5032 LECTIONES
2415 4971 2828 5030 VARIANTES.

830 5111 903 5182 (ι)
930 5113 1172 5182 ξιιιτὶιυιιι
1188 5111 1336 5162 Sentl.
1372 5110 1564 5182 obertli.

854 5171 902 5239 2)
930 5171 1038 5225 Ifel.
1083 5172 1514 5239 adllatusi‘l'amel.
1556 5171 1703 5225 Seml.

854 5185 902 5239 2)
930 5185 1038 5225 uel.
1083 5185 1288 5224 auttatus
1333 5185 1478 5224 l'ame

829 5185 902 5300 (ὃ)
929 5238 1232 5300 t‘ompariare
1261 5235 1478 5288 Ciaccon.

855 5300 902 5352 ii
930 5300 988 5350 L't
1015 5308 1126 5352 Jun.

854 5360 904 5428 53’)
930 5363 1040 5428 )[ita
1063 5360 1235 5428 _conjt'c.
1262 5360 1414 5428 Sensi.

855 5421 905 5487 6)
933 5421 1230 5475 Facultat'em
1255 5421 1428 5487 coniic.
1456 5421 1638 5476 Patnel.

2551 5109 2600 5168 7)
2625 5108 2876 5172 Diseribes
2908 5111 3072 5156 Venet.
3098 5105 3200 5172 big.
3226 5108 3478 5159 describes
3501 5109 3684 5161 Pamel.
3711 5109 3864 5163 Seml.

2551 5173 2602 5230 8)
2629 5168 2749 5231 Non,
2777 5172 2951 5218 inserit.
2973 5169 3124 5231 Seml.
3153 5168 3278 5222 nunc
3298 5180 3410 5221 Jun.

2553 5231 2604 5293 9)
2634 5231 2685 5280 lu
2709 5230 2837 5282 abest
2860 5230 3012 5282 Seml.
3043 5231 3191 5283 I'aml.

2558 5295 2614 5343 l0
2663 5293 2927 5343 Personam
2952 5295 3103 5344 Seml.
3125 5295 3316 5346 oberth.

2558 5297 2634 5420 lli
2658 5357 2714 5406 Ei
2735 5356 2856 5407 add.
2877 5363 2976 5408 Lat.

2526 5356 2629 5420 (ιι)
2658 5357 2714 5406 Ei
2735 5356 2856 5407 add.
2877 5363 2976 5408 ιλιι.

2116 5539 2674 5601 COMMENTARIUS.

846 5667 920 5736 (δ)
965 5665 1115 5734 Capit
1162 5665 1311 5718 etiam
1359 5662 1654 5736 imaginem,
1680 5659 1892 5730 spiritus
1932 5658 2124 5736 dicere,
2156 5666 2261 5736 etc.
2298 5657 2365 5712 Et

771 5729 862 5794 hic
892 5729 1331 5809 vides-quomodo
1358 5729 1521 5809 verbo
1541 5734 1677 5809 capit
1705 5729 2043 5809 utaturslioc
2074 5739 2176 5792 est,
2206 5730 2365 5809 flatus

767 5812 1034 5881 significat
1077 5799 1258 5881 etianr
1281 5805 1562 5875 imaginem
1593 5804 1834 5874 spiritus,
1883 5802 1995 5856 sive
2047 5809 2226 5872 potest
2257 5799 2359 5856 dici

772 5877 942 5955 iniago
968 5882 1196 5951 spiritus.
1228 5877 1399 5932 Βιιειι.

2539 5659 2692 5738 CAP.
2740 5658 2808 5713 Χ.
2839 5690 2908 5700 —
2940 5661 3017 5729 (h)
3063 5660 3467 5738 Transi-rimeris
3497 5667 3617 5719 mali
3658 5666 3909 5738 elogium.
3954 5662 4070 5722 Mali

2468 5733 2824 5810 proprietates
2840 5734 3520 5810 clunesdiabolotribuas:
3549 5755 3608 5790 ea
3633 5752 3713 5810 est
3736 5733 3884 5795 enim
3918 5741 4073 5810 hujus

2471 5806 2614 5856 vocis
2670 5802 2814 5856 uotiu
2869 5803 3218 5861 'I‘crtulliatto.
3276 5805 3391 5860 Lib.
3449 5807 3617 5862 lndv.
3654 5802 4070 5867 Marcionem'ita

2468 5890 2596 5930 usus
2635 5883 2736 5931 εει.
2771 5872 2849 5931 ιιι
2883 5874 2976 5931 Pa.
