4262 6490
182 371 279 428 297

189 488 437 561 imaginis
482 497 537 545 et
576 488 939 545 similitudinis
993 489 1412 561 resignsveris),

182 587 368 653 pientia
423 585 524 656 (l),
580 602 770 639 corona
817 585 1013 638 decoris
1065 583 1211 650 (hoc
1262 593 1320 637 ιιι
1361 583 1790 639 eminentissimo

179 679 516 749 angelorum,
545 689 597 732 ut
621 677 965 747 archangelo,
990 686 1045 730 ut
1071 676 1472 747 sapientissimo
1495 675 1786 746 omnium),

179 772 229 822 in
259 772 458 825 deliciis
496 771 728 840 paradisi
767 769 863 823 Dei
904 770 978 822 tui
1020 779 1168 823 natus
1209 786 1260 823 es
1316 767 1467 839 (illic
1506 769 1647 823 enitn
1699 767 1788 822 ubi

180 862 320 917 Deus
351 864 404 916 in
429 862 664 918 secunda
690 861 998 916 animalium
1026 862 1206 931 ligura:
1232 862 1550 915 formatione
1571 859 1790 930 angelos

178 954 446 1027 iecerat).
482 955 730 1025 Lapidem
771 957 1020 1024 Optimum
1049 955 1254 1010 indutus
1284 973 1372 1020 es;
1414 955 1663 1018 sardium,
1714 964 1790 1008 to-

181 1052 411 1120 pazium,
442 1051 793 1122 smaragdum,
821 1051 1214 1114 carbunculum,
1242 1051 1565 1121 sapphirum,
1587 1049 1786 1120 jaspt'n,

180 1143 494 1212 lyncurium,
511 1143 744 1208 achaten,
766 1144 1125 1213 amethystum,
1145 1143 1496 1213 clirysolitttm,
1515 1142 1786 1212 beryllum,

181 1238 494 1305 onycltinum
544 1236 659 1309 ('2);
703 1248 747 1291 et
788 1253 915 1290 auro
951 1236 1161 1306 replesti
1202 1239 1384 1292 horrea
1425 1248 1533 1299 tua,
1585 1247 1632 1289 et
1677 1237 1788 1289 tlte-

180 1345 362 1382 sauros
393 1340 525 1383 tuos.
565 1327 650 1382 Ea:
689 1346 788 1398 qua
832 1331 915 1382 die
943 1329 1178 1382 conditus
1206 1347 1279 1394 es,
1323 1345 1438 1382 cum
1481 1329 1676 1381 Cherub
1711 1327 1786 1399 (tt)

181 1422 328 1491 posui
360 1431 408 1474 te
442 1422 491 1474 in
537 1432 701 1475 monte
730 1433 904 1477 sancto
946 1420 1080 1488 Dei;
1118 1423 1264 1490 {nisti
1291 1423 1340 1475 in
1370 1421 1534 1475 medio
1560 1421 1790 1490 lapidum

181 1513 483 1582 igneorum;
527 1514 671 1580 fuisti
709 1514 1113 1583 invitnperabilis
1141 1515 1191 1567 in
1234 1514 1409 1568 diebus
1440 1515 1558 1575 tuis,
1605 1530 1667 1568 ea:
1693 1530 1791 1582 qua

179 1606 261 1660 die
295 1608 534 1661 conditus
583 1625 654 1673 es,
706 1608 866 1662 donec
906 1609 1120 1662 inventa:
1156 1619 1274 1664 sunt
1317 1609 1515 1664 ltesura:
1560 1619 1660 1662 tua:
1689 1606 1787 1679 (:t).

179 1698 259 1753 De
304 1702 628 1754 multitudine
670 1702 1029 1773 negotiationis
1061 1714 1162 1756 tua:
1189 1719 1397 1773 promas
1425 1714 1538 1756 tuas
1563 1703 1788 1772 replesti,

178 1802 224 1845 et
257 1793 554 1862 deliquisti:
577 1804 628 1847 et
663 1803 879 1850 cetera.
914 1795 1044 1860 Quae
1067 1795 1130 1849 ad
1159 1795 1560 1865 sugillationem
1591 1795 1789 1865 angeli,

1299 372 1429 428 LIB.
1471 370 1514 428 il
1553 368 1919 428 ADVERSUS
1955 369 2379 432 MARCIONEM.

3386 377 3494 436 298

1469 491 1650 557 plenus
1701 504 1787 541 sa-
1821 489 1868 548 A
1901 488 2250 557 inveniretur,
2274 491 2548 547 sustinens
2569 490 2842 547 hominem
2869 491 3239 563 gini-iesiorem
3269 493 3319 547 in
3344 507 3501 562 para-

1894 581 2092 649 disum,
2123 584 2189 639 ad
2224 585 2494 641 licentiam
2521 586 2874 658 decerpcuda:
2901 587 3114 643 arboris
3145 589 3262 643 vita:
3285 589 3395 657 jam
3423 589 3492 646 de

1893 676 1999 731 vita
2031 692 2420 750 regressurum.

2499 819 2724 876 CAPUT
2763 820 2855 875 Χῐ.

1967 951 2129 1022 Igitur
2156 968 2321 1022 usque
2340 953 2405 1008 ad
2425 953 2676 1010 delictum
2702 956 2958 1024 hominis,
2985 958 3124 1014 Deus
3141 976 3170 1015 a
3194 961 3488 1028 primordio

1898 1051 2100 1098 tantmn
2155 1045 2348 1111 bonus,
2401 1046 2596 1100 exinde
2639 1048 2826 1116 judex,
2876 1060 2930 1104 et
2975 1065 3215 1116 severus,
3263 1065 3314 1108 et
3353 1056 3498 1123 quod

1895 1137 2218 1192 Marcionita:
2248 1141 2450 1203 volunt,
2482 1156 2680 1195 saevus.
2708 1139 2899 1197 Statim
2925 1145 3116 1200 mulier
3143 1148 3193 1201 iu
3225 1148 3502 1204 doloribus

1896 1245 2103 1299 parere,
2138 1241 2189 1285 et
2219 1232 2335 1287 viro
2363 1235 2568 1288 servire
2597 1235 2880 1291 damnatur
2913 1238 3094 1307 (Gem,
3127 1240 3217 1304 lll,
3252 1243 3371 1313 16):
3407 1244 3500 1298 sed

1893 1340 2012 1394 qure
2031 1335 2154 1380 ante
2176 1329 2290 1380 sine
2310 1327 2413 1382 ulla
2437 1328 2844 1386 contristatione
2864 1330 2935 1404 (c)
2961 1348 3056 1402 per
3073 1334 3500 1390 benedictionem

1897 1417 2315 1474 incrementum
2364 1423 2581 1491 generis
2631 1425 2894 1492 audierat,
2947 1425 3168 1481 Crescite
3220 1439 3414 1482 ttmtum
3460 1438 3506 1482 et

1895 1513 2346 1580 multiplicamini:
2373 1517 2466 1570 sed
2499 1533 2620 1587 qua:
2661 1517 2712 1572 in
2745 1521 3060 1589 atljutorium
3102 1523 3362 1588 masculo,
3399 1539 3446 1575 n.-
3471 1539 3505 1576 ιι

1898 1605 1949 1659 in
1982 1607 2259 1660 servitium
2305 1607 2480 1662 fuerat
2521 1609 2806 1665 destinata.
2843 1612 3034 1667 Statim
3077 1622 3132 1668 et
3162 1623 3300 1669 terra
3336 1616 3504 1674 male-

1896 1697 2091 1752 dicitur
2141 1698 2318 1767 (Gem.
2370 1699 2618 1772 “1,18);
2671 1703 2766 1758 sed
2817 1715 2942 1760 ante
2987 1705 3284 1762 benedicta.
3316 1706 3507 1763 Statim

1900 1789 2074 1842 tribuli
2108 1799 2162 1844 et
2196 1791 2396 1859 spina);
2445 1791 2538 1846 sed
2571 1802 2694 1848 ante
2728 1793 2950 1858 l‘uznum,
2985 1805 3040 1850 ct
3085 1795 3286 1860 herbzu,
3319 1812 3373 1853 et
3419 1816 3511 1851 ar-

178 1902 289 1941 non
322 1886 387 1939 ad
425 1887 565 1939 illius
599 1886 854 1956 principis
900 1888 1110 1957 proprie
1145 1888 1417 1956 pertinere
1449 1886 1791 1942 manifestum
1824 1890 1870 1950 Β
1902 1882 2090 1937 borum
2137 1882 2432 1940 fructuosa.
2465 1887 2653 1941 Statim
2701 1887 2868 1941 sudor
2907 1898 2960 1942 et
3000 1889 3150 1948 labor
3198 1893 3380 1959 panis;
3413 1894 3508 1947 sed

178 1989 285 2044 est,
321 1994 388 2034 eo
425 1979 566 2050 quod
615 1994 774 2034 nemo
808 1981 1081 2034 hominum
1117 1981 1167 2034 in
1210 1981 1460 2050 paradiso
1506 1980 1596 2035 Dei
1639 1991 1795 2034 natus

181 2073 285 2135 sit;
338 2087 407 2127 ne
441 2073 554 2140 ipse
596 2072 811 2143 quidem
844 2072 1036 2138 Adam,
1075 2074 1364 2127 translatus
1408 2072 1586 2144 potius
1627 2073 1791 2127 illuc:

181 2179 284 2220 nec
317 2181 439 2220 cum
471 2166 687 2221 Cberub
710 2169 919 2237 positus
953 2168 1002 2221 in
1037 2177 1218 2222 monte
1244 2176 1432 2222 sancto
1466 2167 1580 2233 Dei,
1612 2166 1662 2222 id
1692 2175 1794 2232 est,

181 2259 237 2313 in
287 2258 621 2314 sublimitate
669 2260 898 2326 cmlcsti,
957 2259 1024 2314 de
1081 2275 1184 2328 qua
1235 2258 1487 2314 Satanam
1540 2259 1800 2314 Dominus

183 2369 406 2423 quoque
446 2347 712 2408 decidisse
747 2364 1008 2418 testatur;
1055 2367 1154 2407 nec
1201 2353 1341 2407 inter
1381 2351 1584 2421 lapides
1616 2351 1800 2421 igneos

182 2443 537 2508 demoratus,
611 2444 751 2498 inter
816 2453 1150 2514 gemmantes
1201 2443 1438 2497 siderum
1494 2441 1799 2497 ardentium

183 2536 410 2597 radios,
490 2537 631 2590 unde
704 2535 865 2590 etiam
932 2535 1082 2606 quasi
1149 2535 1328 2606 fulgur
1403 2533 1650 2604 dejecuts
1719 2541 1804 2588 est

186 2631 444 2686 Satanas.
487 2628 594 2686 Sed
629 2630 742 2700 ipse
787 2640 973 2685 auctor
1010 2629 1210 2696 delicti,
1246 2630 1296 2683 in
1346 2642 1576 2698 persona
1617 2641 1804 2698 pecca-

189 2725 328 2779 toris
370 2723 472 2777 viri
505 2723 893 2788 denotabatur;
937 2733 1083 2778 retro
1125 2721 1340 2792 quidem
1375 2718 1805 2790 iuvituperabilis

186 2831 215 2870 a
245 2819 336 2873 die
377 2815 712 2871 conditionis
743 2832 874 2881 sum,
910 2831 938 2870 ε
969 2814 1080 2870 Deo
1112 2816 1162 2868 in
1206 2815 1402 2869 bonum
1444 2813 1715 2878 conditus,
1750 2821 1807 2865 ut

186 2925 216 2963 ιι
259 2912 408 2965 bono
446 2909 728 2963 conditore
777 2908 1266 2976 invitupcrabilium
1314 2906 1706 2968 conditionum,
1755 2913 1807 2957 et

188 3004 450 3060 excultus
477 3003 623 3055 omni
655 3002 822 3070 gloria
863 3003 1124 3070 angelica,
1156 3011 1208 3053 et
1235 3000 1374 3068 apud
1408 3000 1573 3053 Dettm
1605 2997 1807 3052 consti-

189 3105 361 3158 tutus,
395 3111 500 3165 qua
530 3095 702 3148 bonus
733 3095 872 3163 apud
908 3095 1104 3149 bonum
1131 3111 1142 3145 :
1177 3102 1358 3164 postea
1390 3108 1516 3148 vero
1547 3107 1576 3146 a
1607 3101 1808 3147 semet-

191 3190 313 3263 ipso
345 3191 639 3246 translatus
671 3192 720 3245 in
753 3190 972 3245 malum.
999 3189 1081 3244 Ex
1105 3207 1202 3260 quo
1228 3189 1391 3252 enim,
1423 3189 1615 3257 inquit,
1647 3203 1811 3257 appa-

1899 1984 2022 2028 ante
2052 1991 2118 2028 ex
2160 1977 2307 2030 omni
2349 1978 2489 2046 ligno
2518 1979 2686 2033 vietus
2728 1980 3002 2041 immunis.
3035 1993 3089 2035 et
3120 1983 3372 2038 alimenta
3422 2000 3510 2039 se-

1900 2082 2047 2123 cura.
2083 2069 2291 2126 Exinde
2337 2072 2496 2125 homo
2541 2072 2606 2125 ad
2659 2083 2880 2140 terram,
2923 2074 3017 2129 sed
3065 2085 3188 2128 ante
3227 2076 3294 2130 de
3343 2089 3509 2132 terra.

1902 2160 2111 2217 Exinde
2139 2163 2206 2218 ad
2240 2173 2486 2229 mortem,
2519 2165 2611 2218 sed
2643 2177 2767 2221 ante
2794 2166 2858 2220 ad
2891 2166 3072 2221 vi'atn.
3111 2169 3315 2224 lixiude
3343 2170 3422 2241 (tl)
3459 2172 3508 2224 in

1902 2257 2131 2312 scorteis
2165 2259 2424 2322 vestibus,
2469 2258 2562 2314 sed
2595 2273 2721 2314 aute
2765 2263 2880 2316 sine
2923 2265 3174 2332 scrupulo
3207 2265 3401 2320 nudus.
3437 2267 3512 2320 lta

1908 2347 2055 2415 prior
2083 2347 2294 2403 bonitas
2321 2346 2442 2413 Dei,
2471 2349 2768 2402 secundum
2801 2361 3066 2416 naturam;
3099 2357 3358 2409 severitas
3391 2372 3516 2425 pos-

1906 2439 2090 2504 terior,
2109 2439 2400 2494 secuudum
2416 2455 2683 2494 caussam.
2702 2443 2792 2496 Illa
2818 2441 3077 2513 ingenita,
3107 2447 3218 2501 bare
3241 2449 3513 2504 accidens:

1907 2529 1995 2584 illa
2021 2532 2256 2600 prepria,
2283 2531 2395 2586 ltzec
2419 2534 2823 2588 acconnnodata
2852 2552 2864 2588 :
2894 2536 2982 2588 illa
3017 2537 3180 2603 edita,
3216 2539 3327 2594 hsce
3358 2541 3515 2596 adhi-

1908 2623 2039 2680 bita.
2072 2623 2182 2680 Nec
2210 2636 2398 2679 natura
2429 2628 2572 2681 enim
2608 2627 2942 2697 itmperatatn
2974 2629 3158 2684 debuit
3188 2633 3519 2688 continuisse

1911 2718 2224 2782 bonitatem,
2260 2735 2358 2776 nec
2383 2736 2574 2776 caussa
2613 2721 3002 2776 dissimulatam
3033 2725 3269 2780 evasisse
3310 2728 3516 2781 severi-

1911 2818 2096 2866 tatem.
2123 2811 2358 2866 Alteram
2381 2814 2504 2877 sibi,
2528 2812 2754 2868 alteram
2780 2815 2854 2869 rei
2879 2815 3016 2870 Deus
3040 2817 3308 2886 prcstitit.
3339 2819 3518 2888 Incipe

1913 2917 2055 2955 nunc
2085 2905 2245 2956 etiam
2287 2903 2484 2971 judieis
2525 2915 2723 2958 Statum
2758 2914 2814 2959 ut
2848 2905 3064 2961 aftinem
3098 2910 3223 2961 mali
3269 2925 3516 2980 arguere,

1911 2995 1999 3064 qui
2027 2993 2227 3048 idcirco
2253 2995 2414 3049 alium
2442 2995 2608 3050 Deum
2633 2998 2909 3051 Somniasti
2934 3000 3271 3055 solummodo
3295 3003 3511 3068 bonum,

1911 3087 2035 3157 quia
2069 3103 2172 3142 non
2209 3098 2360 3157 potes
2401 3088 2672 3158 judicetn:
2722 3107 3026 3161 quanquam
3057 3105 3110 3147 et
3152 3094 3302 3148 illum
3353 3109 3406 3148 ut
3432 3098 3519 3165 ju-

1913 3179 2084 3233 diccm
2126 3180 2481 3236 ostendimus.
2524 3183 2633 3237 Aut
2672 3184 2716 3237 si
2762 3198 2866 3237 non
2907 3183 3163 3252 judicem,
3215 3196 3360 3242 certe
3405 3203 3524 3256 per-

196 3294 419 3338 ruerunt
451 3285 658 3338 (mura:
685 3294 818 3337 tute:
851 3283 924 3336 illi
953 3297 1045 3337 eas
1077 3290 1353 3351 reputans,
1381 3280 1574 3349 quibus
1604 3279 1812 3334 scilicet
1838 3286 1882 3347 ρ
1916 3288 2133 3328 versum
2159 3285 2222 3327 ac
2254 3290 2469 3337 vanum,
2497 3273 2796 3343 disciplina:
2819 3291 2923 3328 non
2955 3276 3309 3344 vindicaudar,
3340 3277 3388 3331 id
3418 3290 3522 3343 t'Sl,

191 3375 334 3431 kesit
365 3374 640 3430 hominem
671 3374 900 3442 ejectum
931 3389 957 3425 a
979 3373 1073 3427 Dei
1105 3371 1363 3440 obsequio
1395 3369 1473 3442 (4)
1504 3387 1514 3421 :
1549 3379 1602 3424 et
1629 3385 1692 3424 ex
1719 3369 1812 3422 illo

195 3470 454 3539 deliquit,
485 3485 549 3524 ex
580 3484 685 3539 quo
707 3467 957 3522 delictum
987 3463 1307 3527 seminavit;
1340 3471 1502 3532 atque
1524 3462 1592 3515 ita
1617 3459 1813 3516 exinde

195 3560 608 3632 negotiationis,
643 3559 692 3613 id
721 3568 824 3625 est,
851 3557 1069 3612 malitiae
1099 3572 1208 3610 suae
1232 3556 1628 3610 multitudinem
1657 3568 1813 3608 exer-

197 3654 345 3719 cuit;
396 3653 722 3708 delictorum
753 3649 959 3706 scilicet
999 3659 1051 3705 et
1081 3663 1360 3709 sensuum,
1394 3662 1498 3702 nou
1539 3648 1714 3701 minus
1760 3655 1816 3701 et

199 3745 318 3816 ipse
346 3746 501 3800 liberi
547 3743 752 3799 arbitrii
795 3746 1092 3799 institutus.
1127 3753 1183 3795 ιιι
1223 3742 1464 3811 spiritus.
1505 3739 1642 3794 Nihil
1671 3740 1813 3795 enim

201 3839 346 3893 Deus
400 3838 704 3905 proximum
756 3835 857 3891 sibi
904 3851 1007 3890 non
1066 3835 1312 3890 libertate
1361 3833 1626 3902 ejusmodi
1673 3833 1820 3888 ordi-

202 3940 411 3987 nasset.
447 3929 620 3996 Quem
651 3939 824 3982 tamen
863 3938 917 3982 et
946 3925 1363 3996 przedamnando
1395 3934 1618 3979 testatus
1643 3934 1725 3978 est
1749 3923 1819 3977 ab

204 4022 568 4080 InStitutiunis
619 4020 786 4074 forma
835 4020 1053 4076 libidine
1101 4019 1316 4090 propria
1355 4028 1631 4087 concepta:
1679 4017 1820 4070 ultro

205 4117 432 4172 malitia:
483 4114 852 4178 cxorbitasse;
904 4123 958 4168 et
1003 4122 1364 4169 commeatum
1415 4109 1820 4182 operationibus

205 4211 326 4280 ejus
358 4208 730 4272 admetiendo,
759 4209 1022 4262 rationem
1055 4207 1307 4262 bonitatis
1333 4222 1444 4261 suae
1472 4207 1598 4274 egit;
1629 4202 1820 4258 eodem

211 4306 448 4360 consilio
477 4315 532 4359 et
561 4305 724 4357 homo
754 4299 828 4372 (b)
863 4301 1047 4356 eadem
1093 4301 1296 4354 arbitrii
1328 4299 1572 4353 libertate
1598 4297 1824 4352 elideret

210 4397 519 4460 inimicum,
547 4411 648 4464 qtta
693 4393 996 4448 succiderat
1044 4392 1149 4455 illi;
1201 4391 1437 4462 probans
1491 4405 1667 4452 suam,
1717 4403 1822 4442 non

212 4491 308 4546 Dei
339 4495 594 4558 culpam;
639 4498 692 4540 et
721 4487 790 4539 ita
831 4487 1061 4541 salutem
1101 4486 1260 4556 digne
1305 4499 1398 4554 per
1426 4482 1702 4537 victoriam
1734 4496 1822 4535 re—

212 4591 525 4655 cuperaret,
551 4589 605 4634 et
630 4579 876 4634 diabolus
898 4578 1135 4633 amarius
1165 4578 1441 4647 puniretur
1461 4574 1528 4628 ab
1553 4589 1640 4638 eo,
1666 4587 1824 4643 quem

1917 3379 2022 3418 non
2059 3365 2364 3433 judicanda:
2398 3365 2824 3420 constitutorem.
2873 3365 2989 3420 Non
3042 3371 3301 3436 reprobas
3342 3387 3520 3425 autem

1919 3455 2084 3510 Deum
2106 3456 2363 3524 judicem,
2389 3457 2476 3524 qui
2505 3473 2607 3511 non
2628 3457 2863 3526 judicem
2896 3458 3058 3514 Deum
3090 3462 3322 3530 probas?
3352 3463 3522 3532 Ipsam

1915 3549 2034 3603 siue
2072 3549 2234 3604 dubio
2259 3550 2521 3619 justitiam
2568 3566 2820 3606 acettsare
2863 3553 3102 3620 debebis,
3141 3556 3522 3626 (Illtcjlltilt‘Cill

1919 3652 2156 3711 praestat,
2191 3653 2283 3696 aut
2319 3653 2372 3698 et
2411 3658 2528 3698 eam
2565 3646 2616 3698 in
2650 3647 2860 3715 species
2887 3649 3104 3703 malitia:
3147 3651 3426 3720 deputare.
3476 3655 3525 3708 id

1920 3746 2024 3802 est,
2059 3735 2373 3807 injustitiam
2420 3737 2469 3790 iu
2503 3738 2687 3793 titulos
2735 3739 2989 3796 bonitatis
3019 3743 3343 3802 adscribere.
3377 3748 3528 3807 Nunc

1920 3831 2061 3884 enim
2100 3830 2307 3898 jttstitia
2365 3830 2587 3896 malum,
2646 3831 2690 3884 si
2749 3831 3004 3900 injustitia
3059 3833 3276 3889 bonum.
3332 3838 3522 3908 Porro,

1920 3938 2042 3976 cum
2087 3923 2296 3991 cogeris
2343 3921 2658 3989 injustitiam
2709 3921 2777 3976 de
2831 3925 3075 3990 pessimis
3137 3933 3522 3998 pronuntiare,

1922 4016 2111 4071 eodem
2153 4015 2282 4086 jugo
2338 4015 2546 4084 urgeris
2591 4014 2852 4083 justitiam
2905 4019 2972 4074 de
3023 4021 3239 4091 optimis
3279 4040 3522 4081 censere.

1924 4108 2062 4163 Nihil
2111 4109 2252 4162 enim
2285 4109 2538 4161 annulum
2583 4108 2707 4163 mali
2742 4125 2846 4164 non
2880 4110 3098 4178 bonum,
3133 4115 3270 4170 sicut
3305 4128 3359 4171 et
3404 4118 3528 4172 boni

1926 4201 2177 4256 tumulum
2212 4199 2343 4252 nihil
2389 4216 2493 4252 non
2529 4202 2748 4254 malum.
2781 4202 2942 4272 Igitur
2970 4216 3168 4273 quanto
3202 4208 3396 4261 malum
3440 4211 3522 4263 itt-

1922 4295 2149 4366 juStitia,
2176 4304 2322 4346 tanto
2349 4295 2544 4347 bonum
2562 4294 2790 4363 justitia.
2817 4295 2923 4350 Nec
2942 4298 3147 4366 species
3165 4299 3526 4372 solummodo,

1928 4387 2022 4443 scd
2078 4385 2235 4441 tutela
2288 4385 2581 4453 reputauda
2637 4387 2919 4452 bonitatis;
2979 4396 3100 4458 quia
3157 4392 3369 4448 bonitas
3431 4397 3530 4450 nisi

1925 4479 2129 4549 justitia
2154 4487 2389 4546 regatur.
2413 4478 2624 4548 utjusta
2642 4478 2732 4546 sit,
2754 4495 2856 4532 nou
2887 4481 2987 4534 erit
3011 4481 3240 4551 bonitas,
3273 4487 3314 4540 si
3341 4487 3532 4556 injusta

1930 4573 2017 4626 sit.
2048 4569 2186 4624 Nihil
2217 4569 2359 4622 enim
2391 4569 2610 4633 bonum,
2642 4570 2784 4640 quod
2815 4570 3100 4642 injustum;
3135 4574 3332 4632 bonum
3356 4589 3532 4635 autem

216 4676 440 4732 eliserat
479 4681 604 4726 ante
649 4670 924 4736 devictus;
963 4679 1018 4725 et
1065 4669 1205 4724 Deus
1247 4676 1394 4721 tanto
1441 4666 1610 4736 magis
1656 4663 1828 4720 bonus
1857 4679 1907 4739 ι)
1934 4677 2113 4728 omne,
2143 4659 2285 4732 quod
2310 4659 2532 4730 justum.

1467 4803 1851 4863 LECTIONES
1892 4799 2299 4861 VARIANTES.

287 4924 360 4990 (ι)
382 4926 572 4990 Plenus
616 4925 853 4990 sapientia
895 4919 1206 4990 abest‘Sernl.
1238 4920 1576 4990 Διιζςξῖἱικιιιὶς
1615 4931 1708 4990 non
1746 4916 1833 4967 ha-

219 4981 355 5040 bent:
381 4995 442 5039 At
465 4989 592 5038 enim
613 4981 909 5048 in'rersione
934 4987 1065 5035 LXX
1086 4983 1207 5034 nihil
1231 4981 1388 5034 sinule
1412 4981 1645 5048 reperias.
1666 4982 1835 5032 Inser-

219 5060 326 5107 tum
347 5066 411 5101 ex
436 5054 647 5101 Hebrive
670 5049 742 5098 vel
776 5045 984 5109 Vulgata
1005 5055 1139 5110 putat
1161 5056 1272 5097 Jun.
1301 5048 1432 5096 Edd.

314 5117 342 5161 2
393 5114 666 5176 Onyehium
690 5110 853 5162 Paris.
871 5119 1018 5160 Fran.

291 5114 368 5240 23;
395 5176 662 5228 Cherubim
687 5173 838 5226 Seml.
864 5173 943 5223 cui
964 5185 1018 5224 co

395 5167 662 5228 Chérubim
687 5173 838 5226 Seml.
864 5173 943 5223 cui
964 5172 1300 5224 contradicunt
1320 5167 1462 5224 lectio
1484 5168 1619 5222 hebr.
1657 5181 1842 5220 necnon

1937 4915 2272 5026 uersiolqrazca
2293 4913 2424 4964 LXI
2449 4912 2785 4976 interpretum,
2813 4915 2977 4965 etcteri
2996 4915 3204 4980 denique
3224 4919 3457 4976 editores.
3495 4932 3546 4977 ut

1944 4982 2097 5026 Pttme
2121 5013 2133 5025 .
2163 4979 2264 5026 Rm.
2311 4981 2476 5026 Venet.
2515 4987 2700 5026 I-‘rtm.:
2737 4988 2826 5026 nro
2864 4975 3077 5026 Clteruh.
3102 4989 3226 5026 stant
3265 4977 3452 5026 nmnps'
3499 4999 3542 5026 ρι

1943 4975 2133 5050 ζίιιιιεζ.
2163 4979 2264 5050 Rjg.
2296 4981 2476 5050 γεκαὶ.
2515 4975 2700 5036 From;
2737 4988 2826 5039 pro
2864 4975 3077 5028 Cberuh.
3102 4975 3226 5032 stant
3265 4975 3461 5050 omnes
3499 4975 3542 5040 et

1951 5041 2158 5105 Vulgata
2181 5039 2322 5103 [ᾱιιρι.

1947 5101 2330 5217 Rhnglectum
2368 5102 2429 5152 ad
2469 5101 2567 5152 Dei
2603 5101 2898 5166 obsequium
2937 5102 3089 5155 Latin.
3118 5106 3380 5160 electuma
3407 5111 3535 5176 Dei,

1592 5270 2153 5330 COMMENTARIUS.

309 5421 387 5491 (a)
422 5418 596 5474 Donec
635 5419 849 5474 inventa:
892 5427 1006 5473 sunt
1031 5417 1236 5491 lwsurte
1279 5427 1395 5471 tute.
1436 5415 1840 5491 Laesurae‘sunt

226 5486 462 5566 peccata
508 5493 910 5566 qua_:__animani
947 5489 1161 5553 laedunt,
1207 5505 1380 5566 graec
1427 5489 1569 5541 enim
1620 5486 1845 5540 habetur

230 5561 549 5630 ἱὶξικτίματα.
606 5562 724 5619 Lib.
768 5566 828 5615 de
870 5561 1017 5626 Pat.,
1050 5578 1168 5630 cap.
1213 5563 1265 5621 7,
1313 5563 1688 5630 decrescentes
1718 5571 1849 5621 ones

227 5629 399 5689 vocat
425 5636 666 5698 laesuras,
697 5633 1044 5686 demonstrans
1073 5629 1161 5703 per
1189 5632 1516 5701 abjeclionem
1538 5629 1849 5703 dipititgum,

233 5706 458 5762 lcesuras
484 5719 678 5774 quoque
707 5720 878 5757 eorum
909 5698 1277 5772 computandas
1305 5719 1400 5755 non
1427 5718 1550 5755 esse.
1587 5699 1664 5754 LE
1696 5698 1790 5774 Pn.

316 5778 398 5847 (b)
445 5773 638 5850 Eadem
658 5776 875 5850 Δαιἰιὶινὶἱ
925 5776 1151 5829 libertate
1194 5776 1419 5837 elideret,
1463 5781 1556 5825 ctc.
1593 5773 1856 5850 Amissani

233 5843 351 5906 non
381 5843 620 5905 'omnino
653 5845 818 5902 fuisse
859 5849 1155 5903 libertatem
1200 5855 1319 5917 post
1363 5856 1636 5915 peccatum
1667 5843 1858 5899 Adami

492 5941 933 6005 Temenum
976 5944 1051 6005 ll.

1945 5411 2186 5468 defendit
2213 5410 2297 5465 hic
2327 5409 2494 5475 locus,
2524 5419 2709 5466 contra
2742 5410 3044 5467 hmreticos.
3081 5412 3265 5469 LePn.

2021 5505 2175 5560 CAP,
2231 5503 2320 5558 XI.
2363 5534 2432 5542 --
2459 5503 2531 5574 (c)
2578 5503 2676 5558 Per
2716 5505 3106 5559 benedictionem
3150 5509 3201 5562 in
3245 5527 3554 5574 crementum

1954 5579 2167 5646 generis.
2204 5575 2387 5630 Potest
2418 5591 2536 5630 esse
2568 5576 2729 5646 ﬁgura
2758 5592 2967 5646 gra-ca;
3004 5594 3096 5646 per
3128 5579 3554 5645 benedictione...

1955 5649 2248 5701 secundum
2296 5648 2697 5720 incrementum
2728 5649 2942 5718 generis
2995 5650 3273 5720 audierat,
3327 5665 3558 5717 crescite

1957 5727 2164 5773 tantum
2196 5728 2248 5772 et
2280 5718 2724 5786 multiplicamini.
2759 5720 2933 5774 Ruen.

2038 5811 2118 5885 (ιι)
2138 5811 2338 5867 Exinde
2355 5812 2405 5864 in
2428 5814 2633 5867 scorteis
2647 5814 3085 5870 vestichllieeas
3106 5817 3561 5891 iutelbgnt.Rue:v.

2973 5923 3184 6014 (Dida)
