4262 6490
757 352 863 414 299

1354 468 1578 525 CAPUT
1618 467 1731 524 XII.

833 589 911 644 lta
961 581 1035 665 (a)
1088 588 1130 641 si
1177 587 1405 642 societas
1443 597 1488 638 ct
1537 586 1865 654 conspiratio
1902 584 2154 639 lmnitatis
2196 595 2356 653 atque

753 678 974 749 justitia
1016 680 1405 747 separationem
1436 693 1619 733 earnm
1651 693 1753 731 non
1787 686 1959 746 potest
1991 691 2216 745 capere,
2245 691 2355 745 quo

758 785 852 825 ore
877 770 1170 824 constitues
1202 770 1568 824 diversitatem
1602 769 1831 824 duormn
1860 770 2081 822 deorum
2118 770 2169 822 in
2196 782 2353 836 sepa-

758 866 993 929 ratione,
1027 880 1268 921 seorsum
1300 866 1561 936 deputans
1586 864 1746 920 deum
1784 866 2003 927 bootuu,
2033 876 2085 919 ct
2111 880 2351 920 seorsum

754 956 912 1011 deum
953 958 1195 1025 justum?
1236 956 1351 1012 Illic
1394 958 1640 1012 consistit
1667 957 1887 1024 bonum,
1919 958 2006 1012 ttbi
2051 958 2351 1027 etjustutn.

755 1053 792 1103 Α
843 1049 1135 1119 primordio
1180 1051 1412 1121 denique
1459 1060 1671 1104 creator
1712 1060 1816 1104 tam
1849 1050 2041 1113 bonus,
2092 1066 2250 1119 quam
2301 1059 2355 1104 et

746 1141 947 1211 justus,
994 1142 1193 1211 pariter
1236 1150 1290 1195 et
1323 1151 1609 1211 utrumque
1651 1142 1930 1211 processit.
1980 1141 2198 1195 Bonitas
2239 1140 2353 1211 cjns

755 1242 977 1301 operata
1004 1242 1084 1287 est
1115 1232 1393 1293 mundum.
1425 1232 1628 1303 justitia
1659 1232 1927 1286 modulata
1978 1241 2060 1288 est
2093 1232 2186 1304 (b),
2233 1248 2353 1302 qua:

749 1327 910 1380 etiam
954 1337 1063 1381 tmn
1107 1327 1361 1381 mundmn
1402 1327 1663 1398 judicavit
1714 1343 1779 1383 ex
1832 1328 1984 1383 bonis
2026 1328 2348 1397 faciendum,

746 1420 871 1488 quia
918 1434 1037 1473 cum
1087 1419 1340 1474 bonitatis
1370 1421 1595 1475 consilio
1635 1420 1912 1490 judicavit.
1944 1421 2171 1477 Iustitia:
2216 1438 2351 1493 opus

748 1521 850 1579 est,
873 1513 1011 1583 quod
1029 1514 1167 1568 inter
1186 1514 1356 1569 lucem
1377 1523 1427 1568 et
1448 1512 1701 1567 tenebras
1724 1515 1990 1584 separatio
2012 1515 2349 1583 pronuntiata

744 1614 845 1673 cst,
881 1607 1020 1662 inter
1065 1607 1204 1661 diem
1247 1617 1297 1661 et
1331 1616 1561 1671 noctem,
1598 1606 1741 1662 inter
1781 1607 1977 1661 coelum
2025 1616 2078 1661 et
2127 1617 2341 1672 terram,

745 1702 884 1754 inter
921 1715 1113 1771 aquam
1162 1700 1493 1770 superiorem
1534 1708 1589 1754 et
1630 1698 1963 1765 inferiorem,
2010 1700 2149 1754 inter
2188 1702 2350 1754 maris

742 1802 939 1846 coetum
981 1800 1038 1847 et
1067 1790 1236 1846 aridte
1281 1792 1500 1858 molem,
1536 1792 1675 1847 inter
1719 1791 1999 1846 luminaria
2045 1792 2247 1863 majora
2293 1802 2349 1847 et

2194 353 2655 411 TERTULLIANI

2377 470 2431 527 A
2462 482 2554 535 per
2577 471 2926 539 semetipsum
2955 471 3344 539 commendari,
3372 470 3481 542 jam
3508 472 3609 529 sub
3639 472 3955 533 adversario
3982 479 4054 534 la-

3963 365 4055 420 500

2465 564 2677 619 berans.
2709 563 2840 618 Nam
2865 565 2965 620 etsi
2992 565 3417 620 commendabile
3447 583 3539 635 per
3564 571 3910 639 semetipsum
3938 587 4057 635 ,non

2462 666 2637 711 tamen
2676 666 2730 713 et
2759 660 3153 725 conservabile,
3180 660 3303 729 quia
3329 662 3683 731 expugnabile
3705 664 3815 733 jam
3847 680 3943 733 per
3968 666 4055 720 ad-

2459 750 2774 817 versarium,
2832 751 2929 805 nisi
2980 751 3058 805 vis
3108 752 3285 821 aliqua
3339 762 3593 821 praeesset
3648 756 3894 822 timendi,
3946 773 4057 827 qua:

2460 837 2657 895 bonum
2700 840 2862 895 etiam
2913 842 3159 897 nolentes
3188 843 3463 913 appetere,
3506 854 3561 899 et
3600 847 3875 901 custodire
3914 864 4059 903 com-

2459 933 2700 1001 pelleret.
2740 932 3034 996 Cmterum,
3070 944 3145 990 tot
3176 935 3443 991 illecebris
3472 938 3595 991 mali
3635 940 4060 1009 expugnantibns

2459 1026 2677 1090 bonmn,
2738 1028 2861 1098 quis
2928 1027 3056 1082 illud
3112 1038 3407 1098 appeteret,
3461 1030 3603 1099 quod
3657 1032 3875 1101 impune
3930 1050 4060 1087 cott-

2464 1118 2765 1173 temncret?
2795 1117 2928 1185 Quis
2964 1119 3281 1185 custodiret,
3320 1120 3465 1189 quod
3493 1123 3609 1176 sine
3647 1124 3885 1191 periculo
3912 1128 4065 1179 amit-

2459 1211 2631 1265 teret?
2673 1210 2832 1281 Legis
2874 1211 3116 1277 (Mallia,
3152 1214 3261 1278 Vll,
3293 1215 3383 1285 15)
3432 1218 3557 1269 mali
3603 1217 3734 1271 viam
3781 1219 3963 1284 latam,
4012 1231 4063 1276 ct

2455 1304 2623 1358 multo
2641 1304 3057 1375 frequentiorem
3078 1324 3090 1358 :
3112 1323 3289 1361 nonne
3310 1323 3501 1362 omnes
3520 1309 3607 1363 illa
3626 1310 3937 1366 laberentur
3960 1314 4058 1380 (l),

2454 1395 2498 1449 si
2532 1395 2658 1450 nihil
2702 1397 2754 1451 in
2780 1398 2867 1452 illa
2898 1399 3216 1453 timeretur?
3263 1399 3558 1455 Horremus
3585 1403 3851 1458 terribiles
3891 1405 4063 1460 minas

2453 1488 2755 1555 Creatoris,
2781 1502 2834 1545 et
2862 1492 2948 1546 vix
2976 1508 3004 1545 a
3037 1492 3179 1546 malo
3201 1493 3514 1549 avcllitnur:
3549 1497 3693 1564 qttid,
3726 1498 3768 1551 si
3800 1497 3933 1551 nihil
3966 1500 4067 1551 mi-

2455 1584 2715 1638 naretur?
2766 1583 2912 1639 lianc
2956 1585 3217 1654 justitiam
3261 1586 3459 1641 malum
3506 1586 3689 1653 dices,
3738 1606 3860 1659 qua:
3920 1593 4062 1645 man

2454 1690 2560 1731 non
2592 1674 2773 1730 favet?
2828 1676 2975 1731 Hanc
3004 1677 3201 1732 bonum
3234 1678 3475 1748 negabis,
3517 1695 3635 1750 qua!
3663 1682 3804 1735 bono
3833 1683 3913 1751 (2)
3937 1698 4066 1753 pro-

2455 1770 2647 1841 Spicit?
2690 1770 2805 1825 Non
2835 1773 2915 1842 (5)
2950 1772 3161 1841 qualem
3190 1783 3403 1842 oportet
3432 1774 3498 1844 (fl
3542 1775 3705 1830 Deum
3736 1777 3908 1831 velles
3948 1777 4062 1848 (4);

743 1886 973 1951 minam,
1013 1885 1203 1939 diurna
1246 1894 1407 1955 “qm
1448 1896 1734 1950 nocturna,
1765 1884 1904 1939 inter
1934 1900 2134 1940 marem
2162 1895 2213 1939 οι
2243 1885 2341 1941 [ω-
2380 1864 2424 1923 Β
2452 1864 2661 1935 qualem
2692 1865 2879 1919 malles
2907 1865 3225 1935 expediret?
3250 1866 3349 1921 sub
3378 1884 3483 1936 quo
3509 1867 3701 1922 delicta
3730 1871 4066 1940 gauderent?

742 1978 961 2042 minam;
994 1978 1131 2032 inter
1155 1977 1403 2032 arborem
1431 1977 1719 2047 agnitionis
1742 1979 1931 2032 mortis
1956 1986 2010 2033 ct
2032 1978 2172 2043 vitm,
2204 1979 2344 2034 inter

737 2073 923 2128 orbem
954 2082 1009 2128 et
1048 2073 1374 2143 paradisum,
1410 2073 1548 2127 inter
1589 2073 1847 2143 uquigena
1880 2082 1933 2127 ct
1963 2073 2227 2143 terrigena
2268 2071 2340 2145 (c)

736 2165 1007 2220 animalia.
1039 2165 1228 2220 Omnia
1273 2175 1329 2219 ut
1359 2165 1569 2219 bonitas
1608 2166 1870 2235 concepit,
1905 2166 1974 2219 ita
1999 2164 2203 2235 justitia
2231 2165 2341 2221 dis-

739 2258 914 2311 tinxit.
948 2258 1141 2311 'I‘otum
1176 2257 1280 2313 hoc
1320 2256 1560 2326 judiCato
1588 2257 1906 2326 dISleSIlUIn
1939 2266 1995 2312 et
2034 2260 2337 2313 ordinatum

735 2359 836 2404 est.
892 2348 1081 2403 Omnis
1134 2350 1287 2410 situs.
1344 2347 1557 2404 habitus
1612 2349 2040 2416 elementorum,
2094 2349 2337 2417 effectus,

737 2451 933 2506 motus,
993 2450 1185 2507 status,
1240 2449 1413 2506 ortus,
1462 2456 1686 2495 occasus
1736 2441 2091 2513 singulorum,
2143 2442 2337 2511 judicia

732 2543 856 2591 sunt
872 2532 1170 2599 Creatoris;
1201 2550 1266 2589 ne
1290 2544 1441 2603 putes
1463 2549 1583 2587 eum
1604 2533 1796 2589 exinde
1813 2533 2050 2604 judicem
2068 2533 2339 2591 definien-

731 2626 857 2681 dum
876 2670 889 2691 ,
915 2640 1020 2694 quo
1044 2626 1239 2680 malum
1265 2626 1457 2695 coapit,
1484 2637 1644 2696 atque
1673 2626 1741 2680 ita
1769 2626 2028 2695 justitiam
2057 2627 2122 2682 de
2146 2643 2334 2683 caussa

733 2720 855 2774 tnali
902 2720 1153 2775 olI'usces.
1193 2718 1287 2773 llis
1329 2719 1471 2772 enim
1504 2719 1676 2773 modis
1704 2719 2034 2773 ostendimus
2064 2737 2185 2773 eum
2214 2736 2334 2776 cum

730 2813 963 2866 auctriee
993 2811 1231 2865 omnium
1265 2810 1502 2864 bonitate
1536 2810 1799 2879 prodisse,
1824 2818 1881 2864 ut
1911 2819 1965 2865 et
1996 2811 2164 2881 ipsam
2193 2811 2337 2880 inge-

731 2904 895 2957 uitam
921 2903 1029 2958 Deo
1046 2914 1098 2957 et
1117 2901 1437 2967 naturalem,
1455 2916 1552 2956 uec
1578 2901 1928 2956 obventitiam
1952 2902 2331 2972 deputandant,

727 3013 848 3068 quac
897 2998 947 3051 itt
983 2994 1208 3052 Domino
1253 2996 1466 3051 inventa
1497 2998 1565 3049 sit
1605 2996 1913 3050 arbitratrix
1942 3010 2165 3066 operum
2194 2995 2329 3067 ejus.

1328 3105 1561 3162 CAPUT
1607 3106 1746 3162 Xlll.

798 3202 1035 3267 Atenim,
1068 3210 1126 3254 ut
1156 3198 1354 3253 malum
1397 3209 1584 3268 postea
1614 3200 1811 3268 erupit,
1848 3210 2006 3269 atque
2053 3199 2176 3256 inde
2214 3201 2324 3271 jam

725 3297 888 3365 cmpit
934 3295 1144 3349 bonitas
1183 3292 1277 3347 Dei
1304 3307 1423 3347 cum
1455 3292 1764 3347 adversario
1792 3308 1969 3363 agere,
2002 3294 2143 3349 aliud
2188 3311 2322 3365 quo-

724 3403 828 3458 que
859 3385 941 3459 (Δ)
984 3385 1253 3457 negotium
1289 3383 1476 3439 eadem
1527 3384 1614 3437 illa
1659 3384 1864 3454 justitia
1898 3384 1988 3438 Dei
2036 3398 2189 3440 nacta
2241 3398 2325 3443 est

717 3482 827 3552 jam
856 3480 1149 3536 secundum
1188 3478 1559 3533 adversionem
1603 3476 1899 3549 dirigenda:
1940 3479 2223 3546 bonitatis,
2266 3491 2323 3536 ut

720 3575 953 3645 seposita
996 3572 1242 3628 libertate
1282 3570 1397 3642 ejus
1427 3570 1521 3645 (e),
1552 3586 1655 3642 qua
1697 3580 1753 3627 et
1793 3572 1930 3628 ultro
1970 3573 2109 3628 Deus
2151 3576 2321 3630 bonus

722 3684 820 3739 pro
848 3667 1056 3723 meritis
1084 3667 1346 3737 cujusque
1375 3676 1649 3736 pensetur,
1683 3666 1857 3737 dignis
1884 3667 2159 3737 olferatur,
2194 3672 2322 3727 indi-

720 3761 839 3831 gnis
864 3761 1181 3831 deuegetur,
1215 3760 1437 3829 ingratis
1477 3758 1784 3827 auferatur;
1818 3762 2041 3832 proinde
2071 3766 2321 3821 omnibus

718 3856 928 3912 :cmulis
969 3853 1289 3910 vindicetur.
1322 3853 1396 3907 lta
1440 3869 1600 3910 onme
1632 3854 1734 3910 hoc
1764 3854 1986 3926 justitia:
2018 3872 2152 3929 opus
2190 3875 2317 3930 pro-

716 3946 923 4003 curatio
960 3946 1216 4003 bonitatis
1252 3956 1354 4010 est,
1389 3946 1528 4015 quod
1568 3946 1859 4017 judicando
1888 3949 2128 4019 damnat,
2174 3952 2315 4024 quod

717 4040 1022 4096 damnando
1052 4041 1225 4111 punit,
1254 4040 1419 4110 quod,
1448 4051 1504 4095 ttt
1523 4040 1720 4107 dicitis,
1746 4043 1928 4111 saevit;
1958 4045 2136 4117 utique
2154 4048 2313 4115 bono,

717 4150 824 4190 non
866 4134 1006 4189 malo
1038 4133 1265 4204 proﬁcit.
1302 4133 1540 4202 Denique
1581 4134 1741 4189 timor
1764 4134 1947 4205 judicii
1994 4138 2059 4192 ad
2093 4138 2317 4210 bonum,

713 4226 911 4283 nonad
938 4226 1135 4281 malum
1175 4222 1402 4281 confert.
1446 4224 1565 4282 Non
1597 4226 1741 4282 enim
1785 4228 2085 4286 sufﬁciebat
2112 4233 2320 4292 bonum

2449 1958 2532 2011 cui
2561 1956 2804 2011 diabolus
2834 1956 3120 2012 illuderet?
3157 1956 3301 2011 illum
3328 1958 3524 2013 bonum
3547 1959 3817 2028 judicares
3856 1963 4058 2029 Deum,

2446 2050 2536 2119 qui
2566 2050 2835 2104 hominem
2866 2060 3046 2119 posset
3094 2051 3262 2120 magis
3303 2050 3501 2105 malmn
3548 2052 3724 2108 facere
3772 2060 4064 2112 securitate

2444 2142 2649 2197 delicti?
2675 2142 2804 2210 Quis
2827 2142 2950 2197 boni
2973 2152 3183 2209 auctor,
3214 2144 3315 2198 nisi
3340 2145 3429 2214 qui
3456 2154 3511 2199 et
3528 2148 3775 2201 exactor?
3800 2147 4057 2215 Proinde,

2443 2238 2562 2308 quis
2585 2237 2707 2291 mali
2736 2246 3047 2301 extraneus,
3077 2236 3177 2289 nisi
3214 2237 3301 2306 qui
3331 2248 3386 2290 et
3414 2238 3853 2306 inimicus?Qnis
3884 2241 4062 2295 initoi-

2443 2346 2559 2395 cus,
2591 2330 2693 2385 nisi
2720 2330 2807 2400 qui
2835 2339 2888 2383 et
2916 2330 3274 2399 expugnator?
3296 2328 3428 2396 Quis
3452 2341 3804 2401 expugnator,
3833 2334 3935 2390 nisi
3966 2336 4059 2404 qui

2443 2430 2497 2475 et
2518 2422 2773 2491 punitor?
2813 2419 2902 2476 Sic
2928 2429 3073 2475 totus
3106 2420 3247 2475 Deus
3273 2420 3447 2475 bonus
3472 2430 3577 2486 est,
3610 2422 3737 2476 dum
3772 2440 3869 2493 pro
3914 2426 4060 2479 bono

2442 2514 2619 2566 omnia
2651 2521 2752 2567 est.
2784 2511 2874 2567 Sic
2913 2511 3148 2581 denique
3175 2512 3538 2581 omnipotens.
3586 2516 3709 2582 quia
3752 2526 3804 2569 et
3831 2514 4058 2585 juvandi

2441 2613 2495 2659 et
2540 2603 2765 2658 laedendi
2795 2615 3004 2673 potens.
3035 2602 3207 2657 Minus
3234 2613 3336 2667 est,
3371 2604 3740 2658 tantummodo
3771 2608 4053 2673 prodesse,

2439 2700 2561 2767 quia
2591 2714 2695 2752 non
2727 2696 2871 2753 aliud
2912 2697 3040 2767 quid
3081 2699 3439 2768 possitquam
3467 2699 3740 2767 prodesse.
3786 2700 3860 2754 De
3908 2703 4056 2771 ejus-

2440 2790 2583 2845 modi
2620 2806 2722 2859 qna
2750 2789 2943 2844 fiducia
2967 2791 3166 2845 bonum
3189 2806 3420 2859 sperem,
3446 2792 3489 2845 si
3513 2791 3614 2847 hoc
3635 2794 3806 2847 solum
3836 2797 4053 2863 potest?

2438 2884 2710 2953 quomodo
2736 2883 3056 2937 innocentia:
3086 2884 3390 2938 mercedem
3418 2895 3612 2951 secter,
3648 2888 3691 2940 si
3730 2902 3835 2941 non
3860 2900 3915 2942 ct
3958 2904 4054 2944 no—

2437 2978 2631 3032 centia:
2656 2988 2893 3048 spectem
2919 2976 3034 3049 (5)?
3058 2976 3303 3033 Difﬁdant
3328 2995 3548 3036 necesse
3569 2992 3670 3045 est,
3697 2999 3762 3037 ne
3787 3000 3887 3039 nec
3909 2985 4051 3042 alte-

2438 3088 2552 3126 ram
2571 3082 2778 3143 partem
2803 3082 3179 3128 remuneretur
3196 3072 3295 3144 (6),
3315 3076 3403 3144 qui
3429 3090 3710 3147 utramque
3735 3094 3839 3133 non
3858 3080 4046 3136 valuit.

2439 3165 2620 3237 Usque
2646 3165 2781 3221 adeo
2804 3164 3011 3235 justitia
3040 3167 3202 3222 etiam
3230 3168 3510 3238 plenitudo
3535 3180 3617 3225 est
3643 3171 3944 3228 divinitatis
3972 3175 4052 3236 in.

2353 3256 2398 3319 C
2432 3259 2542 3311 sius
2559 3256 2819 3312 exhibens
2837 3258 3003 3313 Deum
3019 3258 3333 3327 perfectum,
3350 3271 3399 3315 et
3420 3270 3647 3331 patrem,
3668 3275 3718 3318 et
3741 3264 4046 3323 dominum:

2432 3362 2655 3421 patrem,
2704 3352 3024 3415 clementia;
3077 3351 3384 3419 dominum,
3437 3354 3750 3426 disciplina;
3805 3370 4044 3427 patrem,

2430 3454 2691 3515 potestate
2739 3445 2965 3510 blanda;
3013 3444 3314 3509 dominum,
3364 3463 3585 3505 severa:
3640 3458 3865 3520 patrem,
3918 3453 4046 3507 dili-

2426 3540 2658 3610 gendum
2702 3539 2819 3608 pie;
2853 3537 3150 3604 dominmn,
3193 3539 3488 3595 timendum
3532 3545 3877 3599 necessarie:
3915 3546 4045 3601 dili-

2426 3633 2686 3702 gendum,
2719 3632 2841 3701 quia
2871 3631 3023 3685 malit
3052 3631 3495 3698 miscricordiam,
3529 3651 3685 3703 quam
3712 3640 4043 3695 sacriﬁcium

2425 3724 2543 3798 (Ps.
2579 3723 2665 3787 Vl,
2694 3724 2757 3787 6;
2785 3722 3002 3788 Ezeclt.,
3034 3720 3273 3789 XXXIII,
3306 3723 3430 3795 U);
3477 3737 3529 3780 et
3563 3727 3882 3795 timendum,
3913 3734 4042 3800 quia

2425 3817 2559 3871 nolit
2597 3823 2907 3887 peccatum:
2953 3814 3305 3884 diligendum,
3339 3817 3457 3887 quia
3488 3818 3639 3873 malit
3667 3822 4040 3888 paenitentiam

2423 3911 2743 3982 peccatoris,
2772 3924 2929 3982 quam
2975 3920 3239 3975 mortem;
3284 3920 3338 3965 et
3385 3912 3697 3978 timendum,
3731 3915 3854 3986 quia
3903 3918 4043 3972 nolit

2425 4014 2732 4077 peccatores
2752 4005 2833 4058 sui
2852 4004 2961 4073 jam
2987 4018 3091 4058 non
3118 4003 3463 4073 ptenitentcs.
3488 4004 3615 4062 Ideo
3636 4007 3719 4063 Ictt
3744 4018 4040 4081 utrumque

2422 4099 2629 4163 deﬁnit,
2662 4096 2854 4167 Diliges
2891 4094 3079 4159 Deum,
3127 4106 3182 4151 ct
3216 4095 3431 4151 Timebis
3460 4096 3649 4156 Deum.
3678 4101 3839 4157 Aliud
3868 4104 4037 4160 obse-

2425 4191 2594 4248 cutori
2623 4189 2921 4261 proposuit,
2953 4186 3098 4244 aliud
3122 4187 3473 4244 exorbitatori
3503 4190 3601 4262 (g).

1910 4321 2207 4383 LECTION
2212 4329 2295 4388 ES
2335 4325 2747 4390 VARIANTES.

800 4430 845 4482 tl
872 4430 1057 4481 Omnes
1079 4429 1402 4479 illaberentur
1418 4428 1603 4480 Pamel.
1630 4430 1779 4482 Seml.

796 4491 845 4562 2)
870 4494 976 4562 Eon
999 4492 1336 4562 iniseritrtheu.
1364 4491 1468 4541 Sed
1490 4500 1599 4562 tunc
1623 4493 1933 4548 omittendum
1956 4500 2180 4562 negabis.

798 4554 848 4608 5i
876 4557 981 4606 Non
1003 4554 1133 4607 abest
1155 4554 1309 4607 Rhea.
1337 4565 1487 4605 Fran.
1513 4557 1613 4606 ιλιι.
1637 4564 1752 4606 Jun.

795 4618 845 4682 ι)
871 4618 964 4670 Vel
985 4632 1076 4682 pro
1098 4618 1257 4669 velles
1278 4618 1381 4668 Lat.
1407 4626 1520 4668 Jun.

826 4430 848 4684 ἒ

773 4433 793 4685 l

2481 4436 2553 4508 (ὅ)
2582 4438 2812 4509 Speciem
2832 4436 2984 4491 Seml.
3007 4438 3175 4492 Rhein:
3211 4436 3345 4492 nullo
3366 4453 3510 4494 sensu
3533 4448 3675 4505 atque
3696 4443 3839 4496 etiam
3859 4454 4033 4499 contra

2334 4499 2387 4559 D
2412 4499 2734 4565 επέηὶρέάτίαο

2475 4562 2564 4633 (6)'
2575 4562 2881 4616 Remuneret
2897 4562 3004 4616 alii.

2079 4712 2642 4772 COMMENTARIUS.

780 4794 935 4851 CAP.
951 4791 1238 4868 XII.——(a)
1272 4790 1355 4868 Ita
1384 4794 1428 4847 si
1447 4795 1659 4849 societas
1679 4806 1723 4849 et
1736 4799 2043 4868 conspiratio
2060 4800 2298 4860 bonitatis

709 4878 859 4939 atque
880 4867 1092 4942 ἡυδῑριίιε⁸
1106 4867 1475 4942 separationetn
1492 4883 1665 4942 eorum
1688 4885 1787 4922 non
1810 4867 1970 4942 potest
1991 4889 2188 4942 capere.
2209 4875 2299 4933 Sic

708 4937 782 4995 ct'
800 4938 1189 5016 emendandum
1216 4938 1418 4991 censuit
1449 4937 1687 4993 Latinius
1712 4937 1855 5016 quod
1884 4937 2295 5016 vulgo'legitur,

706 5013 1233 5085 separatianeearum
1260 5023 1357 5060 non
1388 5018 1549 5085 potest
1578 5026 1767 5065 carere.
1800 5010 1858 5065 Iu
1890 5010 2177 5085 exe'mpla'ri
2215 5010 2301 5074 Pi;

706 5084 928 5154 thmano
952 5081 1175 5154 legitur:
1206 5081 1575 5154 separationem
1599 5097 1772 5154 eorum
1800 5100 1900 5138 non
1931 5081 2091 5154 potest
2111 5105 2301 5146 carere.

705 5154 865 5210 Liber
886 5152 1085 5216 Ursini,
1111 5152 1353 5221 Septimii
1375 5152 1569 5223 stylutn
1608 5153 1843 5211 exhibet.
1876 5152 1994 5223 Ita,
2024 5159 2068 5212 si
2093 5163 2305 5218 societas

705 5237 751 5279 et
778 5224 1086 5295 conspiratio
1114 5223 1349 5275 bonitatis
1378 5234 1528 5292 atque
1544 5224 1762 5296 justitia:
1789 5229 2108 5296 separatione
2131 5248 2306 5290 eorum

702 5314 803 5350 non
830 5306 987 5363 potest
1014 5310 1235 5353 currere.
1264 5310 1360 5363 quo
1386 5310 1493 5359 ore,
1522 5304 1627 5351 etc.
1666 5295 1778 5352 th.

776 5367 856 5437 (b)
882 5366 1093 5437 Iustitia
1120 5365 1381 5418 modulata
1406 5376 1497 5420 est.
1530 5365 1835 5437 Legeudmn
1871 5372 2146 5429 crederem
2188 5393 2302 5431 nta-

702 5436 991 5513 deratam.
1020 5436 1088 5491 Et
1114 5438 1355 5513 quamvis
1386 5438 1544 5492 nullis
1568 5436 1837 5513 cedicibus
1868 5441 2056 5513 fretus,
2090 5448 2141 5502 in
2172 5463 2302 5503 con-

696 5509 932 5579 jicienda
959 5518 1163 5562 tantum
1196 5507 1539 5562 affirmarent.
1573 5509 1650 5564 LE
1684 5511 1776 5564 Ρη.

774 5579 1016 5653 (ελΙηιεν
1035 5580 1284 5650 aquigena
1310 5589 1356 5653 et
1380 5582 1649 5653 terriqena.
1674 5582 1975 5639 Delectatur
1996 5586 2061 5641 iis
2079 5589 2297 5645 vocibus

699 5650 1155 5732 quaaCrtecorum
1194 5666 1288 5732 ttstl
1317 5650 1643 5732 tltil‘lVﬂﬂltll‘,
1672 5657 1820 5721 quasi
1846 5656 2049 5713 diceret
2078 5663 2295 5732 ὑδρπγινῖ,

697 5721 751 5777 όι
772 5739 938 5795 γηγενῆ
956 5731 1222 5795 γτῶνᾼςώων.
1244 5721 1448 5795 Ἰβελνιι.

767 5786 921 5849 (ΣᾸΡ.
955 5792 1091 5848 Xlzl.
1119 5824 1186 5832 —
1209 5786 1289 5861 (ὁ)
1323 5792 1591 5861 Negotium
1629 5806 1776 5848 nacta
1798 5808 1866 5849 est
1890 5801 2001 5865 jam
2019 5804 2295 5858 secundum

695 5867 802 5923 adv.
822 5869 1038 5921 t'sionem
1056 5865 1334 5938 dirigenda
1357 5866 1611 5921 boaitatis.
1638 5868 1745 5923 lloc
1766 5878 1867 5937 est,
1893 5871 2185 5945 dirigenda:
2205 5878 2298 5932 ιω.

2402 4806 2769 4934 natatis'prqxut
2800 4817 3032 4865 mentem
3057 4809 3281 4880 quisque
3312 4825 3463 4866 suam
3492 4812 3557 4867 ad
3588 4812 3685 4870 Dei
3720 4814 4024 4875 bonitatem

2402 4894 2432 4934 a
2477 4896 2566 4934 ver
2596 4889 2655 4932 tt.
2732 4893 2804 4934 lc.

2402 4889 2655 4935 advertit.
2682 4889 2804 4936 HIG.

2475 4954 2553 5028 (e)_
2578 4944 2647 5005 Ut
2672 4951 2891 5028 seposita
2915 4951 3150 5028 libertate
3163 4954 3299 5028 ejus.
3331 4953 3421 5010 Sic
3446 4955 3647 5011 habent
3665 4958 4019 5028 exetuplaria,

2415 5037 2512 5076 uec
2545 5024 2864 5079 inconcinne
2890 5025 3247 5093 explicabitur
3287 5024 3340 5079 in
3371 5028 3513 5082 hunc
3541 5044 3757 5083 sensum
3782 5047 3794 5081 :
3824 5024 3904 5085 Ut
3929 5024 4021 5089 se;

2410 5094 2584 5220 Bosita
2607 5093 2807 5147 divina:
2830 5095 3085 5149 bonitatis
3115 5096 3454 5164 liberalitate,
3484 5115 3587 5169 qua
3618 5110 3672 5154 et
3703 5101 3845 5156 ultro
3877 5103 4021 5159 Deus

2448 5179 2583 5219 onus
2604 5174 2705 5220 est.
2727 5165 2830 5220 iam
2852 5165 3030 5220 divina
3057 5168 3144 5220 illa
3176 5169 3384 5220 bonitas
3410 5186 3505 5220 oro
3525 5172 3732 5220 meritis
3754 5174 4018 5220 cuinsmm

2448 5179 2583 5219 onus
2604 5165 2830 5246 est,_jam
2852 5165 3030 5220 divina
3057 5168 3144 5222 illa
3176 5169 3384 5225 bonitas
3410 5165 3732 5240 pro—meritis
3754 5174 4019 5246 cujusque

2412 5246 2683 5304 pensatur.
2717 5235 2836 5292 Βία.

2485 5307 2548 5390 (Γ)
2582 5305 2703 5390 Nora
2743 5308 2941 5390 qualem
2987 5321 3189 5390 oportet
3222 5311 3389 5366 Deum
3422 5314 4019 5390 .ttelles.‘In_Pitha:ano

2408 5377 2622 5458 legitur,
2657 5377 2871 5458 qualem
2909 5377 3106 5451 oportet
3146 5383 3311 5438 Deum
3352 5385 3547 5440 velles?
3579 5387 3765 5453 Quales
3808 5391 4015 5458 malles,

2402 5450 2699 5518 expediret?
2727 5450 2844 5507 th.

2477 5521 2554 5598 lg)
2590 5521 2744 5575 Aliud
2774 5523 3117 5598 exorbitatori.
3148 5524 3467 5598 Morigerum
3508 5537 3561 5583 et
3599 5530 3855 5585 rebellem
3898 5534 4013 5590 sive

2404 5591 2802 5668 (ICIIIIQIIQIHCIII
2831 5593 2916 5668 his
2945 5596 3186 5663 vocibus,
3219 5591 3520 5663 obscCtttori,
3560 5610 3613 5653 et
3652 5602 4009 5668 excibilatori,

2403 5674 2570 5718 nutat.
2605 5663 2878 5719 Vocalmlo
2906 5669 3192 5722 exorbitare
3222 5672 3383 5725 utitur
3408 5672 3459 5725 in
3486 5670 3708 5727 Exltort.
3742 5675 3811 5725 ad
3830 5689 3963 5729 cast.
3996 5663 4011 5732 ξ

2400 5735 2489 5812 ιιᾼαὶ
2526 5737 2588 5812 tle
2627 5740 2946 5812 monpgamia
2972 5741 3238 5806 exorbitat,
3286 5753 3341 5797 et
3370 5741 3517 5812 Apol.
3567 5748 3640 5799 ti:
3684 5745 3745 5799 Si
3785 5764 3817 5799 a
3868 5749 4013 5802 nullo

2402 5807 2759 5886 {temper-unt?
2777 5807 2819 5862 si
2842 5813 2892 5863 in
2914 5812 3054 5886 nullo
3072 5807 3502 5867 exorbitaverunt?
3523 5816 3776 5872 Sidonius
3798 5834 3889 5886 ep.
3920 5822 4010 5879 tt.

2401 5878 2497 5935 lib.
2534 5878 2674 5937 VIII:
2722 5879 2902 5937 Vereor
2940 5882 3233 5955 lmjusmorli
3282 5904 3313 5941 a
3357 5887 3622 5943 catholica:
3649 5889 3772 5958 ﬁdei
3816 5878 4011 5964 regulis
