4262 6490
178 410 274 467 ’501

776 523 999 581 CAPUT
1043 523 1182 580 XlV.

250 620 327 673 Ad
362 619 545 673 omnia
572 618 660 674 libi
693 621 921 674 occurrit
950 618 1120 675 Deus:
1154 618 1292 673 idem
1326 619 1646 689 percutiens,
1677 619 1769 676 sed

179 721 227 766 el
258 727 487 773 sanans;
534 715 880 774 mortilieans.
914 712 1004 767 sed
1049 721 1102 767 et
1130 712 1431 779 viviﬁcans;
1466 714 1765 779 humilians,

178 807 267 861 sed
290 818 342 861 et
370 808 687 871 sublitnans;
716 807 951 862 condens
974 808 1131 871 mala,
1164 808 1256 863 sed
1284 816 1339 862 et
1365 823 1547 878 pacem
1572 807 1771 865 faciens

178 899 429 966 (Beatam,
454 900 690 963 XXXIII,
712 901 832 969 59):
855 910 909 954 ut
929 904 1155 956 etiamet
1179 901 1299 959 hinc
1316 902 1397 971 (1)
1421 901 1769 971 respondeant

176 997 467 1053 Ilarcticis.
514 998 652 1053 Ecce
692 998 855 1063 enim,
890 997 1151 1068 inquiunt,
1183 996 1295 1067 ipse
1334 1012 1395 1052 se
1436 996 1768 1052 conditorem

176 1090 456 1159 prolilctnr
486 1092 767 1156 malorum,
801 1090 1014 1145 dicens:
1050 1090 1160 1161 Ego
1186 1106 1297 1145 sum
1325 1090 1413 1159 qui
1442 1090 1603 1145 condo
1634 1092 1770 1145 mala

177 1180 300 1251 (Is,
328 1182 489 1251 XLV,
512 1184 589 1254 7).
617 1183 860 1253 Amplexi
884 1183 1026 1238 enim
1051 1183 1289 1238 vocabuli
1313 1185 1766 1249 connnunionem,

172 1277 303 1329 duas
350 1278 607 1331 malorum
667 1278 876 1346 species
929 1278 980 1330 ill
1034 1276 1377 1346 ambiguitate
1430 1275 1764 1341 turbantem;

170 1369 291 1439 quia
323 1370 460 1426 mala
496 1370 762 1433 dicuntur,
796 1381 850 1425 et
877 1369 1092 1434 delicta,
1136 1377 1187 1421 et
1218 1368 1514 1437 supplicia;
1570 1371 1765 1439 passim

170 1462 354 1516 volunt
385 1478 506 1515 eum
532 1462 866 1516 conditorem
916 1462 1135 1537 intelligi
1177 1462 1460 1525 malorum,
1513 1472 1570 1516 et
1612 1464 1767 1518 mali-

171 1556 254 1607 tia:
304 1553 383 1625 (Ξ)
425 1565 611 1608 aut-lor
645 1556 998 1608 remmtietur.
1048 1554 1155 1608 Nos
1185 1564 1363 1609 autem
1404 1555 1636 1610 adhibita
1686 1558 1769 1613 di-

167 1654 457 1709 stinctione
487 1655 759 1725 utriusque
790 1654 995 1717 format,
1016 1654 1279 1723 separatis
1309 1654 1460 1707 malis
1487 1654 1666 1708 delicti
1688 1654 1765 1726 (5)

166 1755 217 1799 ct
248 1747 405 1800 malis
434 1748 696 1817 supplicii,
731 1748 882 1800 malis
913 1747 1084 1816 culpa:
1110 1760 1157 1802 cl
1202 1747 1355 1802 malis
1386 1764 1575 1816 pusum,
1610 1766 1764 1803 suum

164 1840 356 1907 cuique
388 1840 520 1907 parti
554 1840 837 1893 delinimus
871 1839 949 1909 (μί)
983 1847 1254 1893 auctorem
1288 1856 1301 1904 ;
1338 1840 1597 1893 malorum
1650 1843 1769 1911 qui-

1274 412 1402 467 LIB.
1448 412 1490 467 II
1530 410 1892 469 ADVERSUS
1930 411 2350 469 MARCIONEM.

1801 531 1851 589 Α
1882 527 2020 597 ptius
2047 529 2174 583 olim
2199 529 2304 584 Deo
2333 543 2458 585 rens
2487 528 2662 585 fuerat
2688 530 2903 602 gentilis
2923 531 3253 599 idololatrite,
3291 535 3397 590 ibin
3420 547 3475 590 et

1821 641 1827 645 ί
1874 620 2201 675 crocodilum
2231 623 2389 678 citius
2454 622 2638 678 colens
2698 622 2795 694 (a),
2848 640 3004 694 quam
3055 625 3223 681 Deum
3272 629 3466 682 vivum.

3368 417 3474 474 302

1873 712 2085 783 Impetit
2111 713 2225 787 (I0)
2250 727 2303 771 et
2330 716 2502 786 ipsum
2528 715 2802 785 populum,
2826 716 2922 773 sed
2945 718 3229 789 ingratum.
3252 720 3475 774 Immisit

1874 814 1927 863 et
1959 808 2138 877 pueris
2165 822 2341 876 ursos,
2370 808 2465 863 sed
2499 809 2916 866 irreverentibus
2936 810 2988 866 in
3018 811 3362 884 Prolihetam.

2482 899 2710 957 CAPUT
2750 900 2866 956 XV.

1945 990 2216 1048 Justitiam
2248 1008 2377 1065 ergo
2405 994 2578 1063 primo
2614 994 2810 1064 judicis
2833 994 3038 1067 dispice
3066 998 3117 1067 (I
3136 998 3222 1069 I):
3250 999 3402 1069 cujus
3424 1002 3469 1055 si

1874 1086 2010 1142 ratio
2032 1087 2354 1151 constiterit,
2390 1096 2515 1143 tunc
2543 1098 2599 1143 et
2626 1090 2921 1154 severitas;
2961 1102 3013 1146 et
3042 1106 3138 1163 per
3168 1108 3287 1164 qua:
3317 1109 3472 1149 seve-

1873 1181 2003 1235 ritas
2029 1180 2288 1249 decurrit,
2318 1183 2509 1237 rationi
2531 1191 2581 1237 et
2609 1183 2834 1252 justitiae
2860 1185 3270 1255 reputabuntur.
3310 1189 3386 1243 Ac
3408 1205 3475 1244 ne

1872 1274 2117 1344 pluribus
2162 1274 2532 1342 immorcmur,
2586 1277 2812 1332 asserite
2841 1291 3063 1333 caussas
3092 1288 3314 1335 cmteras
3340 1296 3474 1351 quo-

1872 1381 1998 1437 que,
2032 1376 2089 1421 ut
2152 1368 2443 1423 sententias
2491 1368 2905 1425 condemnetis:
2956 1382 3210 1427 excusate
3260 1373 3473 1440 delicta,

1872 1460 2150 1530 utjndieia
2196 1462 2520 1532 reprobetis.
2553 1462 2728 1519 Nolite
2772 1463 3173 1533 reprehendere
3215 1464 3474 1534 judicem,

1870 1553 1963 1609 sed
1995 1555 2250 1610 revincitc
2282 1555 2479 1609 malum
2501 1555 2758 1625 judicem.
2788 1555 2919 1611 Nam
2951 1566 3004 1612 et
3031 1558 3074 1611 si
3109 1557 3223 1628 (12)
3265 1567 3474 1627 patrum

1870 1648 2066 1703 delicta
2094 1665 2157 1703 ex
2196 1648 2315 1721 (I3)
2344 1649 2465 1704 ﬁliis
2490 1650 2756 1720 exigebat,
2786 1650 2978 1706 duritia
3011 1655 3186 1722 populi
3219 1653 3339 1707 talia
3388 1669 3445 1707 re

1870 1742 2051 1799 media
2073 1741 2431 1811 compulerat,
2474 1752 2532 1796 ιιι
2582 1742 2664 1797 vel
2700 1744 3102 1813 posteritatibus
3130 1745 3242 1798 suis
3270 1745 3479 1813 prospi-

1870 1838 2076 1894 cientes
2128 1839 2228 1910 legi
2275 1837 2471 1892 divina:
2496 1837 2796 1893 obedirenl.
2828 1838 2958 1906 Quis
2989 1840 3129 1891 enim
3174 1854 3278 1892 non
3314 1841 3479 1909 magis

161 1931 281 1985 dem
313 1934 514 2001 peccati
543 1943 597 1989 et
620 1932 812 2000 culpae,
843 1932 1149 1998 diabolum,
1185 1933 1445 1987 malorum
1476 1950 1601 1987 vero
1624 1951 1749 2005 sup-
1783 1927 1831 1987 B
1863 1930 2090 1986 filiorum
2117 1934 2365 1997 salutem,
2399 1947 2559 2003 quam
2604 1947 2756 1986 suam
2796 1931 2987 1986 curet?
3026 1931 3131 1986 Sed
3182 1932 3283 1986 etsi
3315 1931 3480 1985 bene-

162 2026 301 2093 plittii
350 2035 404 2078 et
447 2040 638 2094 poena,
674 2024 838 2079 Deum
867 2036 1201 2089 creatorem;
1250 2036 1301 2079 III
1332 2026 1418 2080 illa
1455 2042 1575 2095 pars
1616 2027 1769 2080 mali-

164 2119 247 2173 lie
319 2119 627 2186 deputetur,
693 2120 791 2171 ista
853 2119 1102 2187 justitite.
1163 2119 1299 2172 mala
1354 2119 1632 2174 condcutis
1683 2117 1766 2190 (5)

157 2210 341 2279 jmlitrii
387 2211 462 2281 (G)
519 2211 776 2265 adversus
830 2212 964 2265 mala
1014 2212 1191 2265 delicti
1240 2212 1337 2281 (7).
1386 2212 1457 2267 De
1505 2213 1584 2265 his
1638 2228 1767 2282 ergo

162 2314 372 2359 creator
408 2304 689 2372 proﬁtetur
734 2304 906 2369 malis,
942 2321 1061 2375 qua:
1089 2316 1394 2373 congruunt
1420 2305 1607 2373 judici.
1638 2305 1767 2373 Qua:

160 2397 374 2462 quidem
404 2397 507 2451 illis
538 2398 673 2450 mala
723 2407 866 2463 sunt,
916 2399 1110 2467 quibus
1157 2398 1565 2468 rependuntur,
1608 2409 1767 2454 cete-

160 2504 273 2541 rum
312 2505 411 2541 sun
440 2491 655 2543 nomine
682 2490 818 2543 bona
839 2534 852 2555 ,
883 2508 983 2560 qua
1018 2492 1182 2560 jnsta,
1213 2500 1267 2546 ct
1294 2491 1552 2546 bonorum
1577 2490 1764 2547 defell-

158 2586 319 2640 soria.
354 2591 410 2635 et
444 2581 761 2635 delictorum
810 2582 1061 2647 inimica,
1105 2593 1265 2653 atque
1311 2584 1361 2637 in
1404 2582 1505 2638 hoc
1555 2584 1764 2651 Ordine,

160 2675 266 2730 μευ
293 2674 478 2745 digna.
514 2677 613 2729 Aut
649 2676 811 2746 proba
843 2692 903 2731 ea
956 2677 1171 2746 injusla,
1207 2686 1264 2731 ut
1317 2678 1512 2746 probes
1554 2678 1768 2732 malitia:

157 2768 489 2837 deputanda,
540 2768 588 2821 id
621 2778 727 2835 est,
757 2769 1027 2838 injuslilia:
1067 2771 1202 2823 mala
1240 2787 1251 2823 :
1286 2770 1405 2839 quia
1460 2770 1504 2824 si
1550 2770 1770 2840 juslilize

158 2870 333 2925 ertlnt,
366 2864 476 2930 jam
512 2862 647 2915 mala
677 2880 780 2915 non
810 2873 960 2915 erunt
990 2905 1004 2929 ,
1034 2862 1125 2916 sed
1158 2863 1324 2926 bona;
1356 2863 1507 2917 malis
1536 2870 1771 2917 tantum-

160 2956 320 3008 modo
356 2955 539 3021 mala,
575 2956 765 3023 quibus
819 2957 977 3009 etiam
1031 2955 1236 3010 directo
1285 2956 1423 3010 bona
1476 2973 1572 3024 pro
1618 2955 1771 3009 malis

160 3051 513 3103 damnantur.
548 3050 829 3103 Constilue
858 3049 1018 3117 igitur
1050 3049 1242 3117 injuste
1271 3049 1543 3103 hominem
1576 3048 1771 3102 divinat

162 3143 296 3215 legis
348 3146 709 3199 voluntarium
757 3154 1184 3214 contemptorem
1241 3143 1290 3197 id
1339 3143 1615 3206 retulisse,
1663 3160 1771 3213 quo

162 3240 335 3293 noluit
357 3240 437 3305 (8)
473 3241 710 3294 caruisse
736 3257 749 3305 ;
777 3240 971 3308 injuste
1001 3238 1255 3293 malitiam
1284 3239 1380 3291 ει·γί
1413 3238 1554 3292 illius
1585 3238 1766 3292 imbri-

1871 2026 2036 2080 dictio
2092 2035 2302 2096 patrum
2345 2025 2537 2081 semini
2587 2039 2800 2095 quoque
2852 2038 3037 2078 eorum
3088 2023 3476 2089 destinabatur,

1871 2118 1989 2171 sine
2005 2117 2118 2171 ullo
2140 2116 2314 2171 adhuc
2342 2116 2535 2171 merito
2560 2116 2706 2185 ejus;
2727 2131 2823 2169 cur
2849 2130 2955 2168 non
2983 2124 3036 2169 et
3060 2126 3237 2169 reatus
3263 2124 3469 2185 patrum

1871 2210 1923 2266 in
1959 2212 2094 2266 ﬁlios
2131 2226 2345 2282 quoque
2390 2207 2753 2264 redundaret?
2788 2206 2933 2263 Sicut
2977 2207 3170 2278 gratia,
3206 2208 3275 2261 ita
3306 2222 3359 2262 et
3398 2210 3477 2263 ol-

1871 2304 2059 2370 fensa;
2104 2313 2160 2358 ut
2189 2318 2283 2373 per
2311 2311 2480 2357 totum
2509 2316 2677 2372 genus
2723 2309 2777 2355 et
2819 2300 2986 2370 gratia
3037 2298 3371 2367 decurreret,
3427 2312 3481 2355 et

1872 2396 2097 2451 oII'ensa.
2118 2396 2279 2451 Salvo
2296 2410 2361 2450 eo
2378 2394 2518 2465 quod
2544 2404 2729 2463 postea
2758 2392 2977 2447 decerni
3009 2392 3203 2447 habeat
3229 2409 3239 2442 :
3271 2407 3375 2445 non
3401 2393 3479 2447 di-

1871 2499 2055 2545 cturos
2096 2489 2302 2544 acidam
2345 2502 2499 2539 uvam
2532 2494 2711 2555 patres
2740 2483 3112 2549 manducasse,
3155 2492 3210 2539 et
3249 2483 3479 2539 Iiliornm

1872 2583 2062 2639 dentes
2090 2580 2434 2650 obstupuisse
2481 2576 2718 2647 (Jerem.,
2748 2575 2940 2637 XXXI,
2970 2575 3100 2646 29);
3145 2575 3195 2630 id
3228 2585 3338 2641 est,
3374 2591 3477 2632 non

1874 2686 2210 2746 sumpturum
2244 2681 2448 2743 patrem
2480 2669 2731 2725 delictum
2762 2668 2875 2729 ﬁlii,
2905 2684 3002 2722 nec
3029 2669 3193 2722 lilium
3222 2669 3477 2725 delictum

1876 2772 2069 2841 patris;
2096 2768 2188 2823 sed
2217 2779 2655 2836 unumquemque
2695 2763 2873 2817 delicti
2916 2764 2997 2815 sui
3033 2777 3182 2815 reum
3215 2762 3474 2825 futurum,

1875 2873 1931 2916 ut
1960 2871 2079 2933 post
2119 2858 2367 2913 duritiam
2397 2856 2599 2928 populi,
2650 2855 2848 2909 duritia
2882 2853 3013 2923 legis
3035 2853 3291 2916 edomita,
3320 2854 3482 2923 justi-

1877 2957 1943 3010 tia
1993 2956 2101 3025 jam
2133 2970 2235 3008 non
2268 2968 2456 3023 genus,
2518 2948 2611 3005 sed
2660 2964 2917 3021 personas
2959 2948 3245 3019 judicaret.
3302 2948 3483 3016 Quan-

1875 3066 2033 3120 quam
2063 3049 2104 3102 si
2130 3046 2466 3112 evangelium
2498 3043 2738 3097 veritatis
2763 3041 3019 3108 accipias,
3044 3041 3109 3095 ad
3139 3056 3271 3111 quos
3311 3044 3479 3110 perti-

1877 3153 2000 3197 neat
2040 3139 2301 3196 scntentia
2335 3138 2609 3193 reddentis
2658 3136 2710 3189 in
2743 3134 2881 3189 lilios
2917 3144 3130 3205 patrum
3162 3130 3356 3190 delicta
3388 3152 3482 3191 co-

1875 3249 2132 3305 gnosces;
2165 3232 2229 3285 ad
2278 3229 2400 3285 illos
2432 3230 2638 3284 scilicet
2681 3227 2769 3298 qui
2800 3227 2937 3282 hanc
2965 3228 3106 3282 ultro
3135 3228 3233 3283 sibi
3261 3236 3481 3283 senten-

160 3332 278 3397 bus,
308 3332 509 3386 dehinc
534 3341 588 3385 et
612 3331 821 3402 ignibus
843 3348 1072 3397 cursant;
1119 3332 1312 3401 injuste
1340 3330 1632 3402 rEgyptum
1663 3333 1755 3386 to.»
1786 3321 1833 3386 C
1870 3329 1993 3383 liam
2037 3326 2250 3380 fuerant
2291 3321 2614 3393 irrogaturi:
2656 3319 2883 3391 Sanguis
2927 3320 3066 3374 illius
3113 3337 3267 3391 super
3311 3321 3483 3388 capita

159 3427 465 3490 dissimam,
508 3424 936 3493 superstitiosam
970 3468 986 3491 ,
1028 3424 1258 3495 amplius
1312 3423 1539 3495 hospitis
1596 3425 1777 3495 populi

160 3518 629 3581 eonﬂictatricem,
664 3516 977 3587 decelnplici
1033 3518 1381 3585 castigatione
1441 3532 1774 3586 percussam.

162 3609 386 3663 lndurat
434 3625 528 3662 cor
552 3605 883 3669 Plini-annis;
912 3607 1005 3662 sed
1042 3606 1122 3675 (9)
1157 3617 1429 3662 meruerat
1460 3608 1512 3661 in
1545 3608 1773 3663 exitium

162 3701 588 3765 subministrari,
620 3703 706 3771 qui
734 3704 843 3770 jam
876 3709 1167 3772 negaverat
1200 3700 1365 3755 Deum
1393 3717 1407 3767 ;
1434 3702 1521 3770 qtti
1544 3700 1655 3772 jam
1688 3700 1771 3756 Ie-

162 3808 316 3865 galos
357 3795 477 3865 ejus
509 3794 667 3850 toties
715 3794 981 3865 superbus
1021 3804 1368 3861 excusserat;
1409 3796 1496 3865 qui
1533 3796 1645 3866 jam
1677 3812 1772 3866 po-

162 3892 290 3960 palo
312 3890 553 3945 laborem
582 3888 757 3961 operis
794 3888 1100 3960 adjeccral:
1132 3897 1425 3959 postremo,
1452 3905 1554 3959 qua
1597 3888 1768 3962 Egy-

1884 3431 2057 3476 uostra
2112 3429 2158 3473 et
2206 3417 2429 3486 ﬁliorum
2459 3425 2745 3469 nostrorum
2797 3411 3035 3483 (Matt/1.,
3093 3411 3307 3479 XXVII,
3361 3411 3477 3483 25).

1882 3516 1995 3571 Iloc
2024 3512 2138 3585 (ιι)
2172 3513 2351 3581 itaque
2378 3509 2554 3563 omnis
2582 3506 2918 3578 providentia
2959 3506 3053 3564 Dei
3082 3508 3313 3577 censuit,
3337 3508 3480 3579 quod

1872 3608 1983 3681 janl
2014 3605 2275 3661 audierat.

2446 3691 2672 3751 CAPUT
2728 3693 2868 3749 XVI.

1946 3795 2092 3852 Bana
2141 3790 2301 3863 igitur
2326 3797 2383 3844 et
2425 3787 2705 3852 severitas,
2755 3786 2879 3857 quia
2918 3785 3085 3855 justa,
3115 3786 3158 3841 si
3190 3785 3362 3843 bonus
3388 3786 3479 3857 ju-

1872 3894 1998 3961 dcx,
2028 3889 2076 3945 id
2100 3897 2181 3945 est
2205 3889 2401 3959 justus.
2432 3884 2561 3942 Item
2606 3893 2800 3942 caetera
2849 3883 3010 3950 bona,
3044 3899 3140 3956 per
3168 3900 3290 3955 qua:
3338 3899 3476 3956 Opus

1392 4025 1778 4088 LECTIONES
1816 4023 2231 4087 VABIANTES.

226 4148 301 4269 (l)
329 4147 420 4223 Iiic
442 4142 621 4229 t’alnel.
649 4143 799 4233 Serui.

252 4214 300 4269 ἐ)
330 4211 517 4269 Injnste
542 4207 657 4259 add.
685 4220 797 4260 Nat

252 4207 300 4274 ἐ)
330 4211 517 4274 Injnste
542 4207 657 4259 add.
685 4220 831 4274 Hau.

236 4268 303 4335 ⁷5)
328 4268 591 4325 DeliClis...
617 4273 867 4334 suppliciis
887 4268 1037 4321 Seml.

229 4271 302 4396 it)
332 4336 654 4386 Defendimus
678 4330 826 4385 Sclul.
852 4340 1019 4384 contra

252 4330 302 4386 .tl
332 4336 654 4386 Defendimus
678 4330 826 4385 sunt.
852 4340 1019 4384 contra
1040 4342 1218 4384 omnes.

1961 4197 2020 4319 9))
2042 4197 2281 4275 ElSeml._
2457 4197 2475 4203 '
2576 4258 2587 4270 .
2666 4263 2676 4273 .
2833 4263 2842 4273 τ

1966 4271 1981 4320 ι
2023 4269 2040 4330 )
2069 4265 2309 4329 Impetldli.
2337 4266 2506 4330 Venet.
2532 4269 2636 4330 mg.
2662 4261 2870 4327 impedit
2890 4260 3043 4315 Rhea.
3069 4262 3218 4315 Seml.

1960 4144 1990 4189 8
2029 4135 2373 4216 \(olnitParis.
2400 4133 2503 4203 Rig.
2526 4144 2678 4189 Fran.
2703 4133 2892 4187 Pamel.
2922 4137 3090 4188 Venet.

1961 4144 2309 4319 iilhllmspgiiiit
2337 4266 2506 4315 Venet.
2532 4258 2636 4319 Rig.
2662 4261 2870 4319 impedit
2890 4260 3043 4315 Rhea.
3069 4265 3090 4315 ε

1966 4269 2020 4320 I0
2069 4269 2309 4329 Impendit
2337 4269 2455 4313 Veni

1963 4269 2040 4393 11)
2068 4330 2280 4393 Despice
2309 4326 2455 4393 Itheu.

253 4387 305 4451 ὅ)
332 4400 571 4451 Condenli
599 4396 761 4448 Paris.
1935 4387 2038 4451 (l2)
2065 4391 2115 4442 Si
2137 4387 2467 4451 ohritt._Seml.

253 4400 305 4462 ὅ)
332 4400 571 4451 Condenli
599 4400 761 4448 Paris.
1967 4400 2018 4445 l2
2065 4400 2115 4442 Si
2137 4400 2287 4443 omlu.
2314 4423 2317 4439 .

253 4466 304 4525 ιι)
331 4462 520 4531 Judieia
544 4460 695 4510 Semt.
730 4463 889 4509 Venet
917 4453 1109 4509 Pamel.
1151 4457 1255 4525 ltig.
1295 4454 1383 4509 sed
1424 4453 1659 4508 rationem
1689 4468 1763 4509 δε-
1934 4400 2041 4582 Ξιὸξ
2066 4454 2142 4504 De
2167 4448 2317 4505 Seml.

253 4539 359 4575 mur
381 4530 682 4582 magistram.
709 4521 840 4574 Edd.
1790 4561 1842 4582 ﬁ
1962 4519 2022 4571 14
2066 4518 2170 4573 Bac
2190 4514 2317 4568 Rhea

161 4514 359 4589 quiniur
381 4523 682 4597 mtlgistrqrn.
709 4521 840 4574 Edd.
1207 4514 1233 4525 ⁷
1934 4514 2041 4585 (14)
2066 4518 2170 4573 Bac
2190 4514 2338 4568 Rhea.

227 4588 304 4653 (7)
329 4586 524 4638 Delicta
540 4583 643 4637 alii.
1790 4561 1845 4624 D

227 4592 304 4653 (7)
329 4592 524 4638 Delicta
540 4592 643 4637 am.
1792 4592 1845 4624 υ

1535 4664 2094 4724 COMMENTARIUS.

162 4792 592 4849 exorbitaturum.
636 4787 765 4842 Item
811 4786 982 4841 Julius
1024 4783 1287 4839 Firmieus
1316 4784 1379 4838 de
1422 4798 1590 4837 errore
1631 4782 1769 4853 prof.

162 4867 349 4934 κῦφι
403 4860 515 4914 Nec
545 4859 922 4934 a_salutaribus
958 4856 1305 4934 _tuis_legibus
1348 4856 1593 4911 exorbitat
1636 4872 1772 4909 nunc

161 4929 347 4993 consiti
377 4944 543 4986 uoster
580 4931 923 4985 Posthumius.
958 4929 1034 4983 ιε
1076 4929 1171 4983 Pt't.

240 5009 326 5063 CA
338 5007 399 5061 P.
417 5003 632 5059 XIV.——
646 5002 722 5074 (a)
740 5002 761 5054 1
770 5004 851 5055 bin
865 5012 909 5054 et
922 5001 1230 5056 crocodilum
1245 4999 1389 5055 citius
1402 4998 1591 5074 colens.
1608 4997 1770 5074 Aﬁgy-

164 5083 312 5151 plios
349 5070 717 5151 superstitioni
748 5076 1016 5151 olitnpra
1046 5076 1257 5151 (galeris
1280 5071 1527 5151 gentibus
1558 5070 1767 5151 deditos

164 5142 430 5211 constat,’
463 5148 697 5216 illudque
765 5142 989 5199 traditur
1041 5145 1281 5215 Apolog.,
1335 5144 1435 5208 94;
1480 5158 1599 5216 nam
1629 5142 1762 5216 adeo

166 5229 321 5280 luere
352 5213 729 5297 superstilipsi,
772 5226 827 5270 ut
854 5218 1015 5271 variis
1047 5213 1096 5271 iu
1128 5213 1257 5272 locis
1286 5216 1467 5297 varios
1492 5214 1593 5297 sibi
1627 5213 1764 5297 tiens

164 5288 457 5355 Slatuerint
476 5335 489 5353 .
514 5301 591 5347 τεν
616 5288 735 5344 iam
756 5295 799 5344 ἓν
823 5296 1012 5358 Μέμρι,
1041 5327 1054 5340 .
1074 5329 1085 5341 .
1106 5329 1119 5343 .
1154 5297 1233 5344 τὸν
1263 5294 1425 5358 τράγον
1447 5292 1490 5341 ἐν
1516 5288 1728 5358 Μένδητι
1750 5326 1763 5349 ,

162 5379 250 5423 τὸν
270 5369 507 5437 “mihi
521 5388 565 5415 ιν
584 5370 627 5437 ξ’)
647 5378 704 5437 τῆ
728 5356 949 5437 nupti.ch
968 5370 1106 5437 λίμγῃ
1134 5356 1414 5437 (Lamtinus
1432 5359 1495 5409 de
1515 5357 1689 5437 astrol.
1716 5356 1760 5437 ),

162 5429 308 5508 Apin
365 5437 540 5491 Colunt
588 5435 636 5485 in
660 5429 816 5508 (urbe
855 5429 1101 5508 Memphi,
1190 5470 1203 5485 .
1236 5429 1497 5508 1dli-reum
1525 5430 1593 5508 in
1645 5430 1765 5481 urbe

164 5501 434 5572 Mandela,
466 5517 514 5559 et
554 5505 867 5557 rradodiluul
896 5505 947 5556 in
998 5504 1183 5574 palude
1228 5501 1465 5574 Myridis.
1518 5501 1765 5555 Clcnlens

164 5587 331 5638 Alex.
367 5579 551 5650 padag
598 5574 684 5633 IlI.
710 5594 757 5630 (ε.
796 5576 849 5650 2.
888 5572 1005 5650 ψ
1040 5576 1324 5650 collatione
1358 5572 1763 5650 faeta-ornatus

162 5643 453 5709 rnn-lieliris
476 5643 596 5702 eum
626 5649 837 5714 templis
866 5644 1258 5716 IEgypliorunl,
1292 5643 1547 5698 describit
1572 5651 1625 5716 et
1648 5658 1757 5716 am-

165 5726 378 5796 plilit'at
402 5720 721 5796 templorum
738 5713 1081 5796 Strllctlli'am,
1099 5728 1146 5796 et
1169 5713 1688 5796 ornalnentaquihus
1705 5713 1763 5796 il:

164 5785 529 5853 Ῑιιςιιιτιιιιιινς⁷
558 5792 602 5844 si
632 5806 758 5844 vero
791 5791 1089 5853 intraveris,
1115 5790 1302 5859 inquit,
1337 5805 1441 5841 nun
1476 5788 1633 5849 lteus,
1667 5785 1760 5840 sed

163 5874 280 5926 risu
296 5868 519 5934 dignum
544 5863 1220 5928 exhibeturspeetaculum,
1247 5865 1299 5914 οὐ
1314 5870 1406 5930 γὶρ
1426 5865 1561 5920 tit-6‘6
1582 5863 1730 5934 ζητού

162 5967 303 6020 μιοθις
336 5932 461 5995 ἔξιδεν
507 5940 824 6008 εὐριοῂσιτειι,
857 5934 923 6008 ἐρ’
964 5941 1012 5987 in
1056 5938 1363 6001 ἐσπιύσαμεγ,
1392 5933 1605 6002 αιὶςυρλς
1646 5932 1691 5983 ὁὶ
1734 5937 1759 5989 ἦ

1871 4781 2184 4853 κροκόδειλος,
2231 4786 2259 4838 ἢ
2307 4778 2551 4853 αὖῖόχθψ
2584 4783 2704 4853 date.
2754 4785 2783 4837 ἤ
2813 4800 2861 4831 τι
2890 4782 3099 4853 τοιοῧτογ
3128 4779 3310 4847 ου’ριον.
3347 4779 3468 4837 Non

1872 4849 2007 4909 enim
2034 4853 2102 4907 ibi
2131 4850 2269 4923 Deus
2298 4851 2381 4923 qui
2414 4849 2703 4916 requiritur,
2752 4858 2986 4923 apparet,
3026 4849 3095 4901 ad
3115 4865 3259 4918 quem
3284 4869 3464 4923 prope-

1872 4927 2131 4985 rabanlus,
2160 4922 2249 4976 sed
2277 4919 2412 4991 felix,
2468 4930 2555 4972 aut
2600 4918 2907 4981 crocodilus,
2961 4931 3045 4972 aut
3073 4936 3275 4989 serpens
3322 4918 3461 4978 indi—

1871 5014 2021 5068 gena,
2054 5005 2142 5068 aut
2166 4992 2273 5068 tale
2290 4992 2552 5063 quidpiam
2575 4992 2787 5044 animal.
2822 4992 2910 5046 Sic
2939 4991 3455 5068 DiodorusSiculus,

1874 5065 1964 5124 III).
1998 5066 2037 5121 Ῑ.
2062 5065 2305 5119 ΒὶὺίὶοεΙι.
2339 5081 2351 5115 Ξ
2384 5072 2426 5117 οἱ
2454 5073 2538 5130 μὲν
2563 5068 2666 5117 ναοὶ
2707 5068 2973 5124 κάλλιστοι,
3008 5101 3022 5116 .
3054 5105 3066 5116 .
3104 5100 3117 5114 .
3160 5067 3284 5118 ἰνδόν
3320 5070 3368 5119 δὲ
3407 5075 3463 5127 ἦν

1865 5153 2008 5207 ζητῇ
2045 5148 2120 5194 τὸν
2150 5143 2269 5199 οεᾶν,
2313 5142 2342 5195 ἢ
2373 5140 2566 5207 πίθηκᾷς
2594 5142 2737 5197 ἔστιν,
2773 5141 2801 5194 ἣ
2830 5140 2940 5198 ἶϐις,
2974 5141 3009 5207 ἣν
3030 5142 3215 5207 τράγοςὲ
3250 5144 3278 5195 ἦ
3306 5141 3465 5194 εἱλου-

1862 5205 1960 5284 im.
1990 5210 2202 5284 Templa
2229 5207 2428 5276 quidem
2459 5206 2815 5284 pulcherrima,
2843 5243 2856 5257 .
2884 5243 2944 5284 ᾖ.
2969 5206 3012 5257 si
3039 5220 3156 5284 vero
3184 5205 3350 5261 Deum
3380 5211 3463 5263 in»

1866 5275 1946 5349 ius
1974 5275 2261 5351 thsiveris
2280 5322 2294 5343 ,
2321 5289 2409 5351 aut
2438 5279 2599 5351 simia
2621 5287 2715 5339 est,
2756 5275 2970 5351 sut‘ibis
3014 5288 3100 5351 aut
3131 5279 3353 5351 turnis,
3373 5292 3463 5334 aut

1869 5346 2002 5426 fialis.
2035 5352 2197 5426 Idem
2224 5351 2311 5426 lib.
2347 5350 2413 5426 dc
2444 5348 2617 5426 Decet.
2646 5346 3005 5426 traditnl‘ltilo
3042 5346 3277 5426 ludens.
3310 5350 3461 5426 Mitto

1867 5416 2123 5489 ilyrillnm
2175 5424 2327 5477 Alex.
2368 5421 2505 5475 llam.
2548 5419 2611 5473 de
2637 5420 2775 5489 {estis
2822 5416 3055 5481 Pasch;
3106 5419 3461 5488 Pomponium

1924 5490 2080 5557 elatn.
2107 5496 2197 5549 lib.
2224 5494 2278 5558 I;
2307 5490 2616 5547 Iuvenalem
2645 5534 2659 5555 ,
2683 5490 2793 5546 Sat.
2820 5490 2908 5545 15.
2942 5490 3095 5546 Addo
3120 5500 3318 5545 tantum
3349 5493 3458 5548 ibiu

1868 5585 2025 5623 avem
2056 5581 2177 5623 esse
2213 5567 2429 5622 l'it‘0llia:
2461 5563 2729 5627 similem,
2756 5578 2876 5628 quae
2919 5561 3150 5617 locustas
3173 5572 3225 5616 et
3256 5578 3459 5634 angues

1869 5652 2040 5704 vorat,
2061 5637 2199 5691 unde
2216 5634 2558 5706 uluEgyptiis
2582 5634 2949 5706 superstitiose
2976 5633 3189 5697 colitur,
3209 5644 3271 5706 ret
3289 5633 3459 5690 numi-

1869 5713 1951 5765 nis
1983 5712 2099 5763 locn
2129 5718 2233 5765 est.
2276 5704 2431 5762 Tales
2452 5706 2649 5759 bestias
2681 5706 2910 5759 inﬁnitas
2942 5704 2991 5756 iu
3043 5705 3324 5759 annalibus
3369 5722 3458 5763 re-

1868 5783 1971 5838 fert
2016 5781 2400 5836 Constantinus
2450 5777 2719 5830 Manasscs
2740 5819 2753 5840 ,
2786 5786 2839 5830 et
2867 5775 3041 5829 Nilum
3071 5778 3239 5844 ipsum
3287 5777 3453 5834 Deum

1868 5856 1968 5911 sibi
2012 5854 2228 5907 tinxisse
2283 5847 2565 5921 Egyptios
2608 5847 2789 5904 scribit
2838 5846 3305 5974 lIeIiodoniits,plib.
3354 5849 3447 5909 IX.

3119 5934 3149 5973 ε
3219 5935 3272 5974 ιι.

3119 5934 3149 5973 Ε
3179 5934 3272 5975 I'R.
