4262 6490
743 370 847 426 505

2166 368 2627 428 TERTULLIANI

3942 374 4042 434 504

744 489 940 543 bonum
971 485 1139 542 currit
1186 486 1340 540 bona:
1367 485 1691 549 severitatis.
1723 486 1836 542 sive
1865 487 1960 548 ira,
1996 486 2108 541 sive
2133 487 2350 540 a-mnla-
2379 490 2427 547 Α
2456 503 2576 541 cunt
2624 488 2822 556 pariter
2858 501 3117 558 agnoscas
3164 487 3436 544 hominem
3484 504 3512 542 a
3547 489 3655 545 Deo
3705 489 3946 544 inflatum
3991 491 4037 547 in

739 582 835 646 tio,
865 581 976 635 sive
1007 580 1228 634 smvitia.
1266 580 1449 634 Debita
1469 579 1609 634 enim
1635 580 1813 634 omnia
1846 579 1959 634 hate
1987 586 2114 634 sont
2142 578 2342 632 severi-

740 673 864 727 tatis
896 673 995 744 (Ι),
1025 672 1161 727 sicut
1189 672 1456 727 severitas
1494 671 1730 727 debitum
1761 680 1844 726 est
1878 671 2118 740 jnstitim.
2152 670 2337 726 Vindi-

738 763 906 819 canda
937 765 1038 820 erit
1069 763 1146 835 (‘3)
1175 766 1472 834 procacitas
1517 765 1689 818 mtatis
1734 764 2110 819 verecundiam
2139 762 2340 818 deben-

737 859 826 911 tis.
853 858 1026 928 Atque
1049 857 1117 911 ita
1153 874 1257 912 non
1293 867 1544 927 poterunt
1575 855 1652 927 (5)
1680 855 1842 925 jndici
1874 855 2185 925 exprobrari
2216 871 2337 925 qua:

731 950 896 1020 judici
945 951 1196 1006 accidunt
1239 952 1340 1019 (4),
1385 949 1625 1004 carentia
1690 958 1745 1005 et
1789 950 1902 1019 ipsa
1955 950 2110 1021 culpa
2139 994 2152 1013 ,
2197 953 2337 1006 sicut

734 1054 789 1099 et
820 1045 897 1116 (5)
922 1044 1112 1114 judex.
1159 1043 1294 1111 Quid
1322 1042 1499 1109 enim,
1549 1043 1594 1097 si
1627 1043 1894 1098 medicum
1927 1043 2142 1112 quidem
2187 1043 2336 1099 dicas

733 1151 854 1190 esse
882 1135 1102 1199 debere,
1135 1134 1457 1190 ferramenta
1489 1149 1616 1190 vero
1642 1134 1758 1202 ejus
1802 1149 2046 1202 accuses,
2071 1135 2211 1205 quod
2245 1153 2333 1190 se-

730 1237 873 1293 cent,
899 1237 947 1281 et
979 1228 1211 1293 innraut,
1243 1236 1297 1282 ct
1315 1236 1612 1297 amputent.
1637 1237 1688 1282 ct
1710 1228 2099 1284 constrictcnt?
2119 1229 2332 1298 quando

730 1321 846 1376 sine
875 1323 1230 1379 instrumento
1253 1325 1404 1390 artis,
1435 1323 1674 1379 medicus
1710 1339 1830 1378 esse
1862 1340 1966 1378 non
2005 1325 2191 1390 possit.
2224 1323 2332 1380 Sed

728 1430 918 1470 accusa
969 1418 1106 1472 male
1134 1428 1429 1480 secantem,
1479 1417 1783 1485 importune
1825 1428 2214 1487 amputantem,
2249 1429 2328 1474 te-

729 1524 875 1563 mere
904 1509 1226 1572 inurentcm,
1253 1521 1411 1579 atque
1437 1509 1507 1564 ita
1538 1509 1857 1564 ferramenta
1877 1525 2090 1581 quoque
2111 1511 2249 1581 ejus,
2275 1520 2331 1566 ιιι

726 1605 865 1658 mala
894 1604 1208 1662 ministeria.
1241 1604 1598 1673 reprchende.
1630 1604 1863 1659 Proinde
1891 1614 1975 1659 cst
2008 1605 2173 1670 enim,
2206 1621 2327 1661 cum

727 1698 891 1752 Deum
941 1696 1153 1768 quidem
1191 1697 1424 1766 judicent
1476 1697 1736 1762 admittis,
1767 1711 1862 1752 eos
1906 1711 2032 1752 vero
2069 1708 2245 1753 motus
2273 1708 2329 1753 et

723 1803 934 1849 sensus,
971 1804 1066 1859 per
1112 1803 1246 1856 quos
1269 1788 1494 1858 judicat,
1525 1789 1780 1844 destruis.
1811 1789 1974 1843 Deum
2004 1804 2102 1843 nos
2128 1804 2155 1842 a
2194 1789 2326 1843 Pro—

2443 581 2678 634 animam
2708 582 2906 644 vivam,
2937 597 3042 634 non
3076 579 3241 635 Deunt
3265 581 3333 636 ab
3372 581 3610 645 homine,
3656 582 3788 636 satis
3821 597 4036 652 perver-

2441 687 2558 728 sum
2583 684 2686 738 est,
2719 673 2850 727 utin
2897 672 3008 728 Deo
3049 673 3222 743 potius
3257 673 3488 728 huntana
3537 673 3857 739 constituas,
3887 689 4034 743 quant

2443 767 2495 820 in
2525 767 2742 821 homine
2770 765 2984 831 divina;
3019 767 3070 820 in
3099 765 3332 821 hominis
3363 765 3594 836 imagine
3631 766 3796 820 Deum
3842 766 4038 820 imbuas

2441 861 2638 932 potius,
2668 875 2826 930 quam
2867 860 2958 914 Dei
2983 861 3277 914 hominem.
3315 859 3381 914 Et
3411 859 3524 914 hac
3553 874 3683 930 ergo
3715 859 3893 930 imago
3924 875 4038 912 cen-

2439 954 2606 1009 senda
2636 965 2717 1010 est
2751 954 2842 1008 Dci
2870 954 2921 1008 itt
2953 953 3189 1019 homine,
3219 953 3362 1024 quod
3389 955 3606 1008 eosdem
3633 963 3810 1008 motus
3840 962 3896 1008 et
3917 970 4034 1007 sen-

2438 1063 2529 1102 sus
2561 1048 2756 1103 habeat
2780 1047 3044 1102 lntmanus
3073 1048 3304 1112 animus,
3336 1061 3471 1118 quos
3499 1056 3554 1102 et
3582 1047 3742 1113 Deus,
3785 1045 3910 1100 licet
3942 1063 4038 1101 non

2440 1143 2573 1197 tales
2601 1141 2786 1210 quales
2825 1141 2984 1196 Dens.
3019 1140 3122 1195 Pro
3146 1139 3446 1195 substantia
3475 1141 3644 1206 enim,
3679 1152 3732 1195 et
3757 1152 3930 1194 status
3953 1159 4038 1188 m-

2437 1249 2576 1295 rum,
2607 1243 2661 1288 et
2691 1233 2886 1288 fexitus
2937 1231 3156 1287 distant.
3213 1231 3477 1299 Denique,
3529 1233 3829 1286 contrarios
3860 1246 4041 1286 eorum

2435 1341 2648 1389 sensus,
2693 1324 2969 1379 leuitatem
3021 1323 3163 1388 dico,
3210 1321 3546 1392 patientiam,
3595 1305 4038 1386 misericordiam,

2434 1419 2712 1488 ipsamque
2765 1419 3041 1472 matricem
3099 1432 3284 1472 earnm
3340 1415 3656 1480 bonitatem,
3715 1432 3813 1471 cur
3865 1416 4039 1470 dixina

2434 1511 2798 1582 praesumitis?
2845 1511 2955 1567 Nec
2983 1522 3160 1566 tamen
3190 1510 3426 1581 perfecte
3453 1525 3514 1564 ea
3563 1510 3894 1575 obtinemus,
3923 1512 4040 1580 quia

2431 1605 2582 1660 solus
2615 1605 2757 1659 Deus
2789 1604 3075 1675 perfectus.
3120 1603 3194 1657 Ita
3221 1615 3271 1659 et
3302 1604 3416 1657 illas
3438 1604 3665 1673 species,
3691 1605 3782 1658 irze
3815 1604 3938 1658 dico
3964 1603 4038 1673 (7)

2431 1707 2480 1752 et
2505 1696 2930 1766 exasperationis
2961 1695 3069 1767 (8).
3098 1709 3204 1748 non
3239 1706 3344 1748 tam
3379 1694 3606 1750 feliciter
3631 1695 3897 1766 patimur;
3922 1698 4042 1765 quia

2429 1788 2576 1841 solus
2629 1787 2767 1842 Deus
2818 1786 2886 1842 de
2937 1785 3460 1856 incorruptibilitatis
3517 1785 3842 1855 proprietate
3895 1786 4038 1840 felix.

725 1882 900 1952 phetis
929 1891 983 1936 ct
1024 1897 1052 1934 a
1105 1880 1342 1944 Christo.
1377 1897 1480 1936 non
1509 1897 1538 1935 a
1572 1879 1927 1951 pltil050phis,
1964 1897 2062 1937 nec
2104 1882 2173 1936 ab
2210 1883 2336 1952 Epi-
2366 1883 2412 1942 B
2441 1878 2704 1935 Irascetur
2742 1880 2908 1947 enim,
2941 1879 3033 1934 sed
3080 1895 3185 1933 non
3233 1877 3638 1933 exaecrbabitur
3661 1877 3762 1950 (9),
3799 1879 3894 1934 sed
3935 1895 4040 1935 non

720 1990 873 2039 curo,
898 1975 1194 2029 erudimur.
1236 1973 1337 2042 Qui
1363 1973 1632 2029 credimus
1666 1974 1830 2028 Deum
1860 1974 2020 2028 etiam
2067 1975 2118 2028 iu
2165 1974 2322 2029 terris

720 2069 915 2138 egisse,
945 2077 998 2122 et
1026 2065 1240 2123 humani
1271 2067 1480 2121 habitus
1507 2065 1858 2120 humilitatem
1903 2066 2205 2136 suscepisse
2254 2082 2321 2121 ex

718 2177 908 2217 caussa
940 2161 1184 2216 humanae
1225 2161 1433 2226 salutis,
1468 2161 1623 2230 longe
1658 2175 1842 2215 sumus
1870 2176 1899 2215 a
1925 2160 2188 2216 sententia
2229 2173 2322 2215 eo-

718 2273 837 2311 rum
869 2257 956 2326 qui
990 2255 1360 2310 nolnntDeum
1394 2269 1584 2308 curare
1606 2254 1914 2324 quidquam.
1943 2252 2069 2308 Inde
2091 2251 2318 2307 venitad

719 2347 1007 2405 haereticos
1031 2362 1244 2418 quoque
1273 2346 1513 2402 definitio
1541 2347 1802 2417 ejusmodi
1834 2365 1847 2400 :
1876 2347 1931 2400 Si
1962 2347 2101 2401 Dens
2127 2346 2317 2400 irasci-

716 2451 824 2508 tur,
853 2450 908 2496 et
928 2441 1230 2508 aemulatur,
1263 2449 1320 2496 et
1341 2440 1637 2506 extollitur,
1673 2447 1726 2494 et
1760 2439 2148 2504 exacerbatur;
2189 2452 2319 2509 ergo

715 2543 770 2589 et
795 2543 1189 2603 corrumpetur,
1222 2545 1351 2602 ergo
1386 2541 1442 2586 et
1469 2531 1746 2585 morietur.
1791 2531 1938 2585 Bene
1968 2541 2145 2585 autem
2174 2531 2316 2600 quod

713 2625 1142 2681 Christianorum
1168 2633 1251 2680 est
1272 2667 1284 2688 ,
1311 2625 1473 2679 etiam
1500 2633 1768 2678 mortuum
1802 2623 1966 2678 Deum
1993 2623 2235 2686 credere,
2263 2631 2317 2677 et

713 2732 892 2776 tamen
941 2721 1207 2774 viventem
1240 2720 1292 2772 in
1323 2733 1444 2773 aevo
1472 2733 1730 2773 severum.
1753 2714 2099 2781 Stultissimi,
2129 2715 2217 2786 qui
2248 2715 2316 2772 de

713 2814 965 2869 humanis
997 2814 1174 2868 divina
1203 2812 1554 2883 prejudicant
1600 2811 1704 2881 (6),
1754 2822 1811 2865 ut
1847 2810 2098 2881 quoniam
2129 2808 2181 2864 iu
2215 2809 2314 2864 ho-

712 2908 859 2962 mine
911 2906 1263 2976 corruptorie
1311 2903 1637 2960 conditionis
1696 2902 1959 2959 habentur
2007 2901 2315 2973 ltujnsmodi

712 3001 1012 3071 passiones,
1042 2998 1241 3053 idcirco
1270 3007 1324 3052 et
1352 2997 1404 3050 in
1459 2996 1570 3051 Dco
1617 2994 1859 3064 ejusdem
1911 3003 2078 3049 Status
2127 2995 2314 3049 existi-

711 3103 945 3150 mentur.
1001 3092 1260 3151 Discerne
1309 3088 1654 3153 substantias,
1685 3099 1739 3143 et
1770 3103 1896 3142 suos
1925 3089 2006 3143 eis
2052 3087 2316 3142 distrihue

711 3201 924 3252 sensus,
957 3195 1065 3240 tam
1092 3184 1355 3248 diversos,
1390 3197 1549 3250 quam
1575 3180 1890 3236 substantiae
1918 3181 2158 3250 exigunt,
2191 3180 2317 3235 licet

2427 1973 2815 2046 periclitabitur
2851 1992 2862 2027 :
2894 1972 3216 2037 movebitur,
3249 1971 3344 2027 sed
3385 1986 3490 2025 non
3520 1981 3810 2026 evertetur.
3849 1971 4037 2026 Omnia

2426 2082 2648 2124 necesse
2667 2076 2750 2122 est
2773 2066 3024 2121 adhibeat
3050 2074 3267 2136 propter
3295 2063 3508 2127 omnia;
3543 2071 3619 2117 tot
3642 2078 3856 2128 sensus,
3907 2073 4035 2134 quot

2422 2173 2477 2218 ct
2504 2177 2755 2217 caussas:
2790 2171 2845 2216 et
2873 2161 3006 2214 iram
3039 2169 3254 2229 pr0pter
3303 2157 3585 2221 scelestos,
3615 2166 3669 2211 et
3713 2157 3876 2212 bilem
3921 2173 4040 2226 pro-

2428 2263 2546 2326 ptcr
2576 2255 2834 2324 ingratos,
2881 2261 2934 2306 et
2963 2250 3360 2306 :cmulationcnt
3419 2258 3637 2319 propter
3665 2249 3954 2318 superbos.
3987 2259 4038 2303 ct

2421 2345 2671 2418 quicquid
2722 2360 2830 2400 non
2880 2344 3098 2415 expedit
3138 2342 3316 2397 malis.
3375 2340 3465 2396 Sic
3505 2351 3559 2395 et
3613 2340 4036 2396 misericordiam

2424 2450 2642 2510 propter
2665 2447 2931 2502 errantes,
2963 2446 3018 2493 et
3067 2434 3376 2506 patientiam
3423 2443 3641 2504 propter
3673 2449 3780 2488 nott
3821 2434 4039 2503 resipis-

2421 2544 2630 2601 centes,
2658 2542 2712 2588 et
2740 2531 3103 2602 praestantiam
3133 2540 3352 2600 propter
3382 2539 3651 2585 merentes
3681 2529 3776 2600 (ὁ),
3805 2543 3862 2584 et
3883 2529 4037 2600 quid-

2420 2626 2548 2696 quid
2582 2626 2732 2679 honis
2759 2641 2895 2695 opus
2935 2634 3036 2678 est.
3072 2623 3201 2691 Quae
3243 2623 3423 2676 omnia
3471 2622 3672 2692 patitur
3719 2637 3819 2677 suo
3864 2638 4033 2689 more,

2421 2735 2526 2790 quo
2548 2733 2669 2774 eum
2720 2719 2824 2788 pati
2875 2717 3158 2781 condecet,
3187 2726 3407 2787 pr0pter
3432 2731 3592 2787 quem
3635 2715 3796 2772 homo
3848 2715 4037 2773 eadem

2424 2813 2648 2884 patitur,
2679 2827 2831 2882 aeque
2858 2827 2956 2867 suo
2984 2825 3156 2866 more.

2994 2901 3220 2959 CAPUT
3295 2900 3460 2957 XVII.

2495 2999 2620 3054 Haec
2664 2998 2840 3068 itaque
2899 2995 3140 3066 dispecta
3195 3005 3362 3051 totum
3401 2993 3648 3050 ordinem
3689 2994 3781 3050 Dei
3839 2994 4038 3066 judicis

2420 3093 2750 3163 operarium,
2790 3103 2840 3147 et
2887 3091 2966 3161 (nt
2993 3091 3203 3162 dignius
3237 3091 3495 3160 dixerim)
3549 3100 3914 3161 protectorem
3945 3108 4038 3144 ca-

2422 3185 2633 3238 tholica:
2657 3193 2710 3238 ct
2727 3198 2952 3238 summa:
2973 3183 3115 3236 illius
3142 3182 3398 3237 bonitatis
3421 3180 3495 3253 (ε)
3517 3183 3810 3237 ostendunt
3834 3201 3848 3235 :
3873 3199 4036 3252 quant

712 3279 988 3337 vocabulis
1018 3275 1418 3332 communicare
1447 3273 1747 3328 videantur.
1777 3270 1910 3327 Nam
1934 3283 1990 3329 et
2010 3272 2308 3340 dexteram,
2339 3275 2384 3338 C
2417 3286 2676 3330 setnotam
2731 3289 2761 3327 a
2809 3273 3089 3343 judicariis
3129 3273 3402 3340 sensibus,
3443 3285 3496 3328 et
3538 3274 3589 3327 in
3629 3290 3728 3328 suo
3759 3283 3904 3328 statu
3943 3291 4037 3344 pu-

711 3384 766 3429 ct
793 3373 976 3428 oculos
1007 3369 1104 3443 (a),
1139 3380 1193 3425 et
1237 3369 1405 3441 pedes
1429 3367 1526 3424 Dei
1570 3368 1818 3440 legimus,
1850 3382 1948 3423 nec
1979 3366 2100 3422 ideo
2130 3378 2306 3422 tamen

712 3466 962 3521 humanis
1006 3462 1478 3534 comparabuntur,
1537 3461 1661 3530 quia
1687 3459 1756 3515 de
1811 3458 2174 3531 appellatione
2221 3476 2310 3513 so-

712 3562 947 3618 ciantur.
999 3559 1205 3626 Quanta
1262 3558 1366 3612 erit
1411 3555 1694 3610 diversitas
1737 3553 1901 3608 divini
1957 3553 2199 3623 corporis
2253 3561 2310 3608 et

711 3655 953 3721 humani,
982 3653 1082 3709 sub
1133 3651 1335 3706 eisdem
1380 3647 1685 3704 nominibus
1740 3647 2128 3712 membrorum,
2164 3655 2306 3699 tanta

709 3750 813 3804 erit
837 3756 891 3802 et
915 3746 1077 3801 animi
1109 3743 1273 3799 divini
1296 3750 1352 3798 et
1393 3739 1608 3795 humani
1631 3738 1953 3801 differentia,
1982 3738 2081 3792 sub
2101 3738 2303 3792 eisdent

711 3846 837 3900 licet
865 3839 1138 3896 vocabulis
1168 3849 1442 3899 sensuum,
1477 3848 1611 3903 quos
1656 3842 1760 3886 tam
1791 3831 2158 3900 corruptorios
2187 3829 2306 3884 effi-

712 3937 786 3992 cit
833 3936 883 3990 in
939 3913 1158 3988 homine
1206 3926 1622 3999 corruptibilitas
1675 3922 1989 3982 substantia
2037 3921 2307 3992 humanae,

712 4044 872 4101 quant
919 4021 1344 4093 incorruptorios
1375 4021 1428 4074 in
1475 4019 1585 4074 Deo
1627 4017 1794 4072 efficit
1839 4016 2312 4085 incorruptibilitas

714 4118 1028 4177 substantiae
1051 4115 1266 4170 divinae.
1295 4113 1456 4167 Certe
1494 4112 1661 4165 Deum
1692 4108 1963 4164 confiteris
1988 4109 2312 4163 creatorem?

713 4215 895 4278 Certe,
944 4210 1139 4280 inquis.
1188 4203 1469 4273 Quomodo
1515 4217 1642 4273 ergo
1669 4201 1722 4256 in
1757 4201 1866 4255 Deo
1893 4199 2180 4255 humanum
2209 4201 2310 4255 ali-

713 4304 840 4376 quid
870 4303 1167 4365 existimas,
1196 4307 1250 4353 et
1289 4313 1393 4352 non
1436 4296 1673 4351 divinum
1703 4294 1900 4349 omne?
1944 4294 2112 4362 Quem
2143 4294 2311 4349 Deum

716 4415 822 4453 non
851 4411 1036 4468 negas,
1061 4392 1334 4448 confiteris
1360 4406 1464 4444 non
1495 4389 1808 4443 humanum.
1842 4388 2114 4458 Siquidem
2137 4387 2310 4444 Dennt

714 4487 1044 4552 confitendo,
1072 4482 1429 4556 pratjudicasti
1459 4483 1641 4550 utique
1673 4481 1820 4536 illunt
1851 4481 1917 4535 :tb
1950 4482 2095 4536 omni
2128 4481 2313 4538 huma-

715 4598 908 4639 narunt
974 4578 1340 4637 conditionum
1409 4572 1668 4647 qualitate
1744 4573 2039 4628 diversum.
2118 4573 2311 4641 Porro,

2415 3383 2528 3425 ram
2573 3369 2762 3422 nolunt
2806 3367 3137 3422 Marcionita:
3192 3366 3246 3421 in
3291 3366 3482 3422 eodem
3541 3366 3652 3422 Deo
3707 3381 4034 3437 agnoscere,

2418 3461 2687 3532 plncntetn
2735 3476 2898 3530 super
2922 3461 3093 3516 bonos
3123 3469 3177 3514 ct
3209 3460 3397 3526 malos,
3433 3467 3488 3516 et
3515 3459 3690 3514 solem
3714 3475 3870 3514 suum
3900 3461 4037 3516 oriri

2418 3555 2702 3613 facientem
2733 3553 2847 3626 (IO)
2870 3571 3030 3624 super
3047 3555 3219 3624 justos
3241 3563 3296 3610 et
3317 3554 3544 3624 injustos
3567 3553 3807 3624 (Mallia,
3828 3554 3891 3617 V,
3907 3556 4038 3625 45):

2415 3648 2557 3719 quod
2587 3648 2722 3701 alius
2776 3647 2917 3701 Deus
2945 3647 3166 3700 omnino
3197 3661 3302 3700 non
3337 3655 3576 3715 pmstat.
3622 3644 3752 3699 Nam
3795 3647 3898 3700 etsi
3937 3647 4039 3701 hoc

2414 3754 2627 3809 quoque
2657 3738 3022 3793 testimonium
3046 3735 3241 3791 Christi
3270 3737 3325 3791 in
3355 3735 3670 3792 Creatorem
3703 3735 3948 3792 Marcion
3973 3738 4041 3793 de

2417 3830 2709 3901 Evangelia
2761 3829 2986 3885 eradere
3016 3843 3178 3884 ausus
3223 3837 3326 3896 est,
3373 3828 3467 3883 sed
3512 3828 3628 3899 ipse
3674 3829 3918 3883 mundus
3952 3833 4038 3883 in-

2417 3924 2648 3992 scriptns
2694 3930 2776 3976 est
2825 3920 2926 3992 (d),
2960 3929 3015 3976 et
3062 3920 3206 3975 omni
3247 3935 3277 3975 a
3333 3919 3663 3976 conscientia
3711 3919 4041 3991 lcgitur;et

2419 4017 2520 4070 erit
2573 4016 2687 4070 haec
2740 4015 2848 4085 ipsa
2901 4015 3156 4084 patientia
3213 4013 3472 4069 creatoris
3512 4013 3564 4067 in
3597 4011 3860 4083 judicium
3919 4013 4037 4087 (Il)

2417 4110 2700 4164 Marcionis
2726 4129 2737 4162 :
2766 4109 2852 4162 illa
2897 4107 3174 4178 patientia,
3205 4123 3326 4177 quat
3351 4116 3627 4176 exsltectat
3654 4108 4038 4175 pmnitcntiant

2420 4203 2595 4275 potius
2629 4201 2942 4272 peccatoris,
2974 4216 3134 4271 quam
3165 4209 3393 4254 mortem
3421 4216 3435 4266 ;
3464 4209 3521 4253 et
3561 4199 3761 4253 mavult
3812 4200 4040 4255 miscri-

2418 4296 2677 4357 cordiam,
2731 4308 2888 4364 qnam
2937 4291 3258 4347 Sacrificium
3317 4291 3459 4362 (03.,
3502 4289 3584 4353 VI,
3619 4289 3708 4358 6);
3776 4303 4039 4347 avertens

2414 4391 2525 4460 jam
2544 4387 2866 4443 destinatum
2885 4386 3106 4442 exitium
3134 4383 3402 4452 Ninivitis,
3435 4395 3485 4439 et
3521 4384 3754 4456 largiens
3794 4387 4039 4456 spatium

2419 4485 2543 4538 vita:
2595 4483 2840 4541 Ezechiae
2882 4482 3152 4554 lacryutis,
3182 4489 3237 4537 et
3282 4481 3571 4537 restituens
3624 4489 3824 4534 statum
3879 4483 4035 4550 regni

2422 4576 2707 4648 Babylonis
2752 4584 2981 4645 tyranno
3037 4572 3407 4644 pmnitentiant
3449 4569 3568 4644 (12)
3623 4569 3830 4628 functo.
3880 4571 4035 4628 Illam

1949 4687 2239 4745 LECTION
2249 4689 2322 4746 ES
2365 4689 2452 4748 VA
2463 4687 2775 4746 RIANTES.

777 4811 849 4875 (I)
874 4806 1137 4875 Severitati
1161 4801 1268 4870 Rig.

790 4877 851 4939 [2)
879 4873 993 4939 I_5rat
1016 4877 1146 4939 Jun.‘

779 4885 851 5000 (η
879 4885 1156 4983 iiihé'iﬂia
1173 4924 1261 4976 alii

781 4941 854 5043 (ἐξ
877 4969 1130 5043 Accedunt
1155 4967 1321 5043 Venet.
1345 4987 1480 5041 Sent!

791 4999 842 5046 ⁷4⁷
877 4999 1130 5046 Accedunt
1156 4999 1321 5043 Venet.
1345 4999 1495 5041 sentt.

778 5005 853 5188 35;
879 5060 942 5110 Et
963 5052 1092 5130 negl.
1114 5049 1290 5122 Seml._

800 5125 851 5186 6)
875 5121 1147 5173 Praedicant
1169 5119 1333 5167 Pam.
1360 5122 1491 5165 Fran

800 5119 851 5186 6)
875 5119 1147 5173 Praedicant
1169 5119 1333 5167 Paris.
1360 5122 1507 5165 Fran.

2341 4810 2395 4871 D
2485 4802 2554 4927 (7)
2585 4801 2803 4852 Praedico
2822 4813 2911 4872 pro
2934 4800 3153 4872 irzeodico
3175 4800 3327 4854 Seml.
3351 4800 3591 4854 mendose.

2507 4869 2556 4927 δ)
2582 4865 2996 4927 Eanperattones
3013 4865 3078 4915 td.
3165 4925 3173 4927 _

2507 4869 2556 4933 ξ)
2582 4863 2996 4933 EsaSpe‘rationes
3013 4863 3078 4933 id.

2485 4925 2906 4992 (9))1ﬁntulabitul:
2921 4927 3069 4992 inseri
3093 4925 3191 4978 vult
3208 4935 3321 4992 Jun.

2608 4988 3078 5058 Plttenti..._faci.enti
3095 4989 3267 5054 comic.
3282 4992 3416 5042 Sent.

2480 5051 2495 5109 (
2506 5051 2581 5114 ιι)
2608 5051 2840 5101 Indicium
2858 5051 3024 5103 Paris.

2486 5117 2505 5177 (
2515 5115 2589 5178 l2)
2618 5115 2913 5166 I’wnitentia
2932 5115 3083 5166 Seml.

2074 5221 2633 5282 COMMENTARIUS.

786 5343 942 5400 CAP.
967 5339 1191 5396 XVI.—-
1210 5337 1284 5407 (a)
1314 5334 1450 5390 Nam
1475 5343 1521 5407 et
1542 5333 1799 5407 dexteram
1826 5339 1872 5407 et
1893 5332 2086 5407 oculos.
2115 5333 2173 5407 Β.
2201 5338 2312 5388 Au.

717 5418 960 5490 gustinus
983 5413 1074 5466 lib.
1104 5412 1168 5490 de
1188 5403 1456 5490 prgscntie
1488 5406 1580 5490 ρεὶ
1611 5405 1677 5490 ad
1701 5403 2024 5490 Dardanum,
2053 5405 2310 5490 latissime

719 5475 911 5546 tractat
939 5475 1208 5554 quomodo
1243 5482 1352 5536 Deo
1381 5479 1743 5554 attribuuntur
1764 5475 1962 5554 dextra,
1989 5478 2122 5530 oculi
2152 5485 2198 5529 et
2221 5493 2307 5554 pe:

719 5564 827 5617 des.
843 5547 1362 5624 Scri'pturasautcm,
1385 5565 1450 5604 ex
1470 5549 1666 5624 q_uibus_
1685 5549 1734 5600 id
1749 5547 2090 5624 desumptum
2112 5558 2212 5624 est,
2239 5548 2304 5624 ad

717 5619 1012 5702 marginem
1042 5623 1447 5702 _annotavitnus_.
1483 5619 1581 5702 Est
1618 5619 1862 5702 ejusdem
1894 5622 2192 5702 argumenti
2241 5621 2304 5672 li-

718 5706 814 5758 ber
838 5690 1054 5754 "incerti
1108 5695 1362 5753 auctoris,
1419 5691 1662 5748 fortassis
1696 5690 1942 5745 Rhabani
1973 5693 2111 5746 inter
2143 5707 2305 5762 opera

709 5775 778 5831 Β.
807 5767 1117 5840 Hieronymi
1157 5778 1284 5840 tom.
1320 5763 1408 5818 IV.
1441 5764 1574 5818 Pu.

789 5847 867 5916 (b)
903 5842 967 5898 Et
988 5834 1334 5914 prtestantiatn
1374 5845 1579 5908 prapter
1619 5843 1882 5890 merentes.
1937 5834 2051 5901 Qua
2103 5834 2310 5891 scilicet

2420 5344 2638 5407 prgstat
2678 5337 2897 5407 przmia
2919 5335 3004 5391 vel
3032 5338 3309 5407 supplicia.
3335 5341 3456 5396 me.

2486 5405 2638 5479 ΟᾼΡ.
2673 5405 2831 5463 XVII.
2855 5438 2925 5448 --
2952 5409 3028 5479 (ς)
3053 5405 3330 5465 Catholica:
3354 5423 3398 5465 et
3423 5427 3633 5465 summa:
3649 5410 3792 5466 illius
3823 5414 4035 5468 bonita-

2413 5479 2496 5531 tis.
2523 5477 2857 5554 Catholicam
2879 5477 3170 5536 bonitatem
3197 5485 3412 5554 proprie
3434 5483 3649 5554 accipit,
3676 5499 3779 5554 pro
3809 5502 3875 5539 ea
3905 5503 4034 5554 quc

2413 5564 2508 5627 per
2539 5559 2704 5627 totum
2736 5553 2919 5627 orb_em
2946 5560 3210 5627 terraru_m
3238 5553 3427 5610 diffusa
3447 5563 3548 5618 est,
3578 5553 3773 5627 dequo
3795 5553 4032 5612 nomine

2412 5621 2572 5676 latius
2600 5623 2695 5677 lib.
2726 5624 2787 5675 de
2810 5622 3108 5691 Pt'ascript.
3138 5625 3276 5680 pAI.

2485 5693 2565 5763 (d)
2598 5695 2704 5768 sed
2733 5695 2842 5768 ipse
2872 5695 3089 5748 mundus
3115 5700 3390 5768 inscriptus
3419 5706 3509 5752 est.
3538 5697 3815 5754 Catholica
3859 5701 3954 5756 illa
3974 5708 4036 5754 et

2413 5779 2619 5821 summa
2654 5766 2744 5822 Dei
2790 5766 3001 5824 bonitas
3051 5766 3305 5842 inscripta
3335 5779 3418 5826 est
3461 5770 3514 5826 in
3565 5769 3751 5896 ult‘uudi
3801 5771 4032 5828 tabulis.

3641 5857 3706 5896 ια.

3641 5857 3706 5898 lGo
