4262 6490
218 397 322 460 305

1345 396 1474 454 LIB.
1515 396 1558 452 Il
1600 393 1965 454 ADVERSUS
2001 394 2421 452 MARCIONEM.

3427 395 3534 456 506

219 520 337 577 dico
357 518 939 591 misericordiamque!
957 517 1189 578 etf‘iliuni
1210 519 1388 575 Saulis
1406 519 1818 588 moriturum(a)
1847 520 1898 578 A
1927 527 2178 584 terretur,
2211 528 2264 574 et
2304 519 2473 589 prima
2499 517 2781 586 deterrita,
2827 532 2928 575 nec
2969 515 3205 576 secunda
3236 519 3531 576 committi-

219 629 281 669 ex
326 613 618 668 devotione
659 612 856 684 populo
894 613 1164 669 concessit
1194 631 1209 668 :
1236 623 1292 668 et
1330 609 1521 675 David.
1548 613 1743 671 delicta
1772 614 1825 668 in

217 705 438 759 dnnmm
472 704 614 761 Uria!
640 704 972 771 cenfessum,
1018 706 1172 760 venia
1223 705 1462 760 liberavit
1497 723 1509 760 :
1558 714 1612 759 et
1652 705 1824 773 ipsum

220 794 382 852 Israel
419 800 581 852 toties
607 797 857 862 restituit,
891 797 1104 868 quoties
1129 796 1426 868 judicavit;
1476 797 1632 851 toties
1689 797 1828 853 refo-

217 888 312 951 vit,
343 889 556 958 quoties
600 901 654 943 et
686 889 970 956 increpuit.
1021 887 1135 944 Non
1187 890 1359 944 solum
1392 889 1551 959 igitur
1588 889 1824 958 judicem

215 978 522 1048 aspiciens,
579 989 892 1034 convertere
945 989 998 1035 et
1050 979 1117 1036 ad
1166 981 1350 1049 optimi
1407 982 1672 1051 exempla.
1719 981 1825 1035 No-

217 1080 338 1126 tans
395 1071 478 1143 (I)
519 1087 638 1127 cum
704 1072 1018 1138 ulciscitur,
1075 1073 1359 1130 considera
1404 1088 1524 1129 cum
1567 1073 1824 1145 indulget.

224 1164 486 1236 Ilepeude
524 1166 820 1222 austeritati
855 1167 1130 1223 lenitatem
1164 1184 1177 1221 :
1211 1183 1333 1222 cum
1367 1177 1652 1237 utrumque
1700 1182 1828 1222 cou-

215 1261 436 1314 vcneris
467 1261 518 1314 in
551 1257 838 1326 Creatore,
882 1261 1120 1316 invenies
1151 1261 1202 1314 in
1230 1274 1295 1315 eo
1335 1271 1386 1315 et
1416 1259 1541 1314 illud
1561 1301 1575 1325 ,
1611 1269 1828 1330 preptcr

213 1353 356 1424 quod
390 1353 620 1408 alterum
646 1353 810 1407 Deum
834 1352 1032 1408 credis.
1057 1351 1186 1407 Veni
1215 1352 1446 1422 denique
1469 1353 1533 1407 ad
1563 1359 1827 1424 inspecta-

213 1445 420 1499 tioncm
471 1445 863 1511 doctrinarum,
914 1443 1356 1515 disciplinarum,
1411 1455 1823 1515 praceptorum,

210 1538 671 1607 consiliorumque
693 1537 828 1606 ejus.
847 1535 1001 1590 Dices
1034 1535 1278 1600 forsitan,
1306 1536 1421 1591 hac
1451 1539 1610 1592 etiam
1637 1539 1826 1592 Imma-

211 1629 295 1684 nis
319 1629 528 1698 legibus
545 1628 914 1684 dcterminari.
943 1627 1048 1684 Sed
1077 1637 1200 1684 ante
1229 1628 1499 1701 Lycurgos
1521 1638 1575 1684 et
1599 1629 1827 1687 Salonas

209 1736 429 1786 omnes,
463 1720 638 1777 Moses
665 1732 718 1777 et
747 1721 910 1777 Deus.
964 1720 1115 1776 Nulla
1162 1723 1448 1791 posteritas
1488 1737 1594 1777 non
1643 1739 1671 1776 a
1721 1724 1828 1793 pri.

209 1813 442 1870 mordiis
466 1812 678 1884 accipit.
707 1812 909 1869 Tamen
941 1829 1096 1869 nona
1129 1823 1219 1868 tuo
1253 1815 1363 1870 Deo
1393 1813 1578 1870 didicit
1598 1813 1826 1871 Creator

1931 625 2039 681 tur,
2063 631 2172 686 qua
2200 616 2279 687 (4)
2307 626 2361 671 et
2385 616 2518 670 alias
2539 615 2747 671 facilior
2761 614 2918 671 timor
2935 614 3145 670 talionis
3168 629 3262 684 per
3281 615 3528 672 eumdem

1929 721 2175 776 saporem
2211 708 2492 776 passionis.
2524 707 2663 762 Nihil
2693 708 2929 762 amarius
2960 722 3118 778 quam
3141 707 3370 778 idipsum
3396 710 3530 777 pati,

1928 799 2071 870 quod
2104 798 2294 854 feceris
2334 800 2470 854 aliis.
2525 801 2590 854 Et
2617 801 2660 854 si
2707 799 2790 854 les
2818 799 3018 870 aliquid
3045 800 3179 854 cibis
3199 799 3453 864 detrahit,
3477 811 3533 855 et

1931 891 2205 947 immunda
2234 893 2540 962 pronuntiat
2579 893 2829 947 animalia
2881 908 2999 962 qua:
3039 892 3322 963 aliquando
3361 893 3529 949 bene-

1929 984 2070 1040 dicta
2098 986 2538 1050 suut,consiliutn
2567 985 2884 1042 exercenda:
2905 987 3246 1041 continentia:
3270 987 3524 1058 intellige,

1929 1090 1982 1136 et
2021 1080 2217 1136 fraenos
2253 1080 2533 1150 impositos
2563 1079 2637 1136 illi
2662 1079 2800 1150 gula:
2836 1093 3067 1152 agnosce
3095 1122 3108 1145 ,
3140 1095 3261 1150 Qua:
3287 1094 3410 1135 cum
3440 1096 3532 1150 pa—

1929 1189 2052 1230 ncm
2082 1174 2263 1229 ederet
2289 1173 2622 1242 angelorum,
2647 1186 2964 1228 cucumeres
2990 1180 3043 1226 et
3075 1186 3310 1242 pepones
3328 1171 3529 1243 i’Egyp-

1927 1266 2123 1319 tiorum
2167 1263 2525 1319 desiderabat.
2570 1265 2816 1333 Aguosce
2863 1264 3021 1318 simul
3068 1273 3120 1320 et
3142 1262 3213 1336 (ε)
3245 1265 3528 1320 comitibus

1928 1359 2313 1429 gula-,lihidini
2347 1359 2548 1414 scilicet
2578 1368 2736 1427 atque
2766 1358 2991 1414 luxurie
3016 1367 3376 1430 prospectum,
3408 1375 3528 1430 qua:

1930 1452 2044 1510 fere
2094 1453 2300 1508 ventris
2348 1452 2703 1522 castigatione
2760 1451 3066 1521 frigescunt.
3130 1450 3531 1507 Manducaverat

1928 1546 2061 1601 enim
2101 1544 2326 1617 papulas
2352 1555 2400 1600 et
2425 1545 2614 1599 biberat
2640 1585 2654 1606 ,
2702 1555 2747 1598 et
2795 1552 3085 1599 surrexerat
3115 1544 3289 1599 ludere
3329 1543 3528 1617 (Exod.

1931 1637 2149 1704 XXXII,
2183 1637 2262 1710 6).
2294 1636 2545 1703 Proinde,
2588 1645 2644 1691 ut
2682 1645 2738 1693 et
2777 1637 3013 1707 pecunia:
3037 1636 3197 1691 ardor
3227 1637 3528 1708 restingue-

1931 1741 2078 1788 retur
2101 1732 2180 1803 (5)
2208 1748 2271 1787 ex
2298 1741 2467 1802 parte,
2495 1735 2604 1803 qua
2615 1729 2681 1787 de
2700 1731 2868 1785 victus
2891 1730 3210 1786 necessitate
3226 1740 3527 1798 caussatur,

1930 1827 2286 1897 pretiosorum
2313 1824 2553 1879 ciborum
2585 1824 2806 1879 ambitio
2830 1823 3066 1879 detracta
3089 1830 3206 1878 est:
3234 1833 3528 1893 postremo,

211 1921 368 1961 meus
404 1905 756 1976 przescribere
783 1904 866 1975 (Ξ)
898 1922 911 1958 :
948 1903 1068 1958 Non
1085 1907 1319 1969 occides;
1354 1922 1456 1960 non
1482 1907 1824 1972 adulterabis;

1932 1927 1990 1972 ut
2010 1919 2211 1974 facilius
2234 1916 2396 1971 homo
2422 1917 2487 1972 ad
2508 1917 2854 1988 jcjunandum
2880 1917 2989 1972 Deo
3018 1917 3359 1985 formaretur,
3396 1935 3528 1988 pau-

213 2015 317 2053 non
353 1998 645 2071 furaberis;
674 2015 774 2051 non
805 1999 995 2067 falsum
1022 1999 1359 2052 testimonium
1387 1997 1556 2066 dices;
1597 2000 1817 2053 alienum

210 2108 311 2146 non
368 2092 741 2160 concupisces;
767 2092 963 2146 honora
1000 2099 1194 2162 patrem
1220 2101 1268 2145 et
1296 2100 1544 2158 matrem;
1567 2101 1652 2146 et:
1699 2092 1820 2146 dili-

211 2203 298 2258 ges
325 2188 618 2257 proximum
649 2197 789 2240 tuum
817 2195 871 2240 ut
917 2186 1254 2257 temetipsum.
1292 2186 1369 2240 Ad
1417 2184 1528 2241 hac
1559 2186 1818 2241 innocen-

212 2279 317 2344 tia,
355 2279 650 2351 pudicitim,
675 2289 729 2335 et
745 2279 990 2349 justitia,
1021 2288 1075 2335 et
1106 2281 1317 2348 pietatis
1349 2281 1664 2352 principalia
1691 2297 1820 2337 cou-

210 2372 349 2428 snlta
372 2414 388 2437 ,
423 2370 689 2426 accedunt
722 2371 882 2426 etiam
911 2371 1258 2427 humanitatis
1291 2374 1598 2445 praescripta
1633 2392 1646 2430 :
1694 2391 1818 2430 cum

209 2465 444 2531 septimo
492 2477 708 2535 quoque
757 2478 899 2519 anno
956 2464 1171 2518 servitia
1239 2464 1485 2521 libertate
1539 2466 1822 2522 solvuntur

211 2553 424 2626 (Levit.,
461 2552 668 2624 XXV);
698 2569 820 2609 cum
852 2553 1044 2612 eodem
1096 2565 1338 2625 tempore
1378 2571 1510 2626 agro
1560 2560 1817 2628 parcitur,

215 2648 400 2718 egenis
421 2647 667 2703 cedendo
695 2647 906 2715 locum;
935 2648 1055 2704 bovi
1084 2649 1245 2704 etiam
1271 2652 1464 2707 terenti
1483 2652 1692 2707 vincula
1711 2654 1819 2708 oris

211 2739 561 2796 remittuntur
590 2739 656 2794 ad
690 2738 921 2796 fructum
967 2742 1253 2811 prmsentis
1293 2742 1511 2812 laboris,
1541 2760 1648 2815 quo
1685 2744 1818 2802 faci-

209 2835 312 2890 lius
343 2834 396 2888 in
424 2831 718 2904 pecudibus
751 2833 1116 2904 praemeditata
1143 2835 1447 2895 humanitas
1467 2838 1520 2895 in
1543 2837 1816 2896 hominum

209 2926 490 2999 refrigeria
532 2926 857 2983 erudiretur.

784 3021 1014 3080 CAPUT
1056 3023 1246 3082 XVIII.

277 3135 388 3193 Sed
443 3152 563 3208 qua:
592 3138 768 3209 potius
805 3123 946 3211 legis.
968 3138 1107 3196 bona
1147 3138 1454 3209 defendam,
1502 3155 1664 3214 quam
1696 3157 1818 3214 quas

205 3230 438 3290 haeresis
467 3235 763 3308 concupiit,
792 3244 850 3292 ut
898 3236 1112 3294 talionis
1159 3235 1550 3304 definitionem,
1601 3238 1816 3293 oculum

208 3343 306 3398 pro
327 3328 512 3396 oculo,
542 3329 758 3384 dentem
805 3346 901 3399 pro
929 3330 1112 3398 dente,
1155 3339 1209 3387 et
1245 3331 1467 3388 livorem
1515 3348 1611 3403 pro
1657 3333 1823 3389 livore
1847 3313 1895 3378 (ἶ

207 3423 511 3491 repetentis
537 3419 762 3492 (Exod,
786 3421 933 3490 XXI,
968 3424 1105 3494 ειη
1144 3424 1259 3479 Non
1288 3427 1431 3481 enim
1465 3426 1672 3496 injurias
1699 3443 1814 3482 mu-

209 3522 301 3569 tuo
345 3512 669 3568 exercenda;
715 3514 986 3570 licentiam
1027 3517 1187 3586 sapit,
1219 3516 1312 3572 sed
1372 3517 1424 3572 in
1472 3526 1640 3574 totum
1674 3519 1823 3575 colii-

207 3604 404 3662 bendae
444 3606 715 3664 violentia
756 3609 1039 3680 prospicit,
1068 3618 1127 3664 ut
1149 3611 1273 3681 quia
1301 3610 1589 3668 durissimo
1616 3623 1668 3668 et
1700 3614 1821 3668 infi-

206 3700 312 3758 deli
350 3703 407 3756 in
445 3703 554 3758 Deo
585 3703 784 3774 populo
811 3703 1050 3776 longum,
1079 3705 1160 3761 vel
1206 3706 1368 3761 etiam
1403 3707 1713 3764 incredibile
1741 3709 1822 3764 vi-

207 3792 370 3849 detur
391 3808 422 3848 a
443 3793 554 3849 Deo
577 3805 891 3867 eaSpectare
913 3795 1190 3852 defensam
1214 3797 1312 3867 (b),
1343 3799 1654 3855 edicendam
1678 3810 1830 3870 post-

209 3899 269 3942 ea
324 3898 428 3955 per
479 3885 848 3956 Propltetam:
894 3886 1026 3942 Mihi
1074 3891 1359 3960 defensam,
1407 3900 1454 3944 et
1500 3906 1593 3961 ego
1646 3893 1826 3960 defen-

209 3979 351 4044 dant,
383 3981 506 4035 dicit
532 3978 782 4035 Dominus
812 3980 1072 4056 (Demea,
1103 3981 1319 4049 XXXII,
1367 3984 1471 4048 35;
1502 3984 1678 4052 Rom.,
1710 3984 1822 4054 XII,

213 4072 304 4144 l9)
336 4091 351 4128 :
383 4071 599 4129 interim
619 4075 929 4130 commissio
953 4075 1162 4146 injuria:
1188 4085 1332 4132 metu
1366 4077 1496 4132 vicis
1519 4080 1699 4134 statim
1729 4094 1822 4134 oc-

210 4181 458 4222 cursurae
528 4167 982 4241 repastinaretur,
1052 4177 1109 4225 et
1178 4168 1392 4226 licentia
1458 4172 1826 4229 retributionis

212 4261 516 4332 prohibitio
581 4271 727 4319 esset
782 4264 1222 4337 provocationis;
1275 4273 1333 4322 ut
1384 4265 1464 4322 sic
1511 4267 1826 4338 improbitas

213 4365 393 4413 astuta
433 4358 515 4429 (3)
555 4367 814 4430 cessaret,
855 4361 1003 4428 dum,
1032 4362 1269 4422 secunda
1319 4366 1604 4436 permissa,
1651 4367 1821 4436 prima

1923 2011 2001 2064 cis
2031 2019 2085 2064 et
2135 2009 2215 2083 (ά)
2247 2022 2349 2065 non
2381 2009 2628 2080 gloriosis
2650 2010 2791 2064 escis
2824 2009 3175 2077 assuefactus,
3213 2019 3268 2066 et
3297 2010 3430 2066 nihil
3459 2011 3529 2067 de

1922 2102 2238 2157 lautioribus
2269 2101 2588 2158 csuriturus.
2612 2100 3106 2171 Reprehendendus
3128 2118 3259 2160 sane
3283 2103 3525 2165 Creator,

1923 2194 2063 2265 quod
2091 2193 2237 2248 cibos
2267 2193 2443 2264 potius
2467 2193 2663 2263 popqu
2694 2208 2791 2248 suo
2814 2193 3051 2260 abstulit,
3085 2209 3244 2265 quam
3276 2195 3529 2265 ingratio-

1926 2289 2071 2346 ribus
2099 2288 2450 2345 Marcionitis.
2479 2285 2553 2359 (e)
2577 2287 2973 2342 Sacrificiorum
3005 2301 3220 2359 quoque
3240 2303 3401 2342 onera
3427 2329 3442 2354 ,
3473 2299 3528 2343 et

1925 2383 2318 2453 operationum,
2339 2390 2392 2436 et
2413 2381 2739 2436 oblationum
2763 2380 3069 2450 negotiosas
3087 2379 3528 2450 scrupulositates

1925 2489 2084 2529 nemo
2110 2472 2465 2545 reprehendat
2494 2513 2510 2539 ,
2539 2471 2687 2542 quasi
2711 2471 2848 2527 Deus
2876 2470 3000 2525 talia
3021 2470 3121 2527 sibi
3152 2471 3366 2542 proprie
3383 2469 3527 2526 desi-

1925 2567 2210 2634 deraverit,
2258 2566 2348 2638 qui
2399 2575 2505 2621 tam
2550 2563 2833 2620 manifeste
2883 2564 3184 2620 exclamat:
3240 2562 3352 2631 Quo
3403 2563 3527 2616 milii

1925 2661 2297 2715 multitudinem
2326 2658 2694 2728 sacrificiorum
2721 2657 3038 2711 vestrorum?
3073 2655 3138 2710 Et
3174 2656 3284 2724 quis
3304 2657 3528 2727 exquisi-

1925 2755 1992 2808 vit
2021 2755 2115 2808 ista
2129 2752 2191 2807 de
2204 2752 2436 2807 manibus
2456 2750 2632 2805 vestris
2675 2747 2778 2816 (Is.
2804 2757 2844 2802 t.
2878 2747 2985 2818 ll)?
3015 2747 3108 2803 sed
3150 2747 3293 2802 illam
3324 2748 3414 2803 Dei
3445 2748 3526 2802 in-

1923 2846 2186 2904 dustriam
2235 2845 2430 2901 sentiat
2455 2886 2470 2911 ,
2521 2858 2626 2915 qua
2675 2841 2929 2914 pepulum
2956 2855 3183 2912 pronum
3219 2841 3271 2895 in
3303 2841 3528 2896 idolola-

1923 2943 2082 2998 triam
2131 2949 2182 2996 et
2220 2938 2736 3010 transgressionem,
2769 2935 3032 3007 ejusmodi
3057 2933 3248 2988 officiis
3279 2933 3524 3004 religioni

1922 3051 2034 3092 sua:
2067 3034 2235 3090 voluit
2259 3033 2612 3103 adstringere,
2643 3031 2837 3101 quibus
2854 3028 3164 3098 superstitio
3190 3027 3374 3084 srcculi
3400 3042 3526 3098 age-

1923 3129 2109 3194 batur,
2156 3136 2212 3182 ut
2236 3127 2303 3181 ab
2331 3141 2394 3182 ea
2418 3134 2665 3180 avocaret
2689 3123 2808 3178 illos
2827 3163 2841 3185 ,
2871 3121 2972 3177 sibi
3001 3121 3197 3190 jubens
3226 3119 3342 3176 fleri
3369 3121 3522 3191 quasi

1921 3221 2244 3281 desideranti
2266 3262 2280 3288 ,
2302 3235 2368 3277 ne
2396 3217 2697 3275 simulacris
2718 3213 2972 3272 faciendis
2997 3213 3352 3285 delinqueret.

2520 3309 2750 3368 CAPUT
2781 3307 2923 3365 XIX.

1999 3431 2104 3489 Sed
2141 3441 2194 3487 ct
2238 3431 2289 3486 in
2339 3429 2467 3501 ipsis
2504 3426 2846 3483 commerciis
2877 3426 2998 3481 vitae
3023 3433 3075 3480 et
3103 3422 3528 3481 conversationis

1928 3528 2174 3585 humanas
2223 3524 2370 3579 domi
2415 3537 2475 3576 ac
2523 3521 2673 3586 foris,
2702 3519 2942 3590 adusque
2972 3533 3154 3572 curam
3186 3516 3524 3571 vasculorum

1927 3618 2265 3676 omnifariam
2292 3613 2554 3679 distinxit,
2588 3620 2646 3667 ut
2673 3610 2788 3666 istis
2816 3608 3072 3680 legalibus
3098 3607 3397 3677 disciplinis
3425 3620 3520 3662 oc-

1928 3710 2271 3769 currentibus
2299 3706 2492 3777 ubique
2515 3746 2530 3772 ,
2562 3719 2630 3759 ne
2661 3702 2770 3758 ullo
2797 3700 2876 3771 (6)
2911 3708 3184 3755 momento
3209 3706 3465 3754 vacarent
3494 3714 3526 3752 a

1926 3803 2022 3864 Dei
2045 3811 2312 3877 reSpcctu.
2337 3800 2407 3873 (f)
2438 3798 2572 3866 Quid
2600 3797 2740 3852 enim
2770 3794 2969 3850 faceret
2986 3794 3198 3849 beatum
3228 3791 3521 3856 hominem,

1927 3916 2082 3971 quam
2128 3899 2180 3951 in
2217 3895 2324 3966 lege
2369 3891 2570 3947 Domini
2600 3891 2832 3943 voluntas
2856 3887 2967 3956 ejus
2989 3927 3002 3951 ,
3031 3895 3079 3939 et
3108 3885 3161 3938 in
3189 3883 3298 3954 lege
3317 3880 3529 3939 Domini

1930 3993 2251 4049 meditabitur
2291 3989 2372 4042 die
2405 4003 2465 4040 ac
2487 3994 2630 4040 nocte
2659 3981 2778 4054 (Ps.
2810 3980 2866 4047 I,
2895 3980 2954 4052 2)
2974 3980 2998 4021 ⁷
3025 3977 3385 4049 Quamlegem
3416 3993 3524 4032 non

1928 4087 2124 4145 duritia
2155 4081 2503 4156 promulgavit
2528 4077 2783 4142 auctoris,
2810 4073 2905 4131 sed
2928 4073 3064 4129 ratio
3089 4086 3315 4127 summa)
3343 4070 3526 4139 benig-

1930 4179 2130 4240 nitatis,
2190 4174 2369 4246 populi
2428 4170 2603 4242 potius
2629 4167 2884 4223 duritiam
2911 4162 3230 4229 cdomantis,
3257 4170 3312 4216 et
3337 4159 3524 4216 rudem

1928 4271 2189 4343 obsequio
2229 4267 2387 4323 fidem
2438 4261 2681 4334 operosis
2709 4259 2900 4317 officiis
2927 4255 3259 4314 dedolantis:
3311 4263 3368 4309 ut
3394 4252 3527 4308 nihil

1931 4368 1999 4424 de
2052 4361 2263 4421 arcanis
2296 4362 2551 4432 attingam
2577 4353 2946 4428 significandis
2974 4351 3054 4425 (7)
3083 4349 3244 4422 legis,
3272 4346 3527 4420 spiritalis

1453 4475 1834 4540 LECTIONES
1870 4477 2285 4539 VARIANTES.

282 4581 358 4648 (I)
383 4582 508 4635 Nota
531 4581 690 4637 Paris.
713 4593 862 4636 non.

2015 4643 2066 4706 ei
2097 4651 2188 4704 Ulli
2207 4643 2357 4703 ςεηῑι.
2385 4649 2451 4699 illi
2479 4645 2668 4699 pamet.
2697 4643 2847 4699 ﬁrm.
2869 4644 3014 4698 Rhen.
3037 4643 3122 4696 ulli
3143 4648 3387 4696 moments
3411 4651 3528 4697 Jun.

1851 4594 1905 4656 D
2017 4595 2048 4643 5
2095 4589 2539 4650 Restringoeretur
2559 4581 2676 4638 olim
2697 4581 2851 4651 legeb.

2015 4660 2046 4706 6
2097 4651 2188 4704 Ulli
2207 4647 2357 4703 Seml.
2385 4649 2451 4699 illi
2479 4645 2668 4699 Pamel.
2697 4657 2847 4699 Frtm.

1994 4592 2070 4784 Li
2095 4714 2427 4778 Signiﬁcautis
2449 4712 2555 4778 Rig.
2584 4715 2749 4762 Venet.

306 4644 358 4714 Ξ)
386 4649 709 4714 [rescribere
735 4651 902 4714 tenet.
929 4644 1035 4714 λίς.

306 4650 336 4696 Ξ
386 4649 709 4698 Proscribere
735 4651 902 4700 Venet.
929 4649 1035 4714 λίς.
1851 4649 1893 4656 ’⁷
2015 4660 2046 4706 6
2097 4651 2188 4704 Ulli
2207 4649 2357 4703 Seml.
2385 4649 2451 4699 illi
2479 4649 2668 4699 Pamel.
2697 4649 2749 4699 Fr

385 4709 745 4835 sinumsinum
765 4710 922 4778 legeb.
1995 4649 2070 4784 £7;
2095 4714 2427 4778 Signiﬁcautis
2449 4712 2555 4778 Rig.
2584 4715 2749 4762 Venet.

310 4773 362 4835 4)
385 4773 511 4835 Quis
533 4780 647 4826 nat.

1593 4877 2153 4939 COMMENTARIUS.

295 5005 539 5089 (a).Qute
558 5014 603 5062 et
621 5007 789 5078 ﬁlium
818 5009 995 5089 Saulis
1021 5013 1342 5089 moriturum.
1375 5012 1472 5089 IIic
1495 5015 1731 5088 loquitur
1755 5019 1823 5075 de
1937 5016 2259 5089 Ventcruino
2279 5026 2498 5072 aestuans
2529 5017 2680 5089 facile
2710 5015 2977 5087 despumat
3001 5017 3056 5071 in
3083 5015 3361 5089 libidinem.
3385 5016 3524 5075 Pu.

224 5079 456 5160 Jonatba
490 5095 648 5160 quem
679 5082 906 5160 populus
937 5084 1500 5160 lilieiavitemanilms
1531 5079 1708 5143 Saulis
1730 5105 1824 5160 pa-

227 5153 344 5235 tris,
375 5153 536 5236 sicuti
567 5153 790 5236 habetur
819 5153 837 5208 I
866 5153 1002 5236 Beg.
1037 5154 1179 5236 XIV._
1209 5155 1316 5236 Illis
1339 5168 1530 5236 autem
1555 5153 1750 5236 verbis,
1782 5171 1828 5236 ct

226 5223 396 5298 ipsum
417 5221 588 5298 Israel
616 5224 757 5278 toties
779 5221 1236 5298 restituit,qnoties
1255 5231 1522 5295 iudicavit,
1548 5221 1747 5287 alludit
1760 5232 1827 5286 ad

226 5293 599 5366 libgdudicum
625 5309 747 5366 cap.
783 5295 868 5363 III,
900 5295 990 5363 IV,
1022 5293 1086 5353 VI
1109 5307 1162 5354 et
1189 5293 1262 5355 X.’
1286 5301 1422 5356 Pan.

299 5364 455 5441 CAP.
491 5364 775 5441 XVIIL—
801 5369 881 5441 (b)
915 5367 1208 5441 Defensam.
1241 5372 1294 5426 Id
1317 5383 1421 5441 est,
1455 5372 1711 5430 ultionem
1733 5390 1829 5431 seu

227 5437 547 5493 vindictam.
580 5436 714 5495 Enn.

302 5511 378 5582 (c)
408 5507 689 5564 Comitibus
702 5511 1062 5586 θυήελὶὸὲὀὶηὲ
1076 5514 1264 5568 scilicet
1275 5524 1421 5586 atque
1433 5517 1670 5571 luxuriae.
1686 5516 1833 5586 Ejus-

230 5581 352 5635 dem
379 5594 576 5659 sensus
596 5591 681 5659 est
703 5581 842 5639 inter
859 5594 1122 5659 praecepta
1141 5581 1377 5659 Dionysii
1391 5587 1628 5652 Catonis,
1646 5581 1833 5659 Indul-

230 5653 504 5732 gereﬂulte
516 5655 647 5732 noli,
664 5669 778 5722 qua
790 5657 930 5732 penis
941 5653 1205 5732 amicaest.
1219 5653 1687 5716 Ilio—Caninius
1699 5658 1833 5732 gula:

231 5725 434 5778 libidini
456 5724 646 5779 scilicet
665 5735 813 5794 atque
835 5729 1070 5783 luxurie.
1096 5729 1174 5784 En
1202 5735 1362 5784 etiam
1388 5733 1456 5786 ab
1477 5724 1830 5787 auctore'usi-

235 5794 561 5871 tatasgulam
574 5807 620 5850 et
635 5797 913 5871 luxuriam,
937 5799 1076 5854 sicut
1094 5800 1248 5855 hodie
1260 5803 1593 5871 accipiuntur
1613 5820 1642 5857 a
1666 5804 1829 5858 selin-

234 5867 435 5954 laStieis
458 5868 785 5954 iloctpribus,
801 5885 920 5925 cum
947 5872 1012 5954 de
1036 5867 1569 5954 peccatis-loquuntur
1585 5875 1798 5945 capitali
1813 5907 1825 5915 -

234 5938 525 5993 bus.Ilaud
551 5941 707 5997 aliter
729 5950 907 5998 autem
939 5938 1071 5998 dixit
1094 5945 1285 6000 alicubi
1326 5938 1386 6000 Β.
1427 5938 1783 6018 Ιιίειυοηίηιιιε
1815 5964 1826 5999 :

2004 5089 2084 5161 (II)
2117 5088 2236 5144 Non
2263 5090 2498 5160 gloriosis
2527 5087 2652 5142 escis
2682 5089 3016 5161 assuefactus.
3070 5087 3344 5161 Gloriosus
3372 5101 3528 5146 vocat

1931 5160 2083 5216 eseas
2099 5203 2114 5226 ,
2137 5161 2330 5231 quibus
2353 5161 2648 5230 gloriantur
2671 5160 2933 5226 nonnulli,
2967 5175 3108 5215 nunc
3128 5161 3197 5215 ob
3227 5160 3523 5230 raritatem,

1932 5247 2073 5288 nunc
2106 5235 2174 5286 ob
2204 5233 2455 5301 pretium.
2487 5231 2659 5288 Busa.

2009 5302 2084 5375 (e)
2117 5303 2502 5375 sacriﬁciorum
2537 5320 2711 5357 onera.
2740 5302 2866 5359 IImc
2892 5302 3276 5358 sacrificiorum
3310 5317 3474 5360 onera
3507 5348 3523 5372 ,

1935 5373 2094 5444 atque
2142 5373 2240 5446 has
2288 5375 2670 5446 ‘operatioinim
2720 5384 2776 5430 et
2827 5375 3159 5446 oblatiouum
3218 5377 3525 5446 negotiosas

1937 5445 2381 5516 scrupulositates
2408 5446 2457 5500 in
2487 5446 2549 5500 de
2577 5444 2853 5516 Prtescrip.
2895 5445 3116 5500 lucretio.
3146 5454 3268 5516 apte
3295 5444 3528 5503 'vocavit

1940 5515 2281 5571 morositatem
2309 5515 2528 5573 ludicre.
2560 5516 2732 5571 Rosa.

2010 5588 2163 5661 CAP.
2199 5586 2342 5644 XIX.
2370 5619 2438 5628 ——
2469 5588 2531 5661 (Γ)
2576 5587 2710 5661 Quid
2731 5588 2861 5661 enim
2883 5591 3068 5658 faceret
3114 5588 3313 5643 beatum
3365 5590 3527 5643 Itami-

1937 5676 2071 5714 nem.
2125 5659 2359 5727 Usurpat
2398 5659 2596 5715 Auctor
2637 5660 2929 5726 hominem,
2979 5676 3072 5727 pro
3111 5662 3214 5714 viro
3247 5677 3265 5713 :
3303 5675 3425 5714 nam
3473 5671 3526 5715 et

1937 5746 2126 5801 graeca;
2153 5740 2205 5785 et
2224 5731 2420 5797 latium,
2447 5747 2507 5784 ac
2531 5732 2815 5794 licbraicae,
2840 5731 3237 5801 chaldaicreque
3268 5746 3424 5789 voces
3450 5734 3526 5785 vi-

1939 5819 2055 5857 rum
2083 5802 2381 5869 significant
2404 5842 2418 5868 ,
2453 5801 2602 5856 initio
2633 5803 2763 5870 psal.
2797 5801 2815 5854 I
2849 5822 2861 5857 :
2896 5813 3180 5872 usurpatur
3209 5803 3454 5856 similiter
3495 5819 3524 5857 a

1937 5874 2094 5945 vulgo
2123 5874 2414 5928 Gallorum.
2441 5873 2668 5928 I’ulclira
2683 5883 2764 5926 est
2785 5884 2960 5928 autem
2986 5874 3296 5944 metaphora
3346 5875 3520 5930 rudem

1939 5946 2087 6014 ﬁdem
2114 5945 2336 6016 operosis
2364 5945 2535 6020 o/chiis
2567 5945 2872 6002 dedolautis.
2905 5945 3044 6000 Pw.
