4262 6490
760 380 865 439 507

2178 378 2638 439 TERTULLIANI

3950 383 4057 442 508

761 495 965 552 scilicet
987 504 1043 553 et
1073 497 1430 570 prophetiae,
1476 498 1531 555 in
1586 498 1836 556 omnibus
1861 511 1997 569 pene
2023 496 2350 569 argumentis
2378 499 2430 557 Α
2454 496 2854 550 misericordiam
2892 494 3087 567 ipsius,
3132 492 3205 569 (e)
3253 494 3323 549 ad
3361 494 3677 551 eliberandas
3719 496 3799 570 (7)
3854 500 4057 556 animus

763 587 1019 658 figuratae.
1047 589 1253 645 Suflicit
1278 590 1421 647 enim
1453 591 1503 645 in
1534 591 1803 662 prmacnti,
1833 591 1879 647 si
1913 590 2227 662 simpliciter
2256 589 2355 645 bo-

762 680 959 736 minetn
984 681 1094 737 Deo
1123 681 1409 755 obligabat,
1430 693 1485 738 ut
1504 698 1662 739 nemo
1684 699 1801 739 eam
1832 682 2120 754 reprobare
2140 682 2353 753 debeat,

761 772 862 827 nisi
908 774 997 829 cui
1038 789 1143 829 non
1174 777 1349 847 placet
1381 776 1490 831 Deo
1518 775 1747 832 servire.
1778 774 1857 830 Ad
1886 774 1989 830 hoc
2012 773 2351 839 beneficium,

760 881 870 922 non
896 882 1032 923 onus
1078 868 1211 940 legis
1242 869 1624 940 adiuvandum,
1656 872 1818 926 etiam
1844 868 2142 940 Prophetas
2163 869 2353 925 eadem

758 960 969 1016 bonitas
1002 962 1091 1017 Dei
1124 962 1411 1026 ordinavit,
1440 964 1698 1020 docentes
1730 964 1841 1019 Deo
1867 961 2026 1035 digna
2053 981 2066 1018 :
2114 960 2190 1036 (a)
2242 962 2353 1017 Au-

757 1057 890 1125 ferre
916 1057 1166 1126 nequitias
1195 1057 1259 1112 de
1279 1058 1483 1125 anima,
1510 1059 1699 1113 discere
1726 1056 2036 1130 benefacere,
2068 1054 2141 1129 (b)
2172 1055 2352 1121 exqui—

760 1164 872 1200 rere
899 1148 1179 1218 judicium,
1208 1151 1439 1214 iudicare
1467 1150 1663 1223 pupillo
1689 1192 1705 1217 ,
1736 1160 1782 1204 et
1804 1150 2098 1221 justi/icore
2121 1148 2350 1217 viduam,

758 1241 977 1313 dirigere
1020 1240 1099 1315 (I)
1145 1246 1449 1314 qua'stiones
1476 1285 1491 1310 ,
1548 1241 1621 1315 (c)
1659 1242 1834 1315 fugere
1872 1240 1952 1316 (2)
2008 1240 2353 1311 improborum

759 1344 1042 1389 contactum
1066 1335 1167 1409 (3),
1198 1336 1279 1409 (ά)
1305 1337 1557 1392 dimittere
1584 1338 1874 1408 conflictum
1904 1336 1983 1409 (4)
2005 1336 2057 1390 in
2079 1335 2348 1407 integram,

758 1428 1010 1499 dissipare
1038 1430 1345 1501 scripturam
1370 1432 1617 1503 injustam
1637 1431 1736 1501 (Is.
1762 1431 1941 1497 LVIII,
1967 1432 2048 1503 I),
2075 1432 2353 1503 infringere

758 1536 943 1591 panem
992 1524 1272 1591 esurienti,
1319 1534 1365 1579 et
1407 1534 1589 1581 tectum
1619 1542 1719 1581 non
1746 1525 2011 1581 habentem
2037 1525 2275 1581 inducere
2298 1526 2351 1582 in

753 1614 962 1669 domum
987 1626 1125 1671 tuam
1155 1634 1171 1682 ;
1196 1618 1389 1673 nudum
1406 1620 1450 1673 si
1475 1618 1679 1687 videris,
1709 1629 1975 1691 contegere
1997 1661 2013 1686 ,
2041 1629 2087 1672 et
2108 1620 2349 1674 domesti-

752 1722 838 1761 cos
876 1709 1079 1764 seminis
1126 1711 1201 1765 tui
1249 1728 1351 1767 non
1397 1712 1694 1783 despicere:
1719 1728 2034 1781 compescere
2061 1713 2287 1784 linguam
2316 1729 2350 1768 α

753 1801 912 1864 malo,
961 1812 1008 1856 et
1057 1802 1193 1857 labia
1222 1821 1283 1859 ne
1304 1805 1575 1875 loquantur
1599 1805 1774 1860 dolum
1796 1803 1914 1877 (Ps.
1940 1804 2181 1872 XXXIII,
2211 1806 2304 1876 I3)
2326 1821 2349 1873 ,'

2461 605 2635 644 eorum
2662 589 2727 643 de
2767 600 2947 652 morte,
2981 590 3163 657 utique
3189 598 3410 655 (eterna,
3442 600 3493 644 et
3518 591 3857 644 nutricandos
3885 608 3972 646 eos
4004 593 4057 646 in

2459 680 2735 752 fame(Ps.
2770 680 2988 747 XXXII,
3021 680 3135 755 I8),
3195 682 3377 753 utique
3418 684 3541 736 vite
3584 691 3821 741 eterna.
3874 684 4057 739 Multa:

2459 775 2602 830 enim
2643 791 2893 844 pressum
2909 776 3189 845 justorum,
3229 786 3277 829 et
3313 792 3376 829 ea:
3414 777 3649 830 omnibus
3689 777 3921 832 liberabit
3973 795 4057 832 eos

2459 867 2708 923 Dominus
2754 867 2871 941 (Ps.
2900 868 3139 933 XXXIII,
3179 868 3287 943 19).
3327 869 3659 925 Ilouorabilis
3683 888 3818 926 mors
3844 873 3899 926 in
3929 889 4057 927 cou-

2456 973 2630 1034 specta
2652 962 2860 1017 Domini
2889 973 3181 1019 sanctorum
3205 965 3314 1033 ejus
3330 963 3447 1035 (Ιέ.
3472 962 3635 1027 CXV,
3664 962 3775 1035 I5).
3806 964 4057 1020 Dominus

2456 1056 2673 1109 custodit
2695 1056 2863 1110 omnia
2883 1072 2997 1110 ossa
3027 1072 3198 1110 eorum
3223 1054 3302 1128 (8)
3325 1075 3336 1108 :
3362 1072 3520 1110 unum
3548 1073 3611 1110 ex
3630 1057 3757 1126 ipsis
3778 1074 3880 1111 non
3914 1075 4055 1111 com-

2457 1147 2727 1202 minuetur.
2772 1146 3001 1202 liedimet
3032 1146 3110 1220 (9)
3132 1146 3383 1203 Dominus
3413 1150 3610 1203 animas
3644 1164 3903 1202 servorum
3931 1167 4024 1202 suo
4044 1180 4056 1190 -

2454 1261 2569 1298 rum
2623 1242 2740 1313 (Ps.
2767 1242 3008 1310 XXXIII,
3032 1242 3254 1314 21-25).
3291 1243 3463 1298 I’auca
3490 1244 3587 1298 ista
3618 1243 3686 1299 de
3706 1245 3869 1300 tantis
3888 1244 4060 1314 scrip-

2457 1337 2589 1392 turis
2636 1335 2909 1390 Creatoris
2950 1336 3249 1399 intulimus,
3277 1345 3331 1389 et
3357 1337 3487 1389 nihil
3523 1345 3647 1405 puto
3676 1336 3784 1406 jam
3813 1335 3879 1390 ad
3910 1338 4061 1390 testi-

2454 1431 2691 1485 monium
2721 1430 2811 1484 Dei
2835 1430 3021 1500 optimi
3043 1430 3195 1485 deest
3220 1428 3359 1503 (10),
3384 1430 3526 1501 quod
3551 1432 3683 1487 satis
3709 1441 3761 1486 et
3788 1442 4059 1502 pracepta

2453 1523 2728 1591 bonitatis,
2762 1531 2818 1578 et
2848 1522 3109 1593 promissa
3135 1522 3470 1593 consignant.

3085 1655 3311 1714 CAPUT
3331 1657 3448 1714 XX.

2522 1793 2629 1848 Sed
2652 1793 2793 1849 enim
2819 1790 2889 1867 (Ι)
2908 1791 3067 1863 sepia:
3086 1791 3133 1866 (I
3149 1790 3199 1863 l)
3219 1792 3325 1858 isti,
3342 1806 3570 1863 quorum
3595 1791 3758 1861 figura
3785 1792 3913 1847 illud
3934 1809 4061 1863 quo-

751 1892 1007 1949 declitmre
1025 1912 1059 1949 α
1077 1897 1235 1963 "talo,
1269 1906 1313 1953 ει
1338 1901 1506 1970 facere
1542 1898 1726 1954 bonum
1749 1916 1769 1965 ;
1788 1914 2011 1968 querere
2035 1915 2209 1969 pacem
2238 1940 2253 1964 ν
2294 1908 2341 1953 ει
2371 1893 2418 1954 Β
2445 1904 2549 1961 que
2562 1887 2913 1958 pisculentqu
2932 1886 2999 1941 de
3014 1885 3149 1940 cibis
3169 1885 3273 1942 Lex
3291 1887 3575 1951 recusavit,
3594 1901 3649 1941 ut
3664 1888 4060 1942 traductionem

750 1990 933 2043 sectari
958 2006 1108 2055 eam;
1146 1991 1300 2047 irasci
1349 2003 1394 2047 et
1425 2008 1527 2046 non
1552 1992 1846 2063 delinquere
1889 1991 2007 2063 (Ps.
2041 1992 2129 2058 IV,
2157 1990 2235 2065 5),
2294 1992 2348 2047 id

751 2088 853 2142 est,
880 2079 931 2134 in
962 2081 1039 2135 ira
1080 2096 1183 2137 non
1210 2097 1580 2153 perseverare,
1612 2084 1726 2140 sive
1752 2085 1943 2139 sarvire
1966 2101 1982 2148 ;
2006 2100 2107 2139 non
2132 2083 2270 2139 abire
2294 2085 2349 2139 in

750 2170 1021 2225 concilium
1041 2173 1336 2239 impiorum,
1367 2189 1459 2229 nec
1473 2182 1609 2228 stare
1629 2173 1683 2228 in
1709 2174 1790 2229 via
1812 2183 2154 2245 peccatorum,
2178 2190 2269 2227 nec
2296 2174 2350 2229 in

750 2265 996 2320 cathedra
1023 2266 1363 2337 pestilentium
1399 2267 1577 2325 sedere
1602 2264 1724 2339 (Ps.
1760 2266 1803 2335 l,
1833 2268 1910 2337 I).
1956 2266 2063 2323 Sed
2095 2266 2228 2322 ubi?
2263 2266 2350 2322 Vi-

750 2356 818 2411 de
843 2374 857 2411 :
886 2374 1041 2424 quam
1066 2358 1250 2413 bonum
1272 2370 1319 2413 et
1342 2376 1497 2429 quam
1516 2360 1808 2431 jucundam
1831 2359 2061 2415 habitare
2087 2364 2273 2433 fratres
2294 2359 2347 2413 in

748 2466 907 2504 unum
930 2450 1047 2523 (Ps.
1075 2451 1339 2515 CXXXII,
1365 2452 1443 2524 I),
1475 2455 1772 2510 meditantes
1798 2454 1972 2516 dieac
1995 2462 2137 2509 nocte
2160 2454 2213 2507 in
2240 2452 2349 2525 lege

749 2539 994 2609 Domini;
1020 2545 1141 2615 quia
1165 2546 1349 2601 bonum
1367 2545 1574 2602 scilicet
1602 2548 1761 2616 fidere
1787 2549 1839 2601 in
1859 2543 2159 2613 Dominum,
2192 2562 2347 2613 quant

750 2638 910 2706 fidere
932 2640 985 2692 itt
1015 2639 1306 2707 hominem,
1344 2651 1389 2695 et
1419 2657 1625 2711 sperare
1653 2642 1706 2696 in
1731 2639 2030 2707 Dominum,
2060 2656 2211 2710 quam
2230 2656 2348 2710 spe-

746 2747 862 2784 rare
890 2732 943 2784 in
973 2732 1263 2807 principes(
1274 2732 1359 2787 Ps.
1384 2731 1595 2798 CXVII,
1623 2733 1805 2804 7—8).
1827 2733 2011 2802 Qualis
2034 2733 2179 2789 enim
2203 2732 2344 2803 apud

752 2821 922 2878 Deum
956 2840 1165 2881 merces
1213 2826 1463 2882 homini?
1500 2823 1575 2881 Et
1600 2825 1695 2883 erit
1722 2835 1963 2899 tanquam
1991 2826 2183 2898 lignum
2207 2825 2345 2897 quod

745 2916 1033 2988 plantatum
1085 2928 1159 2973 est
1197 2921 1355 2989 juxta
1405 2923 1571 2977 exitus
1621 2938 1893 2993 aquarum,
1947 2921 2085 2993 quod
2120 2922 2344 2992 fructum

745 3024 895 3062 suum
923 3009 1063 3064 dabit
1089 3012 1142 3064 iu
1164 3021 1388 3084 tempore
1403 3029 1497 3067 suo
1520 3030 1539 3079 ;
1567 3023 1612 3067 et
1639 3014 1819 3085 folium
1841 3015 1951 3083 eius
1984 3031 2083 3067 non
2105 3014 2301 3068 decidet
2328 3056 2342 3078 ,

745 3110 795 3154 et
821 3101 1330 3175 omniaquatcumque
1347 3104 1497 3176 faciet
1520 3106 1947 3175 prosperabuntur
1968 3106 2045 3159 illi
2064 3100 2187 3177 (Ps.
2206 3105 2245 3171 Ι,
2263 3108 2341 3174 5).

746 3189 1003 3247 quoceus
1032 3205 1198 3250 autem
1230 3206 1275 3251 et
1309 3213 1468 3265 purus
1499 3197 1650 3251 corde
1671 3239 1686 3263 ,
1715 3199 1799 3266 qui
1830 3215 1929 3250 non
1958 3199 2219 3267 accepitiu
2250 3215 2343 3251 va.

2450 1983 2531 2038 sui
2563 1982 2822 2050 sentiunt,
2848 1980 3098 2037 tenebras
3127 1978 3251 2034 hinc
3281 1978 3629 2049 blasphemiae
3657 1981 4048 2048 interveniunt,

2452 2087 2611 2146 atque
2647 2077 2718 2130 ita
2768 2074 3124 2131 intentionem
3174 2074 3593 2145 uniuscujusque
3606 2074 3715 2143 jam
3756 2077 4058 2144 proximam

2449 2170 2785 2239 diSpargunt,
2814 2168 3108 2239 jactitando
3131 2166 3247 2239 (12)
3278 2178 3332 2221 et
3356 2167 3721 2223 asscvcraudo
3742 2184 3803 2224 ea
3826 2186 3948 2240 qua:
3968 2188 4061 2224 re-

2451 2262 2718 2319 lucentem
2740 2262 3029 2318 bonitatem
3052 2262 3323 2321 Creatoris
3346 2263 3632 2319 infuscent.
3657 2263 3764 2319 Sed
3782 2274 3838 2321 et
3864 2281 3961 2336 per
3983 2266 4058 2320 is-

2452 2365 2531 2411 tas
2568 2355 2825 2427 caligines
2847 2370 3135 2427 sequemur
3165 2355 3479 2425 nequitiam,
3509 2366 3563 2410 et
3591 2357 3640 2409 in
3668 2356 3842 2411 lucem
3876 2368 4060 2411 extra-

2451 2451 2643 2507 ltemtts
2693 2451 2904 2522 ingenia
2956 2450 3320 2515 tenebrarum,
3369 2448 3675 2518 objicientia
3698 2449 3948 2505 Creatori
3972 2451 4056 2504 vel

2450 2547 2682 2602 maxime
2737 2544 2978 2599 fraudem
3035 2543 3178 2598 illam
3231 2552 3284 2597 et
3329 2543 3567 2611 rapinam
3601 2544 4055 2615 attrictargcnti,

2450 2638 2753 2695 mandatam
2772 2636 2888 2709 (1'5)
2912 2635 2981 2690 ab
3008 2636 3097 2689 illo
3129 2635 3371 2691 Hebraeis
3397 2636 3448 2689 in
3475 2634 3779 2706 Egyptios.
3808 2639 3941 2704 Age,
3976 2641 4057 2692 in-

2448 2730 2758 2786 fclieissime
2815 2729 3082 2793 lucreticc,
3142 2729 3374 2798 teipsmn
3422 2729 3707 2798 expostulo
3738 2729 4051 2785 arbitrum:

2446 2839 2710 2895 cognosce
2732 2825 2782 2878 in
2811 2834 3091 2893 utramque
3121 2832 3332 2891 gentem
3364 2822 3530 2894 prius.
3555 2835 3607 2879 et
3641 2828 3713 2877 ita
3732 2822 3799 2877 de
3822 2834 4047 2880 auctore

2449 2918 2697 2987 pra-copti
2752 2915 3037 2986 judicabis.
3082 2914 3391 2982 Reposcnnt
3444 2912 3680 2984 Egyptii
3709 2914 3777 2968 de
3810 2914 4055 2969 Hebreis

2448 3028 2571 3067 vasa
2609 3027 2768 3066 aurea
2814 3021 2868 3065 et
2915 3018 3206 3079 argentea;
3258 3008 3335 3081 (g)
3369 3018 3559 3062 contra
3587 3008 3796 3062 Ilcbraei
3838 3020 4055 3063 mutuas

2448 3106 2730 3174 petitiones
2785 3105 3090 3167 instituunt,
3133 3102 3428 3170 allegantes
3470 3102 3567 3154 sibi
3590 3116 3805 3171 quoque
3834 3118 4055 3157 eorum-

2446 3196 2568 3251 detn
2600 3206 2805 3265 patrtnn
2838 3194 3073 3256 nomine,
3104 3208 3167 3247 ex
3201 3192 3390 3246 eodem
3418 3192 3697 3261 scripturae
3721 3192 4055 3247 instrumen-

746 3301 866 3338 nunt
895 3302 1075 3340 nomen
1104 3288 1219 3355 Dei,
1263 3298 1309 3343 et
1339 3306 1439 3343 non
1460 3290 1655 3360 juraoit
1678 3290 1758 3359 (5)
1784 3290 1853 3343 ad
1881 3292 2166 3361 proximum
2194 3309 2339 3346 suum
2368 3288 2412 3351 C
2448 3300 2501 3345 tu
2529 3290 2803 3346 mercedes
2829 3288 3033 3344 restitui
3064 3297 3315 3356 oportere
3347 3286 3487 3341 illius
3517 3288 3777 3357 operarire
3808 3288 4047 3343 servitu-

744 3378 799 3432 in
819 3378 960 3444 dolo,
990 3381 1085 3436 iste
1106 3382 1318 3449 accipiet
1342 3382 1738 3438 benedictionem
1760 3402 1792 3437 u
1818 3382 2058 3450 Domino,
2077 3394 2122 3439 et
2144 3386 2314 3440 miseri
2328 3419 2339 3427 -

745 3475 974 3530 cordiam
1020 3495 1052 3532 a
1094 3476 1204 3533 Deo
1249 3480 1616 3549 salutiﬁcatore
1641 3496 1734 3534 suo
1763 3478 1843 3553 (6)
1880 3477 2001 3552 (I’s.
2035 3478 2227 3545 XXIII,
2253 3480 2333 3553 4).

750 3566 902 3625 Oculi
949 3572 1086 3625 enim
1133 3570 1342 3627 Domini
1388 3588 1541 3646 super
1569 3572 1798 3627 timentes
1836 3589 1972 3641 eum,
2004 3584 2269 3644 sperantes
2284 3574 2337 3629 in

2448 3386 2535 3449 tis,
2563 3399 2658 3455 pro
2684 3383 2928 3439 laterinis
2944 3380 3210 3445 deductis,
3230 3396 3326 3451 pro
3356 3381 3661 3435 civitatibus
3686 3393 3738 3435 ct
3756 3381 3902 3436 villis
3925 3382 4056 3436 :edi-

2443 3479 2634 3537 Iieatis.
2661 3479 2797 3549 Quid
2826 3478 3121 3549 jndicabis,
3170 3476 3358 3547 Optimi
3393 3476 3483 3529 Dei
3511 3476 3714 3531 elector
3740 3477 3765 3530 ?
3791 3476 4053 3531 Hebraeos

2442 3574 2683 3631 fraudem
2731 3586 3024 3644 agnoscere
3053 3570 3278 3635 debere,
3312 3585 3380 3625 au
3412 3568 3697 3641 Egyptios
3726 3584 4052 3641 compensa-

1992 3686 2371 3747 LECTIONES
2400 3686 2805 3745 VARIANTES.

828 3802 882 3932 ἐξ
907 3801 1349 3932 {illatam

827 3929 878 3992 5)
904 3929 1224 3992 (ἷοιιιτεοωπῐ
1240 3932 1383 3992 Pam.

826 3990 879 4050 4)
901 3993 956 4042 In
978 3991 1110 4045 abest
1130 3991 1322 4046 Pamel.
1346 3990 1494 4045 Seml.

802 4054 879 4174 fg)
907 4055 1111 4131 latravit
1129 4053 1234 4129 alii.

862 4121 872 4170 l
902 4117 1113 4168 Salutart
1134 4117 1234 4169 ala.

824 4115 872 4170 6i
902 4117 1113 4168 Salutari
1134 4117 1239 4169 alii.

802 4177 877 4245 (7)
901 4180 1261 4234 Deliberaudas
1282 4178 1435 4233 Seml.
1458 4181 1734 4234 liberandas
1755 4180 1907 4232 Latin.

2530 3860 2581 3915 9)
2603 3864 2833 3915 Redemit
2853 3860 3003 3915 smn.

2637 3921 3223 4000 Deesse1Pamel..Seml.

2532 3986 2610 4103 iii
2634 3986 3112 4103 ῗὲἓὲἱιὲίὲἓειίῖῆῗίθ·

2531 4115 2588 4165 I3

2532 3803 2563 3851 8
2609 3802 2731 3854 Ossa
2756 3813 2950 3875 eorum,
2974 3803 3027 3851 et
3051 3796 3200 3852 Serui.

2532 3802 2833 3978 limis:
2853 3860 3043 3977 ac...
3072 3921 3200 3975 ς...

2532 3803 2563 3851 8
2609 3802 2731 3854 Ossa
2756 3813 2950 3861 eorum,
2974 3803 3027 3851 et
3051 3801 3200 3852 Serui.

2530 3802 2590 3978 9i
2603 3864 2833 3915 Redemit
2853 3860 3003 3915 Seml.

2532 3929 2552 3976 l
2639 3928 2830 3979 Deesse
2856 3923 3043 4000 Pamel.
3072 3921 3223 3975 Seml.

2531 4115 2588 4165 I3
2635 4114 2857 4166 Mandata
2877 4110 3066 4166 Paruel.
3092 4109 3243 4163 Seml.
3266 4108 3517 4161 mandatas
3536 4116 3649 4159 που,

2589 3927 2611 4178 l

2109 4283 2668 4346 COMMENTARIUS.

816 4398 893 4473 (a)
926 4403 1142 4465 Auferre
1169 4403 1415 4473 nequitias
1468 4404 1531 4457 de
1550 4403 1741 4458 anima.
1799 4399 1943 4457 Citftt
1969 4400 2107 4456 istud
2138 4415 2326 4473 secuti:

743 4471 1035 4556 ditianit
1060 4471 1304 4556 ex_Isai:u
1329 4475 1483 4556 cap_.l
1502 4518 1517 4541 ,
1541 4486 1772 4556 excepto
1794 4472 1935 4556 quod
1953 4473 2150 4556 omittit
2168 4471 2334 4556 (quod

743 4550 919 4598 tamen
943 4547 1104 4604 etiam
1134 4546 1335 4601 habent
1356 4543 1604 4609 lrc‘bma,
1618 4543 1929 4608 cltaldaicu',
1949 4552 2003 4600 et
2027 4543 2201 4597 latium
2214 4543 2335 4598 edi-

2439 4401 2762 4474 exemplaria
2786 4410 2988 4457 vetera.
3018 4398 3169 4474 Apud
3200 4397 3448 4474 Estlram,
3476 4408 3606 4474 post
3630 4412 3692 4454 ea
3713 4399 3911 4474 _verba,
3937 4398 4048 4474 _Vi—

2440 4470 2870 4544 duam'justiﬁca,
2899 4470 3096 4545 pupillo
3130 4472 3332 4545 judico.
3367 4470 3545 4545 statim
3575 4472 3821 4540 sequitur
3848 4513 3865 4536 ,
3906 4471 4046 4528 Con-

2442 4548 2660 4616 fractum
2686 4557 2732 4599 et
2753 4541 2983 4599 debilem
3013 4541 3154 4616 cura.
3188 4547 3255 4595 At
3280 4542 3443 4616 Isaias
3469 4541 3602 4597 dixit
3623 4548 3933 4616 ,_a'urm-rth
3962 4572 4041 4601 ιι-

744 4614 947 4697 tiones)
986 4617 1199 4697 liberare
1229 4619 1419 4697 injuria
1454 4633 1775 4697 oppressum.
1806 4616 2162 4697 Praeterquam
2188 4615 2330 4697 quod
2360 4613 2410 4673 D
2438 4613 2728 4697 θριιιξμξνους
2751 4625 2796 4672 ἰν
2817 4613 3091 4697 alpina-Iit
3114 4615 3226 4670 haec
3242 4614 3418 4671 omnia
3436 4626 3558 4671 sunt
3579 4629 3607 4668 a
3625 4613 3889 4686 Septimio
3909 4617 4045 4672 satis

742 4685 936 4752 addat,
977 4690 1187 4759 diligere
1228 4685 1568 4758 quaestiones,
1598 4687 1691 4742 scd
1734 4687 1905 4759 potius
1935 4685 2110 4759 (sicuti
2133 4685 2335 4755 castigo

741 4771 808 4828 ex
837 4758 1298 4814 animadversione
1322 4760 1476 4815 Juan.
1515 4759 1733 4814 llarrisii
1762 4758 1927 4828 angli)
1950 4758 2186 4827 dirigere,
2211 4773 2333 4815 nam

742 4826 844 4883 hoc
861 4828 1347 4898 lieqttentissinnnn
1371 4842 1447 4887 est
1464 4831 1705 4891 Auctori,
1734 4826 1868 4884 forte
1896 4830 2014 4884 loco
2044 4826 2219 4885 illius:
2248 4845 2335 4883 ve-

740 4901 846 4953 nite
862 4911 908 4954 et
934 4902 1284 4973 disceptentns,
1302 4918 1397 4971 pro
1408 4919 1515 4973 quo
1538 4903 1596 4963 Β.
1615 4902 1971 4973 Hieronymus
1983 4915 2049 4955 ex
2071 4900 2229 4973 llcbr.
2248 4917 2262 4955 :
2288 4910 2336 4955 et

740 4973 937 5046 arguite
952 4972 1075 5046 me;
1090 4973 1230 5043 quod
1254 4972 1670 5046 interpretantur
1692 4972 2108 5046 Chrysostomus
2126 4981 2179 5046 e_t
2208 4972 2336 5046 Pro-

741 5042 929 5112 cOpins
950 5044 1001 5097 itt
1018 5042 1320 5111 Comment,
1338 5042 1667 5100 ut'audacter
1682 5043 1771 5114 qui
1788 5042 1983 5097 bonum
2002 5058 2139 5113 opus
2150 5042 2335 5098 fecerit

739 5130 860 5187 enm
895 5115 1309 5187 Deoidisceptet,
1334 5120 1613 5187 quomodo
1629 5115 1789 5187 etiam
1816 5114 2330 5187 Auctorintelligere

739 5185 968 5241 videtur.
997 5186 1055 5242 Si
1085 5183 1405 5251 adderetur,
1448 5204 1562 5241 cum
1587 5186 1713 5249 Deo,
1744 5186 1942 5240 clarius
1972 5183 2130 5241 foret.
2192 5186 2327 5241 ΡΑιι.

811 5254 890 5328 (b)
918 5256 1469 5330 Esquirereiudicium.
1487 5257 1765 5330 Exquisite
1776 5272 1837 5313 ac
1848 5258 2331 5330 perspectoutrius-

738 5343 842 5400 que
870 5330 1037 5400 par_tis
1061 5329 1203 5400 jure.
1231 5329 1350 5386 th.

813 5396 889 5471 (c)
940 5396 1141 5472 Fugere
1180 5400 1526 5472 improborum
1570 5406 1880 5472 contactum.
1934 5398 1991 5455 In
2048 5399 2329 5472 Pithmano

735 5470 944 5543 cod.et
973 5470 1214 5543 Rhenani
1251 5472 1574 5543 editionibus
1605 5470 1799 5541 legitur
1827 5480 2154 5543 contactum,
2186 5471 2329 5543 quod

735 5557 866 5616 sane
891 5541 1127 5616 fugiendi
1160 5542 1322 5597 verbo
1360 5544 1528 5616 magis
1553 5543 1820 5599 convenit.
1862 5542 2130 5616 Pametius
2156 5541 2329 5616 mnta-

734 5615 848 5677 vit;
904 5612 982 5671 sie
1017 5623 1426 5687 ratus_aptasse
1451 5612 1661 5687 ἡμερὶς
1688 5614 1981 5687 ψιωᾼπῃιιιι
2002 5612 2219 5687 Esaiam
2255 5614 2328 5669 lc-

732 5696 931 5754 gitntur
945 5702 1065 5757 cap.
1096 5684 1275 5749 LVIII,
1299 5684 1545 5757 ωνδισρον
1578 5689 1791 5747 ἀδίκως.
1814 5684 2047 5740 Sediltic
2072 5684 2321 5757 habetur,

734 5762 813 5881 to.
830 5780 1000 5883 narra
1011 5756 1257 5827 ὸύνέωμον
1268 5763 1478 5821 ἀδικίας.
1501 5757 1683 5828 Itaque
1707 5757 1849 5814 aliud
1870 5757 1970 5812 sibi
2000 5756 2167 5811 Voluit
2193 5758 2328 5830 Sep-

759 5843 932 5883 Ilnius.
1011 5846 1077 5883 IG.

733 5829 932 5883 timius.
955 5829 1077 5886 Βία.

804 5905 885 5973 (d)
928 5903 1194 5961 Dimittere
1230 5902 1518 5975 conﬂictum
1570 5900 1624 5956 in
1670 5900 1933 5973 integram.
1990 5899 2080 5957 Sic
2127 5899 2324 5959 habent

2443 4690 2773 4759 negligenter
2798 4690 2977 4742 citata.
3012 4687 3130 4743 th.

2515 4756 3056 4833 (te)'Ad_eliberaudas
3092 4760 3290 4813 animas
3322 4774 3513 4812 eorum.
3549 4756 3637 4814 Sic
3662 4757 3857 4828 legitur
3883 4758 3935 4812 in
3959 4759 4045 4814 Pi-

2439 4830 2676 4886 thtieztno.
2707 4831 2825 4887 th.

2511 4902 2662 4958 CAP.
2696 4901 2814 4957 XX.
2839 4932 2911 4944 ——
2936 4900 3145 4973 (f)Sed
3174 4902 3305 4955 enint
3336 4900 3625 4973 sepiteisti.
3658 4899 3948 4973 Eleganter
3982 4911 4042 4957 et

2437 4974 2680 5042 apposite
2707 4972 2987 5029 haereticos
3018 4972 3348 5029 Martionilas
3377 4972 3540 5043 sepiis
3568 4981 3866 5040 comparat.
3902 4972 4040 5029 Nam

2437 5053 2497 5099 ut
2520 5045 2721 5099 Plinius
2750 5045 2908 5099 tradit
2930 5044 3021 5098 lib.
3044 5044 3099 5110 9,
3122 5060 3240 5113 cap.
3269 5043 3359 5110 29,
3393 5044 3587 5112 Sepiaa,
3614 5043 3839 5112 piscium
3866 5060 4041 5114 genus

2433 5125 2536 5179 est,
2561 5118 2647 5171 tibi
2671 5131 2889 5172 sensere
2915 5131 2972 5169 se
2993 5115 3345 5183 apprehendi,
3368 5114 3540 5169 eii'uso
3566 5124 3868 5185 atramento
3895 5117 4039 5185 quod

2434 5202 2534 5257 pro
2556 5189 2812 5257 sanguine
2840 5189 2901 5241 iis
2918 5195 3020 5251 est,
3042 5186 3304 5241 infuscata
3322 5201 3456 5256 aqua
3479 5184 3903 5257 abscondantur.
3918 5184 4039 5241 Eo-

2433 5255 2555 5313 dem
2578 5255 2738 5313 mddo
2774 5259 3009 5315 haeretici
3050 5255 3395 5321 Marcionita»,
3416 5257 3502 5311 ubi
3538 5255 3927 5311 traductionem
3954 5260 4037 5313 sui

2434 5330 2691 5395 sentiunt,
2712 5330 2812 5384 hoc
2830 5340 2930 5394 est,
2956 5346 3075 5387 cum
3090 5330 3291 5385 erroris
3306 5328 4036 5397 arguuntnrconvincuntur-

2434 5417 2557 5471 que.
2583 5401 2830 5456 tenebras
2860 5401 2982 5456 ltuic
3008 5400 3353 5470 blasphemia:
3396 5400 3866 5471 intervomunt,iut
3893 5411 4039 5454 atra-

2435 5469 2673 5528 mentum
2724 5473 2908 5542 sepize,
2957 5469 3138 5543 atque
3167 5472 3234 5527 ita
3282 5481 3593 5543 arguentem
3627 5469 3932 5543 impediunt
3982 5481 4038 5526 et

2433 5553 2700 5608 avertunt,
2725 5540 3001 5614 allegando
3023 5540 3143 5614 quin
3169 5540 3461 5598 bonitatem
3474 5540 3745 5597 Creatoris
3765 5543 4035 5599 infuscent

2432 5614 2870 5685 obttttbilcntqtte.
2902 5615 3077 5671 BERN.

2505 5687 2581 5757 (ᾳ)
2627 5683 2816 5741 Contra
2847 5684 3083 5742 Hebraeos
3101 5696 3298 5741 mutuas
3328 5685 3589 5751 petitiones
3614 5683 3913 5757 instituunt.
3942 5683 4035 5740 Sic

2433 5752 2743 5814 Alexander
2772 5757 3063 5828 Imperator
3092 5758 3124 5811 l.
3159 5774 3172 5812 I
3223 5774 3270 5812 c.
3303 5756 3429 5814 Rer.
3475 5765 3702 5812 amator.
3743 5752 3865 5807 Non
3898 5758 4033 5810 enim

2432 5846 2573 5899 prius
2611 5831 2820 5893 exsolvi,
2863 5832 2999 5900 quod
3036 5831 3211 5884 debere
3253 5836 3300 5882 te
3337 5828 3636 5900 constiterit.
3686 5841 3889 5897 equum
3931 5838 4028 5892 est,

2430 5897 2581 5973 quam
2599 5902 2832 5973 petitioni
2854 5897 3041 5956 mutua:
3069 5918 3366 5973 responsum
3388 5901 3566 5970 fuerit.
3600 5897 3716 5952 Iltc.
