4262 6490
209 429 315 486 309

1332 423 1460 480 LIB.
1503 422 1547 478 ll
1589 417 1949 477 ADVERSUS
1986 417 2408 474 MARCIONEM.

3411 406 3517 464 310

211 547 554 622 tionem?(a)
583 547 713 603 Nam
740 547 961 602 etaiunt
991 545 1062 600 ita
1085 553 1262 599 actum
1285 558 1380 615 per
1403 543 1604 612 legatos
1634 539 1806 593 utrin-
1836 538 1888 596 A
1913 534 1980 589 de
2008 534 2267 589 absolutis
2297 531 2645 589 revincamini
2669 574 2683 596 ,
2713 529 3058 600 simplicitate
3088 525 3352 588 veritatis,
3405 538 3510 576 non

210 655 316 713 que
347 657 363 707 ;
398 639 771 713 Egyptiorum
798 639 1012 709 quidem
1039 637 1392 708 repetentium
1414 647 1564 698 vasa,
1593 631 1806 688 Juda-o-

209 750 326 790 runt
358 751 490 789 vero
522 733 914 804 reposcentiuin
959 747 1150 802 operas
1179 744 1305 786 suas
1338 746 1350 782 :
1383 738 1438 783 et
1468 727 1682 782 tandem
1711 741 1804 778 va-

211 829 287 884 sis
341 828 458 882 istis
491 827 567 900 (b)
615 825 694 900 (l)
725 827 1165 881 renuntiaverunt
1207 823 1305 878 sibi
1337 821 1594 894 Egyptii.
1639 817 1807 874 Hodie

216 920 478 977 adversus
509 921 847 976 Marcionitas
873 918 1104 989 amplius
1130 916 1383 988 allegant.
1410 914 1620 969 Hebrwi
1642 954 1656 980 ,
1712 926 1806 966 ne-

210 1023 401 1085 gantes
442 1011 875 1081 compensationi
928 1009 1060 1064 satis
1111 1023 1231 1064 esse
1285 1004 1628 1076 quantumvis
1676 1002 1805 1058 illud

210 1108 321 1162 auri
355 1119 412 1162 et
459 1109 686 1177 argenti,
735 1105 781 1159 si
831 1111 1214 1158 sescentorum
1249 1099 1473 1155 millium
1505 1112 1682 1168 operte
1710 1111 1807 1168 per

211 1210 288 1257 tot
335 1215 510 1253 annos
557 1199 640 1254 vel
686 1198 908 1268 singulis
952 1195 1184 1251 nummis
1213 1193 1422 1249 diurnis
1450 1193 1802 1248 mstimentur.

208 1293 337 1360 Quae
364 1303 544 1348 autem
575 1308 696 1362 pars
729 1291 901 1362 major
926 1290 949 1344 ?
982 1290 1339 1359 repetentium
1367 1303 1492 1343 vasa
1518 1328 1532 1353 ,
1563 1301 1629 1341 an
1659 1286 1804 1340 inco-

208 1387 435 1442 lentium
459 1386 610 1440 villas
629 1395 683 1439 et
715 1383 925 1440 nrbes?
973 1381 1211 1451 Querela
1263 1397 1392 1448 ergo
1421 1395 1566 1435 mare
1603 1377 1806 1451 Egyp-

207 1481 430 1544 tiorutn,
467 1477 538 1551 (c)
565 1495 630 1532 an
655 1478 826 1548 gratia
855 1475 1250 1531 Hebraeorum?
1307 1473 1374 1529 Ut
1422 1474 1538 1530 solo
1586 1473 1806 1542 injuria-

205 1588 322 1626 rum
370 1572 574 1641 judicio
620 1569 829 1624 llebrtei
862 1567 1148 1640 IEgyptios
1181 1575 1610 1637 repercuterent,
1648 1565 1804 1622 liberi

205 1665 459 1721 homines
481 1667 532 1718 in
557 1663 883 1733 ergastulum
907 1662 1134 1724 subacti,
1162 1671 1220 1715 ut
1239 1661 1382 1715 solas
1413 1660 1659 1730 scapulas
1680 1675 1804 1714 suas

204 1759 402 1814 scriba:
443 1773 631 1812 eorum
665 1755 802 1826 apud
841 1755 1095 1810 subsellia
1136 1769 1230 1809 sua
1262 1753 1572 1808 ostenderet
1624 1752 1805 1820 ï¬‚agel-

204 1853 386 1908 lorum
441 1852 828 1905 contumeliosa
882 1850 1166 1902 atrocitate
1198 1848 1462 1901 laceratas
1490 1863 1502 1900 :
1536 1861 1642 1902 non
1677 1861 1804 1916 pau-

203 1946 283 2001 cis
335 1946 578 2000 lancibus
621 1953 676 1999 et
723 1942 958 2014 scyphis,
995 1940 1303 2012 pauciorum
1350 1940 1533 2012 utique
1581 1940 1802 1994 divitum
1833 1940 1884 1998 B

203 2040 425 2112 ubique,
481 2039 574 2093 sed
609 2037 732 2091 totis
758 2047 811 2092 et
837 2037 1073 2106 ipsorum
1102 2033 1467 2096 facultatibus,
1498 2042 1552 2088 et
1580 2031 1807 2104 popula-

200 2134 341 2188 rium
388 2133 628 2185 omnium
677 2127 1055 2183 collationibus
1102 2124 1543 2180 satisfaciendum
1567 2124 1809 2179 Hebrazis

201 2227 612 2298 pronuntiasses
643 2221 761 2295 (2)?
789 2220 954 2291 Igitur
983 2221 1027 2275 si
1047 2219 1184 2274 bona
1213 2218 1561 2274 Hebrzeorum
1591 2231 1804 2284 caussa,

201 2319 343 2375 bona
368 2320 482 2390 jam
514 2327 567 2374 et
592 2331 780 2372 caussa
805 2358 820 2381 ,
851 2314 901 2370 id
930 2322 1031 2378 est,
1056 2314 1364 2370 mandatum
1391 2313 1685 2378 Creatoris,
1717 2313 1806 2384 qui

200 2425 254 2469 et
276 2413 566 2484 Egyptios
591 2420 772 2482 gratos
793 2407 918 2463 fecit
937 2408 1256 2472 nescientes,
1281 2419 1502 2463 etsuum
1526 2407 1806 2478 populum,

202 2510 256 2564 in
285 2520 532 2577 tempore
559 2502 914 2576 expeditionis
935 2513 1181 2570 angusto,
1207 2502 1385 2570 aliquo
1418 2499 1612 2555 solatio
1632 2501 1808 2556 tacita:

201 2599 615 2670 compositionis
668 2593 948 2664 expunxit.
983 2593 1146 2650 Plane
1195 2594 1373 2648 minus
1402 2594 1544 2664 exigi
1595 2593 1801 2664 jussit:

204 2694 451 2750 llebrmis
481 2692 624 2748 enim
657 2688 740 2763 (5)
772 2686 934 2746 etiam
962 2687 1102 2745 filios
1130 2686 1372 2762 Egyptii
1394 2689 1680 2745 restituere
1709 2687 1807 2744 de-

205 2786 458 2842 buerant.

804 2877 1032 2936 CAPUT
1061 2877 1205 2933 XXI.

277 2994 369 3051 Sic
390 3003 445 3050 et
471 2995 524 3049 in
555 2994 766 3049 caeteris
784 2993 1198 3049 contrarietates
1228 3002 1618 3063 praceptorum
1641 2994 1690 3050 ei
1713 3009 1809 3050 ex-

207 3087 460 3158 probras,
502 3096 561 3141 ut
612 3086 795 3140 mobili
820 3095 870 3141 et
901 3085 1174 3150 instabili;
1209 3085 1544 3154 prohibentis
1571 3087 1808 3144 sabbatis

207 3180 443 3250 operari,
477 3189 530 3234 et
553 3179 790 3249 jubentis
812 3193 989 3233 arcam
1013 3176 1344 3234 circumferri
1375 3193 1470 3248 per
1495 3178 1612 3236 dies
1638 3191 1766 3236 octo
1789 3220 1806 3244 ,

209 3273 261 3327 id
289 3281 395 3338 est,
427 3273 590 3326 etiam
614 3271 862 3332 sabbato.
917 3272 968 3326 in
993 3271 1391 3342 expugnatione
1419 3270 1652 3328 civitatis
1677 3272 1806 3328 Hie-

209 3363 384 3418 ricbo.
429 3361 540 3417 Nec
585 3363 793 3416 sabbati
823 3363 966 3416 enim
1011 3362 1230 3430 inSpicis
1259 3361 1452 3432 legem,
1510 3378 1675 3434 Opera
1707 3365 1807 3420 hu-

211 3471 372 3510 mana
405 3497 420 3518 ,
448 3470 558 3509 non
588 3453 768 3508 divina
799 3453 1193 3524 prohibentem.
1225 3455 1496 3525 Siquidem
1522 3499 1536 3522 ,
1572 3458 1701 3522 Sex,
1737 3461 1816 3513 in-

211 3549 327 3618 quit
357 3545 556 3619 (Exod.
587 3545 705 3615 XX,
737 3547 789 3613 9,
829 3543 941 3618 10),
975 3545 1148 3600 diebus
1175 3562 1406 3618 operare,
1440 3559 1486 3603 et
1515 3551 1671 3622 facies
1701 3568 1813 3606 om-

213 3643 302 3696 nia
334 3658 495 3710 opera
525 3651 612 3694 tua
636 3682 650 3704 ,
698 3641 912 3710 septima
937 3651 1104 3695 autem
1133 3641 1216 3695 die
1259 3641 1456 3696 sabbati
1483 3640 1567 3716 (4)
1598 3642 1815 3701 Domino

213 3734 325 3789 Deo
357 3744 445 3788 tuo
476 3750 490 3798 ;
522 3750 625 3787 non
663 3733 818 3804 facies
844 3733 899 3788 in
927 3749 984 3787 ea
1011 3748 1158 3787 omne
1198 3749 1345 3803 opus.
1380 3733 1534 3802 Quod
1561 3733 1585 3788 ?
1617 3734 1816 3806 Utique

213 3837 367 3884 tuum
403 3823 507 3898 (5).
541 3823 890 3895 Consequens
927 3825 1069 3880 enim
1118 3834 1204 3879 est
1232 3866 1246 3890 ,
1306 3836 1367 3880 nt
1408 3842 1471 3882 ea
1503 3841 1667 3896 opera
1693 3830 1817 3883 sab-

215 3919 346 3978 bato
399 3918 674 3983 auferret,
700 3933 820 3988 qum
845 3932 938 3972 sex
965 3917 1155 3973 diebus
1182 3931 1341 3988 supra
1370 3919 1684 3976 induxerat:
1731 3930 1819 3977 tua

216 4011 469 4074 scilicet,
505 4009 555 4064 id
588 4019 671 4063 est
696 4051 708 4074 ,
746 4008 1000 4073 humana,
1030 4017 1084 4064 et
1111 4007 1440 4077 quotidiana.
1475 4012 1664 4067 Arcam
1693 4027 1824 4069 vero

217 4103 593 4167 circumferre,
647 4119 818 4174 neque
846 4103 1211 4172 quotidianum
1258 4118 1393 4176 opus
1424 4104 1590 4161 videri
1623 4118 1820 4176 petest,

219 4214 403 4269 neque
432 4199 721 4252 humanum
749 4215 762 4264 ;
793 4198 888 4252 sed
912 4206 967 4252 et
993 4213 1193 4265 rarum,
1221 4207 1275 4254 et
1305 4212 1726 4270 sacrosanctum,
1771 4216 1825 4260 ct

224 4309 289 4350 ex
323 4295 441 4364 ipso
471 4301 596 4347 tunc
625 4293 715 4347 Dci
751 4302 1018 4363 praecepto
1064 4294 1246 4364 utique
1283 4293 1545 4352 divinum.
1575 4299 1727 4368 Quod
1771 4314 1828 4358 et

222 4389 343 4461 ipse
381 4389 509 4460 quid
549 4388 878 4459 significaret
915 4387 1268 4443 edissererem
1294 4430 1311 4456 ,
1344 4390 1446 4445 nisi
1478 4390 1558 4464 (6)
1611 4393 1826 4467 longum

222 4489 374 4537 esset
425 4479 621 4550 figuras
671 4491 1113 4549 argumentorum
1169 4481 1406 4535 omnium
1434 4481 1708 4541 Creatoris
1736 4504 1830 4544 ex-

223 4574 494 4646 pandere,
523 4590 654 4644 quas
681 4573 899 4629 forsitan
928 4587 1030 4630 nec
1057 4571 1314 4628 admittis.
1344 4574 1452 4630 Sed
1478 4577 1598 4648 plus
1625 4589 1738 4646 est,
1785 4585 1831 4639 si

1909 627 2220 682 curiositate
2257 646 2270 682 :
2294 628 2433 681 sicut.
2461 635 2516 680 et
2537 638 2678 678 nunc
2707 631 2856 678 certa
2879 619 3153 676 distinctio
3176 628 3260 672 est
3281 615 3510 679 sabbati,

1912 721 2162 786 humana,
2199 735 2305 774 non
2337 719 2522 773 divina
2551 730 2711 786 opera
2737 713 3096 784 prohibentis.
3142 709 3384 778 Ideoque
3423 707 3514 778 qui

1912 811 2151 865 sabbatis
2175 811 2435 882 lignatum
2462 808 2617 874 ierat,
2650 806 2806 860 morti
2828 805 2984 859 datus
3012 814 3094 859 est
3127 821 3137 855 :
3177 816 3333 856 suum
3363 800 3508 854 enim

1910 917 2045 974 opus
2075 903 2296 969 fecerat,
2329 902 2447 972 lege
2476 900 2836 956 interdictum.
2885 898 2985 966 Qui
3018 912 3146 951 vero
3176 911 3353 950 arcam
3389 894 3513 949 sab-

1913 995 2053 1051 batis
2079 996 2541 1060 circumtulerant,
2587 994 2804 1062 impune
2830 997 3116 1061 gesserunt
3145 1008 3157 1043 :
3212 1004 3316 1044 non
3350 1001 3505 1042 suum

1910 1091 2052 1147 enim
2094 1105 2262 1160 opus,
2311 1089 2406 1145 sed
2440 1089 2531 1144 Dei
2565 1085 2666 1161 (7),
2700 1102 2763 1143 ex
2800 1092 3068 1157 prmccpto
3093 1082 3298 1138 scilicet
3323 1080 3513 1150 ipsius,

1913 1185 2442 1240 administraverant.

2476 1252 2712 1312 CAPUT
2768 1249 2935 1306 XXII.

1982 1328 2213 1384 Proinde
2241 1336 2296 1383 et
2323 1326 2730 1382 similitudinem
2779 1333 2966 1378 vetans
2988 1319 3102 1375 ï¬eri
3127 1317 3368 1373 omnium
3395 1330 3539 1399 qum

1910 1424 1963 1480 in
1984 1424 2123 1479 coalo
2151 1432 2202 1478 et
2242 1422 2292 1476 in
2323 1432 2462 1476 terra
2504 1429 2557 1474 et
2596 1419 2646 1472 in
2672 1417 2822 1486 aquis
2848 1457 2863 1482 ,
2897 1413 3134 1469 ostendit
3183 1419 3236 1466 ct
3272 1423 3513 1473 caussas,

1911 1519 2227 1574 idololatria;
2256 1516 2460 1572 scilicet
2481 1512 2830 1569 substantiam
2879 1509 3189 1564 cohibentes
3234 1503 3335 1577 (8).
3370 1503 3505 1558 Sub-

1904 1609 2020 1679 jicit
2050 1610 2191 1664 enim
2220 1626 2232 1660 :
2268 1606 2389 1661 Non
2419 1605 2728 1670 adorabitis,
2763 1619 2921 1673 neque
2949 1599 3173 1656 servietis
3211 1598 3336 1650 illis.
3369 1595 3494 1650 Scr-

1909 1701 2085 1772 pentis
2123 1710 2301 1755 autem
2354 1699 2490 1755 Î±Î¾Î¹Î¹Îµá½·
2518 1697 2724 1768 el'ligies
2745 1738 2758 1761 ,
2801 1704 2984 1765 postea
3016 1700 3278 1763 praecepta
3313 1689 3442 1742 Mosi
3473 1704 3499 1740 a

1911 1796 2158 1860 Domino,
2190 1810 2295 1849 non
2322 1793 2388 1848 ad
2423 1791 2736 1847 idololatria:
2770 1790 2982 1845 titulum
3012 1785 3352 1856 pertinebat,
3406 1781 3501 1836 sed

1911 1891 1977 1947 ad
2019 1887 2397 1945 retncdiandos
2422 1901 2519 1941 eos
2545 1886 2635 1956 qui
2659 1901 2686 1936 a
2718 1882 3058 1952 serpentibus
3085 1877 3497 1933 infestabantur.

1915 1983 1982 2038 Et
2012 1995 2162 2036 taceo
2205 1980 2273 2036 de
2296 1979 2460 2050 figura
2485 1976 2707 2032 remedii
2752 1974 2841 2031 Sic
2870 1982 2925 2029 et
2949 1971 3234 2028 Cherubim
3262 1977 3318 2024 et
3340 1965 3500 2022 Sera~

1911 2076 2059 2148 phim
2087 2087 2250 2128 aurea
2275 2073 2327 2127 in
2355 2086 2497 2126 arca:
2521 2069 2799 2139 figuratum
2830 2064 3166 2135 exemplum,
3196 2070 3345 2117 certe
3366 2059 3500 2113 sim-

1914 2170 2036 2241 plex
2056 2175 2457 2228 ornamentum,
2486 2159 2890 2219 accommodata
2917 2155 3190 2228 suggestui
3208 2197 3222 2218 ,
3255 2154 3410 2222 longe
3435 2150 3485 2202 di
3504 2153 3523 2164 '

1913 2276 2098 2318 versas
2122 2258 2370 2315 habendo
2392 2271 2611 2313 caussas
2640 2256 2706 2308 ab
2735 2252 3053 2309 idololatriae
3081 2247 3410 2310 conditione,
3438 2243 3508 2297 ob

1909 2371 2068 2427 quam
2093 2352 2386 2409 similitudo
2415 2349 2733 2420 prohibetur
2761 2389 2776 2413 ,
2823 2361 2932 2400 non
2962 2343 3211 2400 videntur
3259 2339 3512 2395 similitu-

1911 2450 2097 2505 dinum
2133 2448 2524 2518 prohibitarum
2557 2444 2657 2514 legi
2678 2441 2954 2510 refragari,
2977 2453 3081 2493 non
3113 2437 3164 2492 in
3180 2450 3245 2491 eo
3266 2434 3516 2489 similitu-

1911 2541 2056 2598 dinis
2083 2549 2224 2595 statu
2253 2539 2587 2607 deprehensa
2615 2579 2629 2600 ,
2659 2536 2729 2590 ob
2755 2549 2913 2604 quem
2941 2529 3235 2586 similitudo
3262 2528 3512 2598 prohibe-

1913 2647 2020 2693 tur.
2051 2635 2295 2690 Diximus
2335 2633 2406 2690 de
2444 2630 2832 2686 sacrificiorum
2883 2625 3129 2681 rationali
3163 2623 3519 2685 institutione,

1912 2728 2190 2784 avocantis
2244 2725 2324 2798 (9)
2375 2725 2583 2780 scilicet
2641 2723 2708 2776 ab
2765 2719 2922 2776 idolis
2994 2717 3064 2772 ad
3127 2716 3295 2772 Deum
3344 2712 3519 2769 officia

1909 2836 1996 2889 ea,
2019 2836 2138 2892 qua:
2159 2821 2204 2876 si
2232 2833 2420 2875 rursus
2439 2819 2690 2889 ejecerat,
2705 2814 2896 2870 dicens
2917 2810 3086 2886 (Ps.l,
3107 2812 3133 2867 1
3151 2809 3198 2883 l)
3219 2826 3234 2865 :
3261 2808 3373 2876 Quo
3395 2809 3520 2863 milii

1912 2915 2285 2970 multitudinem
2322 2911 2689 2980 sacriï¬ciorum
2717 2906 2980 2963 vestrum?
3012 2905 3112 2960 hoc
3145 2904 3319 2974 ipsum
3351 2902 3522 2956 voluit

1912 3007 2156 3078 intelligi,
2191 3004 2330 3076 quod
2367 3019 2474 3059 non
2497 3003 2601 3059 sibi
2633 3017 2695 3058 ea
2723 2998 2939 3071 proprie
2959 2996 3256 3067 exegisset:
3291 2996 3372 3065 (Î¹Î¹)
3400 2992 3522 3048 Non

1913 3103 2047 3159 enim
2085 3099 2272 3165 bibam,
2301 3099 2472 3168 inquit
2517 3096 2635 3168 (Ps.
2667 3091 2860 3158 XLIX,
2888 3092 2997 3161 l5).
3029 3089 3327 3160 sanguinem
3352 3097 3520 3140 tauro-

1911 3214 2027 3253 rum
2052 3214 2066 3262 ;
2096 3198 2218 3268 quia
2245 3205 2298 3252 et
2322 3193 2450 3250 alibi
2478 3190 2700 3264 ait(ls.,
2732 3189 2848 3255 XL,
2870 3185 2966 3253 9.8)
2987 3202 3002 3244 :
3027 3184 3166 3240 Deus
3185 3193 3402 3240 internus
3423 3198 3524 3237 non

1915 3292 2120 3356 esuriet,
2144 3306 2236 3346 nec
2265 3290 2416 3343 sitiet.
2444 3285 2578 3342 Nam
2599 3284 2698 3340 etsi
2741 3283 2808 3337 ad
2833 3282 3131 3337 oblationes
3169 3279 3299 3333 Abel
3327 3278 3520 3331 adver-

1920 3385 1982 3440 tit
2008 3384 2146 3455 (tO),
2178 3393 2232 3438 et
2252 3381 2561 3437 holocausta
2588 3377 2700 3432 Noe
2721 3376 2976 3432 odoratus
3004 3383 3087 3429 est
3110 3373 3343 3430 libenter
3367 3371 3413 3442 (Î¹
3433 3372 3484 3440 l)
3507 3412 3521 3435 ,

1918 3492 2039 3546 qua:
2061 3475 2369 3546 jucunditas
2407 3474 2520 3528 sive
2545 3473 2811 3526 viscerum
2842 3469 3264 3531 rervecinorum,
3287 3467 3397 3520 sive
3441 3465 3524 3517 ni-

1919 3569 2068 3624 doris
2098 3567 2398 3622 ardentinm
2428 3561 2808 3620 victimarum?
2848 3558 2954 3616 Sed
2985 3559 3193 3613 animus
3223 3555 3447 3629 simplex
3475 3564 3529 3609 et

1922 3660 2088 3716 Deum
2133 3667 2378 3714 metuens
2407 3654 2745 3712 onâ€˜crentium
2794 3667 2855 3708 ea
2886 3667 3005 3722 qum
3033 3666 3061 3705 a
3086 3649 3195 3704 Deo
3235 3647 3522 3714 habebant,

1919 3763 1975 3810 et
1995 3752 2170 3824 pabuli
2203 3762 2256 3808 et
2285 3750 2466 3808 suavis
2493 3747 2708 3804 olentizc
2728 3745 2896 3816 gratia
2924 3741 3039 3816 (Î¹á½²)
3067 3740 3204 3812 apud
3235 3740 3399 3794 Deum
3430 3738 3528 3794 dc-

1923 3846 2224 3915 putabatur.
2255 3859 2361 3898 non
2405 3856 2525 3913 quat
2553 3840 2749 3895 fiebant
2776 3836 3059 3907 exigentis,
3083 3833 3176 3888 sed
3208 3832 3336 3888 illud
3371 3847 3530 3903 prop-

1924 3944 2005 3991 tcr
2034 3937 2174 4007 quod
2221 3934 2439 3994 ï¬ebant,
2488 3932 2558 3986 ob
2589 3931 2845 3985 honorem
2869 3926 3075 3984 scilicet
3116 3925 3232 3980 Dei.
3264 3923 3318 3979 Si
3360 3923 3530 3977 cliens

1924 4027 2070 4084 diviti
2100 4037 2190 4082 aut
2220 4028 2330 4097 regi
2358 4023 2488 4080 nihil
2521 4020 2869 4085 desideranti,
2916 4027 3093 4074 tamen
3151 4015 3351 4084 aliquid
3381 4015 3529 4071 vilis-

1926 4124 2046 4179 simi
2071 4119 2368 4177 munusculi
2389 4116 2662 4181 obtulerit,
2686 4114 2953 4185 quantitas
2975 4121 3028 4168 et
3047 4109 3271 4182 qualitas
3295 4109 3533 4164 muneris

1930 4215 2210 4272 infuscabit
2237 4213 2454 4269 divitem
2481 4221 2537 4265 et
2560 4225 2763 4281 regem,
2801 4224 2866 4263 an
2909 4205 3195 4261 delectabit
3235 4202 3418 4258 titulus
3449 4202 3533 4258 of-

1929 4307 2075 4364 ficii?
2105 4310 2172 4362 At
2188 4305 2234 4362 si
2254 4305 2423 4361 cliens
2439 4305 2485 4358 ei
2504 4317 2730 4358 munera.
2749 4301 2909 4362 ultro,
2932 4297 3017 4354 vel
3041 4297 3200 4352 etiam
3223 4295 3367 4350 dicto
3414 4293 3463 4365 (l
3475 4294 3533 4364 '5)

1930 4402 2118 4457 ordine
2164 4415 2265 4457 suo
2297 4397 2507 4463 olferat,
2542 4406 2595 4452 et
2640 4393 2897 4450 solemnia
2937 4390 3078 4461 regis
3123 4390 3394 4451 observet,
3428 4401 3537 4441 non

1932 4509 1999 4549 ex
2031 4492 2132 4548 tide
2162 4501 2361 4554 tamen,
2387 4503 2487 4545 nec
2505 4488 2669 4543 corde
2700 4501 2855 4556 puro,
2877 4498 2977 4539 nec
3005 4481 3165 4553 pleno
3181 4481 3321 4536 circa
3343 4487 3537 4533 cetera

1941 4600 2155 4658 quoque
2192 4585 2467 4655 obsequia,
2499 4596 2677 4637 nonne
2722 4591 3059 4648 consequens
3095 4583 3154 4630 ut
3177 4588 3269 4629 rex
3316 4571 3406 4628 ille
3455 4569 3541 4629 vel

1461 4689 1848 4755 LECTIONES
1883 4696 2304 4757 VARIANTES.

319 4803 368 4864 l)
393 4803 456 4854 Et
479 4811 643 4853 tamen
667 4802 755 4851 has
770 4801 959 4864 justitia
981 4800 1131 4854 Seml.
1157 4801 1344 4864 Pamel.

316 4863 371 4936 Îž)
397 4863 1024 4936 Hebreuspronnntiasset
1058 4863 1225 4936 Ifaris.
1264 4863 1414 4936 Rhea.
1454 4866 1684 4936 hebraeos
1718 4885 1831 4936 pro-

231 4927 533 4992 nuntiasses.
558 4927 677 4992 Ï‰Î±Ï‚
700 4929 888 4992 Wouw.
913 4929 1129 4979 hebrwis
1151 4931 1509 4992 pronuntiasset
1530 4934 1681 4984 Seml.

299 4989 375 5058 (á¾‡)
400 4992 541 5058 Enim
562 4987 868 5058 negl-ï¬am!-

323 5053 376 5104 4)
402 5053 658 5104 Sabbatiz'a
682 5053 848 5104 Paris.

400 5116 897 5229 ITtâ€˜titsiqbueentluum
917 5113 1069 5168 Seml.
1090 5127 1240 5180 prave
1255 5114 1434 5182 corrig.

301 5217 378 5305 iii
573 5217 685 5292 â€™á¼†Î¹á¿–
693 5217 805 5293 B'Ã©i'
816 5254 938 5303 opus
959 5240 1068 5306 Rig.
1099 5243 1266 5294 Venet.

1856 4815 1910 4874 1)
1999 4811 2071 4876 (8)
2099 4812 2218 4872 Quae
2247 4812 2571 4876 substantiam
2601 4809 2895 4876 cohibentes
2925 4803 3078 4858 Seml.
3117 4805 3540 4876 Rhemusubstanl-

1935 4864 2067 4926 tiaâ€˜uf
2096 4864 2334 4924 cohibens
2375 4874 2485 4925 cod.
2531 4869 2714 4935 Ursini.
2759 4873 2896 4935 quasi
2929 4883 3020 4934 pro
3049 4882 3161 4933 quae
3184 4865 3359 4931 coniic.
3385 4864 3539 4919 Seml.

1938 4937 2171 5001 cohibent
2194 4950 2284 5001 pro
2305 4937 2600 5001 cohibentes
2624 4933 2773 4984 Rhea.

2001 4998 2074 5063 (9)
2102 4993 2336 5050 Avocanti
2358 4996 2510 5063 Serui.
2535 5003 2771 5063 avocante
2795 4993 2986 5052 Pamet.

2037 5058 2110 5117 l'Ol
2141 5062 2372 5112 Advertis
2393 5058 2563 5123 aliqui.

2037 5123 2114 5187 ll)
2139 5125 2378 5175 Libenter
2399 5119 2528 5174 abest
2548 5135 2579 5171 tt
2601 5119 2824 5187 guibusd.

2039 5181 2116 5237 l2)
2143 5187 2322 5237 Gratia:
2344 5194 2458 5235 Jun.
2478 5181 2630 5236 Seml'.

2039 5243 2115 5314 13')
2135 5249 2304 5301 Edicta
2328 5247 2435 5315 Rig.
2467 5251 2634 5299 Venet.
2652 5244 2732 5297 vel
2749 5258 2814 5296 ex
2832 5243 2993 5296 edicta
3012 5243 3116 5294 Lat.
3141 5249 3254 5292 Jun.

1637 5346 2187 5410 COMMENTARIUS.

313 5459 559 5586 (a)Rll\(l}am
582 5473 626 5516 et
657 5463 798 5517 aiunt
823 5470 897 5517 tta
919 5471 1086 5516 actum
1113 5478 1202 5531 per
1217 5464 1428 5534 legatos.
1465 5461 1555 5518 Ait
1576 5477 1706 5518 vero
1732 5462 1840 5517 Mo-

313 5549 354 5586 s.
496 5572 508 5584 .

240 5548 354 5588 58$.
391 5548 508 5586 â€œFG.

318 5605 400 5676 (b)
427 5602 964 5659 Remmtiavertmtsibi
985 5603 1242 5674 Egyptii.
1261 5605 1486 5662 Videtur
1510 5605 1677 5660 ironia
1700 5619 1838 5666 esse.

243 5676 533 5747 Egyptios
554 5676 798 5731 videlicet
832 5678 975 5744 justc
1005 5679 1339 5732 renuntiasse
1369 5692 1559 5746 speras
1595 5676 1841 5731 Hebraeo-

237 5765 388 5812 rum,
413 5747 518 5803 hoc
534 5756 635 5810 est,
656 5748 952 5803 mercedem
970 5763 1066 5818 pro
1078 5749 1258 5818 operis
1277 5749 1508 5804 debitam
1528 5749 1843 5817 denegasse.

317 5889 396 5961 (c)
442 5891 518 5944 Î‘Î·
554 5892 726 5966 gratia
759 5890 1112 5966 Hebraeorum.
1161 5890 1292 5966 Qu;
1323 5891 1402 5944 eis
1443 5820 1760 5953 Î¹Î¾á½³á¿—á¿—Î¾á¿—á½¶Î¹Î¹Î·Ï„,
1791 5898 1847 5945 et

245 5978 408 6035 quam
437 5961 759 6029 meruerant,
793 5962 843 6017 id
869 5974 949 6016 est
978 5978 1206 6019 merces.
1236 5961 1411 6016 Busa.

2018 5467 2173 5523 CAP.
2206 5464 2552 5539 XXll.-(d)
2588 5463 2712 5539 Non
2739 5465 2872 5539 enim
2899 5462 3544 5539 bibam,inquit,_sangui-

1950 5555 2062 5594 nem
2080 5550 2363 5593 taurorum.
2392 5533 2634 5593 Deflectit
2655 5535 2740 5588 hic
2763 5533 3123 5588 Tertullianus
3166 5551 3196 5589 a
3223 5533 3444 5602 Vulgata
3473 5534 3550 5587 le-

1948 5613 2127 5666 ctione
2141 5620 2343 5674 nostra,
2361 5606 2686 5680 inquaPsal.
2712 5604 2877 5680 XLIX
2909 5623 2922 5680 Ï„)
2948 5603 3550 5680 Î»Î¹Ï€á½»Î·Î¹á¾³Î·á½¶á½±Ï€Î¹Î±á¿ƒÎ¹Î¹á¿ƒÎµÏá½ºÏ

1949 5698 2124 5737 carnes
2145 5691 2425 5744 taurorum,
2447 5674 2546 5732 'aut
2579 5679 2879 5747 sanguinem
2905 5674 3162 5729 hircorum
3191 5675 3415 5744 potabo?
3442 5674 3551 5729 Sed

1952 5754 2146 5808 nullius
2173 5755 2221 5806 id
2248 5752 2499 5807 momenti
2529 5760 2630 5804 est.
2663 5749 2921 5805 lnnuebat
2947 5758 3124 5802 autem
3168 5749 3316 5802 Deus
3355 5761 3412 5800 se
3444 5762 3551 5800 non

1953 5826 2288 5882 caeremoniis
2308 5839 2402 5878 seu
2419 5822 2607 5877 ritibus
2629 5821 2944 5891 quibusdam
2973 5819 3195 5891 placari,
3226 5817 3321 5874 sed
3345 5828 3551 5872 tantum

1959 5897 2171 5952 sincero
2191 5896 2369 5951 cordis
2394 5893 2607 5950 affectu.
2643 5892 2720 5948 Ls:
2760 5892 2855 5946 Pa.
