4262 6490
757 409 817 463 Si
838 410 853 462 I
2151 403 2607 462 TERTULLIANI

3955 407 4063 464 312

757 525 906 579 dives
958 525 1264 582 exclamet:
1322 525 1433 593 Quo
1481 526 1602 579 mihi
1655 526 2027 580 multitudinem
2089 540 2353 581 munerum
2385 529 2429 583 A
2460 524 2709 592 quoniam
2749 526 2963 596 quidem
2997 527 3192 584 dixerit
3237 527 3290 601 (ι
3319 528 3446 599 Reg.
3478 527 3598 594 XV,
3632 528 3719 601 ll)
3762 546 3775 582 :
3811 528 4062 583 Patuituit

755 628 954 671 tuorum
971 619 994 670 Σ)
1015 618 1192 688 plenus
1214 633 1325 672 sum
1348 636 1360 680 ;
1384 627 1466 672 et:
1495 617 1866 683 Solenmitates,
1889 628 1934 672 et
1953 619 2056 671 dies
2080 621 2230 688 festos
2253 613 2351 689 (a),

759 721 805 764 et
827 721 987 765 vestra
1027 711 1234 764 sabbata
1264 711 1369 764 odit
1407 712 1579 764 anima
1620 729 1728 766 mea
1756 713 1861 781 (I).
1904 710 2076 766 Vestra
2104 711 2352 778 dicendo,

756 815 876 871 qua
902 802 1194 856 secundum
1227 803 1500 857 libidinem
1547 818 1719 869 suam,
1760 819 1864 858 non
1889 804 2179 859 secundum
2224 804 2351 859 reli-

755 895 1414 967 gionemDeicechrando
1439 896 1646 966 (‘2),sua
1668 899 1799 966 jam,
1827 913 1928 951 non
1961 899 2072 963 Dei,
2094 896 2351 965 feceram,

757 988 1168 1043 cenditionalent
1200 988 1397 1043 idcirco
1429 999 1481 1042 et
1509 990 1821 1044 rationalem
1848 989 2235 1044 demonstravit
2265 1005 2353 1044 re-

756 1083 1083 1136 cusationem
1123 1097 1310 1138 eorum
1358 1098 1475 1152 qua:
1502 1081 1924 1137 administranda
1953 1083 2032 1152 (ὅ)
2069 1081 2353 1153 ρτωεοτίρ-

755 1184 915 1227 εει-ιιι.

1329 1267 1554 1326 CAPUT
1593 1268 1782 1324 XXIII.

827 1360 880 1413 Si
915 1374 1042 1413 vero
1065 1361 1222 1414 etiam
1245 1359 1383 1415 circa
1415 1376 1671 1430 personas
1701 1362 1870 1416 levem
1908 1361 1984 1430 (ὁ)
2008 1360 2166 1416 vultis
2195 1361 2352 1416 intel-

759 1456 870 1524 ligi,
919 1471 1040 1508 cum
1089 1456 1341 1524 reprobat
1375 1456 1660 1526 aliquando
1699 1458 1987 1525 probatos;
2030 1466 2124 1510 attt
2154 1459 2353 1528 impro-

760 1548 964 1614 vidmn,
1022 1565 1142 1602 cum
1189 1551 1375 1618 prohat
1415 1549 1734 1619 quandoque
1771 1549 2154 1620 reprobandos,
2205 1552 2354 1621 quasi

753 1641 951 1710 judicia
979 1659 1072 1695 sua
1107 1652 1196 1696 aut
1225 1644 1439 1697 damnet
1470 1644 1758 1713 praeterita,
1793 1653 1882 1697 aut
1911 1645 2113 1713 ignoret
2145 1645 2351 1711 futura;

757 1736 941 1804 atquin
996 1736 1125 1788 nihil
1173 1748 1276 1790 tam
1309 1737 1448 1789 bono
1477 1747 1529 1789 et
1561 1738 1724 1805 judici
1764 1740 2034 1802 convenit,
2069 1755 2224 1808 quam
2260 1755 2356 1809 pro

763 1829 1114 1895 pIQSenlilitts
1143 1828 1346 1882 meritis
1383 1838 1434 1882 et
1463 1831 1685 1898 rejicere
1716 1840 1769 1884 et
1793 1831 2046 1900 allegere.
2093 1832 2356 1902 Allegitur

2457 620 2592 683 quod
2620 635 2780 687 regem
2805 619 3008 688 fecerim
3041 622 3208 684 Saul;
3258 621 3610 691 praescribcns
3637 621 3856 684 scilicet,
3894 621 4064 690 paeni-

2461 713 2680 766 tentiam
2711 713 3106 770 c0nfessionem
3140 731 3332 784 sapere
3371 715 3490 768 tnali
3525 716 3705 784 operis
3726 716 3952 785 alicujus
3981 717 4062 772 vel

2459 808 2681 860 erroris.
2733 807 2900 862 Porro
2931 823 3035 863 non
3085 824 3319 878 semper.
3379 809 3569 862 Evenit
3612 810 3754 862 enim
3802 810 3851 862 in
3907 809 4064 864 bonis

2461 899 2610 954 factis
2644 902 2972 970 pmnitentire
2999 904 3289 966 confessio,
3322 903 3384 957 ad
3408 903 3658 957 invidiam
3685 913 3738 956 et
3768 904 4066 973 exprobra-

2461 993 2660 1046 tionem
2687 994 2802 1064 ejus
2831 995 2919 1065 qui
2955 996 3196 1050 beneficii
3243 997 3482 1065 ingratus
3520 995 3810 1057 exstiterit,
3841 997 3980 1049 sicut
4011 1005 4066 1049 et

2460 1094 2587 1139 tunc
2615 1086 2752 1141 circa
2784 1103 3063 1158 personam
3091 1087 3265 1142 Saulis
3295 1087 3661 1142 honorandum
3713 1092 4064 1143 annuntiatnr

2459 1193 2488 1232 a
2520 1178 2799 1245 Creatore,
2832 1182 2919 1252 qui
2953 1197 3056 1239 non
3089 1183 3412 1251 deliquerat,
3447 1199 3566 1238 cum
3596 1183 3809 1238 Saulcm
3837 1185 4062 1238 assumit

2461 1277 2512 1330 in
2537 1292 2790 1347 regnum,
2824 1289 2876 1333 et
2905 1280 3101 1334 Sancto
3139 1278 3340 1347 Spiritu
3378 1289 3568 1347 auget;
3602 1279 3864 1346 Optimum
3910 1279 4055 1332 enim

2459 1369 2632 1422 adhuc
2653 1371 2875 1438 :qnalis,
2907 1371 3096 1440 inquit,
3124 1387 3226 1426 non
3245 1371 3428 1426 eratin
3453 1371 3572 1425 liliis
3599 1370 3828 1432 Israelis,
3855 1370 4061 1439 dignis-

2459 1461 2592 1516 sime
2622 1464 2896 1530 allegerat,
2946 1463 3037 1518 sed
3084 1479 3181 1518 nec
3222 1464 3556 1532 ignoraverat
3599 1464 3667 1517 ita
3719 1473 4061 1527 eventurum,

2461 1569 2620 1608 nemo
2646 1555 2786 1608 enim
2817 1564 2866 1609 te
2906 1556 3189 1610 sustinebit
3241 1554 3706 1623 improvidentiam
3747 1555 4064 1609 adscriben-

2461 1657 2566 1701 tt-m
2612 1647 2719 1702 Deo
2758 1648 2830 1710 ei,
2876 1663 3034 1716 quem
3067 1647 3235 1701 Deum
3265 1663 3368 1702 non
3423 1663 3642 1718 negans,
3686 1647 3965 1700 confiteris
4011 1657 4065 1701 et

2462 1737 2764 1808 providum.
2816 1738 2940 1793 Ilaec
2991 1739 3131 1793 enim
3183 1741 3255 1794 illi
3289 1741 3502 1810 propria
3548 1740 3799 1794 divinitas
3829 1749 4068 1804 constat,

2459 1835 2551 1886 sed
2583 1833 2775 1884 mahnn
2809 1832 3004 1886 factum
3034 1832 3209 1887 Saulis
3238 1834 3327 1902 (ut
3347 1831 3492 1903 dixi)
3521 1833 3776 1887 onerabat
3803 1831 4072 1900 preniten-

759 1923 837 1991 (5)
889 1921 1034 1983 Saul,
1065 1923 1156 1977 sed
1192 1924 1726 1994 nondumdespector
1761 1925 2030 1994 propheta:
2071 1925 2352 1981 Samuelis.
2388 1923 2434 1983 Β
2466 1925 2550 1979 tiae
2601 1940 2708 1978 suae
2763 1923 3122 1994 professione;
3179 1940 3359 1994 quam,
3406 1935 3626 1978 vacante
3676 1923 3874 1977 delicto
3927 1925 4071 1976 circa

761 2016 1017 2087 chicitur
1044 2018 1315 2083 Salomon,
1361 2019 1451 2073 sed
1477 2019 1585 2086 jam
1617 2034 1645 2072 a
1678 2021 1990 2074 mulieribus
2016 2021 2202 2075 alienis
2230 2037 2354 2092 pos-

758 2125 959 2175 sessus,
976 2110 1196 2164 etidolis
1213 2110 1559 2166 Moabitarum
1573 2122 1622 2166 et
1643 2111 1984 2166 Sidoniorum
2002 2115 2352 2181 mancipatus.

758 2203 892 2268 Quid
941 2205 1134 2257 faceret
1160 2203 1402 2267 Creator,
1448 2221 1513 2258 ne
1554 2220 1582 2258 a
1631 2204 1952 2258 Marcionitis
1995 2205 2354 2275 reprehende-

761 2295 947 2350 retur?
1000 2294 1074 2365 (b)
1126 2294 1270 2348 Bene
1323 2295 1496 2350 adlmc
1550 2306 1768 2364 agentes
1819 2295 2207 2364 pradanmaret
2247 2297 2353 2364 jam

759 2397 976 2455 propter
1005 2387 1176 2439 I'utnra
1200 2387 1426 2440 delicta?
1451 2387 1543 2440 sed
1569 2387 1660 2440 Dei
1687 2386 1809 2440 boni
1834 2402 1936 2441 non
1959 2395 2094 2454 erat,
2121 2388 2354 2441 nondum

761 2488 1028 2532 merentes
1067 2478 1452 2548 praedamnare.
1498 2478 1726 2533 I’roinde
1759 2488 2040 2548 peccantes
2082 2495 2221 2534 nunc
2251 2495 2354 2534 non

760 2580 1035 2624 recusaret
1063 2580 1278 2639 propter
1296 2572 1514 2640 pristina
1544 2569 1862 2626 benefacta?
1889 2569 1993 2626 Sed
2016 2571 2142 2639 justi
2161 2571 2356 2639 judicis

761 2678 864 2716 non
913 2673 1056 2726 erat,
1111 2663 1353 2718 rescissis
1391 2663 1604 2732 (6)jam
1660 2663 1812 2717 bonis
1862 2664 2100 2733 pristinis
2155 2665 2354 2718 scelera

758 2756 979 2811 donare.
1014 2761 1117 2809 Aut
1147 2758 1265 2826 quis
1293 2757 1565 2809 hominum
1599 2757 1714 2810 sine
1736 2756 1952 2820 delicto,
1985 2769 2035 2811 nt
2065 2771 2188 2811 eum
2218 2757 2356 2812 Deus

759 2866 973 2918 semper
1011 2851 1263 2918 allegeret
1303 2850 1404 2920 (7),
1454 2866 1608 2919 quem
1649 2866 1917 2919 nunquam
1965 2860 2143 2919 posset
2199 2865 2353 2905 recu-

759 2943 913 2997 Sare?
943 2943 1024 2996 vel
1063 2946 1182 3013 quis
1211 2945 1332 2997 item
1377 2944 1491 2996 sine
1535 2944 1712 3014 aliquo
1760 2945 1896 2997 bono
1921 2959 2102 3014 Opere,
2149 2955 2204 2998 tit
2234 2960 2354 2999 eum

765 3036 901 3088 Deus
943 3051 1155 3104 semper
1202 3051 1472 3099 recusare,
1512 3053 1668 3107 quem
1703 3053 1970 3109 nunquam
2015 3049 2192 3107 posset
2225 3040 2356 3094 alle-

759 3146 883 3198 gere
918 3130 1036 3201 (8)?
1071 3129 1274 3185 Evhibe
1303 3131 1496 3184 bonum
1521 3146 1752 3200 semper,
1776 3141 1828 3185 et
1861 3148 1965 3185 non
1992 3133 2354 3188 recusabitur:

759 3221 952 3275 exhibe
979 3222 1171 3275 malum
1199 3237 1411 3291 semper
1435 3222 1536 3293 (9),
1561 3233 1615 3276 et
1647 3240 1912 3292 nunquam
1936 3225 2192 3295 allegctnr
2216 3227 2354 3297 (I0).

2461 2016 2636 2072 Saulis
2663 2017 3021 2081 allectioncm,
3055 2031 3391 2088 consequens
3438 2027 3518 2070 est
3544 2015 3861 2071 invidiosam
3893 2016 4072 2085 potius

2464 2110 2707 2180 intelligi,
2759 2127 2862 2163 non
2891 2111 3256 2164 criminosam.
3299 2109 3463 2173 Ecce,
3496 2109 3692 2178 inquis,
3721 2108 4072 2162 criminosam

2461 2216 2578 2254 eam
2607 2201 2975 2254 animadverto
3021 2201 3162 2255 circa
3213 2199 3492 2265 Ninivitas,
3547 2199 3758 2253 dicente
3802 2199 4070 2267 scriptura

2461 2293 2610 2348 Jone
2643 2292 2821 2362 (Joan.
2849 2292 2933 2356 III,
2967 2293 3050 2361 I0)
3075 2311 3087 2346 :
3117 2292 3186 2346 Et
3211 2293 3441 2362 paenituit
3479 2291 3752 2344 Dominum
3780 2296 3843 2345 de
3874 2291 4073 2345 malitia

2460 2405 2611 2457 quam
2639 2389 2834 2441 dixerat
2862 2391 3114 2459 {actin-uni
3163 2404 3216 2440 se
3245 2388 3368 2448 illis,
3401 2403 3490 2440 nec
3521 2388 3655 2459 fecit.
3699 2386 3848 2440 Sicut
3873 2394 3928 2440 et
3961 2387 4074 2456 ipse

2460 2481 2623 2537 Jonas
2647 2481 2713 2536 ad
2734 2481 3022 2536 Dominum
3057 2480 3172 2552 (12)
3198 2501 3208 2535 :
3238 2480 3519 2551 Propterea
3553 2481 3772 2549 preveni
3799 2485 4075 2551 profugere

2462 2575 2512 2628 in
2541 2573 2789 2637 Tharsos,
2837 2576 2957 2638 quia
2989 2590 3319 2643 cognoveram
3365 2584 3412 2626 te
3461 2589 3567 2626 esse
3614 2573 3996 2627 misericordem
4028 2583 4075 2627 et

2461 2667 2880 2728 miserescentem,
2915 2666 3205 2734 patientem,
3239 2675 3284 2716 et
3317 2663 3594 2732 plurimum
3623 2663 3740 2734 (I3)
3775 2664 4072 2717 misericor-

2463 2760 2580 2823 diw,
2614 2761 2930 2829 pwnitcntem
2959 2759 3268 2810 malitiarum
3301 2756 3477 2825 (Joan.
3512 2755 3600 2821 IV,
3629 2756 3707 2826 2).
3734 2755 3879 2810 Bene
3913 2757 4075 2826 igitur

2463 2849 2602 2920 quod
2634 2850 2889 2919 prannisit
2919 2848 3104 2916 optimi
3129 2847 3224 2902 Dei
3262 2847 3493 2913 titulum,
3524 2846 3903 2915 patientissimi
3936 2845 4074 2900 scili-

2462 2953 2548 2997 cet
2574 2959 2735 3011 super
2763 2942 2948 3006 malos,
2979 2952 3032 2996 et
3055 2941 3498 2996 abundantissimi
3528 2940 3646 3010 (III)
3680 2939 4074 2996 misericordiae

2462 3046 2517 3093 et
2545 3036 2903 3092 miserationis
2933 3049 3093 3105 super
3114 3044 3437 3104 agnocentes
3477 3043 3529 3087 et
3551 3034 3946 3102 tlcplangentes
3973 3032 4073 3089 de-

2463 3133 2586 3186 licta
2615 3147 2730 3197 sua,
2767 3130 2948 3199 quales
2987 3138 3112 3183 tunc
3153 3128 3417 3183 Ninivitze.
3454 3126 3509 3182 Si
3535 3128 3677 3182 enim
3709 3127 3952 3195 optimus
3985 3129 4074 3196 qui

2465 3225 2605 3287 talis,
2637 3223 2702 3277 de
2732 3222 2834 3276 isto
2868 3222 3014 3290 prius
3055 3221 3282 3276 cessisse
3323 3219 3566 3278 debebis,
3617 3231 3722 3271 non
3757 3227 4075 3285 competere

761 3312 1048 3374 Caeterum,
1091 3315 1132 3366 si
1178 3313 1315 3367 idem
1345 3313 1525 3382 homo,
1569 3325 1624 3368 ut
1668 3316 1717 3368 in
1753 3326 1976 3385 utroque
2020 3332 2114 3385 pro
2147 3328 2352 3386 tempo-
2386 3325 2430 3386 ρ
2467 3316 2521 3370 in
2548 3315 2732 3377 talem,
2770 3313 2818 3367 id
2847 3323 2930 3367 est
2961 3312 3244 3380 optimum,
3274 3311 3434 3365 etiam
3476 3309 3688 3364 malitia
3717 3323 4070 3364 concursum.

761 3407 928 3470 ribus,
957 3406 1034 3476 (ε)
1082 3407 1132 3460 ἱη
1163 3417 1387 3477 utroque
1413 3407 1762 3479 diSpungetur
1791 3425 1820 3463 a
1854 3411 1979 3474 Deo,
2026 3421 2079 3465 et
2111 3412 2272 3478 bono,
2303 3420 2357 3466 et

760 3500 958 3570 judice,
992 3502 1078 3570 qui
1119 3517 1224 3555 non
1259 3502 1468 3556 levitate
1499 3513 1588 3556 aut
1629 3502 2033 3572 improvidentia
2065 3505 2357 3558 sententias

762 3593 963 3657 vertit;
994 3594 1085 3647 sed
1132 3610 1358 3648 censura
1405 3595 1718 3664 gravissima
1771 3606 1822 3650 et
1866 3595 2354 3665 providentissitna,

764 3685 949 3738 merita
984 3688 1237 3755 temporis
1259 3687 1514 3755 cujusque
1543 3685 1837 3755 dispensat.

1330 3777 1556 3833 CAPUT
1603 3777 1790 3833 XXIV.

860 3873 947 3926 Sic
978 3872 1054 3942 (d)
1089 3881 1140 3926 et
1170 3873 1533 3942 pmnitentiam
1572 3874 1710 3944 apud
1745 3874 1894 3929 illum
1937 3873 2052 3945 (II)
2091 3890 2248 3945 prave
2285 3875 2362 3930 in-

766 3966 1091 4034 terpretaris,
1142 3967 1289 4035 quasi
1337 3967 1560 4036 proinde
1612 3968 1905 4025 mobilitate
1953 3971 2036 4025 vel
2085 3969 2358 4040 improvi—

765 4060 967 4128 dentia,
1025 4062 1130 4116 imo
1153 4061 1260 4132 jam
1311 4078 1378 4118 ex
1424 4063 1602 4118 delicti
1645 4065 2016 4120 recordatione
2069 4067 2355 4134 paeniteat:

2470 3411 2535 3466 Et
2563 3411 2683 3478 quia
2719 3409 2834 3478 (I5)
2856 3407 3092 3462 Marcion
3122 3404 3362 3460 defendit
3389 3404 3637 3460 arborem
3675 3403 3870 3456 bonam
3899 3404 4073 3458 malos

2461 3520 2674 3574 quoque
2703 3503 2905 3558 fructus
2929 3517 3031 3556 non
3058 3501 3218 3556 licere
3249 3499 3542 3570 producere
3567 3499 3781 3569 (Manli.
3807 3497 3926 3564 VII,
3957 3499 4069 3569 I8),

2463 3597 2556 3652 sed
2611 3595 2866 3650 malitiam
2898 3605 3075 3650 tamen
3126 3595 3439 3656 nominavit,
3487 3592 3626 3662 quod
3679 3591 3918 3660 Optimus
3963 3607 4068 3645 non

2465 3687 2636 3757 capit,
2678 3685 2932 3756 numquid
2959 3685 3132 3754 aliqua
3153 3684 3520 3754 interpretatio
3549 3682 3733 3736 subest
3759 3684 3924 3735 etiam
3952 3682 4066 3755 (I6)

2468 3797 2650 3838 carum
2695 3781 3014 3836 malitiarum
3062 3777 3546 3848 intelligendarum,
3597 3793 3714 3845 qua:
3758 3777 3970 3845 possint
4015 3785 4069 3831 et

2467 3877 2518 3932 in
2543 3876 2800 3946 optimum
2830 3873 3238 3929 decucurrisse?
3266 3872 3459 3926 Subest
3479 3879 3675 3924 antem.
3709 3869 3950 3924 Dicimus
3977 3867 4069 3923 de-

2466 3972 2623 4041 nique
2648 3968 2902 4024 malitiam
2951 3983 3088 4022 nunc
3117 3965 3420 4035 significari,
3456 3979 3558 4018 non
3586 3978 3704 4034 qua
3720 3961 3788 4016 ad
3823 3973 4064 4015 naturam

2467 4063 2734 4131 redigatur
2755 4059 3027 4116 Creatoris
3049 4058 3199 4128 quasi
3229 4057 3376 4123 mali,
3404 4056 3496 4113 sed
3522 4070 3638 4127 qua
3654 4054 3716 4108 ad
3741 4063 4064 4125 poteStatem

1975 4158 2352 4216 LECTIONES
2389 4155 2800 4214 VARIANTES.

827 4245 898 4312 (ξ)
926 4245 1362 4312 ρόίιλτιηίῐηθ-ῃῑοε.
1390 4245 1565 4312 Vestra
1590 4243 1740 4296 omitt.
1765 4241 1915 4296 St’ml.

825 4303 894 4368 (2')
923 4307 1185 4357 Celebrant
1213 4308 1318 4356 Deo
1339 4307 1552 4368 quidam.

2525 4243 2596 4361 $9)
2621 4243 2832 4302 Semper
2852 4237 3002 4309 antiit.
3025 4238 3172 4289 SemI.

2555 4307 2626 4361 I0)
2656 4303 2865 4361 Eligitur
2890 4303 2974 4361 td.)

2555 4307 2626 4364 t0)
2656 4303 2865 4364 Eligitur
2890 4303 2961 4351 id.

887 4375 897 4424 )
927 4370 1319 4417 Administrando
1343 4367 1507 4419 Poris.
2384 4367 2435 4410 U
2526 4367 2628 4424 (II)
2660 4367 2818 4414 Deum
2841 4367 2996 4415 Seml.

849 4351 897 4419 Si
927 4351 1319 4417 inmanitas
1342 4351 1552 4419 lviii-iii"

2526 4351 2628 4419 illi
2660 4351 2818 4414 Deiim
2841 4360 2977 4414 Seml

828 4425 898 4501 (ir)
931 4432 1125 4501 Legum
1149 4433 1234 4501 alii
1255 4435 1491 4501 mendose.
2654 4429 2815 4501 Reum
2839 4425 2990 4501 Seml.

827 4490 898 4565 (ξ)
929 4490 1132 4565 Eligilt."
1155 4492 1303 4565 Sanl-
2526 4490 2628 4565 (ἓξ)
2654 4490 3014 4565 ξ’ἓυτίίὶτω,ἔναέο
3055 4563 3082 4565 ,Α

935 4549 1248 4628 Bccisisrtlii.
1288 4616 1299 4628 Ι

2654 4554 3091 4628 Abundanlinssitnte
3106 4549 3219 4628 alii.

853 4613 900 4687 ξ)
935 4619 1142 4687 Eligeril
1167 4616 1314 4687 .Sjeml.
2655 4613 2884 4687 _l§t_inser.
2913 4613 3061 4687 ξειρι.
3089 4621 3201 4687 Jun.

851 4675 900 4742 8)
935 4675 1136 4743 Eligere
1163 4679 1313 4731 Seml.
2524 4675 2543 4741 (
2551 4675 2626 4742 16)
2655 4677 2807 4728 Etiam
2832 4675 2956 4742 negl.
2984 4676 3130 4726 Seml.

2112 4763 2672 4821 COMMENTARIUS.

837 4881 910 4952 (a)
943 4880 1003 4933 Et
1039 4890 1200 4933 vestra
1240 4881 1443 4934 sabbata
1474 4880 1579 4935 odit
1607 4879 1778 4952 anima
1807 4894 1938 4930 mea.
1984 4878 2100 4952 Non
2129 4880 2226 4934 soli
2256 4879 2350 4952 Ju-

766 4950 864 5006 daei
913 4954 960 5004 in
1015 4954 1188 5005 verbis
1239 4953 1352 5004 istis
1397 4951 1939 5021 compreliemluntur.
1995 4950 2192 5021 _Omurs
2246 4951 2355 5006 fere

770 5027 1012 5076 nationes
1062 5025 1180 5075 aliae
1203 5024 1342 5075 diem
1389 5018 1533 5075 illiilli
1563 5024 1938 5076 observarunt.
1981 5018 2201 5076 Ovidius
2229 5024 2356 5077 satis

765 5105 990 5148 testatur
1013 5095 1079 5148 de
1110 5094 1361 5147 Romanis
1390 5094 1426 5146 l.
1462 5094 1526 5146 de
1556 5104 1700 5146 arte:

859 5188 996 5236 Culta
1025 5187 1282 5235 Palaestino
1303 5188 1508 5243 septima
1534 5185 1658 5235 festa
1683 5187 1802 5234 viro.

765 5260 815 5304 et
842 5251 1162 5310 Macrobius,
1200 5251 1288 5304 lib.
1320 5249 1643 5310 lSatnrnal.,
1669 5266 1784 5316 cap.
1819 5249 1873 5303 7:

860 5321 1069 5370 Maxima
1095 5333 1206 5382 pars
1230 5321 1425 5369 Graium
1450 5319 1676 5379 Saturno,
1705 5327 1755 5367 et
1779 5323 2001 5369 maxima:
2031 5319 2236 5369 Athena:

862 5382 1125 5432 Conlicinnt
1152 5396 1304 5440 sacra,
1330 5396 1438 5444 quae
1464 5383 1633 5430 Cronia
1659 5395 1770 5430 esse
1797 5388 2036 5432 iterantur
2060 5385 2120 5431 ab
2156 5383 2267 5433 illis.

772 5471 1031 5538 Quoniam
1060 5486 1185 5522 vero
1217 5471 1276 5522 iis
1297 5469 1485 5523 diebus
1505 5469 1660 5536 genio
1689 5468 1961 5537 indulgere
1983 5470 2194 5523 solitum
2218 5478 2352 5534 erat,

768 5543 1020 5596 Sidonius
1065 5543 1262 5612 Apoll.,
1308 5541 1396 5593 lib.
1429 5539 1487 5600 Il,
1521 5555 1605 5606 cp.
1640 5541 1703 5612 ἓν
1756 5540 1941 5593 luxum
1968 5540 2354 5612 sabbatarinm

773 5621 944 5668 vocat.
979 5611 1198 5677 loquens
1225 5612 1290 5665 de
1322 5612 1444 5664 luxu
1473 5622 1527 5663 et
1556 5611 1813 5662 conviviis
1857 5611 2172 5664 Gothorum.
2207 5611 2357 5666 Unde

771 5683 990 5752 cynicus
1033 5682 1378 5735 AnliSIIlt’HIOS
1420 5690 1584 5751 icpr-iv
1613 5694 1986 5751 7atarptp1mfat¢
2017 5688 2233 5751 ἀρςρμῆν
2264 5698 2357 5736 νο-

770 5766 882 5807 cat:
940 5764 991 5806 et
1037 5755 1174 5820 apud
1211 5753 1465 5807 Isidoruni
1501 5753 1676 5806 Pelus.
1727 5761 1956 5808 σάεεστιν
1994 5765 2148 5807 πᾶσιν
2196 5762 2358 5823 ἓορτὶν

723 5833 734 5842 ’
769 5832 1008 5889 gulosam.
1039 5823 1111 5876 LE
1135 5824 1225 5876 PII.

838 5895 986 5948 CAP.
1029 5895 1215 5949 XXIII.
1237 5926 1304 5933 -—
1329 5894 1406 5966 (b)
1440 5894 1572 5949 Bene
1600 5895 1764 5950 adhuc
1798 5907 2000 5965 agentes
2032 5897 2354 5966 pra’dainna-

2458 4891 2555 4944 ret,
2583 4888 2685 4932 etc.
2711 4877 2853 4932 Istud
2877 4877 3096 4932 omnino
3119 4877 3217 4946 legi
3240 4876 3398 4930 debet
3421 4873 3824 4944 interrogative,
3850 4875 3973 4946 quia
3993 4889 4062 4929 ex

2459 4953 2720 5005 sententia
2743 4951 2976 5019 loquitur
3003 4945 3456 5010 Marcionitarum,
3481 4947 3561 4999 cui
3585 4956 3708 5015 apte
3733 4945 4059 5014 respondet:

2461 5022 2568 5075 Sed
2591 5019 2686 5076 Dei
2713 5022 2828 5074 boni
2856 5038 2952 5073 non
2981 5032 3088 5074 erat
3107 5060 3120 5082 ,
3151 5019 3370 5072 nondum
3405 5028 3644 5070 merentes
3679 5023 4062 5084 prtedamnare.

2466 5089 2690 5146 Proinde
2735 5102 2993 5159 peccantes
3021 5108 3148 5143 nunc
3191 5107 3289 5142 non
3321 5099 3574 5143 recusaret
3607 5099 3812 5158 propter
3843 5089 4062 5156 pristina

2460 5165 2720 5231 beneﬁcia.
2754 5163 2934 5233 Neque
2979 5163 3122 5216 enim
3157 5162 3486 5233 praeseicntia
3517 5160 3833 5233 meritorum
3868 5173 4060 5233 caussa

2463 5247 2547 5288 est
2571 5237 2765 5288 divinae
2795 5231 3487 5305 prtedestinationis,sicuti
3515 5231 3761 5305 haeretiee
3786 5231 4060 5305 sentiebat

2469 5307 2743 5376 Pelagius;
2795 5299 2868 5359 lle
2897 5323 2996 5374 qua
3032 5319 3088 5376 re
3120 5322 3181 5376 ne
3216 5304 3468 5372 prolixior
3495 5307 3626 5376 sim,
3664 5299 3848 5376 videat
3895 5302 4060 5354 leetor

2468 5371 2674 5432 Sixtum
2703 5371 3016 5441 Senenscm,
3048 5373 3289 5427 Bibliot/i.
3315 5385 3504 5427 sancta:
3538 5374 3627 5425 hb.
3664 5371 3750 5424 Vl.
3787 5371 3924 5425 Pu.

2531 5472 2602 5538 (ο)
2635 5470 2698 5523 In
2731 5481 2938 5539 utroque
2972 5469 3320 5538 dispungetur.
3353 5467 3463 5521 Hoc
3485 5475 3574 5539 est
3596 5507 3609 5530 ,
3646 5465 3695 5539 in
3742 5476 3978 5534 utroque
4009 5462 4058 5518 ei

2460 5535 2703 5608 sat'is'tiet,
2736 5544 2782 5595 in
2812 5535 3033 5609 utroque
3057 5535 3361 5592 mercedem
3384 5536 3630 5606 accipiet.
3655 5535 3839 5589 Rana.

2531 5637 2685 5691 CAP.
2719 5635 2908 5690 XXIV.
2929 5633 3093 5704 —(d)
3125 5633 3212 5687 Sic
3234 5643 3278 5687 et
3307 5631 3670 5700 paenitentiam,
3694 5629 4055 5704 etc.S_upple-

2463 5709 2634 5761 vimus
2679 5701 3086 5773 dictionetnqtite
3134 5706 3316 5757 deerat
3370 5717 3561 5772 magno
3611 5714 3804 5754 sensus
3846 5701 4058 5773 incom-

2465 5781 2643 5840 modo,
2673 5769 3108 5903 saripsimusqne,
3137 5778 3274 5843 apud
3294 5769 3586 5835 illumfboc
3606 5782 3710 5826 est.
3729 5771 3871 5842 apud
3896 5769 4058 5824 Crea-

2465 5859 2653 5903 torem.
2739 5866 2858 5903 nan.

2461 5859 2653 5906 torem.
2690 5859 2858 5904 Hum.
