4262 6490
240 409 348 465 513

1313 399 1442 457 LIB.
1483 401 1524 458 11
1560 395 1927 456 Λογειιευε
1965 395 2390 455 MARCIONEM.

3433 396 3538 455 διι

240 519 938 595 quasijudlcis,secundum
953 533 1112 591 quam
1129 514 1728 584 enuntiarit(ls.XLV,
1751 515 1839 584 7):
1873 516 1924 572 Λ
1951 511 2146 566 nedum
2187 513 2236 567 in
2272 514 2400 576 Deo,
2453 512 2604 583 cujus
2637 513 2812 569 omnis
2839 514 3108 571 sententia
3159 522 3312 570 caret
3356 513 3538 584 culpa.

240 616 356 685 Ego
383 631 495 668 sum
523 615 608 684 qui
635 615 796 668 condo
827 613 985 680 mola,
1011 621 1096 670 et:
1127 611 1202 684 (a)
1227 610 1356 665 Ecce
1375 627 1466 680 ego
1489 610 1660 662 emitto
1681 610 1732 661 in
1757 624 1842 662 vos

241 707 381 759 mala
411 706 621 773 (Jerem.
651 705 834 765 XVIII.
873 705 957 775 ll),
1001 719 1106 758 non
1141 701 1462 773 peccatoria,
1494 700 1588 754 sed
1613 699 1837 764 ultoria;

241 814 473 867 quorum
527 799 658 851 satis
709 797 964 852 diluimus
1008 795 1303 857 infamiam,
1348 801 1405 847 ut
1434 792 1839 863 congruentium

235 889 424 958 judiei.
459 891 610 945 Sicut
635 899 836 954 autem,
885 889 1007 944 licet
1039 889 1174 943 mala
1216 887 1484 953 dicantur,
1519 900 1623 940 non
1657 899 1840 952 repre-

239 986 549 1042 hendentur
576 986 628 1040 iu
658 985 836 1055 judice
861 1027 872 1048 ,
899 999 997 1038 nec
1021 983 1122 1038 hoc
1150 983 1366 1037 nomine
1402 996 1500 1034 suo
1532 979 1730 1034 malum
1757 979 1844 1047 ju-

237 1083 416 1137 dicem
446 1079 731 1135 ostendunt
757 1097 770 1144 ;
802 1079 871 1132 ita
907 1087 961 1134 et
991 1076 1190 1132 malitia
1221 1075 1337 1131 lucc
1366 1076 1467 1130 erit
1498 1073 1838 1144 intelligenda

239 1191 405 1239 nunc,
430 1192 547 1244 qua!
569 1191 633 1229 cx
663 1175 769 1229 illis
796 1172 1238 1242 malisjudieariis
1264 1171 1534 1241 deputata,
1564 1185 1685 1225 cum
1711 1169 1841 1239 ipsis

239 1280 523 1340 eumpetat
547 1268 730 1338 judici.
766 1267 897 1321 Nam
925 1277 978 1322 et
1004 1267 1141 1336 apud
1173 1265 1393 1322 Grmcos
1422 1263 1685 1319 interdum
1728 1278 1841 1317 ma—

238 1364 366 1419 litiae
413 1377 512 1434 pro
554 1360 928 1416 vexationibus
957 1368 1012 1414 et
1041 1359 1270 1423 lzesuris,
1305 1372 1409 1413 non
1451 1373 1548 1428 pro
1597 1356 1839 1426 maligni.

240 1458 440 1510 latibus
471 1463 738 1524 ponuntur
768 1451 872 1523 (1),
925 1452 1062 1506 sicut
1092 1461 1143 1504 et
1173 1451 1223 1505 in
1257 1451 1358 1504 isto
1384 1450 1642 1512 articulo;
1676 1457 1838 1519 atque

236 1549 399 1612 adeo,
433 1550 478 1603 si
505 1548 621 1616 ejus
649 1547 866 1601 malitiae
893 1542 1485 1616 pmnituitCreatorcm,
1509 1544 1660 1614 quasi
1690 1558 1840 1599 crea-

239 1650 374 1693 tura
411 1638 761 1709 reprobandm
794 1637 1026 1702 scilicet,
1059 1646 1113 1691 et
1141 1635 1339 1691 deletui
1373 1636 1448 1705 ('2)
1479 1635 1832 1691 vindicanda}.

238 1733 399 1802 Atqui
442 1747 542 1786 nec
569 1733 646 1803 (5)
683 1732 847 1785 ullum
897 1732 1190 1784 admissum
1233 1729 1579 1784 criminosum
1624 1739 1836 1800 reputa-

236 1823 380 1878 bitur
408 1825 670 1886 Creatori,
689 1823 776 1894 qui
814 1823 1200 1893 iniquissimam
1230 1823 1500 1876 civitatein
1531 1823 1690 1893 digne
1718 1838 1834 1878 tne-

1945 607 2018 679 (ε)
2065 607 2194 662 Nam
2245 618 2297 663 et
2338 609 2390 663 in
2437 623 2612 679 graeco
2651 623 2812 675 sono,
2845 608 3174 679 poenitentia:
3204 624 3398 663 nomen
3428 624 3532 664 non

1945 714 2008 753 ex
2058 699 2236 754 delicti
2295 699 2655 766 confessione,
2707 701 2800 757 sed
2839 717 2903 758 ex
2953 702 3116 757 animi
3171 702 3542 757 demutatione

1943 797 2298 863 compositum
2354 796 2434 868 (6)
2481 806 2584 861 est,
2629 811 2786 866 quam
2819 796 2954 866 apud
3006 797 3178 851 Deum
3213 813 3307 866 pro
3361 811 3541 853 rerum

1944 887 2266 942 variantium
2289 903 2408 946 sese
2432 904 2660 944 occursu
2694 889 2805 944 fieri
2832 889 2910 959 (7)
2938 891 3290 945 ostendimus.

2534 979 2763 1037 CAPUT
2803 979 2970 1035 XXV.

2014 1069 2131 1127 Jam
2155 1085 2300 1127 nunc
2328 1081 2383 1126 ut
2406 1072 2584 1126 omnia
2615 1072 2878 1142 ejusmodi
2931 1071 3230 1143 expediam,
3267 1073 3332 1128 ad
3377 1084 3542 1132 caete-

1944 1177 2032 1218 ras
2054 1163 2392 1232 pusillitates,
2419 1172 2472 1220 et
2510 1164 2871 1231 infirmitates,
2903 1174 2958 1220 et
2989 1165 3418 1235 incongruentias
3446 1169 3545 1237 (ut

1948 1254 2184 1324 putatis)
2257 1256 2686 1328 interpretandas
2743 1257 3151 1327 purgandasque
3207 1259 3538 1328 perteudam.

1943 1344 2201 1400 lnclamat
2255 1346 2392 1401 Deus
2441 1345 2771 1418 (ϐιη.111);
2827 1347 3016 1414 Adam,
3061 1347 3145 1402 ubi
3174 1351 3268 1404 es?
3339 1351 3546 1407 scilicet

1943 1436 2194 1504 ignorans
2225 1437 2312 1492 ubi
2341 1440 2517 1493 esset?
2543 1449 2596 1494 et
2639 1449 2888 1494 caussato
2917 1441 3172 1495 nuditatis
3205 1440 3437 1511 pudore,
3469 1459 3540 1500 an

1941 1528 2009 1583 de
2056 1529 2252 1584 arbore
2317 1542 2586 1601 gustasset
2635 1533 2950 1604 interrogat,
3002 1534 3204 1589 scilicet
3256 1536 3534 1591 incertus?

1943 1623 2054 1676 lmo
2084 1637 2183 1678 nec
2229 1622 2466 1678 incertus
2523 1624 2763 1688 admissi,
2813 1641 2911 1679 nec
2936 1625 3188 1694 ignorans
3210 1626 3330 1680 loci.
3364 1627 3546 1682 Enim-

1942 1731 2069 1770 vero
2121 1718 2402 1786 Oportebat
2451 1719 2782 1772 conscientia
2842 1719 3046 1788 peccati
3099 1718 3542 1788 delitescentem,

1939 1821 2220 1866 erucatum
2247 1811 2463 1882 prodire
2489 1811 2564 1884 (8)
2597 1811 2649 1865 in
2681 1821 3029 1881 conspectum
3058 1813 3289 1877 Domini,
3325 1829 3428 1870 non
3452 1830 3544 1869 so-

237 1917 453 1987 τίιοίμιρ
474 1916 792 1972 decreverat
818 1915 1160 1970 abolmdam,
1192 1916 1286 1978 lia,
1311 1915 1451 1985 qum]
1485 1917 1630 1983 iuste
1668 1915 1832 1970 desii-
1862 1912 1909 1971 Β
1940 1905 1986 1960 Ia
2013 1906 2245 1960 nominis
2273 1906 2674 1970 inclamatiouc,
2695 1907 2786 1961 sed
2819 1921 2940 1961 cum
2965 1905 3140 1977 aliqua
3159 1907 3268 1977 jam
3301 1917 3426 1962 tunc
3449 1907 3546 1963 ad-

236 2018 490 2073 ttat‘erat,
549 2026 653 2063 non
709 2008 847 2062 male
894 2007 1192 2071 destinatis,
1248 2021 1312 2061 ex
1358 2007 1562 2076 jttstitia
1611 2025 1716 2062 nun
1770 2024 1835 2062 ex

236 2102 438 2156 malitia
505 2101 832 2167 destinarat;
892 2101 985 2155 sed
1055 2115 1265 2168 poenam
1343 2101 1512 2170 ipsam
1581 2101 1835 2156 malitiam

237 2195 556 2260 nominavit,
612 2210 676 2249 ex
729 2195 869 2248 tnalo
917 2204 970 2248 et
1015 2194 1207 2248 merito
1245 2193 1327 2265 (4)
1357 2193 1618 2262 passionis
1651 2194 1834 2263 ipsius.

234 2287 404 2355 Ergo.
435 2288 619 2352 dices,
673 2290 716 2342 si
771 2287 1023 2340 malitiam
1067 2286 1289 2355 justitia:
1334 2285 1550 2340 nomine
1590 2301 1834 2352 excusas,

235 2381 361 2448 quia
391 2380 534 2446 jnste
564 2381 786 2433 exitium
815 2380 1104 2433 destinarat
1135 2378 1186 2433 in
1214 2377 1491 2441 Ninivitas,
1518 2378 1596 2434 sic
1626 2394 1839 2448 quoque

236 2472 537 2540 culpandus
572 2482 674 2534 est,
708 2472 795 2540 qui
840 2471 1082 2540 jnstitim,
1123 2471 1306 2542 utique
1357 2487 1462 2525 non
1494 2471 1836 2541 ptenitendze,

237 2566 610 2634 paenitentiam
661 2565 846 2634 gessit.
882 2563 994 2618 luto
1049 2579 1147 2618 nec
1184 2563 1427 2633 justitite,
1480 2565 1690 2634 inquam
1737 2564 1835 2635 (5),

239 2657 523 2728 prnnitcbit
553 2657 741 2722 Deum,
785 2665 838 2710 et
872 2664 1116 2724 superest
1140 2656 1249 2725 jam
1295 2671 1586 2725 agnoscere
1616 2657 1742 2726 quid
1773 2659 1843 2712 sit

239 2750 556 2818 pamitentia
595 2749 710 2802 Dei.
742 2749 854 2802 Non
887 2749 1052 2815 enim,
1085 2748 1128 2802 si
1161 2747 1433 2804 hominem
1466 2749 1541 2819 (b)
1569 2765 1632 2806 cx
1657 2765 1841 2805 recor-

237 2841 459 2896 datione
511 2841 802 2910 plurimum
849 2840 1051 2904 delicti,
1086 2841 1354 2896 interdum
1405 2851 1460 2896 et
1499 2857 1564 2896 ex
1615 2842 1843 2912 alicujus

239 2933 363 2987 boni
392 2933 570 3001 operis
615 2933 839 3002 ingratia
873 2935 1114 3001 pcenitet,
1160 2933 1279 2987 ideo
1305 2943 1358 2989 et
1391 2934 1553 2988 Deum
1596 2936 1838 3003 proinde.

238 3023 296 3078 In
327 3034 584 3094 quantum
611 3025 753 3078 enim
785 3026 923 3079 Dens
967 3040 1065 3079 nec
1094 3025 1290 3080 tnalum
1324 3026 1578 3095 admittit,
1613 3043 1711 3083 nec
1750 3029 1844 3084 h0-

239 3133 365 3172 nnm
395 3119 648 3186 damnat,
681 3119 732 3172 in
758 3127 962 3172 tantum
987 3133 1086 3173 nec
1117 3119 1443 3188 paenitentia:
1471 3121 1592 3175 Itoni
1621 3131 1710 3176 aut
1732 3138 1842 3178 ma-

239 3213 274 3268 li
301 3213 441 3283 apud
466 3228 588 3268 eum
616 3215 762 3267 locus
784 3222 884 3268 est.
915 3213 1044 3267 Nam
1072 3223 1122 3268 et
1152 3213 1253 3268 hoc
1282 3214 1373 3268 tibi
1400 3213 1588 3270 eadem
1617 3217 1846 3286 scriptu-

1941 2000 2090 2056 missi
2120 2000 2566 2069 suggillationetu.
2589 1999 2697 2055 Nec
2715 2001 2858 2056 enim
2891 1999 3117 2070 simplici
3147 2000 3326 2064 modo,
3356 2001 3405 2055 id
3438 2013 3542 2068 est,

1944 2092 2359 2163 interrogator-io
2403 2107 2536 2147 sono
2567 2093 2848 2164 legendum
2871 2103 2976 2159 est,
3020 2094 3183 2146 Adam
3225 2095 3306 2148 ubi
3348 2111 3398 2148 cs
3429 2095 3544 2167 (9)?

1941 2185 2034 2242 sed
2063 2188 2326 2256 impresso
2355 2195 2408 2241 et
2439 2187 2672 2249 incusso.
2693 2198 2746 2243 et
2775 2186 3107 2257 imputativo,
3133 2187 3316 2264 Adam,
3348 2186 3429 2242 ubi
3451 2205 3499 2242 es
3521 2189 3544 2242 ?

1945 2281 1996 2335 id
2037 2290 2141 2345 est,
2189 2281 2240 2335 in
2287 2281 2587 2350 perditione
2618 2295 2710 2344 es;
2763 2279 2812 2334 id
2845 2290 2946 2346 est,
2973 2279 3083 2350 jam
3108 2277 3192 2335 hic
3227 2296 3331 2335 non
3365 2297 3457 2346 es;
3489 2289 3546 2336 nt

1951 2383 2005 2428 et
2037 2373 2152 2445 (10)
2200 2373 2508 2443 increpandi
2546 2383 2599 2427 et
2641 2372 2857 2427 dolendi
2888 2373 3069 2428 exitus
3095 2389 3193 2428 vos
3242 2375 3330 2427 sit.
3369 2373 3545 2428 Caue-

1943 2481 2100 2530 rum,
2131 2467 2218 2534 qui
2256 2475 2421 2521 totum
2449 2466 2634 2520 orbem
2661 2465 3068 2534 comprehendit
3094 2482 3254 2521 manu
3288 2467 3430 2522 \‘elut
3461 2469 3542 2522 ni-

1943 2558 2101 2626 dum,
2133 2560 2284 2630 cujus
2330 2561 2524 2616 caelum
2572 2560 2819 2627 thronus,
2852 2571 2905 2615 et
2933 2569 3075 2615 terra
3114 2562 3427 2628 scabellum,
3463 2565 3542 2618 ni-

1945 2652 2138 2706 mirum
2181 2653 2336 2724 hujus
2366 2653 2552 2708 oculos
2595 2653 2773 2725 aliqua
2809 2654 3038 2724 paradisi
3069 2655 3244 2725 portio
3275 2665 3542 2723 evaserat,

1947 2762 2054 2817 quo
2099 2747 2274 2801 minus
2319 2747 2395 2800 illi
2427 2747 2748 2818 ubicumque
2802 2746 2968 2802 Adam
3012 2743 3136 2803 ante
3176 2749 3545 2806 evocationem

1949 2841 2228 2905 viseretur,
2258 2849 2363 2893 tam
2403 2840 2593 2907 latens,
2622 2856 2779 2911 quam
2807 2841 2874 2896 de
2918 2842 3201 2898 interdicta
3253 2844 3402 2914 fruge
3455 2861 3545 2900 su-

1947 2932 2132 2985 mens?
2171 2931 2573 3002 Speculatorem
2607 2931 2776 2987 vinea:
2821 2933 2902 2987 vel
2947 2932 3084 2988 horti
3129 2937 3200 2989 tui
3252 2935 3408 3004 lupus
3454 2944 3542 2991 aut

1949 3025 2266 3080 furunculus
2314 3041 2419 3081 non
2460 3025 2607 3080 latet.
2643 3028 2808 3082 Deum
2851 3036 2981 3098 puto
3026 3028 3093 3084 de
3136 3029 3538 3084 sublimioribus

1947 3117 2296 3176 oculatiurem
2355 3118 2555 3189 aliquid
2615 3118 2840 3189 subjecti
2887 3122 3163 3190 praeterire
3210 3138 3314 3177 non
3364 3137 3541 3194 posse.

1948 3212 2120 3268 Stulte
2152 3215 2240 3281 qui
2273 3223 2477 3268 tantum
2514 3223 2890 3284 argumentum
2919 3212 3114 3270 divina:
3145 3216 3458 3287 tnajestatis,
3491 3226 3547 3274 et

237 3323 294 3362 ra
313 3307 659 3372 determinat,
683 3307 894 3362 dicente
911 3308 1160 3362 Samuele
1181 3308 1331 3362 Sauli
1357 3308 1397 3380 (Ι
1419 3309 1543 3378 Reg.
1571 3307 1685 3373 XV,
1709 3310 1836 3380 28):
1869 3305 1912 3367 C
1949 3303 2192 3358 Ιιυῐιιξιηίυ
2230 3305 2620 3366 inSlrucliODiS.
2664 3320 2794 3360 naso
2840 3304 2972 3374 agis.
3025 3305 3394 3378 lnterrogahat
3425 3310 3540 3384 (11)

239 3400 459 3453 Discidit
493 3399 741 3454 Dominus
762 3417 970 3469 regnum
995 3400 1158 3454 Israel
1191 3403 1254 3453 de
1299 3418 1451 3454 inauu
1479 3412 1568 3455 tua
1595 3403 1764 3467 hodie,
1796 3414 1842 3459 cl

240 3494 382 3546 dabit
410 3493 543 3545 illud
572 3492 804 3560 proximo
843 3502 947 3558 tuo,
983 3493 1172 3563 optimo
1213 3509 1364 3561 super
1391 3502 1468 3556 te;
1502 3503 1547 3546 et
1587 3495 1844 3548 scindetur

236 3583 408 3638 Israel
438 3586 490 3636 in
518 3583 644 3638 duas
671 3593 859 3654 partes,
897 3594 944 3638 et
979 3602 1078 3638 non
1101 3594 1440 3652 convertetur,
1484 3603 1643 3655 neque
1680 3588 1841 3656 pleni-

237 3677 451 3730 tentiam
476 3687 611 3746 aget,
660 3678 776 3745 quia
806 3693 906 3730 non
941 3677 1067 3731 sicut
1116 3676 1264 3731 homo
1286 3687 1356 3733 est
1378 3679 1446 3732 nd
1473 3680 1838 3751 paenitendum.

235 3771 366 3826 llaec
397 3771 576 3840 itaque
603 3770 841 3826 definitio
868 3771 920 3826 in
943 3771 1190 3827 omnibus
1210 3772 1368 3827 aliam
1400 3772 1626 3828 formam
1649 3775 1843 3831 divine

236 3864 576 3936 pt'BtIilculizc
629 3863 834 3926 statuit,
890 3880 1009 3934 qua:
1065 3879 1240 3934 neque
1293 3880 1358 3919 ex
1406 3866 1839 3935 improvideutia,

236 3971 415 4026 neque
437 3971 502 4009 ex
542 3954 644 4008 ulla
678 3954 800 4009 boni
830 3965 920 4009 aut
948 3955 1070 4010 mali
1099 3956 1278 4026 operis
1308 3956 1649 4012 damnatione
1687 3974 1844 4028 repu-

243 4059 411 4114 tetnr,
441 4047 578 4102 sicut
609 4046 859 4102 humana.
893 4048 1023 4115 Quis
1054 4064 1182 4120 ergo
1211 4050 1312 4105 crit
1352 4065 1470 4104 mos
1516 4052 1842 4121 paznitentia:

237 4141 479 4197 divina}?
509 4140 623 4194 Jam
655 4141 876 4207 relucet,
906 4141 950 4196 si
976 4157 1081 4196 non
1117 4143 1182 4199 ad
1214 4143 1474 4199 humanas
1503 4145 1838 4202 conditiones

237 4250 359 4292 eam
390 4231 611 4288 referas.
640 4231 781 4289 Nihil
804 4235 946 4289 enim
976 4235 1119 4290 aliud
1149 4236 1491 4307 intelligetur,
1519 4251 1677 4307 quam
1710 4239 1838 4293 sim-

237 4327 362 4396 plex
419 4326 703 4380 conversio
751 4327 1032 4382 sententiae
1089 4329 1302 4397 prioris,
1351 4345 1470 4398 qua:
1499 4330 1660 4384 etiam
1718 4331 1836 4386 sine

239 4416 666 4488 reprehensione
687 4418 804 4490 ejus
833 4421 1001 4490 possit
1042 4419 1271 4487 admitti,
1315 4421 1477 4476 etiam
1511 4423 1560 4476 in
1596 4423 1833 4490 homine,

1947 3399 2086 3454 Deus
2117 3397 2265 3466 quasi
2297 3398 2528 3453 incertus
2552 3439 2566 3464 ,
2604 3409 2658 3451 ut
2682 3399 2799 3467 (12)
2831 3408 2882 3452 et
2914 3398 3037 3454 hinc
3069 3398 3183 3471 (15)
3215 3401 3369 3455 liberi
3397 3403 3542 3458 arbi-

1947 3491 2028 3546 trii
2057 3491 2288 3560 probans
2313 3489 2427 3562 (14)
2455 3491 2750 3555 hominem,
2801 3491 2852 3544 in
2891 3505 3081 3544 eauSsa
3110 3502 3198 3545 aut
3248 3494 3547 3562 negationis

1945 3595 2036 3640 aut
2059 3583 2413 3640 confessionis
2447 3582 2561 3656 (15)
2595 3584 2748 3638 daret
2775 3584 2822 3638 ei
2855 3584 3030 3639 locum
3065 3597 3260 3654 sponte
3283 3589 3549 3643 confiten-

1946 3678 1998 3733 di
2029 3678 2305 3743 delictum,
2336 3685 2391 3732 et
2428 3677 2530 3732 hoc
2571 3677 2788 3732 nomine
2838 3677 3108 3732 relevandi
3141 3678 3282 3752 (16),
3314 3680 3450 3734 sicut
3479 3681 3548 3736 de

1946 3771 2077 3828 Cain
2109 3771 2428 3836 sciscitatur,
2482 3771 2696 3826 ubinam
2740 3770 2903 3826 frater
2936 3771 3085 3841 ejus;
3115 3772 3264 3842 quasi
3307 3788 3411 3827 nOn
3437 3773 3550 3844 jaut

1947 3863 2298 3918 vociferatum
2337 3879 2363 3914 a
2395 3873 2533 3917 terra
2579 3865 2894 3932 sanguinem
2925 3863 3109 3918 Abelis
3151 3864 3551 3922 audissetzsed

1947 3966 2002 4011 ut
2031 3967 2084 4012 et
2111 3957 2197 4011 ille
2230 3956 2448 4011 haberet
2479 3965 2794 4024 potestatem
2821 3971 2884 4010 ex
2913 3954 3101 4010 eadem
3131 3956 3333 4011 arbitrii
3374 3967 3552 4027 potes-

1947 4057 2051 4104 tate
2075 4059 2266 4120 sponte
2295 4047 2520 4118 negandi
2562 4047 2764 4114 delicti,
2794 4056 2851 4103 et
2877 4047 2978 4103 hoc
3008 4049 3224 4104 nomine
3245 4051 3501 4120 gravandi
3525 4068 3540 4116 ;

1946 4153 2108 4212 atque
2139 4143 2212 4198 ita
2240 4141 2394 4196 nobis
2434 4142 2795 4197 conderentur
2823 4143 3067 4212 exempla
3108 4143 3542 4201 confitendorum

1943 4237 2117 4306 potius
2146 4235 2487 4302 delictorum,
2517 4251 2677 4306 quam
2710 4235 3111 4306 negandorum:
3162 4245 3219 4289 ιιι
3259 4236 3369 4305 jam
3422 4246 3551 4294 tunc

1943 4333 2242 4387 initiaretur
2279 4331 2586 4400 evangeliea
2636 4327 2875 4382 doctrina
2911 4326 3124 4398 (Matth.
3172 4327 3286 4394 XII,
3311 4329 3440 4400 57):
3473 4329 3556 4384 Ea:

1941 4441 2027 4480 ore
2051 4434 2136 4478 tuo
2155 4421 2516 4495 justiﬁenberis
2541 4420 2681 4494 (17),
2703 4428 2750 4474 et
2772 4434 2835 4473 ea:
2853 4435 2939 4474 ore
2963 4427 3047 4473 tuo
3071 4419 3390 4476 damnaberis
3412 4420 3552 4492 (18).

1479 4534 1862 4598 LECTIONES
1899 4538 2311 4596 VARIANTES.

338 4639 383 4691 tl
411 4639 604 4690 Ponunt
620 4634 738 4691 olim
761 4638 911 4691 leaeb.

330 4701 381 4772 ξ)
408 4701 485 4772 9b
500 4701 732 4772 delictum
756 4701 902 4772 Rﬁen.
926 4702 1108 4758 delitus
1131 4702 1296 4759 Paris.
1321 4705 1492 4759 deletu
1515 4707 1618 4760 alii.

327 4765 380 4835 εξ)
407 4765 662 4835 ilicium:
685 4766 835 4835 eam:

327 4826 382 4908 δέ)
407 4826 469 4902 Et
493 4826 665 4877 inserit
687 4827 840 4878 Seml.

326 4898 380 5013 iii
406 4890 858 5013 3.1332333“.-

328 4962 380 5013 ιι)
406 4962 746 5015 comparatum
768 4962 872 5003 am.

328 5014 547 5084 7)_Regi_
562 5017 726 5084 Venet.
751 5014 855 5082 Rig.
874 5017 947 5066 rei
970 5015 1076 5068 cod.
1091 5017 1279 5070 .Pitlue.
1308 5031 1567 5073 occursum
1581 5060 1594 5084 ,
1622 5023 1843 5074 ostendi-

239 5073 564 5148 mrisﬁinniel.
585 5078 738 5148 Fran.

308 5139 382 5267 (8)
411 5141 634 5210 P_rodere
661 5139 765 5205 ltig.
798 5143 966 5212 Venet.

329 5204 381 5266 9)
412 5202 506 5255 Ubi
533 5215 606 5266 es,
628 5202 780 5254 Adam
802 5201 906 5254 alta.

2049 4651 2125 4713 10)
2153 4650 2213 4699 Ει
2237 4649 2367 4700 abest
2388 4646 2558 4701 Paris.

2044 4709 2119 4772 11)
2149 4713 2426 4772 Interrogat
2448 4709 2602 4772 Seml.

2043 4771 2120 4826 12)
2151 4775 2212 4822 Ut
2233 4771 2362 4825 abest
2386 4771 2576 4826 Pamel.

2047 4835 2121 4900 ιδ)
2147 4837 2238 4900 inc
2261 4835 2367 4900 Rig.
2398 4839 2564 4888 Venet.
2590 4837 2742 4888 Seml.

2045 4899 2120 4961 14)
2149 4899 2430 4961 1ιιιριοιιιιιιε
2452 4900 2598 4961 Rhen.

2039 4959 2116 5012 151
2143 4961 2206 5010 L't
2224 4959 2376 5011 inser.
2404 4960 2553 5012 Sentl.
2582 4959 2771 5012 Pamel.

2045 5023 2118 5075 16)
2146 5023 2413 5073 Revelandi
2439 5029 2558 5075 Par.

2041 5086 2116 5148 17)
2141 5087 2578 5148 Conjustiticaberis
2602 5086 2755 5148 Rhea.

2013 5145 2117 5212 (18)
2143 5145 2562 5202 Ceu—deuiuaberis
2586 5147 2672 5200 alii
2698 5162 2762 5202 ea:
2793 5145 3020 5214 Vulgata.

1639 5309 2200 5372 COMMENTARIUS.

313 5443 394 5518 (a)
420 5442 554 5519 Ecce
573 5459 663 5519 ego
685 5443 854 5519 emitto
881 5443 933 5496 in
956 5459 1041 5519 eos
1063 5445 1224 5519 male,
1242 5454 1348 5519 etc.
1375 5443 1522 5501 Multi
1553 5457 1677 5502 sunt
1701 5449 1845 5519 ejus-

241 5515 454 5573 cenmdi
487 5515 586 5569 loci
620 5517 688 5588 _in
721 5515 1034 5586 Scripturis,
1087 5517 1280 5586 quibus
1326 5518 1548 5588 legitur:
1599 5515 1840 5574 inducam

239 5605 395 5660 super
420 5586 755 5660 ειιδ-ιιιιιιιιηι-ἱ
782 5605 872 5660 seu
916 5588 1080 5660 mala,
1112 5604 1316 5660 nempe
1342 5586 1407 5645 ll]
1439 5589 1597 5660 Reg,
1637 5591 1730 5656 IX,
1775 5593 1836 5658 4;

242 5657 568 5730 lllﬂeg.,ll,
595 5656 684 5718 2|;
716 5657 758 5730 11
782 5657 1034 5730 Paralip.,
1065 5659 1170 5714 VII.
1206 5663 1337 5717 Pan.

315 5727 516 5800 (Mla:
558 5727 906 5781 recordatione
949 5727 1227 5800 plurimum
1284 5733 1476 5788 delicti.
1539 5733 1835 5789 Plurimum

241 5800 645 5870 adverbiliatet',
691 5813 789 5869 pro
822 5812 876 5853 ut
900 5801 1197 5870 plurimum.
1227 5801 1520 5858 Terentius
1548 5805 1598 5859 in
1659 5806 1831 5860 Phor-

242 5875 459 5929 mione:
504 5869 731 5927 Domum
769 5873 843 5928 ire
880 5869 1120 5943 pergam,
1165 5875 1250 5930 ubi
1290 5875 1567 5944 plurimum
1607 5887 1700 5932 est.
1744 5877 1832 5934 Sic

1949 5449 2109 5505 etiam
2156 5447 2348 5504 Noster
2374 5463 2535 5518 supra
2566 5448 2775 5504 locutus
2817 5460 2920 5507 est.
2950 5449 3124 5507 Latini
3153 5453 3417 5506 minimum
3449 5451 3550 5508 hoc

1946 5520 2073 5573 item
2103 5521 2262 5575 modo
2289 5529 2569 5589 usurpant.
2604 5521 2782 5576 llum.

2016 5592 2089 5662 (ο)
2125 5591 2259 5645 Nam
2285 5600 2329 5643 et
2358 5591 2410 5664 in
2439 5608 2603 5661 graeco
2629 5611 2752 5646 sono
2774 5604 2866 5647 etc.
2894 5594 3006 5648 Vox
3038 5603 3290 5662 μετάνοια,
3320 5610 3415 5664 pro
3442 5608 3548 5664 quo

1943 5676 2006 5718 ex
2034 5679 2207 5732 graeco
2232 5663 2526 5733 paenitentia
2557 5665 2896 5729 transfertur,
2922 5681 2949 5718 a
2974 5673 3220 5733 μετανοεῖν
3247 5663 3545 5731 derivatur,

1941 5735 2082 5802 quod
2122 5750 2224 5788 non
2278 5734 2456 5788 delicti
2499 5733 2928 5802 confessionem,
2963 5739 3054 5791 sed
3089 5737 3252 5790 animi
3304 5737 3548 5790 demuta-

1940 5808 2138 5877 tioneut
2189 5805 2476 5873 significat,
2513 5808 2650 5860 sicut
2686 5818 2828 5875 patet
2866 5825 2930 5862 ex
2983 5808 3358 5877 Xenophonte,
3393 5807 3549 5864 initio

1937 5875 2034 5934 lib.
2055 5876 2091 5932 l.
2123 5882 2279 5948 Κύρου
2305 5880 2547 5944 παιδείας,
2577 5879 2765 5935 etaliis
2785 5879 2973 5952 graecis
2998 5875 3369 5951 seriptoribus.
3404 5879 3541 5936 Pan.
