4262 6490
725 406 833 466 315

2143 402 2611 461 TERTULLIANI

3920 399 4028 459 316

723 517 858 575 Nam
888 517 989 573 etsi
1021 516 1190 572 Adam
1239 524 1458 589 propter
1495 526 1693 573 statum
1723 519 1854 590 legis
1899 517 2114 574 deditus
2161 520 2316 573 morti
2345 519 2398 579 Α
2425 519 2488 572 sti
2524 519 2671 589 :jam
2701 529 2826 574 tunc
2873 519 3016 574 enim
3050 518 3438 589 providebaris.
3479 518 3742 584 Proinde,
3789 519 3833 574 si
3879 527 3934 573 et
3976 517 4029 571 in

724 620 829 678 est,
849 611 944 666 sed
973 625 1096 680 spes
1122 611 1168 666 ei
1201 611 1344 664 salva
1373 619 1475 675 est,
1527 612 1737 666 dicente
1771 612 1997 670 Domino
2047 609 2197 682 (Gen.
2230 611 2318 678 III,

724 703 854 770 2‘2):
889 703 1022 757 Ecce
1045 702 1209 756 Adam
1237 704 1401 774 factus
1427 713 1498 757 est
1525 713 1767 765 tanquam
1798 721 1927 757 unus
1957 721 2020 758 ea:
2051 705 2224 756 nobis:
2257 704 2323 770 de

725 796 904 852 futura
959 796 1166 851 scilicet
1227 797 1512 852 allectione
1569 796 1800 850 hominis
1855 797 1904 850 in
1964 797 2320 852 divinitatem.

729 889 988 959 Denique,
1035 889 1161 958 quid
1203 889 1484 957 sequitur?
1506 887 1572 941 Et
1594 906 1745 943 nunc.
1774 906 1836 942 ne
1863 892 2065 956 quando
2087 891 2324 944 extendat

726 999 950 1050 manum,
979 991 1029 1036 et
1055 992 1220 1036 sumat
1250 983 1312 1035 de
1340 983 1479 1052 ligno
1519 983 1654 1046 vitae,
1680 994 1724 1035 et
1752 985 1879 1036 t'ivat
1926 984 1976 1035 in
2025 999 2207 1036 (etnon.
2241 985 2326 1038 lo-

727 1085 1019 1146 terponens
1041 1075 1182 1128 enim
1213 1083 1259 1127 et
1290 1090 1453 1138 nunc,
1489 1077 1766 1144 prarscntis
1791 1077 2046 1144 temporis
2079 1077 2324 1143 verbum,

727 1167 1078 1238 temporalem
1126 1177 1181 1222 et
1225 1166 1290 1220 ad
1331 1181 1566 1236 prmsens
1609 1168 1919 1223 dilationem
1971 1169 2092 1222 vitae
2134 1170 2326 1225 fecisse

727 1276 786 1316 se
833 1261 1090 1315 ostendit.
1141 1260 1370 1331 Ideoque
1427 1276 1524 1316 nec
1573 1261 1850 1316 maledixit
1894 1263 2064 1330 ipsum
2125 1261 2322 1327 Adam,

727 1367 830 1408 nec
883 1353 1090 1414 Evam,
1162 1363 1218 1407 ut
1274 1352 1352 1422 (α)
1405 1353 1760 1408 restitutionis
1815 1353 1916 1425 (1)
1970 1354 2324 1417 candidatos,

727 1453 788 1499 ιιι
842 1444 1178 1500 confessione
1244 1446 1527 1503 relevatos.
1581 1446 1712 1499 Cain
1768 1461 1897 1500 vero
1951 1457 2002 1500 et
2033 1446 2111 1515 (2)
2160 1447 2326 1502 male-

727 1539 880 1602 dixit,
912 1549 962 1592 et
989 1538 1238 1608 cupidum
1273 1550 1440 1593 morte
1470 1539 1619 1594 luere
1641 1539 1912 1604 delictum,
1949 1540 2080 1592 mori
2115 1542 2326 1594 interim

728 1634 913 1699 vetuit,
950 1641 1004 1685 ttt
1027 1644 1218 1702 prater
1240 1632 1554 1693 admissum,
1587 1633 1745 1685 etiam
1782 1633 2079 1701 negationis
2108 1635 2225 1702 ejus
2250 1633 2329 1704 (5)

727 1736 1022 1781 oneratum.
1057 1726 1180 1780 "me
1206 1728 1308 1781 erit
1342 1727 1639 1796 ignorantia
1675 1727 1762 1782 Dei
1818 1728 2008 1789 nostri,
2042 1743 2161 1796 qua:
2208 1728 2331 1781 ideo

727 1818 1085 1884 simulabitur,
1118 1833 1185 1873 ue
1212 1819 1529 1888 delinquens
1562 1818 1740 1881 homo,
1773 1820 1901 1890 quid
1929 1821 2028 1874 sibi
2061 1821 2330 1890 agendum

2427 610 2880 681 promissionibus
2917 619 3008 666 aut
3049 612 3558 667 comminationibus
3583 612 3759 682 jurat,
3790 610 3954 665 fidem
3980 609 4032 663 in

2430 703 2735 773 primordiis
2763 703 2984 758 arduam
3013 713 3362 773 extorqueas,
3410 703 3544 759 nihil
3591 703 3702 759 Deo
3751 704 4030 773 indignum

2427 807 2530 860 est,
2564 795 2704 865 quod
2735 795 2897 850 efﬁcit
2940 797 3048 851 Deo
3096 797 3344 852 credere.
3396 796 3538 852 Satis
3567 807 3620 850 et
3653 808 3779 850 tunc
3807 794 4034 864 pusillus

2432 891 2574 945 Deus
2601 892 2651 944 iu
2687 893 2797 960 ipsa
2829 890 2986 944 etiam
3018 888 3217 945 ferocia
3259 904 3379 953 sua,
3402 904 3524 943 cum
3566 888 3637 942 oh
3658 887 3808 942 vituli
3839 901 4034 941 conse-

2429 985 2722 1040 crationem
2743 982 3064 1038 efferatusin
3098 981 3374 1051 papulum,
3402 982 3469 1037 de
3493 980 3695 1037 famulo
3726 996 3824 1036 suo
3853 989 4038 1049 postu-

2431 1075 2500 1130 lat
2534 1075 2714 1146 Moyse
2741 1074 2962 1147 (Exod,
2997 1073 3218 1137 XXXII,
3249 1074 3339 1145 I0)
3369 1091 3381 1128 :
3407 1073 3535 1130 Sine
3563 1092 3674 1140 me,
3704 1084 3750 1128 et
3793 1073 4039 1143 indigna-

2431 1179 2509 1222 tus
2536 1171 2615 1222 ira
2646 1170 2758 1239 (10)
2787 1169 3080 1234 disperdam
3107 1169 3256 1232 illos,
3285 1177 3332 1220 et
3370 1171 3559 1238 faciant
3594 1177 3641 1220 te
3687 1167 3739 1219 in
3781 1167 4037 1219 nationem

2430 1279 2686 1329 magnam.
2712 1261 2864 1317 Unde
2884 1261 3160 1316 meliorem
3181 1260 3366 1316 Soletis
3383 1259 3655 1314 affirmare
3682 1259 3900 1330 Moysen
3928 1259 4041 1312 Deo

2430 1371 2548 1416 suo,
2581 1355 3021 1424 deprecatorem,
3060 1355 3169 1408 imo
3222 1364 3276 1408 et
3322 1353 3712 1421 prohibitorem
3744 1354 3857 1408 irae.
3913 1349 4042 1406 Non

2431 1451 2588 1520 facies
2634 1451 2785 1510 enim,
2832 1449 3000 1519 inquit
3033 1448 3171 1519 (II),
3202 1449 3361 1514 istud,
3401 1457 3493 1500 aut
3518 1457 3561 1502 et
3591 1464 3670 1501 me
3699 1464 3800 1500 una
3822 1463 3939 1500 cum
3970 1448 4043 1501 eis

2431 1542 2684 1608 impende.
2720 1541 3004 1596 Miserandi
3032 1543 3146 1613 (12)
3176 1557 3270 1595 vos
3297 1556 3514 1612 quoque
3544 1555 3665 1595 cum
3700 1539 3926 1608 populo,
3952 1541 4042 1609 qui

2431 1633 2701 1690 Christum
2743 1651 2847 1689 non
2878 1636 3168 1706 agnoscitis
3202 1635 3252 1688 in
3283 1650 3515 1705 persona
3561 1633 3690 1688 Mosi
3724 1635 4041 1702 figuratum,

2437 1728 2609 1783 Patris
2637 1727 3075 1796 deprecatorem,
3127 1735 3180 1779 et
3229 1727 3525 1780 oblatorem
3560 1729 3752 1781 anima:
3782 1740 3896 1778 sue
3948 1739 4044 1791 pro

2435 1821 2616 1891 populi
2648 1821 2837 1874 salute.
2867 1819 2971 1874 Sed
3001 1819 3219 1883 sufficit,
3250 1819 3292 1871 si
3312 1817 3546 1889 etMoysi
3574 1819 3789 1888 proprie
3808 1817 4045 1872 donatus

726 1913 816 1979 sit,
869 1913 1077 1981 ignoret
1115 1913 1216 1983 (4).
1273 1913 1378 1968 Sed
1419 1913 1483 1968 ad
1533 1912 1818 1967 Sotlotnant
1862 1923 1915 1967 et
1966 1913 2320 1968 Gomorrham
2353 1916 2398 1976 Β
2426 1923 2509 1968 est
2541 1913 2766 1982 pepulus
2810 1912 2875 1966 ad
2925 1927 3180 1982 pnesens.
3207 1910 3359 1980 Quod
3395 1922 3448 1964 ttt
3504 1910 3730 1964 famulus
3761 1911 4041 1981 postulare

727 2008 1090 2063 descendens:
1132 2007 1339 2072 Videbo,
1373 2009 1444 2061 ait
1480 2007 1659 2078 (Gem,
1694 2007 1876 2067 XVIII.
1907 2009 2020 2078 ‘21),
2069 2010 2111 2063 si
2142 2025 2326 2063 secun-

727 2101 848 2154 dum
871 2100 1142 2153 clamorem
1175 2103 1539 2170 pervenientem
1579 2101 1646 2152 ad
1679 2117 1754 2154 me
1782 2113 2127 2156 consumment
2154 2102 2257 2174 (5).
2283 2103 2328 2157 si

727 2210 844 2248 vero
872 2211 995 2260 non,
1021 2205 1072 2246 ιιι
1097 2210 1392 2264 agnoscam.
1414 2195 1476 2248 Et
1501 2195 1607 2256 hic,
1634 2194 1900 2258 vidi-licet,
1931 2211 1995 2249 ex
2031 2198 2328 2265 ignorantia

729 2287 967 2341 incertus
1015 2296 1068 2342 et
1108 2287 1244 2341 seire
1274 2287 1532 2358 cupidus?
1590 2304 1654 2339 au
1689 2287 1773 2341 hic
1804 2303 1970 2342 sonus
2017 2290 2332 2357 pronuntia-

729 2379 891 2433 tionis
923 2381 1276 2442 tiecessarius,
1312 2395 1416 2434 non
1447 2379 1821 2444 dubitativum,
1865 2380 1958 2434 sed
1990 2379 2324 2434 comminati-

729 2488 853 2526 vum
896 2474 1202 2543 exprimens
1250 2489 1466 2528 sensum
1499 2475 1598 2527 sub
1648 2475 2026 2529 sciseitatiouis
2068 2475 2331 2530 obtentu?

727 2565 878 2634 Quod
909 2567 950 2619 si
998 2566 1314 2621 descenSum
1347 2583 1558 2637 quoque
1605 2567 1699 2622 Dei
1743 2568 1952 2636 irrides,
1994 2570 2146 2640 quasi
2177 2570 2332 2625 aliter

731 2672 836 2711 non
871 2659 1097 2726 petuerit
1131 2660 1389 2727 perficere
1429 2659 1723 2728 judicium,
1779 2659 1878 2713 nisi
1929 2661 2330 2727 descendisset;

729 2749 851 2803 vide
883 2766 949 2803 uc
980 2759 1127 2804 tuum
1157 2766 1308 2821 :eque
1335 2751 1499 2805 Deum
1532 2752 1731 2823 pulses.
1752 2752 1882 2807 Natu
1909 2762 1963 2807 et
1992 2755 2078 2808 ille
2101 2753 2331 2810 descen-

731 2841 829 2908 dit,
861 2850 917 2895 ttt
945 2841 1086 2912 quod
1122 2843 1296 2904 vellet,
1323 2844 1580 2898 efficeret.

1293 2934 1523 2992 CAPUT
1571 2936 1761 2992 XXVI.

803 3024 908 3081 Sed
934 3037 986 3081 et
1008 3027 1154 3096 jurat
1188 3028 1346 3084 Deus.
1378 3029 1640 3099 Numquid
1679 3029 1818 3085 forte
1847 3045 1944 3101 per
1973 3032 2137 3086 Deum
2188 3031 2332 3087 Mar-

732 3119 938 3174 cionis?
968 3120 1104 3185 Imo,
1139 3123 1330 3192 inquit,
1362 3123 1502 3193 quod
1537 3125 1704 3179 multo
1737 3127 1923 3181 vanius
1957 3126 2059 3199 (6),
2113 3143 2207 3197 per
2251 3140 2333 3181 se-

734 3215 1041 3284 metipsum.
1087 3216 1223 3284 Quid
1256 3218 1421 3272 velles
1451 3218 1528 3288 (7)
1564 3219 1760 3274 faceret
1790 3220 1904 3290 (8).
1947 3221 1990 3275 si
2017 3221 2154 3274 alius
2198 3219 2336 3276 Deus

2433 2017 2613 2075 posset
2642 2021 2669 2058 a
2705 2005 2950 2069 Domino,
2983 2003 3030 2058 id
3063 2005 3318 2058 Dominus
3347 2021 3375 2057 ιι
3409 2019 3466 2058 se
3495 2004 3801 2073 postulavit.
3827 2004 3906 2058 Ad
3941 2005 4043 2058 hoc

2431 2101 2574 2156 enim
2608 2099 2807 2154 famulo
2852 2099 2988 2152 dixit
3025 2117 3036 2150 :
3083 2097 3208 2153 Sine
3243 2115 3352 2163 me,
3385 2109 3431 2151 et
3473 2097 3766 2168 disperdam
3796 2098 3944 2158 illos.
3992 2106 4050 2151 ut

2434 2191 2521 2245 ille
2557 2190 2889 2259 postulando,
2944 2199 2998 2244 et
3037 2191 3387 2259 semetipsum
3440 2189 3716 2244 offerendo
3760 2205 3866 2242 non
3895 2190 4014 2243 sine

2435 2291 2556 2344 ret;
2589 2293 2748 2353 atque
2776 2284 2845 2336 ita
2877 2282 3147 2347 (lle‘eI'eS,
3177 2290 3434 2353 quantum
3466 2282 3623 2337 liceat
3666 2281 3808 2337 fideli
3845 2291 3900 2336 ct
3925 2297 4050 2352 pro-

2436 2375 2610 2444 phetae
2634 2376 2774 2448 apud
2807 2377 2974 2432 Deum
3006 2377 3102 2444 (b).

2989 2468 3216 2526 CAPUT
3250 2468 3463 2524 XXVII.

2505 2565 2623 2621 Jatn
2656 2579 2796 2620 nunc
2824 2575 2879 2619 ut
2901 2575 2954 2619 et
2980 2575 3173 2620 cetera
3206 2563 3530 2634 compendio
3559 2563 3861 2631 abSolvam,
3890 2579 4045 2634 qua:-

2435 2675 2648 2731 cunque
2674 2659 2848 2715 adhuc
2875 2668 2930 2713 ut
2961 2659 3149 2729 pusilla
3181 2671 3234 2714 et
3271 2660 3477 2712 infirma
3507 2667 3560 2712 ct
3589 2658 3806 2729 indigna
3838 2659 4048 2729 colligi-

2437 2754 2560 2824 gitis
2586 2751 2652 2806 ad
2674 2751 3098 2806 destructionem
3127 2751 3418 2813 Creatoris,
3449 2750 3677 2820 simplici
3710 2759 3763 2805 et
3783 2761 3932 2807 certa
3959 2766 4047 2804 ra-

2439 2848 2584 2902 tione
2630 2860 2923 2916 prOpouam
2959 2863 2972 2900 :
3013 2845 3179 2898 Deum
3221 2859 3324 2898 non
3351 2845 3589 2914 potuisse
3613 2846 3880 2898 humanos
3919 2859 4050 2898 con.

2439 2957 2654 3012 gressus
2686 2942 2842 3008 inire,
2875 2941 2973 2995 nisi
3003 2938 3270 2994 humanos
3298 2948 3352 2993 et
3381 2953 3574 2994 sensus
3606 2947 3661 2994 et
3681 2939 3904 2996 affectus
3931 2953 4050 2993 sus-

2439 3036 2692 3103 cepisset,
2719 3050 2814 3104 per
2841 3049 2974 3106 quos
3002 3034 3108 3087 vim
3147 3033 3441 3103 majestatis
3484 3049 3619 3097 sum,
3654 3033 4050 3087 intolerabilem

2441 3128 2622 3197 utique
2647 3126 2893 3181 humanae
2923 3125 3304 3188 mediocritati,
3337 3125 3640 3180 humilitate
3692 3135 4050 3195 temperaret,

2441 3219 2541 3273 sibi
2565 3219 2781 3288 quidem
2813 3218 3048 3288 indigna,
3083 3217 3284 3271 homini
3312 3225 3491 3270 autem
3517 3216 3847 3278 necessaria;
3887 3225 3946 3271 ct
3981 3217 4052 3270 ita

734 3323 839 3365 non
872 3318 986 3364 erat
1035 3309 1086 3362 io
1128 3311 1451 3366 conscientia
1497 3314 1633 3381 ejus,
1689 3314 1786 3367 hoc
1815 3329 1934 3367 cum
1990 3314 2219 3368 maxime
2245 3314 2331 3383 ju-
2362 3310 2406 3373 C
2436 3314 2547 3385 jam
2581 3314 2687 3368 Deo
2734 3313 2890 3382 digna
2926 3355 2940 3377 ,
2983 3312 3105 3382 quia
3136 3310 3265 3364 nihil
3311 3322 3417 3364 tam
3447 3309 3668 3380 dignum
3702 3308 3833 3373 Deo,
3888 3324 4052 3379 qttam

735 3400 903 3454 rantis
937 3401 1013 3473 (9)
1060 3402 1221 3457 alium
1254 3403 1456 3475 absque
1487 3421 1544 3461 se
1589 3408 1807 3462 Omnino
1840 3425 1944 3464 non
1977 3411 2140 3465 esse?
2172 3409 2337 3480 Igitur

738 3494 1070 3563 pejerautem
1117 3495 1497 3564 deprehendis,
1531 3514 1597 3554 an
1647 3516 1781 3556 vane
1810 3501 2186 3571 dejerantem?
2229 3501 2336 3558 Sed

738 3601 840 3638 ιιοιι
863 3598 1044 3656 potest
1072 3588 1236 3644 videri
1267 3591 1559 3659 pejerasse,
1595 3593 1682 3662 qui
1707 3593 1867 3647 alium
1886 3610 2006 3649 esse
2032 3609 2134 3648 ιιοιι
2157 3597 2333 3662 scivit,

737 3689 794 3732 ut
815 3679 1011 3734 dicitis.
1036 3680 1187 3748 Quod
1215 3684 1356 3736 enim
1379 3684 1500 3748 scit,
1529 3684 1631 3740 hoc
1657 3686 1904 3756 dejerans
1926 3703 2073 3754 vere,
2100 3703 2206 3742 non
2241 3704 2333 3757 pe-

735 3770 944 3839 jeravit.
986 3773 1090 3827 Sed
1122 3788 1220 3827 nec
1246 3789 1382 3830 vane
1408 3775 1634 3845 dejeral,
1667 3777 1831 3832 alium
1867 3779 2033 3832 Deum
2065 3795 2170 3834 non
2193 3795 2333 3836 esse.

740 3862 889 3917 Tunc
919 3866 1058 3919 enim
1113 3883 1243 3921 rane
1273 3869 1572 3938 dejeraret,
1603 3872 1646 3926 si
1682 3887 1785 3926 ιιοιι
1817 3872 2040 3928 fuissent
2071 3876 2160 3946 qui
2203 3877 2336 3930 alios

739 3955 870 4011 deos
897 3959 1198 4024 crederent,
1235 3972 1358 4017 tunc
1380 3963 1594 4033 quidem
1645 3967 2051 4022 simulacrorum
2082 3974 2335 4036 cultores,

741 4063 883 4102 nunc
912 4065 1040 4104 vero
1085 4062 1138 4106 et
1185 4053 1441 4111 haeretici.
1467 4055 1619 4111 Jorat
1650 4059 1808 4128 igitur
1839 4075 1936 4129 per
1961 4064 2335 4131 semetipsum,

743 4152 796 4194 ιιι
829 4142 911 4195 vel
941 4142 1137 4210 juranti
1181 4146 1293 4201 Deo
1331 4149 1520 4203 credas
1567 4151 1729 4205 alium
1762 4153 1924 4208 Deum
1980 4155 2202 4210 omnino
2233 4171 2338 4212 non

743 4249 882 4291 esse.
914 4236 1024 4292 Hoc
1055 4251 1109 4293 ut
1142 4239 1282 4296 Deus
1330 4243 1548 4313 faceret,
1582 4256 1636 4302 tu
1666 4264 1876 4320 quoque
1906 4248 2140 4305 Marcion
2168 4251 2346 4321 coegi—

2443 3409 2586 3462 salus
2627 3407 2879 3460 hominis.
2920 3405 2994 3459 De
3035 3407 3138 3459 isto
3168 3403 3415 3474 pluribus
3444 3411 3818 3467 rctractarem,
3851 3401 3893 3454 si
3927 3417 4052 3456 cum

2443 3501 2674 3556 ethnicis
2703 3515 2949 3569 agerem;
2997 3511 3306 3567 quanquam
3351 3506 3407 3550 et
3453 3509 3576 3549 cum
3629 3493 3901 3550 litereticis
3948 3509 4052 3549 non

2445 3593 2615 3646 multo
2653 3590 2868 3644 diversa
2900 3588 3016 3658 (l5)
3059 3587 3370 3656 congressio
3409 3595 3534 3640 stet.
3563 3586 3838 3651 Quatenus
3865 3595 3920 3638 et
3955 3585 4054 3656 ipsi

2443 3685 2612 3744 Deum
2647 3685 2696 3738 iu
2729 3684 2893 3755 figura
2915 3682 3040 3738 etin
3071 3681 3276 3751 reliquo
3297 3679 3486 3734 ordine
3513 3678 3760 3732 humans:
3782 3678 4044 3731 cooditio-

2447 3781 2528 3835 nis
2555 3778 2892 3833 deverSatum
2921 3774 3040 3847 (11)
3062 3774 3171 3845 jam
3199 3771 3524 3835 credidistis,
3557 3785 3662 3826 non
3692 3769 3920 3841 exigetis
3947 3771 4052 3824 uti-

2440 3889 2543 3945 que
2560 3873 2756 3925 diutius
2785 3869 3095 3942 persuaderi
3117 3869 3281 3922 Deum
3297 3865 3667 3920 confortnasse
3689 3864 4051 3934 semetipsum

2443 3964 2782 4030 humanitati,
2816 3962 2910 4017 sed
2957 3961 3025 4016 de
3067 3971 3244 4015 vestra
3285 3958 3387 4012 fide
3414 3957 3780 4012 revincimini.
3814 3955 3871 4011 Si
3905 3959 4053 4011 enim

2448 4060 2608 4121 Deus,
2641 4067 2695 4112 et
2747 4055 2961 4124 quidem
2993 4053 3294 4113 sublimior,
3347 4057 3493 4104 tanta
3541 4049 3846 4103 humilitate
3902 4048 4055 4104 fasti-

2445 4153 2588 4225 gium
2619 4149 2913 4220 majestatis
2945 4162 3057 4201 sua:
3091 4144 3300 4208 stravit,
3345 4152 3401 4196 ιιι
3442 4142 3602 4197 etiam
3631 4142 3789 4195 morti
3813 4141 4056 4212 subjicec

2449 4259 2533 4304 ret
2589 4248 2728 4320 (15),
2775 4253 2829 4298 et
2859 4243 3016 4298 morti
3063 4239 3276 4304 crucis;
3328 4253 3424 4293 cur
3465 4252 3570 4292 non
3622 4236 3821 4309 putetis
3869 4247 4059 4292 nestro

1957 4364 2333 4422 LECTIONES
2369 4359 2780 4419 VARIANTES.

807 4465 878 4595 iii
1246 4470 1425 4586 “es.

834 4547 878 4585 τι)
903 4547 960 4577 ιιι
981 4547 1109 4585 negt.
1141 4547 1241 4585 ml].
1281 4547 1439 4585 vertet.

808 4529 878 4650 (ἐ)
901 4529 960 4577 Et
981 4529 1109 4595 negl.
1141 4533 1241 4593 κιρ).
1277 4538 1317 4582 γ

831 4594 883 4714 ὅ)
902 4592 1143 4654 Exemplo
1166 4597 1317 4669 Fran.

811 4653 861 4714 (4
915 4653 1168 4712 lgttoraret
1189 4658 1294 4711 alit.

836 4653 883 4712 4)
915 4653 1168 4712 lgttoraret
1189 4658 1294 4711 alii.

830 4717 882 4782 ὅ)
907 4715 1205 4782 ςριιδιιιιιριιι
1235 4727 1375 4773 Pam.
1410 4731 1568 4774 Venet.
1594 4724 1744 4776 Smtl.

816 4778 887 4850 (ρ)
913 4778 1060 4850 {fitilla
1086 4795 1254 4850 vanus,
1280 4787 1408 4850 quod
1432 4786 1580 4840 Seml.
1604 4785 1794 4840 Parnel.

813 4839 886 4966 $7)
913 4841 1076 4892 Vellet
1103 4846 1197 4909 (ut)
1224 4839 1375 4899 Sehn.

838 4906 889 4966 8)
916 4903 1104 4956 Facere
1123 4912 1266 4961 Pam.
1283 4914 1375 4963 Pa:

838 4906 889 4967 8)
916 4903 1266 4961 Facere-Pam.
1283 4914 1405 4963 Par.

2372 4480 2426 4540 D

2515 4475 2997 4540 (9),.Iuransrt’ouw.
3067 4535 3077 4540 Α
3247 4533 3276 4540 η
3335 4533 3346 4540 ⁸
3419 4533 3428 4540 _
3519 4530 3566 4540 __

2545 4533 2618 4657 ῑῦ)
2645 4539 2742 4586 Pro
2764 4538 3043 4602 indignatus
3065 4535 3136 4583 ira
3160 4533 3305 4584 scrib.
3333 4533 3382 4583 in
3415 4533 3486 4582 ira
3511 4533 3614 4598 Rig.
3648 4534 3822 4581 Venet.

2545 4605 2588 4652 ll
2651 4601 2810 4657 quuit
2834 4597 2961 4657 negl.
2988 4598 3140 4647 Semt.
3450 4656 3457 4657 ί

2541 4597 2614 4657 ll)
2651 4601 2810 4662 quuit
2834 4597 2961 4660 ttégl.
2988 4598 3140 4647 Semt.

2513 4656 2529 4726 (
2544 4662 2616 4726 f2)
2647 4656 2944 4726 Miser-audes
2965 4669 3076 4726 Jun.
3090 4656 3551 4726 Διιιἣξει-ξιιιᾶιὲ-ιυιειι.

2544 4715 2618 4790 f3)
2648 4723 3129 4792 h’eccutiilizei-eticis
3163 4721 3317 4773 multo
3350 4715 4057 4784 Wouw.deversanegl.San.

2544 4730 2618 4790 13)
2648 4730 3129 4774 Neccumhteretieis
3163 4730 3263 4772 mut

2515 4730 2616 4850 (ll)
2648 4788 2953 4836 Diversatum
2974 4785 3269 4850 Rigg’enct.

2512 4845 2617 4918 (l5)
2643 4851 2984 4912 Subjiceretur
3009 4845 3116 4899 alii.

2133 5023 2691 5082 COMMENTARIUS.

825 5127 982 5182 CAP.
1017 5129 1182 5187 XXV.
1209 5164 1284 5208 έ-
1315 5132 1390 5208 (a)
1420 5134 1772 5194 Restitutionis
1796 5140 2103 5196 canditatos.
2130 5142 2340 5196 Primos

758 5209 1030 5269 parentes,
1058 5206 1594 5270 quoniatn‘amissaiu
1640 5212 1942 5266 felicitatem
1978 5216 2336 5279 reettperaturi

757 5281 953 5354 erant,
977 5283 1128 5354 vocat
1159 5279 1526 5354 _rcslilttlionis
1548 5282 1860 5336 candidatos
1891 5301 1904 5337 :
1939 5286 2047 5351 pari
2093 5285 2339 5352 loquendi

761 5343 988 5428 f-Qt‘lt-Illllfl
1021 5344 1274 5428 alio_loco
1305 5352 1490 5428 utitur,
1521 5367 1643 5405 cum
1684 5343 1999 5428 teteriiitaiis
2033 5343 2343 5410 candidatos

759 5415 910 5496 dicit.
947 5416 1223 5496 l'l‘andidati
1271 5421 1541 5496 supplices
1567 5435 1718 5477 erant
1747 5437 1800 5479 et
1821 5427 2115 5480 ambientes
2150 5430 2345 5496 magis-

764 5494 934 5539 trattts
954 5484 1288 5567 Batttte;_sed
1309 5484 1656 5567 ett-candidati
1688 5496 2017 5564 alii.fueruut
2047 5499 2183 5553 inter
2211 5484 2348 5552 uilli-

766 5569 878 5637 tcs‘.
909 5560 998 5626 qui
1033 5558 1192 5637 veluti
1229 5566 1530 5637 prtetoriani
1553 5607 1568 5630 ,
1601 5582 1696 5620 seu
1731 5558 1896 5622 triarii
1919 5611 1931 5629 ,
1965 5580 2054 5622 aut
2095 5569 2355 5637 Principis

765 5627 1096 5682 defensores.
1117 5627 1425 5689 Ammianus
1450 5627 1707 5703 Marcell.,
1734 5641 1822 5692 lib.
1842 5627 1981 5694 XXV
2005 5661 2016 5692 ε
2042 5641 2166 5695 Cum
2185 5627 2355 5694 Julia-

767 5717 860 5752 nus
876 5704 1006 5756 inter
1019 5703 1138 5756 belli
1155 5704 1446 5760 discrimina
1464 5723 1766 5774 versaretur,
1797 5714 2084 5766 clamabant
2112 5713 2360 5766 hincinde

767 5775 1059 5858 candidati,
1087 5791 1212 5854 quos
1233 5777 1500 5858 disjecerat
1529 5791 1720 5858 terror,
1751 5796 1802 5836 nt
1832 5785 2108 5858 fugientem
2138 5786 2318 5837 molem
2343 5828 2356 5849 ,

770 5851 1008 5912 tanquam
1059 5848 1256 5901 ruinam
1285 5849 1416 5902 male
1460 5855 1723 5922 compositi
1758 5848 2015 5918 culminis,
2063 5848 2356 5910 declinaret.

1979 5926 2054 5980 LE
2083 5927 2178 5981 I’n.

2514 5142 2666 5197 CAP.
2695 5140 2886 5196 XXVI.
2902 5136 3066 5208 -(b)
3093 5137 3258 5212 atque
3284 5139 3357 5192 ita
3381 5140 3623 5208 disceres,
3647 5149 3896 5212 quantum
3915 5143 4063 5199 liceat

2445 5214 2616 5282 ﬁdeli,
2650 5224 2757 5268 etc.
2799 5213 3058 5284 Similiter
3092 5208 3268 5284 locutu
3301 5212 3441 5265 hunc
3473 5208 3884 5282 interpretatur,
3918 5219 4058 5284 quod

2448 5278 2640 5354 nempe
2666 5284 2890 5357 multum
2914 5282 3165 5353 ponderis
3189 5278 3376 5357 habeat
3393 5285 3565 5357 oratio
3586 5278 3896 5357 sanctorum
3914 5278 4053 5357 apud

2450 5357 2637 5410 lli-um.
2673 5355 2730 5409 Β.
2758 5356 3134 5426 Ilierouyuius,
3156 5368 3273 5421 cap.
3295 5355 3388 5426 28,
3421 5355 3471 5407 in
3491 5356 3824 5426 Ezceh.cap.
3847 5355 3988 5421 XIiI,
4014 5370 4062 5416 et

2449 5431 2604 5494 epist.
2623 5427 2687 5480 ad
2711 5424 2977 5480 Gaudent.
2996 5425 3226 5495 Cyrillus
3246 5424 3424 5488 Alex.,
3448 5426 3540 5481 lib.
3564 5425 3599 5479 V
3615 5427 3739 5481 adv.
3759 5425 4056 5482 Iulianum.

2453 5500 2602 5568 Atqui
2631 5501 2673 5551 si
2705 5498 2934 5564 Apostoli
2978 5505 3024 5550 et
3061 5506 3332 5570 martyres,
3383 5497 3554 5567 inquit
3583 5498 3642 5552 Β.
3699 5498 4062 5570 Hieronymus

2463 5566 2583 5643 adst.
2620 5569 2978 5643 Vigilantium,
3023 5566 3110 5620 ttbi
3143 5566 3244 5620 hoc
3291 5566 3819 5643 ipsouiexemplom
3867 5566 4062 5643 M'oysis

2464 5641 2698 5704 «ddthIl,
2734 5641 2900 5692 adhuc
2927 5642 2978 5692 in
3007 5655 3217 5708 corpore
3237 5641 3518 5712 constituti,
3550 5651 3762 5709 possunt
3792 5661 3945 5695 orare
3959 5641 4062 5712 'pro

2465 5713 2678 5773 cadi-ris,
2735 5712 2940 5781 quando
2981 5727 3071 5776 pro
3117 5729 3168 5764 se
3218 5711 3395 5764 debent
3448 5713 3617 5766 adhuc
3663 5729 3769 5766 esse
3811 5711 4060 5780 solliciti,

2465 5796 2655 5852 quanto
2681 5786 2839 5852 magis
2865 5793 2974 5850 post
3004 5798 3237 5847 coronas,
3270 5783 3508 5836 victorias
3535 5795 3583 5838 et
3612 5785 3935 5855 triumphos?
3969 5787 4064 5841 Fa-

2467 5859 2538 5909 cit
2568 5855 2790 5924 proinde
2817 5857 2963 5909 lOClIS
2996 5856 3094 5927 iste
3129 5856 3586 5927 proporatiouibus
3611 5855 3939 5910 Sanctorum
3968 5873 4064 5927 pro

2469 5927 2646 5995 nobis,
2673 5927 2834 5983 etiam
2866 5936 2986 5999 post
3013 5925 3151 5981 hanc
3196 5926 3396 5993 vitam;
3433 5927 3502 5983 de
3530 5927 3754 5999 quibus,
3782 5929 3863 5984 uti
3891 5940 3948 5984 et
3969 5925 3978 5927 “
3996 5928 4064 5985 de
