4262 6490
238 429 347 486 31⁸7
1368 417 1494 475 LIB.
1538 418 1581 473 II
1620 412 1984 472 ADVERSIIS
2019 410 2446 469 MARCIONEM.
3446 398 3554 458 318

238 552 459 613 quoque
481 539 591 596 Deo
618 537 822 607 aliquas
849 534 1171 607 pusillitates
1205 530 1543 603 congruisse,
1579 527 1835 585 tolerabi-
1865 525 1918 585 Α
1943 524 2298 593 exprobratis.
2330 523 2497 577 Deum
2523 520 2786 591 optimum
2803 518 3037 591 exigitis,
3058 514 3407 574 etlenitatem
3434 512 3550 583 ejus

236 604 407 691 liores
438 644 615 688 tamen
644 604 876 702 judaicis
912 626 1253 684 contumeliis
1292 634 1347 680 et
1374 624 1627 694 patibulis
1670 630 1724 675 et
1752 634 1840 676 sc-
1945 616 2262 687 benignitati
2294 622 2704 686 congruentem,
2733 628 2832 682 pro
2860 620 3017 681 captu
3042 605 3432 665 mediocritatis
3461 604 3554 660 ltu-

236 725 485 795 pulcris?
532 725 614 779 An
639 698 721 778 hae
747 731 874 777 sunt
905 711 1253 791 pusillitates,
1295 732 1414 789 qua:
1446 716 1557 787 jam
1590 716 1667 787 (1)
1708 729 1843 785 prae-
1946 723 2116 762 mame
2143 706 2405 776 dejectius
2430 713 2824 768 conversatam,
2858 713 2915 758 ut
2960 701 3305 773 pusillitatem
3358 698 3555 768 depre—

230 818 483 890 judic‘tre
529 817 799 873 debebunt
846 815 1159 879 Christum,
1202 812 1453 867 humanis
1501 808 1843 880 passionihus
1944 800 2107 856 tiatis.
2138 800 2246 855 Nec
2273 814 2497 870 magnus
2540 799 2693 853 vobis
2744 798 2937 868 placet,
2998 809 3097 849 nec
3144 792 3418 857 modicus;
3450 804 3555 847 nec

233 886 531 981 objectum.
564 908 679 978 ejus
711 908 803 964 Dei
834 920 954 963 esse
975 948 990 971 ,
1018 905 1104 960 cui
1137 903 1220 978 (2)
1254 903 1614 958 humanitates
1642 912 1840 968 expro-
1939 894 2126 965 judex,
2153 909 2252 948 nec
2273 894 2496 947 amicus.
2530 891 2691 960 Quid,
2716 892 2761 947 si
2789 904 2929 945 nunc
2958 886 3038 961 (8)
3067 886 3256 942 eadem
3281 886 3407 939 etin
3456 900 3551 939 ve-

233 978 465 1060 brantur
490 1018 519 1055 a
543 1001 730 1057 vobis?
758 999 887 1054 Nam
914 1008 969 1055 et
1000 998 1312 1069 proﬁtemur
1338 994 1612 1050 Christum
1627 1006 1844 1061 semper
1943 997 2057 1042 stro
2086 985 2595 1057 deprehendantur?
2630 984 2872 1040 Iudicem
2904 982 3117 1054 quidem
3161 989 3218 1035 et
3251 978 3402 1034 illum
3430 993 3553 1033 esse

234 1094 415 1166 egisse
444 1096 495 1147 in
521 1093 611 1148 Dei
636 1092 807 1146 Patris
834 1092 1079 1157 nomine;
1102 1088 1357 1158 ipsnmab
1383 1086 1532 1141 initio
1548 1098 1841 1141 conversa-
1938 1081 2049 1151 jam
2076 1079 2411 1136 ostendimus
2434 1079 2489 1134 in
2513 1078 2693 1133 libello
2724 1091 2855 1141 suo;
2887 1086 2942 1131 et
2980 1074 3047 1130 de
3080 1071 3263 1144 judice
3296 1083 3551 1126 necessa-

234 1196 347 1240 tmn
368 1203 383 1251 ;
408 1186 579 1255 ipsum
603 1197 948 1253 congressum
968 1197 1088 1237 eum
1108 1179 1433 1236 Pat‘riarehis
1458 1188 1508 1232 et
1532 1175 1838 1247 Prophctis,
1943 1176 2022 1229 rie
2049 1188 2317 1239 severum,
2345 1182 2398 1228 et
2428 1171 2495 1227 de
2516 1184 2707 1226 severo
2735 1170 2876 1225 sicut
2902 1166 2984 1241 (9)
3016 1180 3243 1230 saevum,
3298 1163 3342 1219 si
3372 1172 3552 1219 tamen

235 1280 435 1335 Filimn
452 1278 749 1343 Creatoris,
773 1277 1093 1331 Sermonem
1113 1274 1249 1345 ejus,
1280 1288 1438 1344 quem
1457 1287 1525 1327 ex
1550 1272 1841 1340 semetipso
1943 1282 2165 1322 saxum.

234 1372 562 1443 proferendo
596 1372 759 1424 lilium
807 1368 964 1433 fecit,
994 1377 1048 1423 et
1077 1366 1155 1439 (5)
1205 1365 1401 1421 exinde
1431 1364 1577 1417 omni
1604 1361 1836 1433 disposi.

233 1468 364 1521 tioni
389 1482 500 1520 sua:
529 1464 896 1535 voluntatique
920 1461 1191 1532 praefecit;
1214 1458 1520 1514 diminucns
1542 1458 1689 1513 illum
1722 1472 1837 1510 mo-

230 1558 356 1614 dico
407 1559 538 1613 citra
593 1556 842 1629 angelos,
892 1558 1030 1610 sicut
1058 1553 1197 1623 apud
1247 1551 1408 1606 David
1447 1552 1530 1622 (4)
1582 1550 1837 1620 scriptum

228 1661 311 1707 est
359 1648 479 1726 (Ps.
517 1648 654 1711 VIII,
711 1649 811 1718 6):
844 1663 947 1719 qua
993 1644 1349 1701 diminutione
1387 1645 1438 1698 in
1478 1644 1591 1697 ὴωο
1626 1657 1840 1713 quoque

231 1744 530 1816 dispositus
556 1754 637 1800 est
659 1759 686 1796 a
720 1742 896 1808 Patre,
922 1757 1041 1812 qua:
1070 1750 1127 1795 ut
1157 1739 1388 1794 hmnana
1418 1736 1835 1807 reprehenditis,

229 1837 610 1904 ediscensjam
642 1834 765 1888 inde
805 1848 835 1888 a
865 1832 1181 1903 primordio,
1205 1830 1315 1901 jam
1368 1829 1490 1884 inde
1539 1828 1835 1891 hominem,

2490 1354 2715 1413 CAPUT
2755 1352 2991 1410 XXVIII.

2014 1455 2164 1510 Nunc
2200 1464 2255 1509 et
2294 1451 2363 1508 de
2391 1448 2795 1521 pusillitatibus,
2828 1455 2883 1501 et
2915 1440 3359 1514 malignitatibus,
3390 1445 3554 1494 ciete—

1944 1551 2125 1619 risque
2156 1550 2318 1612 notis,
2368 1554 2421 1601 et
2458 1545 2572 1615 ipse
2601 1541 2860 1597 adversus
2902 1536 3224 1593 Marcionem
3253 1531 3555 1589 antithcses

1942 1644 2162 1700 aemulas
2200 1642 2413 1697 faciam.
2454 1640 2510 1694 Si
2554 1635 2817 1708 ignoravit
2846 1633 2988 1688 Deus
3016 1645 3169 1686 meus
3212 1642 3336 1685 esse
3374 1626 3540 1681 alium

1940 1752 2102 1806 super
2125 1750 2207 1802 se,
2256 1735 2419 1788 etiam
2469 1742 2589 1786 tuus
2634 1729 2854 1785 omnino
2894 1741 2998 1781 non
3031 1723 3191 1779 scivit
3240 1736 3361 1778 esse
3387 1720 3552 1775 alimn

1943 1829 2077 1886 inl‘ra
2110 1844 2189 1882 se.
2210 1826 2365 1893 Quod
2392 1825 2535 1880 enim
2562 1824 2637 1877 ait
2658 1820 2960 1876 Heraclitus
2988 1817 3079 1872 ille
3110 1814 3426 1870 tenebrosus
3449 1812 3549 1882 (ὁ),

227 1928 374 2000 quod
405 1938 519 1982 erat
549 1927 758 1981 futurus
790 1926 842 1979 III
876 1925 999 1979 (inc.
1036 1923 1129 1978 Ille
1154 1934 1234 1977 cst
1262 1921 1349 1993 qui
1381 1920 1687 1984 descendit;
1716 1918 1826 1984 ille,
1858 1927 1905 1987 B
1932 1922 2118 1981 eadem
2146 1922 2229 1975 via
2256 1933 2469 1973 sursum
2495 1926 2549 1971 ει
2574 1915 2850 1971 deorsum.
2909 1911 3149 1980 Denique
3174 1907 3219 1962 si
3266 1921 3371 1961 non
3401 1904 3554 1974 igno-

230 2024 320 2093 qui
352 2023 676 2091 interrogat;
702 2020 813 2085 ille,
831 2020 916 2089 qui
943 2017 1207 2089 postulat;
1232 2015 1339 2078 ille,
1365 2014 1452 2085 qui
1470 2014 1633 2086 jnrat.
1659 2012 1834 2066 Carte-

226 2133 347 2170 rum
407 2114 514 2185 (5),
567 2113 783 2169 Patrem
831 2112 1028 2166 nemini
1077 2110 1281 2172 visum,
1333 2108 1493 2163 etiam
1551 2119 1836 2161 commune

227 2207 517 2261 testabitur
540 2204 898 2275 evangelium,
933 2203 1146 2257 dicente
1172 2200 1415 2275 (Mattlt.,
1443 2198 1536 2264 XI,
1558 2197 1651 2266 27)
1680 2196 1836 2253 Chri-

225 2308 313 2353 sto
350 2316 363 2352 :
398 2296 567 2352 Nemo
590 2298 825 2367 cognovit
874 2294 1084 2349 Patrem
1114 2294 1210 2348 nisi
1236 2292 1283 2346 F
1286 2294 1434 2357 ilius;
1480 2292 1591 2361 ipse
1615 2292 1757 2346 cnim
1783 2298 1835 2345 et

226 2389 411 2444 Veteri
426 2388 775 2443 Testamento
805 2390 1178 2459 pronuntiarat
1198 2384 1421 2455 (Exod.,
1442 2383 1681 2446 XXXIII,
1702 2384 1792 2453 20)
1818 2400 1831 2437 :

227 2481 398 2534 Deum
426 2497 572 2534 nemo
608 2481 813 2547 videbit,
850 2492 896 2535 et
924 2481 1087 2545 vivet;
1132 2479 1346 2534 Patrem
1389 2478 1711 2533 invisibilem
1736 2477 1833 2531 de-

226 2574 552 2639 terminans,
586 2574 637 2627 in
674 2573 827 2643 cujus
857 2574 1174 2627 auctoritate
1223 2580 1277 2626 et
1321 2572 1538 2627 nomine
1583 2572 1696 2641 ipsc
1720 2578 1838 2625 erat

230 2666 395 2731 Deus,
440 2665 531 2736 qui
573 2665 853 2720 videbatur
907 2665 1000 2720 Dei
1044 2664 1230 2719 Filius.
1279 2664 1383 2719 Sed
1428 2672 1484 2718 et
1530 2678 1694 2732 penes
1738 2676 1837 2715 nos

225 2757 479 2813 Christus
509 2757 562 2811 in
611 2772 837 2828 persona
861 2756 1058 2812 Christi
1091 2757 1350 2827 accipitur
1376 2756 1477 2824 (a),
1508 2756 1631 2826 quia
1654 2764 1705 2810 et
1734 2753 1837 2809 hoc

228 2849 395 2903 modo
416 2860 601 2904 noster
625 2860 727 2905 est.
759 2850 924 2921 Igitur
948 2864 1277 2919 qnmcunquc
1295 2847 1504 2919 exigitis
1526 2848 1633 2902 Deo
1653 2847 1833 2918 digna,

229 2942 573 2995 habebuntur
610 2943 661 2995 in
698 2939 859 2997 Patre
890 2940 1142 2995 invisibili
1183 2941 1718 3010 incongressibilique
1756 2942 1834 3013 (6)

226 3043 284 3090 et
314 3036 549 3105 placido,
578 3049 630 3091 et
676 3036 756 3107 (ut
784 3039 854 3089 ita
899 3034 1151 3106 dixerim)
1214 3035 1656 3105 pllilOSOpI‘tOl'lllll
1703 3036 1833 3092 Deo.

226 3131 576 3199 Quaennqne
628 3139 803 3183 autem
832 3137 889 3183 ut
917 3128 1129 3198 indigna
1156 3126 1572 3197 reprehenditis,
1603 3126 1835 3197 deputa—

228 3224 433 3279 buntur
459 3224 511 3278 itt
537 3222 692 3290 Filio,
722 3233 775 3277 et
795 3222 930 3288 viso,
958 3230 1012 3276 et
1041 3220 1244 3285 attdito,
1275 3230 1328 3275 ct
1351 3234 1661 3291 congresso,
1694 3220 1836 3275 arbi-

1944 2025 2134 2079 rasset,
2160 2024 2216 2071 et
2236 2014 2305 2068 ab
2326 2012 2480 2067 initio
2496 2010 2545 2067 ei
2568 2008 2912 2064 occurrisset.
2938 2005 3197 2059 Delictum
3224 2010 3281 2057 et
3299 2008 3551 2062 mortem,

1948 2120 2003 2167 et
2032 2112 2205 2181 ipsum
2228 2110 2503 2165 auctorem
2531 2101 2712 2158 delicti
2738 2098 3044 2159 diabolum,
3072 2104 3127 2150 et
3147 2109 3308 2149 omne
3327 2091 3549 2157 malum,

1941 2202 2085 2273 quod
2118 2200 2233 2273 (10)
2263 2200 2412 2255 Dens
2461 2211 2613 2251 meus
2646 2208 2833 2265 passus
2860 2200 3129 2253 estesse;
3190 2186 3293 2241 hoc
3323 2193 3378 2240 et
3406 2195 3549 2250 tuus,

1941 2297 2032 2367 qui
2074 2297 2223 2352 illum
2273 2293 2379 2363 pati
2423 2304 2611 2362 passus
2660 2298 2763 2343 εει.
2803 2283 3025 2341 Mutavit
3065 2278 3364 2335 sententias
3425 2291 3553 2331 suas

1945 2389 2085 2445 Dens
2116 2396 2325 2443 noster.
2352 2384 2588 2439 Proinde
2612 2396 2714 2450 qua
2745 2387 2800 2434 et
2826 2387 3024 2433 vester.
3066 2374 3166 2443 Qui
3198 2371 3341 2427 enim
3385 2381 3553 2440 genus

1942 2482 2233 2535 humanum
2265 2487 2370 2531 tam
2402 2490 2526 2531 sero
2553 2471 2807 2540 respexit,
2864 2481 2983 2523 eam
3026 2463 3349 2519 sententiam
3377 2468 3552 2514 muta.

1938 2573 2036 2637 vit,
2084 2585 2185 2641 qua
2231 2576 2380 2622 tanto
2406 2580 2525 2620 arvo
2561 2579 2666 2617 non
2698 2559 2957 2631 respexit.
2996 2554 3251 2611 I’arnituit
3289 2554 3338 2606 in
3370 2551 3549 2621 aliquo

1942 2663 2111 2719 Denm
2158 2669 2423 2716 nostrum.
2451 2655 2559 2713 Sed
2588 2662 2642 2709 et
2674 2655 2932 2709 vestrum.
2982 2649 3061 2704 Eo
3091 2647 3233 2703 enim
3262 2643 3402 2714 quod
3433 2653 3550 2698 tutt-

1940 2756 2063 2813 dem
2094 2749 2565 2811 animadvertitad
2598 2745 2833 2802 hominis
2879 2742 3130 2805 salutem,
3178 2736 3547 2810 paruitentiant

1941 2846 2385 2903 diSsimulationis
2430 2844 2670 2913 pristina:
2716 2838 2861 2900 fecit,
2912 2834 3146 2891 debitam
3194 2830 3337 2885 malo
3385 2828 3543 2883 facto.

1942 2941 2112 2996 Porro
2146 2940 2344 2994 malum
2386 2936 2583 2991 factum
2613 2930 2959 3001 deputabitur
3002 2925 3329 2996 negligentia
3362 2922 3549 2978 salutis

1943 3031 2214 3096 humanae,
2270 3026 2483 3082 nonnisi
2531 3040 2626 3096 per
2665 3020 3037 3093 paenitentiam
3088 3015 3369 3072 emendata
3407 3013 3547 3085 apud

1943 3123 2108 3177 Deum
2138 3132 2393 3175 vesmnn.
2436 3115 2702 3171 Mandavit
2744 3112 2985 3167 fraudem
3020 3109 3160 3163 Deus
3185 3115 3402 3170 uoster;
3450 3104 3546 3159 Sed

1939 3219 2053 3274 auri
2071 3226 2123 3273 et
2144 3218 2371 3288 argenti.
2395 3214 2608 3282 Quanto
2633 3222 2813 3264 autem
2838 3208 2999 3261 homo
3029 3203 3312 3275 pretiosior
3333 3216 3466 3257 auro
3492 3209 3548 3254 et

232 3329 319 3374 tro
348 3319 523 3373 Patris
546 3327 601 3373 et
640 3315 907 3380 ministro,
943 3315 1202 3369 miscente
1232 3314 1285 3367 in
1323 3313 1616 3381 semetipso
1659 3312 1833 3367 homi-
1860 3324 1905 3388 ρ
1940 3320 2185 3383 argento,
2228 3318 2376 3364 tanto
2422 3302 2813 3361 fraudulentior
2846 3300 2985 3354 Deus
3017 3305 3219 3362 vester,
3249 3295 3338 3366 qui
3370 3291 3546 3346 homi-

228 3425 357 3465 nem
385 3418 442 3464 et
473 3409 675 3473 Deum;
707 3407 758 3462 in
782 3406 1089 3471 virtutibus,
1118 3405 1316 3469 Deum;
1346 3405 1400 3459 in
1434 3404 1835 3475 pusillitatibus,

228 3502 544 3566 hominem;
577 3509 636 3555 ut
676 3508 879 3555 tantum
908 3497 1113 3553 homini
1140 3496 1400 3563 conterat,
1432 3506 1688 3565 quantum
1726 3496 1836 3552 Deo

227 3593 470 3651 detrahit
510 3612 524 3647 :
560 3602 727 3649 totum
749 3591 979 3663 denique
1001 3590 1097 3647 Dei
1129 3589 1232 3645 mei
1262 3604 1426 3659 penes
1456 3604 1551 3644 vos
1574 3589 1829 3659 dedecus,

230 3696 633 3743 sacramentum
674 3695 756 3742 est
800 3685 1049 3740 humane
1122 3682 1331 3739 salutis.
1402 3682 1835 3740 Conversabatur

232 3783 399 3847 Deus,
448 3790 507 3836 ut
556 3781 719 3836 homo
766 3779 945 3836 divine
995 3793 1155 3849 agere
1199 3777 1505 3833 doceretur.
1558 3777 1636 3832 Ex
1676 3792 1832 3848 aequo

229 3876 426 3945 agebat
469 3873 613 3928 Deus
655 3888 777 3928 cum
822 3871 1062 3937 homine,
1091 3879 1151 3926 ut
1180 3872 1341 3925 homo
1367 3885 1433 3925 ex
1477 3884 1632 3939 mquo
1673 3884 1835 3940 agerc

228 3982 356 4022 cum
377 3966 488 4022 Deo
518 3974 720 4037 posset.
744 3966 883 4020 Deus
910 3964 1137 4037 pusillus
1163 3965 1415 4020 iuventus
1435 3974 1537 4032 est,
1569 3974 1624 4019 ut
1670 3963 1833 4019 homo

230 4061 500 4117 maximus
526 4060 697 4116 ﬁeret.
747 4059 850 4128 Qui
880 4059 1041 4116 talem
1088 4058 1257 4115 Deum
1296 4056 1624 4128 dedignaris,
1654 4060 1835 4113 nescio

232 4165 300 4205 an
326 4166 393 4207 ex
434 4151 537 4209 ﬁde
583 4151 772 4207 credas
823 4151 988 4206 Deum
1033 4150 1368 4206 cruciﬁxum.
1405 4150 1611 4217 Quanta
1658 4149 1838 4221 itaque

233 4244 560 4315 perversitas
588 4252 764 4299 vestra
793 4258 919 4314 erga
946 4252 1231 4313 utrumque
1260 4243 1505 4298 ordinem
1527 4242 1833 4298 Creatoris?

231 4336 476 4393 Iudicem
499 4352 622 4392 eum
647 4337 958 4408 designatis,
984 4346 1037 4393 et
1063 4337 1405 4393 severitatem
1429 4336 1624 4407 judieis
1649 4338 1726 4409 (7)
1749 4352 1833 4393 se-

231 4431 467 4486 cundum
497 4431 685 4486 merita
712 4445 1021 4487 caussarum
1066 4439 1450 4503 congruentem
1497 4444 1593 4499 pro
1632 4430 1834 4485 saevitia

1942 3420 2067 3460 nem
2094 3403 2320 3458 Domino
2343 3410 2397 3455 et
2428 3396 2615 3453 factori
2636 3408 2735 3450 suo
2761 3391 2944 3461 eripit.
2974 3388 3200 3444 Oculum
3242 3401 3341 3457 pro
3390 3384 3547 3439 oculo

1940 3496 2174 3567 reposcit
2200 3495 2339 3549 Dens
2362 3501 2575 3554 noster;
2610 3487 2702 3543 sed
2734 3496 2787 3540 et
2818 3496 2999 3539 vester
3029 3482 3201 3534 vicem
3230 3476 3543 3548 prohibens,

1938 3588 2243 3645 itcrahilem
2273 3586 2443 3657 magis
2490 3582 2736 3652 injurinm
2760 3578 2907 3633 facit.
2940 3575 3071 3643 Quis
3096 3573 3240 3628 enim
3274 3584 3379 3625 non
3426 3586 3547 3624 rur-

1935 3699 2030 3740 sus
2061 3682 2342 3755 percutiet,
2400 3693 2507 3733 non
2550 3670 2943 3746 repercussus?
2990 3667 3194 3723 Nesciit
3240 3666 3357 3737 (11)
3407 3664 3549 3719 Deus

1937 3786 2121 3832 noster
2141 3774 2325 3846 quales
2350 3769 2642 3842 ailegerct?
2670 3766 2816 3837 Ergo
2864 3778 2964 3819 nec
2989 3770 3172 3817 vester
3200 3758 3394 3817 Iudam
3443 3767 3550 3812 Ira-

1935 3868 2165 3925 ditorem
2192 3866 2306 3940 (12)
2333 3864 2637 3935 adlegisset,
2654 3862 2698 3915 si
2724 3856 3049 3929 praescisset.
3067 3851 3159 3910 Sic
3184 3860 3240 3906 et
3264 3848 3548 3905 mentitum

1938 3960 2132 4014 alicubi
2160 3959 2298 4013 dicis
2326 3956 2637 4012 Creatorem
2667 3970 2680 4006 :
2712 3951 2869 4019 longe
2897 3944 3072 4015 majus
3100 3942 3435 3999 mendaeimn
3467 3947 3551 3996 cst

1940 4052 1993 4108 in
2016 4062 2107 4106 tuo
2144 4049 2379 4115 Christo,
2407 4048 2561 4116 cujus
2599 4057 2794 4113 corpus
2834 4054 2940 4094 non
2983 4036 3084 4091 fuit
3110 4051 3323 4091 verum.
3354 4033 3550 4088 Multos

1940 4144 2143 4199 satvitia
2186 4142 2277 4198 Dei
2310 4139 2416 4197 mei
2441 4133 2776 4207 absumpsit?
2806 4131 2953 4186 'I‘uns
2976 4141 3190 4199 quoque
3220 4124 3383 4187 Dens,
3413 4137 3549 4193 quos

1936 4239 2112 4293 salvos
2169 4253 2275 4291 non
2332 4234 2479 4298 facit,
2528 4232 2711 4300 utique
2752 4228 2805 4281 itt
2839 4224 3064 4280 exitium
3111 4217 3373 4289 disponit.
3408 4215 3548 4270 Deus

1938 4347 2089 4388 mens
2117 4330 2233 4401 (l5)
2257 4329 2485 4398 aliquem
2532 4323 2691 4394 jussit
2738 4319 2950 4378 occidi?
2988 4316 3139 4371 'l‘uns
3198 4310 3547 4381 semetipsum

1937 4428 2107 4484 voluit
2139 4424 2401 4487 interliei;
2433 4436 2546 4476 non
2576 4418 2753 4475 minus
2784 4410 3049 4469 homicida
3093 4409 3144 4465 in
3178 4404 3544 4475 semetipsum,

1414 4540 1802 4601 LECTIONES
1840 4539 2261 4599 VARIANTES.

328 4671 371 4724 li
398 4671 523 4723 Hinc
544 4669 695 4724 inser.
720 4669 873 4724 Seml.

325 4734 373 4797 Ξ)
399 4735 546 4797 Cujus
570 4739 713 4786 Prutt.
739 4734 890 4797 senti.

397 4796 629 4910 ἓιΡιιηι.
656 4796 808 4849 Sentl.

439 4875 521 4910 um
546 4864 689 4910 Pam.
716 4864 808 4912 Seu

321 4860 372 4912 ιι
397 4860 521 4910 Eum
546 4864 689 4910 Pam.
716 4860 866 4912 Seml.

324 4921 375 4996 ξ)
398 4924 527 4996 Quia
548 4921 985 4996 inser._Savtl..qui
1004 4931 1117 4974 Jmt.

394 4986 820 5049 Cognoscibilique
843 4983 949 5037 alii.

319 5048 370 5100 7i
396 5048 573 5099 Judic'ti
608 5048 793 5100 Νυκτὶ).

1861 4653 1915 4713 D

2028 4675 2079 4748 ξ)
2104 4674 2217 4748 gon
2234 4669 2400 4748 Sem't.
2409 4665 2600 4748 fumet.
2618 4668 2753 4719 enim
2764 4663 2917 4719 Latin.
2942 4663 3062 4728 quid
3075 4659 3203 4727 quod
3220 4669 3350 4708 nunc
3366 4664 3545 4705 Wmuv.

2028 4678 2058 4725 8
2104 4675 2217 4748 Non
2234 4675 2385 4725 Semt.
2412 4675 2600 4721 Pamet.
2618 4675 2753 4719 enim
2764 4675 2917 4719 Latin.
2942 4675 3062 4728 quia
3075 4675 3145 4727 qu<

2026 4675 2543 4857 iiDSOiiiiizimLtit‘alum
2566 4806 2717 4857 quem
2734 4797 2833 4843 ut.
2853 4798 2966 4845 Jun.
2994 4781 3145 4839 Sentl.

2032 4852 2109 4913 Hi
2130 4861 2301 4911 Nescit
2320 4856 2469 4910 Seml.
2498 4852 2688 4907 Pamel.

2033 4800 2086 4850 l0
2132 4800 2341 4849 Omnem
2363 4800 2543 4845 malum
2566 4806 2717 4857 quem
2734 4800 2833 4843 ut.
2853 4800 2966 4845 Jun.
2994 4800 3145 4839 sena.

2032 4864 2084 4913 11
2130 4861 2301 4911 Nescit
2320 4856 2469 4910 Seml.
2498 4852 2688 4907 Pamel.

2032 4800 2109 4990 iii
2134 4923 2239 4974 Non
2264 4923 2415 4973 inser.
2454 4916 2607 4972 Seml.
2629 4914 2818 4969 Pamet.
2845 4920 2890 4965 et
2912 4917 3090 4979 puncto
3113 4906 3337 4961 dividunt
3359 4914 3543 4956 vester.

1938 4988 2131 5039 Iudam.

2005 5049 2107 5114 (l3)
2134 5048 2277 5100 Meus
2299 5046 2429 5099 abest
2449 5046 2606 5097 Fran.

2004 4674 2027 4989 Ξ

1619 5191 2179 5251 COMMENTARIUS.

230 5311 575 5371 invocatione
629 5310 863 5381 ipsorum
928 5307 1245 5381 Sanctorum
1272 5348 1307 5381 ,Α
1332 5306 1440 5364 late
1488 5310 1834 5381 tracmvimns

230 5384 421 5439 adnot.
465 5379 665 5438 nostris
699 5382 750 5436 in
809 5382 966 5453 epist.
1010 5380 1102 5443 57.
1162 5380 1229 5435 ad
1270 5379 1578 5437 Cornelium
1631 5381 1691 5435 Β.
1722 5380 1832 5454 Cy-

232 5455 431 5509 Drinni.
477 5455 611 5509 Pan.

232 5471 431 5527 prum,-
477 5471 611 5527 liae:

309 5526 465 5582 CAI’.
498 5524 711 5581 XXVII.
726 5555 795 5565 —-
817 5521 895 5595 (θ)
909 5524 1014 5579 Sed
1037 5532 1081 5577 et
1098 5541 1248 5589 penes
1271 5541 1362 5578 nos
1379 5523 1608 5580 Christus
1636 5525 1686 5577 in
1712 5541 1827 5591 per-

229 5616 361 5655 sona
380 5594 568 5652 Christi
582 5594 847 5667 accipitur.
863 5596 949 5649 Sir.
964 5595 1162 5650 habent
1183 5596 1537 5665 exemplaria.
1556 5597 1827 5651 Aitautem

233 5668 920 5741 Septimius:Nemobomo
946 5668 1112 5741 Deum
1141 5668 1271 5741 vidit
1294 5669 1497 5741 vivens,
1528 5668 1827 5741 inqpegsona

227 5736 411 5797 Pairis
447 5741 671 5795 scilicet.
702 5741 768 5793 At
795 5738 1042 5793 viderunt
1070 5737 1314 5793 homines
1347 5736 1562 5791 Patrem
1588 5740 1640 5793 in
1669 5737 1823 5804 Filio,

232 5814 358 5883 quia
372 5828 590 5883 semper
608 5810 715 5878 egit
737 5808 905 5866 Filius
925 5811 978 5865 in
1006 5812 1097 5865 Dei
1115 5808 1290 5883 Patris
1305 5809 1565 5883 nomine;
1561 5810 1714 5883 Pater
1733 5826 1826 5863 au-

237 5878 346 5939 tem
375 5893 426 5938 et
444 5882 610 5936 Filius
633 5897 794 5936 unum
808 5892 951 5947 sunt,
967 5883 1231 5938 sisenuns
1247 5880 1407 5934 Dens.
1424 5878 1512 5934 Sit:
1530 5879 1692 5934 Filius
1712 5884 1824 5950 ipse

235 5962 352 6011 erat
376 5955 541 6021 Dens,
564 5969 720 6028 quem
750 5952 992 6009 homines
1014 5953 1281 6008 viderunt.
1315 5951 1403 6007 Sic
1431 5949 1701 6006 Christum
1726 5949 1823 6007 nos

1937 5311 2251 5374 Christiani,
2282 5325 2388 5365 non
2415 5307 2764 5371 Marcionita,
2802 5302 3094 5375 accipimus
3115 5300 3251 5375 _sive
3292 5296 3548 5375 intelligi-

1935 5399 2056 5438 mus
2085 5370 2249 5436 Denm
2282 5383 2332 5435 in
2355 5395 2587 5449 persona
2614 5377 2810 5432 Chriin
2838 5393 2855 5449 ;
2883 5370 3005 5445 quia
3032 5371 3213 5449 et_hoc
3237 5370 3398 5424 modo
3442 5387 3543 5425 no-

1934 5466 2045 5509 ster
2068 5465 2151 5509 est
2177 5444 2500 5509 DeusCNam
2530 5461 2581 5505 et
2615 5450 2777 5503 homo
2801 5448 3065 5503 Christus.
3095 5444 3213 5499 Rm.

2004 5526 2045 5579 C
2098 5526 2157 5579 Ρ.
2184 5524 2417 5581 XXVIII.
2436 5522 2600 5591 -—(b)
2634 5520 2924 5574 Heraclitus
2954 5517 3043 5571 ille
3069 5516 3385 5591 tenebrosus.
3405 5513 3541 5570 Obs-

1932 5599 2214 5653 curitatem
2241 5596 2510 5650 aﬂ'ectavit
2529 5584 2665 5648 adeo
2694 5591 3044 5660 philosophus
3073 5587 3180 5649 ille,
3209 5596 3264 5639 ut
3298 5584 3421 5660 inde
3454 5593 3539 5637 te-

1935 5668 2195 5723 nebrosus
2216 5683 2308 5721 St‘ll
2325 5674 2557 5727 σκιτςινὸς
2582 5658 2828 5717 audierit.
2852 5658 3022 5729 Atque
3041 5660 3200 5712 etiam
3223 5658 3536 5710 imminente

1932 5751 2104 5793 morte
2136 5739 2265 5793 illud
2295 5738 2543 5808 loquendi
2577 5751 2743 5802 genus
2772 5728 3009 5808 retinuit.
3040 5728 3171 5808 Cum
3206 5729 3348 5782 enim
3396 5741 3533 5808 aqua

1930 5812 2194 5867 intercute
2230 5820 2282 5864 et
2320 5798 2560 5877 hi'uerpe
2579 5798 2849 5860 iaboraret
2874 5845 2884 5858 .
2910 5804 2987 5877 sei
3021 5805 3216 5877 citatus
3253 5807 3337 5852 est
3357 5798 3532 5877 inedi-

1928 5898 2042 5946 eos,
2062 5899 2127 5938 an
2149 5883 2279 5937 artis
2307 5896 2416 5939 stne
2447 5868 2706 5935 industria
2726 5892 2795 5931 ex
2832 5872 3322 5946 imbre‘siccitalem
3354 5868 3535 5928 Iacere

1930 5942 2149 6025 posSent
2208 5954 2331 6009 llaec
2354 5952 2517 6009 refert
2540 5949 2803 6011 Laertius,
2832 5948 2922 6002 lib.
2958 5943 3046 5999 IX.
3082 5942 3159 5998 Ls
3192 5942 3287 5994 l'n.
