4262 6490
733 371 841 428 319

734 502 894 559 quam
928 489 980 544 in
1006 504 1129 547 eum
1167 493 1244 567 (l)
1271 510 1300 550 a
1346 509 1453 569 quo
1483 501 1648 558 vellet
1694 507 1887 575 occidi,

735 587 999 643 occidisse
1035 589 1199 645 Deum
1250 593 1365 662 ejus
1417 596 1656 665 probabo
1711 602 1985 661 Marcioni.
2038 607 2169 664 Nam
2219 609 2345 667 fecit

738 674 1085 748 homicidam,
1123 685 1306 756 utique
1357 690 1686 758 periturum,
1725 697 1824 751 nisi
1856 698 1901 752 si
1933 703 2163 770 populus
2211 705 2343 762 nihil

735 769 960 842 deliquit
1015 774 1065 829 in
1113 776 1408 835 Christum.
1451 781 1555 837 Sed
1600 790 1844 858 expedita
1880 769 2048 848 virtus
2103 798 2343 855 veritatis

736 867 921 936 paucis
946 880 1110 924 amat.
1143 871 1305 928 Multa
1341 875 1624 934 mendacio
1655 893 1814 938 erunt
1845 893 2171 944 necessaria.

1303 965 1534 1028 CAPUT
1574 972 1768 1030 XXIX.

804 1046 1093 1120 Ceterum,
1121 1055 1264 1125 ipsas
1291 1076 1503 1132 quoque
1537 1068 1833 1124 antitheses
1861 1070 2145 1130 Marcionis
2171 1079 2341 1132 comi-

733 1157 836 1198 nus
865 1145 1226 1215 eaeeidissem,
1276 1154 1318 1206 si
1373 1160 1686 1225 operosiore
1735 1161 2102 1222 destructione
2151 1184 2336 1224 earum

732 1247 917 1306 egeret
946 1237 1188 1296 defensio
1220 1244 1486 1302 Creatoris
1519 1261 1622 1304 tam
1664 1252 1786 1308 boui
1832 1272 1989 1325 quam
2023 1269 2076 1311 et
2121 1259 2336 1329 judicis,

732 1332 1029 1387 secundum
1059 1336 1338 1408 utriusque
1384 1343 1552 1411 partis
1598 1356 1650 1401 et
1694 1349 1940 1418 exempla
1987 1357 2338 1422 congruentia

737 1421 870 1490 Deo,
904 1436 959 1478 ut
987 1428 1340 1485 ostendimus.
1377 1433 1528 1500 Quod
1556 1436 1600 1490 si
1651 1448 1874 1509 utraque
1913 1457 2037 1512 pars
2086 1421 2340 1502 bonitatis

731 1526 892 1586 atque
956 1519 1182 1588 justitia:
1263 1524 1477 1595 dignam
1571 1530 1953 1600 plenitudinem
2036 1538 2338 1596 divinitatis

732 1608 969 1665 elﬁeiunt
1024 1614 1203 1669 omnia
1252 1620 1484 1686 potentis
1518 1663 1532 1689 ,
1581 1625 1901 1692 compendio
1943 1627 2155 1684 interim
2216 1647 2339 1700 pos-

732 1715 851 1754 sum
892 1704 1192 1761 antitbeses
1245 1711 1541 1780 retudisse,
1585 1716 1879 1785 gestientes
1935 1734 2000 1774 ex
2060 1725 2333 1792 qualitati-

732 1793 834 1850 bus
863 1797 1196 1868 ingeniorum
1225 1803 1339 1858 sive
1369 1805 1543 1877 legum
1574 1810 1689 1865 sive
1716 1812 1971 1868 virtutum
2003 1815 2332 1884 discernere.

731 1895 890 1958 atque
919 1891 985 1945 ita
1018 1893 1256 1949 alienare
1281 1895 1551 1953 Christum
1581 1917 1611 1955 a
1653 1903 1909 1959 Creatore
1931 1949 1945 1972 ,
1993 1918 2048 1962 ut
2079 1913 2342 1980 Optimum
2374 1923 2420 1983 B

731 1993 760 2033 a
800 1980 998 2048 judice.
1038 1993 1092 2039 et
1121 1987 1303 2042 mitem
1335 2005 1361 2042 a
1395 1991 1527 2054 fero,
1559 2003 1613 2047 et
1660 1997 1949 2053 salutarem
1979 2001 2046 2056 ab
2071 2005 2327 2062 exitinso.

732 2070 894 2143 Magis
921 2076 1064 2130 enim
1093 2093 1186 2134 eos
1214 2080 1563 2154 conjunguut,
1599 2102 1735 2156 quos
1759 2089 1810 2143 in
1834 2092 1911 2144 eis
1935 2093 2337 2154 diversitatibus

733 2178 939 2235 ponunt
979 2184 1100 2238 qua:
1147 2171 1254 2226 Deo
1296 2187 1614 2245 congruunt.
1651 2181 1817 2235 Aufer
1855 2183 2064 2240 titulum
2116 2189 2340 2247 Marcio-

733 2259 817 2314 nis
849 2260 924 2332 (a)
945 2271 999 2315 et
1029 2262 1379 2321 intentionem
1396 2280 1553 2340 atque
1583 2275 1909 2342 propositum
1939 2281 2118 2348 operis
2150 2283 2335 2351 ipsius,

733 2361 788 2406 et
843 2354 974 2408 nihil
1019 2355 1162 2410 aliud
1212 2369 1425 2427 pra-stat
1474 2361 1554 2433 (2)
1609 2381 1767 2435 quam
1827 2367 2335 2433 demonstrationem

732 2443 971 2514 ejusdem
999 2446 1086 2502 Dei
1110 2451 1293 2518 optimi
1322 2462 1375 2506 et
1401 2453 1595 2520 judicis
1619 2477 1629 2511 :
1661 2459 1779 2527 quia
1811 2458 1923 2516 haec
1944 2462 2052 2518 duo
2082 2466 2133 2519 in
2161 2468 2332 2523 solum

2125 395 2590 460 TERTULLIANI

1938 510 2132 567 Multos
2155 525 2334 572 autem
2365 523 2416 579 Λ
2444 522 2613 592 magis
2639 535 2862 594 spectat.
2889 530 3048 586 Adeo
3074 533 3218 588 enim
3253 535 3366 606 ipsa
3400 548 3454 594 et
3477 555 3580 598 una
3611 553 3727 600 erat
3755 545 4056 607 substantia

3949 435 4056 492 320

2449 613 2816 674 divinitatibus
2839 621 2942 694 (5),
2969 624 3108 680 bona
3144 636 3199 682 et
3225 643 3433 695 severa,
3467 643 3522 688 et
3551 636 3755 692 eisdem
3789 641 4056 712 exemplis

2449 717 2501 761 et
2529 709 2578 761 in
2607 709 2868 767 similibus
2906 720 3255 786 argumentis,
3283 731 3338 776 ut
3369 722 3660 782 bonitatem
3690 739 3841 785 suam
3875 709 4055 790 volue-

2447 804 2514 855 rit
2548 805 2852 871 ostendere,
2887 809 2936 861 in
2969 813 3162 878 quibus
3180 818 3892 884 prmmiseratseveritatem.
3914 828 4053 896 Quia

2447 909 2546 949 nec
2583 898 2774 952 mirum
2813 903 2916 955 erit
2946 903 3024 973 (ι)
3070 905 3353 964 diversitas
3385 916 3698 984 temporalis
3721 960 3736 981 ,
3779 919 3824 974 si
3864 933 4054 990 postea

2443 987 2586 1044 Deus
2625 992 2806 1048 mitior
2836 1011 2932 1066 pro
2983 998 3142 1054 rebus
3166 1002 3436 1072 edomitis,
3469 1010 3558 1077 qui
3612 1021 3756 1066 retro
3783 1017 4057 1073 austerior

2447 1099 2544 1155 pro
2575 1087 2869 1144 indomitis.
2901 1090 2973 1146 Ita
3004 1108 3098 1162 per
3121 1096 3436 1156 antitheseis
3476 1101 3686 1160 facilius
3711 1109 3922 1163 ostendi
3955 1125 4055 1181 po-

2448 1186 2550 1235 test
2574 1181 2706 1235 ordo
2734 1180 3006 1241 Creatoris
3031 1203 3058 1240 a
3087 1189 3303 1246 Christo
3332 1193 3652 1252 reformatus
3683 1211 3736 1256 et
3769 1180 4055 1273 repercus-

2443 1285 2573 1334 sus,
2628 1283 2684 1328 et
2737 1275 2976 1334 redditus
3026 1281 3203 1350 potius
3248 1299 3409 1355 quam
3455 1290 3725 1362 exclusus,
3785 1311 3908 1352 cum
3965 1299 4054 1370 (5)

2445 1366 2742 1433 presertim
2769 1368 2932 1424 Deum
2966 1381 3113 1429 tuum
3131 1375 3200 1430 ab
3231 1379 3378 1434 omni
3409 1391 3555 1437 motu
3582 1388 3847 1443 amariore
3871 1406 4057 1446 secer-

2445 1469 2558 1521 nas,
2594 1459 2776 1528 utique
2805 1473 2860 1516 et
2887 1463 2955 1518 ab
2979 1467 3321 1526 aemulatione
3359 1471 3632 1531 Creatoris
3661 1481 3885 1538 scilicet.
3915 1484 4054 1541 Nam

2444 1550 2489 1605 si
2517 1552 2584 1605 ita
2620 1564 2723 1620 est,
2757 1560 3027 1626 quomodo
3068 1578 3190 1618 enni
3235 1566 3531 1625 antitheses
3557 1571 3793 1643 singulas
3838 1579 4055 1646 species

2442 1643 2717 1702 Creatoris
2742 1651 3049 1708 :cmulatum
3069 1654 3466 1726 demonstrant,
3493 1679 3778 1734 agnoscam
3808 1669 3972 1739 igitur
4000 1682 4059 1728 et

2443 1735 2496 1791 in
2545 1737 2645 1794 hoc
2674 1757 2770 1812 per
2801 1743 2918 1799 illas
2948 1745 3114 1802 Deum
3159 1765 3335 1806 meum
3367 1754 3628 1821 zelotem,
3653 1761 3739 1830 qui
3785 1777 3874 1818 res
3927 1779 4057 1820 suas

2442 1834 2772 1892 arbustiores
2801 1839 2851 1893 in
2886 1842 3194 1910 primordiis
3224 1846 3300 1919 (b)
3336 1849 3468 1904 bona
3504 1861 3556 1907 et
3588 1857 3834 1911 rationali
3878 1874 4052 1914 minu-

2451 1923 2650 1982 latione
2697 1933 3020 1988 maturitatis
3047 1943 3426 2006 praecuraverit
3457 1960 3556 1998 suo
3592 1947 3731 2017 jure.
3764 1947 3931 2020 Cujus
3958 1967 4056 2008 an-

2441 2017 2662 2074 titheses
2693 2023 2855 2077 etiam
2887 2025 2999 2095 ipse
3030 2029 3260 2087 mundus
3299 2033 3416 2102 ejus
3444 2050 3718 2106 agnoscet,
3739 2056 3801 2095 ex
3829 2052 4053 2098 contra-

2444 2111 2722 2168 rietatibus
2749 2116 3162 2185 elementorum,
3193 2140 3402 2180 summa
3435 2138 3612 2185 tamen
3633 2133 3840 2189 ratione
3862 2137 4056 2191 modu-

2446 2203 2603 2261 latus.
2661 2210 3072 2280 Quamobrem,
3123 2215 3708 2280 inconsiderantissime
3772 2226 4056 2296 Marcion,

2444 2299 2604 2354 alium
2632 2300 2803 2355 Deum
2846 2303 2980 2360 lucis
3024 2309 3326 2368 ostendisse
3373 2313 3660 2383 debueras,
3709 2318 3874 2374 alium
3925 2337 4060 2377 vero

2445 2391 2809 2460 tenebrarum,
2840 2411 2949 2466 quo
2985 2397 3190 2454 facilius
3212 2404 3372 2459 alium
3403 2405 3674 2473 bonitatis,
3700 2411 3864 2466 alium
3893 2428 4058 2469 seve-

2443 2483 2615 2539 ritatis
2639 2491 3018 2557 persuasisses.
3052 2493 3319 2553 Ceterum
3351 2498 3468 2570 ejus
3497 2502 3602 2558 erit
3629 2504 3938 2576 antithesis,
3973 2523 4064 2564 cu-

734 2537 902 2593 Deum
953 2553 1286 2612 competunt.
1347 2546 1477 2601 Nam
1521 2559 1576 2604 et
1637 2550 1807 2620 ipsum
1851 2556 2085 2612 studimn
2147 2562 2197 2614 iu
2254 2563 2334 2618 eis
2432 2577 2521 2648 jus
2547 2537 2780 2638 eslielin
2814 2586 3032 2644 ιηυηαο,

733 2634 995 2702 exemplis
1024 2639 1330 2708 opponendi
1360 2638 1630 2699 Christum
1659 2644 1935 2716 Creatori,
1978 2651 2042 2705 ad
2073 2653 2330 2710 unitatem

1984 2761 2366 2827 LECTIONES
2405 2770 2826 2838 VARIANTES.

799 2859 872 2985 fl;
897 2861 951 2910 In
977 2874 1037 2912 eo
1060 2861 1214 2913 Seml.

825 2923 850 2970 ἐ
901 2924 1139 2975 Praestare
1167 2928 1214 2977 St

901 2924 1139 3002 ll’raestaorc
1167 2924 1338 3002 Seml._
1355 2929 1480 3002 forte
1509 2935 1772 3002 praestaret
1797 2947 1807 2981 :
1836 2943 2035 2998 prmstat
2057 2946 2127 3002 est
2149 2942 2337 3002 conjec-

732 2989 846 3069 tura
872 2985 1103 3069 Memmi,
1130 3002 1272 3069 qurum
1305 2985 1488 3069 deinde
1503 2985 1770 3069 ainplesati
1793 2985 1900 3050 sunt
1922 2985 2123 3053 Pianel:
2152 2985 2314 3069 ᾖίξᾶιῖ

735 3048 947 3116 Franeq.
975 3048 1151 3103 Parisf
1177 3055 1342 3104 Venet.
1369 3048 1640 3119 przestabit,
1660 3067 1772 3109 Jun.

2527 2957 2574 3014 4)
2601 2957 2717 3010 Erat
2737 2960 2886 3011 Semt.
2915 2957 3103 3014 Painel.

2503 2892 2576 3016 ta
2601 2893 2884 3011 enea
2909 2897 3088 3014 an
3110 2901 3262 2956 W-

2644 2973 2694 3007 ra
2804 2977 2818 3010 1
2877 2997 2886 3008 .
3094 3004 3103 3012 .

2506 2893 2576 3083 Esi
2603 2893 2884 2968 Divinitatis
2909 2897 3083 2963 coniic.
3110 2901 3262 2956 Rhen.

2527 2959 2554 3004 4
2601 2957 2886 3011 hratSemt.
2915 2961 3103 3014 Pamel.

2506 3021 2556 3085 (5
2605 3021 2722 3073 Cum
2745 3026 2894 3076 outitt.
2923 3026 3113 3078 Pumel.
3137 3028 3290 3080 Seml.

2127 3171 2690 3230 COMMENTARIUS.

809 3272 964 3359 CAP:
984 3273 1174 3359 ξιχιχ.
1193 3307 1263 3316 --
1276 3276 1357 3359 (_a_)
1375 3278 1530 3348 Aufer
1546 3280 1748 3359 titulum
1774 3282 2076 3359 Marcionis.
2094 3285 2338 3359 Scripse-

737 3347 1260 3427 ratAutitbescsseu
1291 3347 1597 3427 librumsub
1622 3355 1722 3408 hoc
1750 3356 1904 3427 titulo
1931 3360 2180 3427 ponticus
2214 3347 2333 3416 ille:

739 3416 836 3468 has
858 3432 981 3498 cum
1007 3419 1495 3498 satisimpugnajse
1514 3423 1723 3498 videtur
1750 3425 1833 3480 hic
1862 3416 2110 3498 scriptor,
2141 3434 2210 3484 ait
2243 3449 2338 3485 au-

739 3486 991 3543 ferendus
1006 3505 1146 3555 esse,
1163 3486 1288 3544 dum
1307 3486 1517 3546 Iitulum
1535 3493 1884 3551 aufert-mlum
1902 3486 2110 3555 scribit:
2130 3503 2204 3558 Le
2237 3505 2334 3559 Pu.

811 3561 890 3625 (b)
922 3561 1023 3626 Qui
1045 3579 1124 3614 res
1147 3580 1266 3617 suas
1290 3564 1597 3620 arbustiores
1628 3569 1679 3621 in
1701 3572 1994 3637 primordiis
2025 3575 2154 3628 bona
2182 3588 2225 3629 et
2249 3594 2335 3629 ra-

740 3631 918 3684 tionali
968 3633 1291 3689 wmulatione
1331 3638 1637 3691 maturitatis
1688 3631 2068 3707 prmcururerit.
2115 3648 2213 3711 Qui
2253 3663 2339 3702 res

739 3716 864 3756 suas
902 3704 1229 3775 arbustinres
1263 3704 1808 3775 praecuraverit,'ln_ie
1847 3725 1950 3775 est,
1986 3704 2336 3773 robustiores.

741 3772 841 3840 Qui
871 3774 1077 3830 scilicet
1108 3791 1210 3855 non
1241 3772 1484 3855 surculos
1512 3779 1850 3855 depau‘xerit,
1892 3772 1985 3839 sed
2018 3787 2128 3855 jam
2174 3772 2337 3842 arbu-

743 3854 846 3910 sta,
876 3861 1044 3916 eaque
1066 3846 1382 3913 arbustiora,
1421 3850 1521 3905 hoc
1547 3846 1650 3920 est,
1677 3852 1785 3922 jam
1813 3846 2053 3925 grandia,
2078 3875 2197 3929 qua;
2220 3859 2336 3916 fru-

2441 3300 2586 3347 ctnin
2617 3290 2897 3378 proferunt
2932 3294 3192 3378 maturius
3239 3295 3355 3352 sive
3399 3298 3634 3378 celerius
3687 3303 3861 3378 multo
3895 3322 4066 3378 quam

2443 3365 2679 3443 sureuli._
2725 3364 2843 3420 llic.
2889 3395 2959 3406 —
3005 3366 3233 3443 Elegans
3278 3373 3655 3443 _m_etaphora;
3717 3364 4068 3435 arbustiores

2444 3436 2792 3521 enim\(sic_uti
2841 3450 2988 3493 recte
3036 3438 3313 3521 adnotavit
3339 3436 3732 3521 Rhenanus'ad
3782 3465 3990 3521 marg.,
4024 3452 4065 3505 Ι.

2443 3506 2600 3575 edit.)
2625 3499 3125 3589 'videtnratsurpare
3155 3525 3253 3589 pro
3282 3515 3589 3589 ferociores,
3624 3499 3844 3589 sumpta
3891 3499 4068 3577 taeta-

2447 3578 2614 3647 phora
2659 3580 2727 3632 ab
2777 3580 3013 3636 arbustis
3068 3578 3483 3639 luxuriantibus.
3528 3578 3858 3645 Arbnsta'ndi
3914 3597 4065 3649 enim

2447 3651 2611 3704 verbo
2655 3651 3025 3735 utitur'etiam
3074 3651 3902 3735 Plinius.Alinquin__putarelur
3937 3665 4058 3735 (sed

2447 3735 2552 3774 non
2611 3725 2788 3784 recte)
2835 3721 3148 3801 legendum,
3184 3721 3529 3801 anteriores.
3581 3721 4066 3801 Comparationem

2447 3800 2627 3846 antem
2659 3791 2785 3846 facit
2833 3791 3156 3849 maturitatis
3182 3793 3315 3850 Novi
3343 3797 3670 3857 'l‘estamenti
3699 3791 3766 3858 a'd
3790 3808 4066 3862 acerbita-

2449 3871 2559 3918 tem
2597 3862 2825 3920 Veteris.
2858 3864 2995 3922 Pu.

768 4005 4050 4046 M“

1726 4130 2211 4241 LIBER
2305 4138 3052 4251 TERTIUS.

2239 4362 2663 4398 meae.—

1300 4494 1726 4555 ARGUMENTU
1741 4497 1805 4553 ll.

2520 4511 2640 4556 ante
2685 4503 2872 4576 illum,
2919 4517 2966 4564 et
3005 4525 3095 4580 per
3136 4510 3358 4582 famulos
3415 4531 3533 4572 suos
3584 4519 3796 4575 virtutes
3843 4521 3914 4577 sit
3953 4541 4072 4596 ope-

743 4582 785 4640 l.
828 4585 1035 4641 Librum
1081 4586 1214 4640 hunc
1257 4589 1457 4642 tertium
1489 4589 1731 4644 adversus
1774 4589 2088 4644 Marcionem
2131 4589 2348 4661 scriptu-
2373 4598 2426 4658 1)
2525 4605 2688 4650 ratus.

816 4698 904 4735 rus
956 4697 1023 4736 DE
1086 4681 1361 4750 Cuntsro,
1407 4684 1654 4752 imprimis
1695 4683 1948 4738 Christum
1994 4701 2094 4738 non
2141 4685 2349 4738 alterius

820 4772 915 4826 Dei
965 4775 1380 4844 intelligendum,
1410 4793 1561 4846 quam
1589 4775 1872 4840 Creatoris,
1910 4777 2208 4847 praescribit,
2241 4785 2350 4830 tum

816 4867 955 4937 quod
1003 4868 1399 4938 prteced‘entibus
1451 4869 1589 4923 libris
1637 4869 2018 4923 determinatam
2059 4870 2158 4932 sit,
2191 4869 2351 4923 alium

823 4959 986 5013 Deum
1018 4977 1116 5014 nou
1143 4962 1447 5015 credendum
1487 4979 1637 5032 quant
1679 4961 2011 5026 Creatorem;
2063 4972 2166 5014 tum
2218 4962 2354 5029 quod

821 5051 1060 5122 probetur
1106 5053 1503 5122 apostolicarum
1549 5064 1594 5106 et
1632 5054 1981 5108 Iiwreticarum
2020 5054 2347 5108 icclesiarum

822 5161 1060 5209 recensu,
1092 5147 1284 5200 nullam
1318 5148 1619 5202 mentionem
1657 5148 1862 5203 alterius
1912 5146 2006 5202 Dei
2030 5158 2119 5202 aut
2163 5149 2349 5203 Christi

823 5241 1066 5311 agitatam
1097 5251 1213 5293 ante
1251 5242 1548 5295 scandalum
1581 5241 1872 5298 Marcionis.

753 5332 820 5388 11.
871 5333 1062 5388 Deinde
1105 5343 1390 5404 suspectum
1429 5352 1562 5401 esse,
1610 5336 1745 5405 quod
1789 5345 1891 5388 tam
1956 5334 2118 5389 subito
2164 5336 2350 5388 venerit

828 5424 1056 5481 Christus
1082 5424 1358 5481 Marcionis
1375 5469 1388 5490 ,
1422 5437 1692 5498 antequam
1716 5426 1873 5482 Pater
1899 5428 1961 5481 de
1983 5425 2121 5481 Filio
2148 5435 2354 5482 testare-

830 5527 933 5578 tur,
963 5516 1160 5571 mittens
1187 5520 1249 5571 de
1282 5519 1454 5572 misso.

758 5607 846 5663 lll.
887 5605 1063 5680 Neque
1083 5625 1197 5663 vero
1218 5610 1463 5681 sufﬁcere,
1488 5611 1624 5680 quod
1655 5627 1707 5665 se
1731 5609 1923 5664 Filium
1950 5609 2042 5665 Dei
2057 5609 2360 5679 probaturus

831 5711 955 5754 esset
980 5718 1066 5770 per
1092 5702 1391 5756 documenta
1435 5703 1708 5770 uirtutum;
1740 5713 1843 5757 tum
1867 5704 2000 5774 quod
2041 5704 2360 5757 temerariant

832 5796 1091 5863 signorum
1123 5797 1274 5865 ﬁdem
1316 5798 1422 5866 ipse
1459 5797 1686 5852 Christus
1733 5798 2001 5861 ostendat,
2044 5797 2193 5850 etiam
2223 5795 2359 5866 apud

835 5892 1302 5964 pseudoprophetas
1350 5894 1681 5965 facillimam,
1712 5902 1816 5946 tum
1857 5891 1990 5963 quod
2019 5890 2225 5946 Creator
2252 5886 2358 5954 iam

2455 4709 2543 4766 IV.
2589 4711 2650 4767 Si
2675 4725 2841 4769 autem
2896 4727 3009 4786 post
3047 4716 3356 4790 Creatorem,
3393 4722 3540 4778 illum
3579 4725 3967 4799 emendaturus,
3995 4748 4074 4786 re-

2524 4807 2715 4862 velatus
2739 4808 2803 4861 sit
2831 4807 3062 4864 Christus
3089 4810 3369 4870 Marcionis
3387 4833 3407 4882 ;
3427 4816 3657 4874 debuisse
3683 4835 3785 4873 non
3812 4832 3958 4887 ante,
3985 4825 4073 4879 sed

2528 4907 2640 4969 post
2691 4898 2949 4956 Christum
2999 4903 3255 4960 Creatoris
3308 4908 3552 4975 revelari,
3598 4911 3673 4964 uti
3713 4912 3872 4967 etiam
3926 4915 4074 4971 illum

2529 4995 2840 5050 emendaret.

2455 5108 2520 5166 γ.
2547 5110 2668 5166 Jam
2699 5127 2814 5166 vero
2843 5111 3123 5178 Scripturis
3168 5116 3472 5187 probaturus
3511 5118 3768 5175 Christum
3816 5118 4075 5182 Creatoris

2527 5205 2706 5274 fuisse,
2733 5209 2880 5276 cujus
2904 5207 3188 5278 Scriptura!
3214 5211 3276 5265 ab
3306 5229 3362 5266 eo
3392 5213 3684 5281 adimpleue
3711 5216 3815 5269 sint
3836 5259 3851 5282 ,
3886 5224 4076 5291 praefa-

2530 5307 2631 5363 tur,
2661 5299 2791 5353 duas
2819 5316 3025 5355 caussas
3051 5301 3234 5371 eloquii
3261 5304 3543 5374 prophetici
3570 5307 3882 5364 adversariis
3910 5329 4070 5382 agno-

2530 5396 2776 5461 scendas;
2805 5412 2978 5460 unam,
3007 5413 3108 5468 qua
3152 5401 3326 5469 futura
3350 5399 3606 5454 interdum
3635 5418 3728 5472 pro
3753 5401 3867 5471 iam
3901 5413 4077 5461 trans-

2535 5489 2660 5542 actis
2710 5491 3124 5555 aununtiantur,’
3161 5490 3318 5547 aliam
3342 5533 3359 5560 ,
3410 5511 3512 5566 qua
3568 5495 3813 5566 pleraque
3857 5499 4076 5570 ﬁgurate

2537 5584 2926 5652 portenduntur.

2466 5700 2551 5756 VI.
2593 5699 2775 5772 Itaque
2800 5698 3076 5756 Judaicum
3102 5716 3322 5757 errorem
3342 5718 3435 5773 pro
3460 5700 3780 5758 Marcionitis
3807 5720 3915 5760 non
3943 5706 4076 5778 [aee

2535 5811 2605 5860 re,
2651 5795 2739 5865 qui
2770 5794 3027 5850 Christum
3068 5791 3354 5857 Creatoris,
3389 5804 3630 5866 tanquam
3664 5806 3970 5854 extraneum
3999 5802 4077 5855 in-

2535 5890 2857 5959 terfecerint;
2884 5899 3055 5961 utpote
3074 5905 3198 5956 quos
3225 5888 3372 5945 illum
3399 5888 3750 5962 ignoraturos,
3783 5889 4072 5963 Scriptum
