4262 6490
201 344 303 402 521

276 554 564 608 trahantur.

207 644 322 700 VII.
380 644 623 701 Convinci
652 655 821 701 autem
847 657 1084 719 utrosque
1120 649 1318 704 duobus
1355 649 1543 704 Christi
1588 649 1817 703 adventi-

279 744 406 808 bus,
438 743 630 814 duplici
665 761 696 797 a
731 745 989 813 prophetis
1029 744 1204 800 habitu
1251 745 1655 809 demonstratos;
1685 760 1812 814 quo-

277 852 396 889 rum
444 837 701 904 priorem,
743 836 1082 891 obscuriorem
1111 847 1161 891 et
1203 836 1579 908 indigniorem,
1628 834 1818 889 intelli-

278 944 398 998 gere
424 937 471 982 et
500 927 704 984 credere
732 944 830 982 non
859 937 1146 1000 potuerunt.

206 1026 342 1082 VIII.
380 1026 615 1082 Post/uec
650 1027 890 1082 adversus
917 1025 1288 1094 Marcionitas,
1320 1035 1366 1081 et
1416 1029 1545 1082 alios
1592 1027 1820 1096 ipsorum

283 1137 516 1176 errorum
559 1131 815 1184 auctores,
867 1120 930 1174 ab
975 1121 1208 1190 apostolo
1253 1120 1458 1176 Joanne
1493 1121 1821 1174 antichristos

284 1216 676 1285 pronuntiatos,
736 1213 994 1270 Christum
1040 1213 1265 1284 defendit
1313 1231 1424 1268 vere
1462 1225 1509 1268 et
1561 1215 1614 1267 in
1672 1228 1824 1267 carne

284 1308 499 1371 venisse,
531 1309 608 1360 vel
633 1322 696 1361 ex
718 1323 776 1362 eo
799 1306 938 1372 quod
963 1307 1152 1376 alioqui
1175 1307 1327 1361 etiam
1351 1306 1614 1360 christiani
1661 1306 1825 1359 nanti—

287 1402 366 1456 nis
410 1405 620 1468 fructus,
654 1417 789 1454 mors
819 1400 1011 1454 Cltristi
1039 1401 1271 1471 neganda
1297 1400 1380 1464 sit,
1424 1410 1473 1453 et
1501 1399 1821 1452 resurrectio.

211 1493 309 1551 IX.
363 1494 539 1568 Neque
567 1495 665 1564 ipsi
690 1492 969 1565 suﬂ'ragart'
997 1494 1206 1564 angelos
1229 1491 1485 1546 Creatoris
1506 1535 1520 1558 ,
1553 1492 1700 1561 quasi
1749 1490 1825 1544 illi

289 1588 344 1640 in
376 1587 728 1656 phantasmate
748 1587 988 1656 putativae
1014 1585 1184 1638 carnis
1205 1585 1393 1654 egerint
1413 1585 1552 1655 apud
1569 1584 1827 1637 Abraham

291 1689 337 1734 et
388 1677 524 1743 Lot;
569 1687 612 1732 et
652 1688 819 1732 tamen
862 1694 974 1732 vere
1000 1678 1100 1732 sint
1141 1678 1396 1748 congressi
1422 1687 1468 1731 et
1495 1677 1625 1746 pasti
1647 1694 1664 1742 ;
1691 1675 1828 1746 quod

294 1772 362 1824 ad
391 1771 706 1826 moriendum
732 1787 824 1840 pro
856 1770 996 1825 nobis
1029 1787 1130 1825 non
1161 1779 1321 1824 essent
1347 1770 1607 1839 dispositi.

217 1867 296 1923 X.
339 1862 401 1922 Si
427 1876 595 1920 autent
613 1880 817 1918 carnem
848 1863 1078 1919 Christus
1115 1875 1356 1933 tanquam
1379 1862 1642 1934 indignam
1662 1878 1839 1931 asper-
1868 1865 1915 1924 B

297 1971 447 2015 natus
477 1970 550 2014 est
568 1975 587 2023 ;
612 1958 989 2030 dedignandam
1011 1960 1162 2012 etiam
1183 1957 1258 2010 illi
1281 1957 1438 2028 fuisse
1474 1956 1614 2011 illius
1646 1957 1829 2027 imagi-

296 2069 433 2119 nem,
459 2068 520 2107 co
544 2052 682 2123 quod
711 2059 896 2105 statum
919 2060 1156 2120 sequatur
1176 2049 1474 2102 similitudo.

221 2145 318 2202 XI.
358 2145 425 2200 Et
455 2161 569 2200 vero
600 2161 700 2198 non
728 2153 861 2198 recte
891 2142 1200 2197 Marciouem
1232 2144 1511 2213 putatieam
1544 2142 1594 2195 in
1635 2141 1837 2196 Christo

298 2237 670 2307 corpulentiam
695 2237 968 2292 asseruisse
988 2277 1003 2304 ,
1034 2253 1096 2290 ne
1123 2237 1433 2290 nativitatem
1464 2236 1572 2306 ejus
1593 2251 1838 2306 agnosce-

299 2349 356 2388 re
399 2343 696 2404 coqeretur;
748 2334 868 2404 quia
918 2342 1113 2404 poterat
1161 2333 1311 2386 etiam
1360 2331 1638 2402 putativam
1696 2331 1841 2384 illam

304 2425 618 2479 nativitatem
659 2425 1068 2479 acconunodasse
1090 2441 1110 2491 ;
1141 2441 1357 2492 quarum
1398 2433 1630 2478 neutrum
1673 2435 1842 2478 tamen

306 2519 466 2587 possit
496 2518 790 2584 consistere,
821 2534 878 2570 eo
904 2517 1040 2588 quod
1071 2514 1182 2571 Deo
1213 2517 1375 2589 magis
1416 2527 1666 2588 competat
1713 2518 1843 2571 veri-

308 2624 386 2668 tas
410 2654 426 2677 ,
456 2629 610 2684 quam
641 2613 980 2667 mendacium.

231 2706 354 2765 XII.
407 2705 558 2761 Nihil
606 2708 756 2762 etiam
809 2707 979 2778 facere
1024 2717 1201 2762 contra
1251 2704 1506 2762 Christum
1557 2703 1844 2771 Creatoris,

311 2802 447 2871 quod
490 2801 554 2856 ab
601 2799 746 2856 Isaia
791 2799 1097 2855 Emmanuel
1122 2799 1378 2855 vocandus
1420 2798 1703 2862 scribatur;
1747 2814 1847 2870 quo

317 2894 524 2949 nomine
553 2912 654 2949 non
681 2903 755 2948 est
783 2893 981 2958 editus;
1013 2893 1135 2961 quia
1162 2893 1364 2962 sufficit,
1411 2893 1545 2962 quod
1581 2893 1846 2963 signiﬁca—

316 2991 473 3052 tione,
501 3003 602 3041 non
629 3003 776 3053 sono,
810 2986 1064 3042 nobiscum
1091 2984 1227 3040 Deus
1262 2987 1414 3056 fuerit
1449 2984 1702 3039 Christus.

240 3079 385 3136 XIII.
429 3078 608 3150 Neque
652 3080 810 3133 etiam
865 3096 952 3150 per
995 3080 1228 3132 virtutem
1277 3076 1542 3143 Damasci,
1592 3088 1637 3132 et
1685 3078 1852 3148 spolia
1907 3074 1909 3076 ’

317 3175 595 3238 Samaritc,
627 3184 675 3228 et
704 3191 869 3246 regem
896 3173 1223 3244 Assyriorum
1265 3173 1402 3243 (quer:
1422 3172 1624 3228 Christo
1654 3189 1854 3226 accom-

1304 346 1437 404 LIB.
1479 346 1546 402 III
1587 344 1954 404 ADVERSUS
1990 347 2417 405 MARCIONEM.

276 460 582 531 pra'dictmn
601 460 704 527 sit;
732 461 902 533 idque,
934 468 1185 526 quatenus
1200 463 1367 518 solum
1392 464 1647 519 hominem
1667 464 1805 519 arbio
1835 465 1887 524 Α

3420 354 3528 409 522

1984 465 2138 534 juxta
2167 467 2547 534 prtedictiouem
2575 464 2759 533 David,
2788 482 2901 536 qua:
2929 474 3096 520 tamen
3125 482 3284 538 neque
3321 468 3384 522 de
3413 470 3525 539 illo,

1991 574 2148 626 neque
2186 558 2249 611 de
2275 559 2382 626 ﬁlio
2413 561 2520 625 ejus
2559 559 2836 613 Salomone
2881 560 3038 630 possit
3078 559 3314 630 intelligi.

1920 648 2062 704 XXI.
2117 648 2324 704 Etenim
2356 667 2456 704 non
2483 650 2786 705 .ludteorum
2832 652 3005 715 modo,
3035 652 3124 705 sed
3173 663 3218 705 et
3269 653 3533 708 nationum

1999 742 2312 796 vocationem
2336 743 2404 796 ad
2426 742 2684 798 Christum
2713 741 2983 811 Creatoris,
3017 743 3248 815 pluribus
3269 748 3536 816 scripturis

1996 835 2294 901 prtedictam
2323 852 2450 890 esse.

1925 925 2093 981 XXII.
2153 927 2358 997 Quippe
2388 945 2504 981 cum
2533 945 2632 983 non
2663 930 2894 993 alterius,
2925 930 3012 984 sed
3039 932 3262 999 ejusdem
3292 930 3385 986 Dri
3406 950 3539 1004 pra:-

1997 1021 2246 1075 dicatores
2271 1022 2575 1095 Apostolos,
2622 1033 2668 1077 et
2706 1025 2882 1078 eadem
2918 1041 3030 1077 cum
3077 1024 3275 1079 Christo
3302 1045 3541 1097 passuros

1999 1124 2104 1167 tant
2128 1115 2287 1183 ipsos,
2318 1132 2470 1184 quam
2501 1133 2675 1170 omnes
2706 1117 2902 1185 ﬁdeles,
2935 1117 3292 1187 pmphetatum
3313 1119 3396 1173 sit.

1929 1205 2115 1261 XXIII.
2186 1206 2662 1274 Veruntenimvero,
2719 1210 2838 1277 quia
2901 1226 3014 1264 cum
3075 1210 3273 1265 Judrcis
3333 1212 3546 1282 negabat

2005 1299 2262 1353 Christum
2316 1303 2508 1354 venisse
2559 1301 2832 1365 Marcion,
2883 1303 3102 1356 ostendit
3153 1304 3344 1358 exitum
3400 1307 3423 1374 (
3447 1307 3548 1359 sive

2002 1395 2208 1448 exitium
2234 1396 2257 1462 )
2311 1396 2557 1465 ipsorum,
2593 1413 2737 1466 quem
2765 1397 2827 1451 ob
2854 1397 3165 1467 impietatem
3203 1400 3254 1451 in
3289 1397 3549 1453 Christum

2003 1490 2217 1544 relaturi
2258 1493 2704 1561 prtedicabantur,
2733 1495 2838 1563 iam
2870 1496 3172 1563 completum
3220 1512 3346 1551 esse.
3397 1497 3550 1562 Quod

2005 1603 2130 1640 vane
2157 1588 2321 1655 ﬁeret,
2351 1587 2395 1639 si
2436 1596 2643 1655 prepter
2670 1586 2928 1641 Christum
2964 1584 3054 1641 Dei
3093 1589 3298 1642 alterius
3328 1589 3381 1641 id
3409 1600 3551 1660 pate-

2005 1691 2198 1740 rentur,
2223 1681 2309 1750 qui
2336 1681 2396 1734 ab
2426 1681 2623 1734 cernatis
2646 1681 2804 1745 illius,
2834 1698 3013 1749 nempe
3040 1682 3372 1751 potestatibus
3396 1684 3550 1738 Crea-

2009 1775 2152 1839 toris,
2174 1775 2224 1827 in
2240 1791 2438 1828 crucem
2466 1785 2606 1827 actus
2631 1783 2790 1838 esset;
2818 1792 2975 1846 neque
2994 1776 3125 1829 enim
3155 1778 3318 1846 potuit
3340 1776 3552 1833 Greater

2015 1868 2211 1931 ulcisci,
2257 1867 2355 1920 nisi
2382 1883 2532 1921 suum
2563 1864 2839 1921 Christum.

1940 1955 2130 2012 XXIV.
2183 1956 2411 2025 Denique
2436 1959 2700 2011 occasione
2728 1958 2838 2027 ejus
2867 1958 3004 2028 quod
3045 1958 3278 2014 Marcion
3327 1960 3552 2028 dicebat,

2011 2050 2301 2103 restitutam
2331 2051 2393 2102 iri
2435 2049 2676 2105 Juda’am
2707 2067 2738 2102 a
2782 2049 2889 2105 Deo
2935 2068 3050 2119 suo,
3099 2054 3355 2106 remittens
3401 2055 3558 2107 lecto-

2012 2161 2116 2198 rem
2165 2146 2233 2199 ad
2280 2160 2480 2201 malum
2537 2162 2608 2200 tv.
2664 2162 2932 2201 anvcnsus
2981 2163 3288 2203 mucroueu
3335 2150 3398 2202 de
3443 2150 3560 2202 sinu

2015 2236 2267 2300 Abrahae.
2299 2250 2342 2292 et
2371 2239 2438 2293 ad
2464 2255 2595 2294 oras
2626 2256 2694 2294 ma
2738 2255 2832 2295 see
2874 2256 3125 2296 rineutm
3157 2243 3218 2297 de
3247 2242 3380 2296 dicta
3411 2244 3556 2296 resti-

2019 2338 2212 2390 tutione
2235 2333 2458 2401 Juda'ce,
2489 2335 2589 2387 late
2621 2333 2699 2387 hic
2733 2334 2885 2387 etiant
2912 2337 3231 2405 prosequitur
3256 2337 3561 2391 millenario-

2017 2446 2130 2482 rum
2161 2427 2436 2487 somnium,
2467 2426 2529 2479 de
2555 2443 2655 2495 quo
2679 2427 2834 2480 latius
2863 2427 2995 2480 inter
3023 2429 3289 2496 paradoxa
3304 2430 3558 2485 Auctoris.

1945 2523 2279 2581 Scmr'rvuus
2328 2519 2677 2573 Tertullianus
2733 2520 2975 2575 adversus
3022 2538 3149 2591 Opus
3193 2522 3473 2577 Marcionis
3500 2540 3564 2579 ea:

2020 2615 2441 2670 contrarietatum
2474 2613 2878 2684 oppositiouibus
2914 2615 3188 2670 antitheses
3228 2618 3562 2686 cognomina-

2022 2720 2149 2775 tunt,
2169 2708 2235 2760 ad
2262 2706 2632 2776 separationem
2656 2703 2803 2776 Legis
2822 2717 2865 2760 et
2893 2705 3160 2780 Evangelii
3187 2720 3440 2773 coactura,
3461 2727 3562 2780 qua

2024 2803 2150 2856 duos
2182 2799 2314 2855 Deos
2341 2800 2586 2863 diversos,
2619 2801 2840 2853 alterum
2895 2798 3107 2866 Veteris,
3151 2801 3371 2856 alterum
3420 2801 3558 2857 Neri

2029 2894 2340 2949 Testamenli
2369 2890 2643 2958 dividebat,

1955 2989 2012 3044 C.
2049 2987 2087 3041 I.
2144 2985 2394 3055 Inprimis
2436 2985 2774 3039 diversitatem
2828 2996 3197 3057 prazceptorum
3245 2998 3290 3043 et
3340 2989 3570 3062 discipli-

2027 3094 2212 3133 narum
2233 3094 2332 3130 non
2363 3093 2573 3147 negans,
2600 3076 2650 3128 in
2674 3093 2832 3129 unum
2859 3087 2905 3129 et
2933 3079 3160 3132 eumdem
3183 3079 3350 3134 Deum
3373 3097 3569 3152 compc-

2031 3184 2134 3228 tere
2179 3173 2487 3226 demonstrat
2514 3186 2623 3235 ,'-ea:
2650 3188 2708 3225 eo
2739 3172 2875 3240 quod
2918 3173 3027 3242 ipse
3068 3169 3205 3227 Deus
3233 3174 3442 3230 Creator
3482 3193 3570 3246 per

320 3272 494 3326 modat
514 3269 685 3325 Isaias
705 3270 728 3341 )
761 3271 1050 3326 bellatorem
1073 3271 1217 3324 illum
1247 3269 1517 3339 portendt;
1544 3268 1631 3324 sed
1661 3269 1854 3340 ﬁgura-
1883 3258 1928 3321 C
2038 3267 2330 3336 Prophetas
2354 3281 2471 3319 suos
2499 3265 2655 3318 aliaat
2679 3266 2836 3335 legem
2864 3281 3067 3332 noram,
3115 3264 3383 3338 Evangelii
3426 3286 3572 3322 nem-

321 3367 372 3421 ri
420 3382 597 3437 magos
649 3361 954 3432 Orientales,
985 3361 1242 3420 Christum
1281 3364 1334 3417 in
1376 3363 1596 3434 infantia
1641 3379 1768 3417 auro
1813 3372 1859 3416 et

334 3461 487 3514 thure
505 3467 843 3513 munerantes.

250 3559 399 3617 XIV.
452 3555 592 3610 Nam
620 3562 667 3608 et
690 3551 813 3606 alibi
852 3551 930 3621 (in
972 3548 1198 3604 Psalmis
1245 3563 1425 3619 nempe
1461 3557 1508 3602 et
1553 3548 1862 3620 Apocalypsi

325 3647 576 3718 Joannis)
629 3647 847 3718 ﬁgurate
882 3659 1025 3697 arma
1062 3642 1240 3696 bellica
1284 3641 1486 3698 Christo
1515 3641 1754 3696 adscribi.

254 3745 382 3802 XV.
434 3740 765 3810 Prosequitur
789 3737 1022 3807 deinceps
1043 3777 1057 3802 ,
1089 3734 1277 3790 Christi
1317 3751 1497 3789 nomen
1527 3751 1627 3789 non
1657 3751 1862 3804 compe‘

333 3849 439 3892 tere
469 3834 669 3890 Christo
701 3831 979 3885 Marcionis
999 3846 1016 3895 ;
1039 3840 1145 3882 tum
1166 3828 1301 3894 quod
1325 3829 1586 3898 proprium
1612 3829 1675 3882 sit
1694 3830 1863 3897 unius,

334 3941 384 3986 et
415 3942 581 3984 tamen
608 3926 759 3980 etiam
776 3921 1028 3978 Creatoris
1054 3921 1283 3976 Christus
1308 3921 1363 3973 id
1389 3937 1569 3975 nomen
1595 3921 1822 3974 habuerit
1851 3937 1864 3985 ;

339 4035 446 4079 tum
473 4020 608 4094 quod
638 4017 795 4090 ungui
821 4033 921 4071 non
949 4014 1186 4085 potuerit,
1211 4014 1296 4084 qui
1333 4030 1517 4084 corpus
1545 4030 1645 4067 non
1672 4014 1866 4077 habuit,

339 4127 390 4172 et
421 4113 636 4187 proinde
661 4110 914 4176 Christus,
950 4107 1004 4162 id
1036 4115 1109 4162 est
1136 4115 1336 4174 unctus,
1367 4106 1536 4160 vocari
1558 4106 1698 4159 nullo
1721 4104 1869 4158 modo

342 4210 528 4281 potuit.

269 4305 418 4363 XVI.
477 4302 641 4358 Multo
664 4299 830 4355 minus
859 4311 1038 4351 nomen
1069 4293 1215 4356 Iesu,
1243 4309 1388 4364 quem
1422 4290 1595 4346 Juda'i
1635 4307 1733 4345 non
1782 4305 1873 4344 ea:-

347 4406 598 4470 spectaut,
626 4404 671 4448 et
700 4392 902 4448 Christo
931 4385 1184 4443 Creatoris
1214 4385 1470 4454 competit,
1504 4402 1562 4439 co
1587 4385 1723 4455 quod
1750 4382 1878 4436 nihil

350 4506 617 4549 commune
640 4503 745 4543 esse
764 4485 939 4540 debeat
965 4482 1163 4538 Christo
1185 4482 1393 4536 alterius
1419 4478 1511 4533 Dei
1539 4495 1651 4532 cum
1678 4477 1878 4533 Christo

350 4585 624 4644 Creatoris.

2038 3378 2119 3432 pe,
2153 3362 2400 3413 oritur-am
2453 3358 2746 3428 pra’dixerit
2775 3374 2867 3427 pro
2909 3355 3092 3424 Veteri,
3139 3375 3200 3413 ac
3223 3371 3573 3417 testamentum

2035 3464 2280 3507 teteruum
2303 3468 2396 3521 pro
2419 3450 2707 3518 trntporati.

2469 3539 2702 3598 CAPUT
2750 3541 3040 3599 PRIMUM.

2036 3636 2341 3694 Secundum
2373 3635 2594 3705 vestigia
2645 3636 2853 3704 pristini
2896 3637 3094 3706 operis,
3129 3637 3271 3708 quod
3313 3640 3573 3698 amissum

1968 3734 2263 3789 reformare
2297 3745 2726 3801 perseveramus,
2755 3729 2864 3800 jam
2908 3729 3034 3786 hinc
3070 3732 3202 3787 ordo
3244 3732 3310 3788 de
3339 3732 3576 3803 Christo,

1971 3827 2096 3882 licet
2123 3840 2186 3880 ex
2219 3824 2527 3888 abundanti,
2561 3833 2679 3892 post
2706 3823 2987 3879 dccursam
3015 3824 3378 3882 defensionem
3409 3829 3580 3884 unicae

1971 3919 2285 3974 divinitatis.
2345 3917 2448 3988 (a)
2525 3918 2668 3970 Satis
2723 3919 2920 3971 etenim
3001 3918 3406 3988 prejudieatum
3459 3932 3579 3990 cst,

1973 4012 2244 4067 Christum
2276 4027 2379 4064 nou
2412 4010 2632 4064 alterius
2657 4011 2744 4064 Ilei
2779 4011 3203 4081 intelligendum,
3230 4031 3385 4084 quam
3415 4015 3581 4072 Crea-

1975 4106 2126 4171 toris,
2158 4121 2276 4158 cum
2319 4103 2734 4157 determinatam
2766 4113 2867 4169 est,
2899 4104 3061 4158 alium
3108 4106 3271 4162 Deum
3304 4125 3407 4162 non
3460 4126 3582 4165 cre-

1976 4197 2208 4252 dendum
2244 4205 2437 4266 praeter
2465 4192 2798 4260 Creatorem,
2828 4213 2984 4267 qttem
3019 4198 3152 4253 adeo
3181 4199 3426 4255 Christus
3449 4217 3585 4271 pra:-

1977 4291 2255 4354 dieaverit,
2297 4299 2350 4344 et
2377 4287 2633 4358 deinceps
2662 4291 2898 4358 Apostoli
2930 4307 3033 4345 non
3066 4293 3285 4347 alterius
3314 4291 3584 4352 Christum

1980 4383 2438 4447 annuutiaveriut,
2479 4398 2639 4452 quam
2673 4383 2789 4452 ejus
2837 4383 2952 4448 Dei,
2983 4400 3145 4455 quem
3175 4386 3422 4442 Christus
3452 4406 3588 4457 pra;-

1982 4483 2197 4544 dICM‘II,
2235 4479 2283 4531 id
2310 4485 2392 4532 est
2419 4475 2716 4543 Creatoris,
2736 4486 2793 4529 ut
2818 4477 2959 4531 nulla
2990 4479 3192 4532 mentio
3220 4480 3437 4535 alterius
3462 4481 3586 4545 Dei,

1986 4583 2146 4644 atque
2171 4574 2246 4626 ita
2263 4585 2362 4625 uec
2380 4569 2602 4623 alterius
2618 4569 2814 4624 Christi
2839 4571 3031 4640 agitata
3051 4573 3117 4626 sit
3141 4582 3263 4628 autc
3278 4574 3589 4632 scandalum

281 4681 443 4738 XVII.
477 4679 643 4734 Porro
670 4675 850 4731 iisdem
882 4689 1008 4744 pene
1044 4671 1224 4735 verbis,
1267 4669 1462 4733 eadem,
1486 4683 1600 4738 quae
1631 4681 1788 4736 supra
1823 4665 1884 4717 li-
1909 4657 1962 4717 D
1993 4666 2293 4724 Mart-iouis.
2328 4663 2602 4719 Facillime
2645 4663 2744 4718 hoc
2786 4665 3042 4734 probatur
3075 4669 3488 4737 apostolicarum
3536 4681 3593 4726 et

355 4773 444 4827 bro
473 4771 712 4825 adversus
738 4767 950 4822 Judazos
972 4808 987 4833 ,
1013 4759 1561 4834 Scripturarumaﬁ'ert
1600 4759 1884 4814 testintonia

358 4869 420 4919 de
449 4859 810 4932 contemptibili
838 4857 1024 4914 Christi
1053 4858 1104 4911 in
1137 4855 1372 4926 passione
1400 4853 1594 4906 habitu.

287 4956 472 5015 XVIII.
524 4953 658 5010 Item
684 4962 731 5009 et
759 4953 823 5008 de
846 4953 984 5006 exitu
1012 4951 1124 5022 ejus
1158 4965 1246 5020 per
1281 4947 1563 5018 passionem
1597 4945 1762 5001 crucis
1782 4987 1796 5012 ,
1826 4961 1888 4999 ea:

361 5047 728 5104 Pentateucho.

289 5144 434 5200 XIX.
466 5142 596 5198 Item
619 5155 681 5196 es
702 5138 927 5195 Psalmis
948 5147 994 5193 et
1019 5135 1315 5208 Prop/retis.

291 5238 411 5296 XX.
443 5237 729 5301 Postremo,
750 5233 926 5306 probat
947 5229 1208 5288 Christum
1231 5230 1481 5286 Creatoris
1505 5247 1615 5285 vere
1636 5228 1892 5286 Christum

365 5332 545 5403 fuisse,
577 5328 712 5397 quod
739 5327 807 5381 ad
847 5325 993 5381 illum
1033 5340 1284 5380 conversa:
1325 5325 1427 5381 sint
1464 5340 1634 5379 omnes
1665 5325 1894 5380 nationes

1992 4762 2361 4818 hareticarum
2391 4758 2737 4813 ecclesiarum
2771 4774 3024 4823 recensu;
3069 4759 3178 4813 illic
3218 4761 3425 4816 scilicet
3466 4776 3592 4831 pro-

1991 4851 2337 4911 nuntiandam
2369 4851 2565 4922 regulae
2589 4850 3054 4915 interversiouem,
3081 4852 3168 4906 ubi
3201 4855 3483 4922 posteritas
3518 4854 3595 4907 in-

1998 4949 2224 5013 venitur,
2266 4944 2405 5016 quod
2458 4946 2615 4999 etiam
2669 4945 2839 5013 primo
2891 4943 3073 4999 libello
3117 4945 3340 5000 iutexui.
3385 4946 3490 5001 Sed
3540 4956 3599 5003 et

1994 5055 2137 5097 nunc
2157 5039 2464 5109 congressio
2480 5039 2576 5092 ista
2595 5051 2808 5092 seorsus
2828 5037 2908 5108 (I)
2930 5036 3200 5092 Christum
3222 5039 3596 5096 examinatum

1996 5153 2060 5193 eo
2089 5136 2270 5204 utique
2300 5133 2557 5204 proﬁciet,
2589 5141 2643 5185 ut
2664 5131 2792 5186 dum
2821 5130 3090 5187 Christum
3117 5133 3404 5202 probamus
3430 5134 3597 5192 Crea-

1997 5233 2146 5296 toris,
2193 5231 2271 5284 sic
2307 5243 2517 5299 quoque
2565 5227 2696 5281 deus
2729 5226 3045 5281 excludatur
3083 5226 3389 5282 Marcionis.
3427 5227 3602 5285 Decet

1997 5326 2272 5382 veritatem
2303 5322 2427 5378 t0tis
2450 5321 2650 5376 viribus
2674 5322 2747 5378 uti
2765 5321 2898 5390 suis,
2925 5320 2998 5394 (b)
3025 5335 3132 5376 non
3157 5331 3212 5377 ut
3239 5321 3597 5379 laborantem.

1517 5434 1895 5500 LECTIONES
1931 5435 2344 5496 VARIANTES.

353 5541 427 5606 (1)
452 5538 689 5590 Seorsum
707 5535 758 5584 in
781 5530 933 5585 Seml.
960 5527 1148 5584 Pomel.

1672 5614 2237 5673 COMMENTARIUS.

367 5721 523 5782 CAP.
557 5717 598 5772 I.
631 5745 698 5758 —-
730 5713 806 5786 (a)
839 5711 980 5768 Satis
1009 5712 1141 5786 enim
1182 5710 1698 5786 prcejudicatumfst.
1729 5706 1905 5762 Lihris

297 5777 671 5868 superioribus
720 5777 850 5867 satis
873 5795 1060 5854 aperte
1095 5777 1521 5868 demonstratum
1561 5777 1844 5868 Christum
1869 5793 1902 5868 Ξ

294 5850 688 5928 ﬁdam-catum
699 5850 1054 5926 missuni,non
1068 5865 1247 5911 autem
1258 5853 1420 5910 alium
1437 5868 1466 5907 a
1478 5850 1735 5908 Creatore
1747 5850 1906 5908 sicuti

2016 5705 2308 5760 somniavit
2333 5700 2584 5756 Marcion.
2622 5701 2697 5756 Le
2733 5700 2830 5755 Pa.

2086 5775 2165 5847 (b)
2219 5775 2335 5828 Non
2376 5785 2429 5847 ut
2462 5774 2794 5847 laborantem.
2843 5773 3072 5847 Laborat
3099 5775 3295 5829 Veritas
3341 5791 3459 5829 cum
3512 5787 3604 5832 aut

2011 5846 2242 5906 falsitate
2269 5846 2610 5917 Opprimitur,
2641 5854 2734 5901 aut
2763 5846 2874 5902 veri
2914 5848 3093 5918 Specie
3124 5847 3420 5904 obducitur.
3452 5849 3602 5906 Cou-
