4262 6490
700 366 809 423 323

2118 369 2581 427 TERTULLIANI

3901 382 4005 438 324

699 482 990 545 Caeterum,
1025 480 1077 536 in
1119 480 1584 552 prmscriptionum
1624 481 1960 554 compendiis
1984 483 2162 537 vineit.
2195 484 2299 539 Sed
2327 484 2381 545 Α
2410 485 2537 555 ipsis
2566 496 2710 541 esset
2756 489 3078 557 probaturus
3119 506 3214 562 per
3256 491 3578 549 documenta
3611 496 3891 551 virtutum.
3931 500 4006 550 At

698 572 975 630 decretum
999 583 1102 640 est,
1128 586 1182 627 ut
1212 575 1529 645 gestientem
1560 575 1757 646 ubique
1784 577 2091 631 adversario
2114 593 2300 633 occur-

699 683 843 735 rere,
868 670 919 723 in
954 678 1153 722 tantum
1187 667 1404 734 Iurenti,
1430 679 1487 724 ut
1519 668 1724 724 facilius
1752 671 2149 739 przesumpserit
2176 688 2296 725 eum

698 763 911 817 venisse
929 761 1221 828 Christum,
1250 763 1337 829 qui
1367 778 1634 833 nunquam
1657 764 1726 818 sit
1745 764 2108 830 annuntiatus,
2136 780 2295 835 quam

696 871 819 912 eum
860 858 946 927 qui
976 872 1191 927 semper
1219 859 1290 912 sit
1318 858 1655 928 praedicatus.

1326 949 1553 1006 CAPUT
1610 950 1673 1005 ll.

768 1042 904 1098 Ilinc
930 1042 1164 1113 denique
1187 1042 1409 1114 gradum
1438 1058 1667 1099 consero
1694 1043 1791 1115 (l),
1821 1060 1887 1099 an
1916 1042 2159 1099 debuerit
2190 1052 2295 1098 tam

694 1138 871 1192 Subito
899 1139 1128 1192 venisse.
1160 1137 1360 1199 Primo,
1391 1139 1510 1208 quia
1533 1147 1588 1192 et
1618 1139 1731 1207 ipse
1756 1139 1847 1195 Dei
1876 1140 1954 1193 sui
1984 1139 2167 1204 Filius,
2197 1139 2297 1195 hoc

693 1230 840 1284 enim
866 1228 1069 1285 ordinis
1101 1228 1273 1283 fuerat
1303 1228 1402 1299 (2).
1436 1239 1489 1284 ιιι
1513 1242 1636 1287 ante
1665 1231 1823 1286 Pater
1854 1231 2039 1286 Filium
2075 1233 2296 1302 profite-

690 1330 863 1388 retur,
886 1337 1043 1391 quam
1070 1321 1281 1377 Patrem
1306 1320 1501 1388 Filius;
1524 1332 1579 1378 et
1600 1334 1723 1377 ante
1744 1321 1902 1378 Pater
1929 1324 1995 1377 de
2020 1322 2155 1377 Filio
2184 1334 2294 1377 tes—

692 1424 918 1482 laretur,
961 1431 1119 1487 quam
1169 1416 1337 1471 Filius
1378 1417 1445 1473 de
1482 1417 1661 1471 Patre.
1715 1418 1917 1472 Dehinc
1948 1428 2001 1471 et
2048 1419 2167 1488 quia
2215 1416 2291 1489 (5)

690 1513 907 1575 missus,
935 1519 1131 1582 prreter
1149 1509 1267 1563 FIIII
1292 1525 1511 1565 nomen.
1536 1510 1766 1566 Proinde
1788 1512 1929 1565 enim
1958 1513 2296 1580 priet-cssisse

689 1603 950 1657 debuerat
976 1601 1237 1657 mittentis
1261 1601 1615 1672 patrocinium
1646 1603 1697 1656 in
1731 1604 2095 1657 testimonium
2124 1603 2292 1669 missi,

688 1696 813 1764 quia
847 1709 1005 1750 nemo
1034 1695 1251 1748 veniens
1290 1710 1355 1749 ex
1384 1694 1604 1748 alterius
1644 1696 1987 1763 auctoritate,
2023 1696 2135 1765 ipse
2176 1712 2293 1750 eam

687 1786 789 1841 sibi
818 1801 883 1841 ex
913 1801 1007 1842 sua
1033 1786 1391 1843 affirmatione
1422 1785 1681 1851 defendit,
1715 1786 1809 1842 sed
1837 1789 1903 1842 ab
1935 1789 2045 1857 ipsa
2078 1786 2292 1846 defendi

2403 598 2503 650 ego
2534 583 2757 653 negabo,
2789 584 2955 639 solam
2988 584 3126 641 hanc
3163 587 3234 640 illi
3265 588 3496 656 speciem
3527 591 3591 643 ad
3636 592 4001 646 te~timonium

2403 675 2744 742 competisse,
2759 690 2919 744 quam
2942 686 2995 730 et
3012 675 3127 745 ipse
3153 679 3489 746 postmodum
3510 684 3899 737 exauctoravit.
3918 682 4003 739 Si-

2402 766 2616 835 quidem
2632 765 3074 839 edicens(Mauh.
3098 767 3290 836 XXIV,
3310 770 3402 840 26)
3417 775 3611 828 mttltos
3630 785 3889 831 venturos
3908 774 4001 845 (ὁ),

2402 870 2451 914 et
2484 860 2633 930 signa
2677 860 2935 927 facturos,
2968 870 3021 917 et
3052 863 3274 920 virtutes
3303 880 3522 936 magnas
3555 867 3817 935 edituros,
3842 883 4002 923 aver-

2402 954 2607 1008 sionem
2638 954 2797 1007 etiam
2828 955 3118 1009 electorum
3165 954 3255 1026 (c),
3292 972 3390 1011 nec
3434 957 3555 1014 ideo
3594 969 3772 1014 tamen
3805 959 4003 1014 admit-

2402 1047 2625 1114 trndos;
2660 1048 2999 1103 temerariam
3040 1049 3319 1120 signorum
3350 1059 3404 1105 et
3432 1051 3685 1105 virtutum
3720 1052 3881 1107 fidem
3911 1067 4003 1106 os-

2403 1140 2589 1197 tendit.
2617 1150 2675 1194 ut
2703 1141 2861 1195 etiam
2881 1140 3021 1211 apud
3045 1142 3485 1210 pseudochristos
3506 1143 3878 1198 facillimarum
3902 1145 4001 1213 (5).

2402 1234 2510 1288 Aut
2534 1234 2687 1303 quale
2716 1243 2819 1300 est,
2854 1234 2897 1288 si
2930 1234 3055 1289 inde
3094 1251 3153 1291 se
3186 1235 3359 1290 voluit
3401 1238 3638 1306 probari,
3668 1250 3718 1293 et
3751 1238 4001 1309 intelligi,

2400 1338 2455 1381 et
2495 1327 2658 1397 recipi
2701 1329 2803 1395 (ex
2838 1328 3123 1383 virtutibus
3155 1329 3309 1400 dico)
3359 1331 3500 1385 unde
3548 1343 3773 1386 caeteros
3806 1332 4001 1395 noluit,

2401 1434 2553 1489 asque
2593 1429 2648 1473 ct
2692 1419 2835 1488 ipsos
2877 1430 2981 1473 tam
3032 1420 3211 1474 subito
3256 1429 3532 1486 venturos,
3574 1439 3729 1491 quam
3784 1438 3811 1477 a
3857 1424 4006 1480 nullo

2402 1522 2620 1566 auctore
2658 1512 3016 1583 prmdicatos?
3043 1512 3099 1567 Si
3145 1512 3224 1585 (6)
3265 1514 3387 1583 quia
3422 1515 3565 1583 prior
3604 1516 3683 1569 eis
3732 1516 3904 1578 venit,
3953 1528 4008 1570 et

2401 1606 2549 1676 prior
2595 1607 2849 1660 virttttum
2894 1605 3215 1661 documenta
3258 1608 3515 1677 signavit,
3565 1608 3795 1668 idcirco,
3848 1609 4004 1678 quasi

2402 1699 2573 1753 locum
2608 1699 2661 1753 in
2703 1698 2927 1763 balneis,
2968 1699 3038 1752 ita
3071 1699 3227 1753 lidem
3260 1699 3563 1768 occupavit,
3614 1700 3848 1771 posteris
3888 1700 4007 1769 qui-

2403 1791 2604 1861 busque
2634 1792 2930 1861 praripuit,
2963 1790 3083 1845 vide
3128 1807 3195 1846 ne
3228 1793 3341 1862 ipse
3371 1792 3421 1845 in
3463 1792 3772 1846 conditione
3819 1802 4004 1862 poste-

689 1893 749 1934 se
780 1879 861 1950 (4)
893 1881 1067 1949 [mlius
1107 1889 1403 1950 exspectat,
1449 1891 1718 1951 prireunte
1749 1892 1999 1955 suggestu
2031 1882 2169 1952 ejus,
2197 1884 2288 1953 qui
2317 1882 2366 1942 B
2392 1884 2595 1938 riorum
2640 1884 3093 1953 deprehendatur,
3140 1886 3403 1953 posterior
3433 1885 3680 1938 inventus
3722 1886 4003 1952 Creatore,

688 1973 1058 2029 auctoritatem
1082 1984 1318 2045 praestat.
1338 1973 1626 2039 Carterum,
1652 1990 1748 2029 nec
1769 1975 1931 2029 Filius
1949 1988 2287 2045 agnoscetur,

686 2082 845 2135 quem
890 2081 1158 2136 nunquam
1201 2065 1361 2121 Pater
1393 2069 1759 2136 nuncupavit:
1805 2082 1903 2122 nec
1934 2069 2129 2122 missus
2169 2084 2290 2124 cre-

687 2160 863 2225 detur,
895 2178 1053 2231 quem
1088 2177 1356 2232 nunquam
1390 2158 1467 2232 (a)
1496 2164 1779 2216 mandatur
1802 2162 2128 2232 designavit;
2160 2180 2291 2217 imu-

686 2262 977 2321 eupaturus
1002 2248 1182 2316 Pater,
1208 2264 1262 2306 et
1282 2253 1657 2321 designaturus
1684 2252 1982 2316 mandatur,
2008 2254 2053 2307 si
2085 2253 2288 2309 fuisset.

688 2347 1008 2415 Suspectum
1042 2346 1326 2401 habebitur
1364 2362 1543 2410 omne,
1590 2346 1732 2417 quod
1774 2348 2089 2401 exorbitarit
2126 2363 2155 2400 a
2201 2364 2289 2401 re-

687 2438 847 2508 gula;
877 2453 1163 2508 rerumque
1190 2438 1497 2507 principalis
1522 2436 1721 2508 gradus
1745 2452 1847 2492 non
1872 2439 1999 2493 sinit
2025 2441 2290 2509 posterius

685 2531 902 2603 agnosci
921 2530 1133 2585 Patrem
1153 2541 1268 2600 post
1285 2530 1473 2585 Filium
1494 2572 1508 2595 ,
1536 2542 1588 2585 et
1607 2531 1971 2586 mandatorem
1995 2542 2115 2601 post
2139 2550 2288 2587 man-

686 2620 894 2688 datum,
935 2635 990 2679 et
1018 2624 1289 2679 Christum
1348 2635 1467 2694 post
1513 2624 1702 2679 Deum.
1752 2623 1892 2679 Nihil
1942 2627 2148 2696 origine
2193 2641 2285 2681 sua

686 2725 835 2788 prius
856 2718 1011 2774 estin
1035 2719 1325 2788 agnitione,
1350 2719 1471 2787 quia
1505 2733 1603 2775 nec
1628 2722 1678 2771 in
1705 2717 2075 2786 dispositione.
2102 2719 2287 2773 Subito

683 2810 876 2877 FlIlllS,
920 2821 973 2866 et
1003 2812 1178 2867 subito
1224 2812 1440 2874 missus,
1484 2820 1536 2864 ct
1577 2811 1751 2864 subito
1781 2809 2059 2865 Christus?
2089 2814 2285 2881 Atquin

686 2905 821 2959 nihil
860 2915 1036 2975 putem
1086 2920 1114 2957 a
1163 2904 1274 2959 Deo
1324 2905 1576 2966 subitum,
1612 2905 1735 2974 quia
1778 2904 1906 2958 nihil
1958 2920 1985 2957 a
2029 2905 2139 2959 Deo
2179 2921 2284 2960 non

679 2998 1023 3067 dispositum.
1054 2997 1108 3053 Si
1149 3008 1326 3052 autem
1356 2998 1701 3069 dispositum,
1734 3013 1831 3053 cur
1869 3008 1921 3052 et
1952 3013 2056 3052 non
2092 2999 2285 3067 praedi-

678 3100 881 3156 catum,
914 3101 971 3146 ut
1016 3090 1228 3161 probari
1261 3098 1443 3160 posset
1485 3098 1539 3144 et
1582 3090 1898 3159 dispositum
1930 3106 1993 3144 es
2028 3091 2284 3160 prmdica-

680 3184 847 3249 tione,
876 3193 930 3238 et
959 3182 1196 3237 divinum
1240 3196 1305 3236 ex
1337 3181 1733 3251 dispositione?
1775 3183 1838 3236 Et
1866 3183 2047 3253 utique
2079 3192 2281 3237 tantum

2395 1985 2519 2029 ante
2545 1976 2653 2044 jam
2693 1974 2928 2046 cognito,
2959 1985 3013 2030 et
3058 1975 3285 2045 proinde
3318 1976 3541 2031 virtutes
3583 1986 3710 2031 ante
3754 1986 3998 2045 cperato,

2395 2077 2449 2122 et
2482 2082 2585 2122 non
2636 2067 2789 2121 aliter
2824 2066 2902 2139 (7)
2939 2065 3159 2137 praefato
3193 2082 3295 2120 non
3338 2082 3459 2122 esse
3499 2068 3617 2122 aliis
3647 2067 4000 2135 credendum,

2397 2167 2515 2228 post
2539 2175 2661 2213 eum
2680 2159 2905 2213 scilicet.
2929 2158 3089 2227 Igitur
3105 2159 3147 2211 si
3175 2159 3407 2227 priorem
3429 2160 3660 2226 venisse,
3687 2172 3741 2215 et
3764 2162 3998 2228 priorem

2395 2252 2462 2307 de
2492 2254 2723 2322 posteris
2752 2252 3148 2321 pronuntiasse,
3183 2252 3283 2307 hoc
3315 2253 3472 2307 fidem
3502 2254 3680 2307 cludet
3716 2251 3830 2325 (8);
3868 2270 4004 2323 pra--

2394 2344 2681 2400 damnatus
2710 2346 2812 2401 erit
2858 2354 2912 2400 et
2952 2346 3067 2415 ipse
3093 2346 3202 2414 jam
3248 2346 3316 2400 ab
3342 2362 3408 2401 eo
3438 2346 3578 2417 quod
3607 2348 3691 2418 (9)
3732 2349 4003 2416 posterior

2396 2449 2481 2494 cst
2507 2442 2739 2511 agnitus,
2772 2450 2827 2498 et
2852 2440 3019 2495 solius
3046 2441 3151 2495 erit
3178 2442 3467 2496 auctoritas
3494 2444 3784 2509 Creatoris,
3818 2444 3922 2499 hoc
3948 2446 3998 2498 in

2394 2540 2643 2601 posteros
2671 2532 3055 2598 constituendi,
3079 2532 3169 2602 qui
3192 2533 3337 2587 nullo
3365 2535 3631 2603 posterior
3650 2550 3769 2589 esse
3800 2536 3993 2605 potuit.

2392 2625 2510 2680 Jam
2553 2642 2694 2679 nunc
2740 2641 2859 2680 eum
2903 2626 3224 2693 probaturus
3276 2626 3376 2680 sim
3423 2626 3731 2681 Creatorem
3774 2627 3996 2683 easdem

2392 2719 2638 2783 virtutes,
2673 2733 2808 2786 quas
2848 2719 2990 2772 solas
3036 2720 3101 2772 ad
3146 2717 3304 2772 fidem
3348 2718 3567 2772 Christo
3608 2729 3698 2773 tuo
3730 2721 3992 2785 vindieas,

2392 2811 2659 2865 interdum
2695 2826 2787 2878 per
2820 2809 3047 2863 l'aimdos
3076 2826 3203 2863 suos
3235 2821 3380 2864 retro
3423 2811 3677 2876 edidisse,
3722 2811 3993 2866 interdum

2391 2919 2488 2974 per
2528 2902 2798 2957 Christum
2830 2918 2984 2956 suum
3026 2902 3263 2958 edendas
3308 2903 3634 2967 destinasse;
3682 2920 3903 2973 possunt
3942 2915 3996 2960 et

2390 3012 2454 3051 ex
2480 2996 2578 3050 hoc
2606 2998 2797 3051 merito
2826 2996 3196 3064 pricscribere,
3225 3006 3372 3051 tanto
3396 2997 3562 3067 magis
3581 2996 3859 3052 Christum
3886 3013 3991 3053 non

2390 3105 2457 3143 ex
2502 3089 2630 3142 solis
2662 3089 2948 3142 virtutibus
2986 3088 3315 3143 credendum
3359 3089 3542 3155 fuisse,
3585 3100 3789 3161 quanto
3840 3092 3988 3145 illum

2391 3197 2494 3234 non
2528 3181 2748 3235 alterius
2780 3196 2937 3249 quant
2974 3181 3246 3236 Creatoris
3282 3182 3622 3252 interpretari
3662 3185 3987 3254 potuissent,

679 3292 838 3348 opus,
883 3273 1029 3347 quod
1082 3274 1291 3329 scilicet
1339 3273 1585 3329 Inunanaa
1636 3275 1790 3328 saluti
1839 3277 2147 3344 parabatur,
2194 3278 2278 3332 vel
2306 3275 2353 3339 C
2388 3286 2440 3329 ut
2463 3273 2984 3345 reSpondentes(IO)
3007 3276 3290 3330 virtutibus
3312 3276 3608 3343 Creatoris,
3633 3288 3687 3333 et
3710 3279 3867 3333 editis
3899 3296 3992 3349 per

678 3380 903 3427 eatenus
919 3371 1152 3427 subitum
1174 3386 1280 3426 non
1299 3369 1621 3441 fuisset,qua
1642 3386 1736 3440 per
1753 3369 1910 3426 fidem
1928 3372 2281 3439 profuturum.

677 3463 738 3521 In
770 3473 1026 3536 quantum
1054 3464 1197 3520 enim
1230 3463 1376 3519 credi
1410 3462 1640 3518 habebat
1672 3472 1728 3518 ut
1754 3464 2051 3534 prodesset,
2088 3465 2139 3519 in
2170 3475 2284 3520 tan-

678 3565 791 3611 tum
836 3566 1140 3627 paraturam
1182 3554 1541 3617 desiderabat.
1595 3565 1654 3609 ut
1698 3555 1844 3610 credi
1900 3567 2101 3626 posset,
2150 3559 2277 3613 sub-

674 3660 936 3705 Structam
965 3648 1327 3704 fundamentis
1358 3648 1725 3716 diSpositionis
1762 3659 1810 3703 et
1848 3649 2276 3718 prmdicalionis;

674 3758 782 3813 quo
816 3742 1004 3797 ordine
1035 3742 1168 3797 fides
1201 3740 1507 3805 informata,
1544 3741 1739 3794 merito
1770 3749 1824 3795 et
1853 3739 2054 3794 homini
2088 3742 2282 3798 indice-

672 3846 826 3891 retur
855 3850 885 3887 a
918 3835 1048 3899 Deo,
1070 3843 1125 3888 et
1154 3832 1262 3887 Deo
1291 3832 1639 3887 exhiberetur
1663 3832 1730 3885 ab
1762 3831 2007 3897 homine;
2042 3847 2103 3887 ex
2130 3834 2281 3905 agni-

675 3931 824 3985 tione
848 3929 1053 3985 debens
1072 3926 1295 3983 credere
1322 3927 1443 3997 quia
1468 3935 1673 3998 posset,
1694 3942 1814 3997 qua:
1831 3926 2037 3984 scilicet
2057 3925 2279 3987 credere

677 4022 953 4080 didicisset
986 4038 1051 4079 ex
1082 4022 1486 4094 priedicatione.

1298 4114 1526 4172 CAPUT
1564 4114 1651 4171 III.

749 4209 865 4266 Non
895 4208 1014 4277 fuit,
1062 4209 1264 4281 inquis,
1294 4207 1431 4264 ordo
1457 4207 1722 4279 ejusmodi
1765 4211 2127 4277 necessarius,
2158 4214 2280 4282 quia

671 4304 856 4361 statim
882 4316 943 4358 se
968 4311 1023 4358 et
1050 4301 1267 4369 Filium,
1288 4310 1342 4356 et
1364 4300 1608 4367 missum,
1634 4308 1691 4355 et
1711 4300 1801 4357 Dei
1827 4300 2097 4357 Christum
2125 4305 2287 4362 rebus

2390 3366 2621 3421 famulos
2672 3382 2820 3434 suos,
2882 3377 2939 3421 et
2988 3368 3040 3421 in
3091 3367 3361 3422 Christum
3410 3384 3567 3423 suum
3623 3372 3985 3441 repromissis.

2389 3460 2702 3531 Quanquam
2733 3468 2786 3515 et
2826 3460 2871 3514 si
2920 3460 3021 3513 alia
3052 3458 3374 3516 documenta
3408 3460 3786 3518 invenirentur
3816 3464 3870 3518 in
3900 3475 3991 3518 tuo

2387 3554 2625 3618 Christo,
2651 3568 2786 3607 nova
2811 3554 3039 3619 scilicet,
3066 3552 3274 3609 facilius
3298 3554 3644 3611 crederemus
3665 3558 3826 3612 etiam
3855 3573 3989 3613 nova

2387 3646 2630 3716 ejusdem
2661 3662 2783 3701 esse
2822 3646 2977 3715 cujus
3018 3656 3075 3701 et
3106 3655 3314 3711 vetera,
3359 3663 3519 3717 quam
3556 3648 3709 3718 cujus
3748 3659 3991 3706 tantum-

2388 3739 2548 3792 modo
2590 3753 2759 3803 nova;
2792 3738 3002 3805 egentia
3052 3738 3433 3806 experimentis
3477 3739 3601 3794 fidei
3632 3741 3869 3797 victricis
3895 3759 3989 3799 ve-

2387 3830 2630 3895 tustatis;
2672 3838 2731 3883 ut
2772 3830 2851 3883 sic
2888 3844 3102 3899 quoque
3135 3828 3452 3898 praedicatus
3481 3830 3668 3886 venire
3711 3830 3980 3899 debuerit,

2391 3935 2495 3980 tam
2533 3922 3002 3995 praedicationibus
3032 3923 3265 3993 propriis
3293 3923 3697 3979 exstruentibus
3723 3925 3772 3978 ei
3803 3923 3986 3992 fidem,

2382 4034 2540 4092 quam
2588 4028 2642 4073 et
2680 4014 2999 4080 virtutibus;
3054 4017 3353 4085 praesertim
3405 4017 3665 4071 adversus
3706 4018 3983 4072 Christum

2381 4114 2653 4169 Creatoris
2683 4119 2991 4175 venturum,
3023 4118 3077 4164 et
3105 4109 3271 4179 signis
3296 4119 3352 4164 et
3391 4109 3665 4179 prephetis
3698 4106 3745 4182 (l
3765 4110 3814 4179 I)
3864 4126 3990 4180 pro-

2384 4206 2516 4276 priis
2546 4204 2848 4266 munitum;
2899 4212 2957 4254 ut
2982 4200 3210 4255 a-mulns
3236 4200 3436 4255 Christi
3467 4216 3561 4270 per
3588 4216 3781 4257 omnes
3810 4204 3990 4259 diver-

2391 4302 2607 4356 sitatum
2635 4296 2843 4367 species
2871 4295 3154 4352 reluceret.
3186 4292 3295 4349 Sed
3326 4293 3599 4364 quomodo
3628 4310 3658 4348 a
3703 4296 3816 4353 Deo
3845 4313 3988 4352 nun-

1907 4416 2289 4481 LECTIONES
2330 4412 2744 4480 VARIANTES.

744 4516 807 4569 ill
832 4514 1043 4568 Confero
1064 4511 1229 4565 Paris.
1257 4513 1411 4563 Fran.
1436 4510 1624 4564 Pamel.

744 4521 779 4569 'l
832 4516 1043 4568 Confero
1064 4516 1167 4565 Par

759 4585 786 4630 2
834 4574 1167 4632 FueritSeml.

734 4516 812 4708 ζςξ
838 4644 945 4708 Qua
980 4636 1132 4692 Seml.
1159 4681 1167 4691 .

798 4636 812 4707 )
838 4644 945 4707 Qua
980 4636 1132 4692 Seml.
1159 4638 1347 4707 quel;

760 4696 808 4771 4)
834 4696 1373 4771 QefeiisiooeulSeml;
1386 4699 1681 4771 defensione
1703 4696 1894 4751 Parnel.

758 4761 808 4819 5')
835 4766 1131 4819 Facillimam
1158 4767 1311 4817 Fran.
1332 4761 1519 4817 Pantcl.

735 4833 808 4898 (6)
834 4831 935 4882 Sed
958 4827 1107 4882 Semf.
1133 4824 1322 4881 Pamel.

2299 4520 2352 4580 D

2464 4510 2515 4570 7)
2536 4508 2599 4559 Et
2617 4505 2899 4556 nominatim
2913 4504 3030 4570 Litt.

2471 4562 2520 4637 Β)
2550 4571 2725 4637 liliciet
2750 4570 2849 4637 th.
2877 4567 3049 4618 eludet
3070 4562 3177 4616 alii.

2444 4629 2517 4699 (υ)
2545 4635 2652 4699 Qui)
2675 4629 2825 4699 Semt.

2533 4635 3004 4760 )Lg‘gsgﬁiiiientibus
3025 4687 3177 4744 Semf.
3202 4690 3589 4756 respondentem
3611 4690 3806 4745 Planci.

2470 4695 2547 4760 10)
2570 4695 2978 4760 Respondentihu

2440 4695 2485 4829 jl
2501 4760 2543 4826 l)
2570 4758 2851 4823 Prophetiis
2870 4752 2978 4806 alti.

2028 4914 2588 4975 COMMENTARIUS.

670 5037 827 5111 tingit
868 5038 1031 5111 etiam
1078 5052 1183 5090 non
1235 5051 1379 5111 raro,
1413 5044 1473 5111 ut
1517 5034 1794 5111 veritatem
1837 5032 2019 5111 dicere
2052 5034 2263 5103 pericu-

670 5104 847 5168 losum
895 5110 967 5165 sit
1010 5117 1230 5179 propter
1259 5107 1664 5179 violentianret
1715 5104 2082 5179 impotentiam
2110 5121 2260 5179 quo.

668 5185 948 5247 rumdam;
979 5175 1141 5251 quem
1192 5181 1243 5231 iu
1288 5194 1504 5231 sensum
1536 5176 2031 5251 Tltueydiiles,_lib.
2067 5175 2260 5239 Ibist.,

670 5247 1012 5326 οὶτιιλαίπωρςιῖ
1037 5261 1066 5312 ἡ
1092 5262 1286 5326 cii-uri;
1329 5254 1677 5326 φῆς-σῦηοιίας
1697 5247 1871 5326 Ψχίι,
1919 5247 1970 5301 id
1997 5258 2099 5312 est,
2130 5258 2265 5301 curet

670 5320 1115 5380 laboreruuuisitio
1143 5322 1383 5377 ueritatis.
1417 5321 1489 5374 LF.
1522 5321 1613 5374 Pn.
1646 5330 1700 5373 et
1730 5320 1864 5373 Eoo.

742 5343 841 5379 ’(11⁸8
859 5344 911 5379 1η
949 5343 1115 5379 ιιιδητο
1143 5343 1383 5377 υιξνηιιιιδ.
1418 5343 1489 5374 ως
1522 5343 1613 5374 ιΊι.
1646 5343 1700 5373 υι
1731 5343 1864 5373 Γιυυ.

742 5343 981 5453 CAPJI.
1016 5425 1087 5436 ——-
1107 5392 1182 5467 (τι)
1220 5391 1495 5467 Mondalor
1518 5392 1815 5467 designavit.
1849 5390 2127 5467 Mandator
2157 5401 2261 5457 est,

669 5470 757 5540 qui
788 5468 983 5537 aliquid
1012 5461 1275 5537 agendum
1304 5463 1609 5526 committit;
1636 5461 1999 5516 mandatarius
2023 5461 2113 5532 qui
2141 5476 2260 5516 sus-

670 5542 821 5611 cipit.
852 5540 1032 5611 Rusti.

741 5612 897 5668 CAP.
929 5609 1015 5664 III.
1046 5640 1113 5649 —-
1144 5607 1223 5679 (b)
1259 5607 1521 5677 Siquidem
1563 5605 1977 5679 edicertsjnultos
2002 5614 2264 5679 repetituros.

669 5681 1111 5753 Paruphrastieds
1142 5675 1269 5753 citat
1297 5675 1422 5753 illud
1448 5679 1651 5753 Matth.‘
1672 5675 1864 5753 XXIV,
1903 5676 2271 5753 inulti__tmr_i_e_i_i!

673 5745 1043 5827 pumice/tristi
1063 5792 1076 5813 ,
1110 5761 1213 5806 etc.
1237 5751 1332 5827 Sic,
1353 5750 1510 5827 et_i_a_m
1542 5747 1954 5827 B.‘Augustii_n_ts
1977 5788 1991 5809 ,
2036 5748 2127 5800 lib.
2156 5745 2270 5801 XIII

670 5820 856 5883 contra
874 5827 1151 5887 Faustum,
1166 5837 1285 5889 cap.
1303 5824 1337 5878 5
1356 5840 1367 5873 :
1388 5822 1641 5875 Mirucula
1662 5836 1761 5873 non
1777 5820 1967 5890 facilis;
1983 5835 2272 5888 quanquam

668 5900 713 5957 si
726 5900 978 5974 faceretis,
993 5888 1303 5959 caveremus,
1330 5909 1418 5967 per
1440 5894 1765 5949 instruentem
1778 5888 1880 5946 nos
1901 5888 2200 5959 Dominum,
2227 5900 2274 5945 et

2370 5034 2655 5086 dicentem:
2686 5027 2977 5100 Eram-gent
3005 5021 3172 5100 multi,
3206 5029 3315 5100 etc.
3347 5022 3410 5076 Et
3439 5032 3593 5077 tract.
3641 5022 3793 5100 Min
3820 5023 3981 5081 Joan.

2373 5105 2591 5159 Pontius
2620 5101 2792 5172 fecerit
2826 5094 3243 5172 uiiracu‘lumpcl
3281 5094 3516 5172 Donatus
3536 5096 3790 5159 oraverit,
3824 5107 3872 5149 et
3902 5115 3986 5172 re-

2368 5167 2630 5239 sponderit
2676 5170 2811 5224 Deus
2847 5170 2909 5223 dc
2939 5170 3083 5227 melo,
3119 5167 3281 5234 primo
3312 5176 3399 5217 aut
3424 5167 3695 5235 falluntur,
3720 5177 3831 5239 iam
3874 5170 3984 5236 [al-

2369 5238 2505 5311 lunt;
2534 5254 2783 5313 postremo
2811 5246 2893 5313 {ac
2915 5240 3027 5291 illos
3058 5248 3248 5313 montes
3273 5238 3984 5313 transferre,sic/raritatem

2368 5308 2721 5373 noni/labent.
2767 5308 2894 5365 nihil
2957 5319 3110 5373 siml;
3149 5308 3237 5364 sed
3281 5309 3533 5381 quomodo
3575 5308 3839 5373 haberem,
3892 5315 3983 5381 qui

2368 5391 2646 5443 diviserunt
2702 5381 2987 5437 unitatem?
3036 5380 3192 5448 Atqui
3247 5396 3351 5433 non
3403 5387 3685 5448 propterea
3736 5380 3982 5437 sensisse

2366 5466 2653 5517 Auctorem
2683 5456 2964 5510 veritatum
3000 5452 3274 5520 signorum
3316 5461 3367 5504 et
3397 5453 3653 5503 virtutum
3696 5453 3837 5521 apud
3869 5454 3981 5510 ha-

2377 5536 2574 5588 reticos
2602 5528 2887 5597 aliquando
2917 5523 3080 5597 fuisse
3106 5533 3199 5597 aut
3228 5523 3481 5597 futuram,
3518 5531 3660 5597 patet
3684 5538 3746 5575 ex
3779 5526 3874 5580 lib.
3910 5526 3981 5581 de

2376 5603 2590 5668 Anima,
2623 5590 2740 5669 cap.
2792 5598 2883 5662 57,
2930 5604 2985 5650 et
3030 5595 3122 5649 lib.
3159 5592 3196 5647 ν
3234 5591 3358 5646 adv.
3409 5590 3665 5658 Marcion,
3716 5611 3837 5719 (gap.
3888 5598 3977 5651 {6.

3770 5683 3865 5719 Αιι.

3770 5683 3865 5720 AI.

2454 5749 2525 5814 (c)
2558 5742 2879 5797 Aversiouem
2907 5739 3056 5814 etiam
3100 5739 3394 5814 electorum.
3442 5735 3555 5790 Etsi
3604 5753 3710 5789 non
3752 5741 3858 5814 sim
3892 5754 3981 5794 su-

2378 5807 2715 5888 perstitiosus
2743 5815 2793 5868 in
2824 5813 2969 5888 varia
2995 5807 3250 5888 lectione,
3279 5821 3560 5865 censerem
3587 5820 3763 5864 tamen
3792 5809 3985 5882 lege".

2378 5882 2505 5945 dutn
2530 5888 2857 5944 eversionem.
2886 5883 2964 5940 LI
2990 5882 3088 5939 Pa.
