4262 6490
250 358 354 415 325

1334 352 1464 410 LIB.
1507 351 1574 410 Ill
1615 352 1980 410 ADVERSUS
2018 351 2442 408 MARCIONEM.

3444 346 3550 408 526

248 486 407 541 quam
440 470 728 541 praedicata
756 470 1007 526 Christus
1035 470 1152 541 ejus
1185 468 1602 539 praedicaretur?
1628 469 1744 524 Hoc
1768 479 1850 523 est
1879 474 1927 527 A
1956 468 2215 524 adversus
2244 468 2540 534 Christum,
2570 483 2795 539 regnum
2845 466 3176 540 redargucus
3223 467 3355 538 ejus.
3403 469 3550 526 Tune

246 578 378 635 ergo
424 565 566 636 quod
615 566 799 637 exigit,
851 579 951 620 nec
999 564 1188 627 Deum,
1236 577 1334 618 nec
1380 563 1656 618 Christum
1698 571 1846 615 tuutn

245 658 420 725 credi,
476 658 598 728 quia
652 668 706 713 et
757 658 899 713 Deus
950 659 1160 728 ignotus
1212 670 1333 710 esse
1378 669 1483 710 non
1538 652 1741 718 debuit,
1796 662 1851 709 et

245 750 495 807 Christus
526 754 740 822 agnosci
770 768 869 824 per
910 753 1073 806 Deum
1104 749 1312 805 debuit.

854 845 1085 902 CAPUT
1127 844 1216 900 IV.

319 942 671 1013 Dedignatus,
699 944 912 1014 opinor,
937 952 1020 997 est
1044 940 1243 996 imitari
1264 940 1508 995 ordinem
1537 940 1625 993 Dei
1656 938 1846 1004 nostri,

245 1048 299 1090 ttt
326 1037 686 1107 displicentis,
714 1046 770 1091 ιιι
793 1035 871 1108 (I)
900 1052 1021 1091 eum
1049 1036 1283 1091 maxime
1310 1033 1639 1089 revincendi.
1669 1032 1849 1086 Novus

243 1148 385 1187 nove
409 1132 592 1187 venire
612 1133 809 1196 voluit;
833 1132 1003 1186 Filius
1019 1142 1144 1187 ante
1169 1131 1338 1185 Patris
1362 1129 1772 1200 professionem,
1793 1134 1850 1181 et

243 1227 442 1282 missus
469 1236 594 1282 ante
619 1224 949 1280 maudatoris
975 1225 1376 1288 auctoritatem;
1404 1233 1458 1276 ut
1485 1230 1539 1275 et
1570 1222 1735 1290 ipsam
1763 1216 1844 1291 (ἑ)

243 1319 405 1372 tidem
452 1319 965 1373 tuonstrosissimam
996 1316 1296 1379 induceret,
1340 1330 1444 1384 qua
1481 1323 1609 1369 ante
1652 1312 1845 1366 crede-

242 1422 393 1466 retur
422 1410 695 1467 Christum
728 1411 966 1475 venisse,
998 1425 1159 1481 quam
1190 1410 1420 1464 sciretur
1460 1407 1646 1462 fuisse.
1679 1406 1841 1461 Cotu-

240 1506 375 1576 petit
393 1505 524 1560 milti
540 1507 698 1561 etiam
720 1506 849 1560 illud
867 1514 1183 1568 retractare,
1198 1519 1296 1559 cur
1310 1518 1413 1558 n0n
1435 1512 1549 1572 post
1569 1501 1842 1557 Christum

239 1600 469 1655 venerit.
502 1599 634 1655 Nam
666 1615 789 1655 cum
824 1602 1035 1655 intueor
1062 1599 1336 1655 dominum
1368 1598 1506 1667 ejus,
1553 1606 1699 1651 tanto
1727 1610 1841 1649 aevo

245 1695 696 1765 patientissimum
752 1694 1082 1749 acerbissimi
1149 1692 1420 1749 Creatoris
1477 1689 1841 1745 annuntiantis

235 1787 442 1843 interea
494 1788 545 1841 in
597 1788 841 1843 homines
880 1784 1147 1841 Christum
1193 1801 1369 1849 suum,
1402 1797 1739 1855 quacumque
1788 1780 1837 1835 id

1955 578 2081 631 ergo
2112 563 2461 618 conciusurus
2492 561 2733 617 ordinem
2776 577 2953 626 suum,
3004 571 3129 617 tunc
3155 562 3199 615 si
3249 560 3388 617 forte
3436 576 3553 618 cre—

1954 654 2163 708 dendus
2189 665 2306 719 est;
2353 664 2444 708 aut
2483 655 2525 708 si
2563 653 2672 724 jam
2721 654 2844 709 hinc
2890 653 3122 724 perfecta
3165 668 3251 709 res
3289 664 3373 709 est
3401 654 3548 725 ejus,

1954 762 2091 803 vane
2128 761 2258 817 ergo
2296 755 2561 802 venturus
2589 756 2693 813 est,
2737 746 2870 801 nihil
2907 747 3112 802 scilicet
3154 756 3488 816 peracturus.

2590 838 2816 895 CAPUT
2856 839 2921 893 Υ.

2027 930 2122 986 llis
2172 932 2504 1002 praeluserim
2535 929 2610 1004 (ιι)
2642 932 2791 1002 quasi
2824 932 2892 987 de
2927 932 3091 1002 gradu
3136 932 3312 1004 primo
3350 932 3545 998 adhuc,

1952 1033 2006 1079 et
2058 1026 2208 1095 quasi
2269 1026 2337 1079 de
2389 1025 2698 1096 longinquo.
2746 1024 2848 1079 Sed
2897 1035 2951 1079 ct
2998 1027 3121 1081 hinc
3160 1027 3269 1095 jam
3319 1026 3388 1081 ad
3431 1041 3548 1081 cer-

1952 1125 2066 1170 tum
2095 1127 2149 1173 et
2170 1118 2416 1172 cominus
2451 1117 2799 1173 dimicaturus
2832 1116 2931 1189 (a),
2960 1119 3113 1174 video
3150 1119 3356 1189 aliquas
3384 1120 3547 1176 etiam

1953 1224 2092 1262 nunc
2121 1208 2287 1264 lineas
2320 1209 2728 1278 praulueendas,
2762 1210 2828 1265 ad
2856 1226 2989 1281 quas
3018 1212 3119 1266 erit
3145 1212 3507 1267 dimicandum
3529 1254 3543 1280 ,

1950 1301 2015 1355 ad
2045 1301 2348 1371 Scripturas
2378 1304 2578 1358 scilicet
2621 1303 2908 1359 Creatoris.
2939 1304 3244 1360 Secundum
3286 1322 3376 1362 eas
3402 1308 3545 1363 enim

1952 1392 2271 1461 probaturus
2308 1394 2581 1450 Christum
2612 1393 2881 1452 Creatoris
2915 1397 3099 1465 fuisse,
3142 1407 3198 1453 ut
3230 1408 3411 1468 postca
3462 1397 3542 1471 (5)

1949 1484 2162 1540 Christo
2180 1502 2277 1540 suo
2294 1486 2636 1558 aditnpletas,
2654 1504 2877 1544 necesse
2896 1490 3067 1545 habeo
3083 1492 3317 1561 ipsarum
3332 1507 3546 1562 quoque

1948 1578 2263 1649 scripturam
2310 1577 2535 1634 formant
2567 1580 2667 1653 (ὸ),
2713 1592 2765 1637 et
2792 1584 2881 1653 (ut
2908 1584 2977 1637 ita
3005 1584 3270 1655 dixerim)
3300 1595 3545 1641 naturam

1946 1672 2307 1739 deutandare,
2343 1689 2408 1728 ne
2437 1684 2560 1729 tunc
2591 1675 2642 1730 in
2665 1679 3086 1733 controversiam
3127 1680 3389 1746 deductae,
3420 1696 3544 1737 eum

1946 1765 2343 1820 adhibenturad
2366 1783 2602 1835 caussas,
2630 1778 2685 1825 et
2707 1786 2803 1825 sua
2826 1780 2880 1825 et
2908 1787 3214 1827 caussarum
3230 1773 3544 1833 defensioue

234 1880 446 1935 ratione
479 1878 623 1941 fecit.
657 1890 763 1933 [am
794 1880 1183 1936 revelationem
1209 1894 1366 1949 quam
1397 1876 1838 1932 imcrcessioncm
1870 1873 1917 1932 B
1946 1870 2269 1935 commixte,
2297 1870 2593 1927 obtundant
2625 1873 2839 1928 ICCIOI‘IS
2868 1874 3238 1929 intentionem.
3275 1874 3413 1930 Duas
3436 1876 3538 1930 ita-

231 1985 387 2024 suam
423 1970 702 2033 differens,
735 1970 921 2025 eadem
954 1972 1163 2025 ratione
1188 1970 1309 2024 dico
1347 1969 1494 2023 illutn
1530 1969 1838 2039 patientiam

236 2061 493 2119 debuisse
515 2065 779 2128 Creatori,
805 2064 855 2118 in
880 2064 1091 2120 Christo
1112 2078 1323 2134 quoque
1340 2078 1438 2117 suo
1458 2062 1841 2133 dispositiones

230 2171 357 2211 suas
388 2166 734 2225 exsecutum,
768 2166 824 2211 ut
866 2158 1097 2227 perfecta
1138 2167 1189 2210 et
1220 2156 1432 2225 expleta
1464 2155 1611 2210 omni
1641 2169 1837 2224 opera-

232 2251 382 2307 tione
412 2253 589 2307 aetnuli
622 2253 739 2315 Dei,
768 2263 822 2306 et
852 2250 1028 2305 amuli
1061 2249 1281 2315 Christi,
1328 2260 1451 2303 tunc
1480 2256 1533 2303 et
1562 2248 1675 2319 ipse
1710 2263 1835 2317 pro-

232 2346 377 2413 prias
395 2345 778 2414 dispositiones
794 2343 1200 2416 superduceret.
1218 2340 1504 2405 Caeterum,
1522 2340 1835 2410 pmnitentia

229 2446 393 2492 tanta
418 2439 687 2507 patientiae
716 2436 1021 2508 fecit,quod
1052 2452 1157 2490 non
1190 2436 1239 2489 in
1273 2436 1431 2489 linem
1462 2450 1639 2489 rerum
1668 2433 1837 2488 Crea-

230 2530 367 2584 toris
401 2532 847 2599 perseveraverit.
881 2529 1026 2584 Vane
1053 2527 1308 2583 sustinuit
1336 2526 1612 2595 pra‘dicari
1646 2526 1831 2581 Chris-

229 2630 343 2675 tutn
399 2619 540 2691 ejus,
594 2636 753 2691 quem
802 2638 905 2673 tton
948 2618 1197 2674 sustinuit
1248 2616 1529 2671 exhiberi?
1577 2626 1670 2672 aut
1717 2618 1833 2671 sine

226 2728 421 2769 Caussa
464 2714 664 2768 tamdiu
706 2730 809 2769 non
860 2713 1168 2768 intercidit?
1198 2710 1332 2781 Quid
1381 2712 1527 2766 illum
1577 2713 1828 2779 detinuit,

224 2806 428 2875 quidve
470 2806 738 2863 turbavit?
766 2806 962 2878 Atquin
996 2809 1045 2859 iu
1079 2815 1363 2875 utrumque
1394 2804 1677 2868 commisit,
1713 2814 1831 2874 post

223 2900 544 2955 Creatorem
567 2900 778 2970 quidem
802 2909 907 2953 tarn
937 2899 1086 2954 tarde
1110 2900 1394 2964 revelatus,
1419 2908 1543 2952 ante
1556 2896 1830 2953 Christum

223 3008 357 3046 vero
394 2992 513 3062 ejus
544 3003 649 3047 tam
684 3006 931 3063 propere.
967 2993 1205 3046 Alterum
1240 3007 1367 3045 vero
1388 2990 1699 3061 jamdudum
1729 2991 1825 3045 de-

225 3084 419 3139 buerat
448 3084 770 3149 traduxisse,
792 3086 1017 3138 alterum
1048 3083 1315 3148 nondum;
1341 3098 1408 3137 ne
1437 3084 1582 3137 illum
1608 3082 1825 3153 quidem

225 3180 433 3235 tamdiu
484 3181 794 3235 smvientem
848 3180 1202 3243 sustinuisse;
1260 3179 1418 3232 istum
1470 3192 1597 3231 vero
1651 3176 1827 3231 adhuc

1945 1977 2050 2030 que
2072 1978 2294 2019 caussas
2318 1966 2617 2036 prophetici
2637 1968 2835 2037 eloquii
2863 1968 3035 2038 allego
3057 1971 3423 2040 agnoscendus
3449 1971 3543 2027 ab—

1946 2053 2069 2109 hinc
2102 2056 2427 2113 adversariis
2454 2062 2689 2114 nostris:
2722 2077 2901 2128 unam,
2936 2078 3036 2132 qua
3070 2063 3240 2117 futura
3271 2064 3539 2120 interdum

1945 2163 2040 2217 pro
2081 2148 2191 2219 jam
2240 2153 2522 2207 transactis
2568 2154 2936 2210 enuntiantur.
2997 2155 3127 2210 Nam
3170 2167 3226 2212 et
3264 2158 3541 2216 Diviuitati

1940 2242 2214 2310 competit,
2230 2258 2584 2315 quaecumque
2600 2245 2921 2309 decreverit,
2939 2260 2995 2302 ut
3015 2250 3245 2318 perfecta
3264 2262 3534 2322 reputare,

1939 2334 2062 2403 quia
2108 2350 2212 2389 non
2241 2336 2311 2390 sit
2352 2338 2493 2407 apud
2536 2338 2678 2393 illam
2725 2339 3024 2396 dilferentia
3070 2346 3362 2415 temporis,
3395 2348 3536 2418 apttd

1938 2443 2097 2497 qttam
2128 2428 2445 2485 uniformem
2467 2442 2664 2487 statum
2688 2433 2989 2503 lemporuut
3013 2434 3097 2509 (6)
3119 2437 3297 2509 dirigit
3323 2442 3539 2497 tutemi-

1940 2532 2019 2575 tas
2046 2522 2181 2591 ipsa,
2210 2532 2265 2576 et
2292 2522 2602 2577 divinationi
2634 2526 2960 2594 prophetica:
2977 2530 3145 2600 magis
3172 2530 3429 2587 familiare
3453 2545 3536 2589 est

1939 2614 1989 2667 id
2008 2616 2151 2683 quod
2176 2618 2479 2686 prospiciat,
2496 2618 2622 2672 dum
2642 2622 2916 2689 prospicit,
2934 2622 3044 2691 jam
3071 2625 3260 2691 visum,
3281 2638 3442 2698 atque
3465 2631 3534 2685 ita

1929 2705 2041 2775 jam
2074 2706 2157 2778 (7)
2186 2720 2531 2777 expunctum,
2574 2710 2623 2763 id
2656 2720 2761 2777 est,
2805 2714 2949 2767 omni
2981 2714 3141 2769 modo
3174 2717 3409 2773 futurum
3439 2720 3534 2777 de-

1935 2811 2256 2867 monstrare,
2282 2805 2421 2857 sicut
2449 2818 2540 2872 per
2556 2802 2744 2858 Isaiam
2770 2802 2874 2875 (Is.
2897 2805 2957 2859 L.
2977 2808 3008 2859 6
3032 2806 3049 2877 )
3082 2826 3093 2860 :
3122 2807 3340 2864 Dorsum
3366 2828 3533 2869 mcum

1933 2896 2079 2965 posui
2133 2896 2184 2949 in
2229 2896 2470 2967 ﬂagella,
2502 2896 2743 2951 maxillas
2786 2909 2955 2952 autem
3004 2917 3141 2956 meas
3189 2904 3243 2957 in
3294 2906 3532 2976 palmas;

1932 2989 2110 3055 faciem
2134 3006 2296 3043 meam
2324 3005 2439 3043 vero
2462 3006 2562 3043 non
2577 2991 2733 3044 auerti
2760 3009 2791 3043 α
2810 2994 3204 3060 sputantiitibus.
3230 2997 3361 3053 Sive
3386 3002 3531 3058 enim

1930 3080 2179 3137 Christus
2204 3082 2312 3153 jam
2342 3091 2466 3137 tunc
2494 3084 2546 3137 in
2579 3084 2925 3153 semetipsum
2958 3087 3250 3143 secundum
3273 3106 3393 3157 nos,
3418 3094 3531 3150 sive

1932 3174 2221 3245 prophetes
2247 3174 2315 3229 de
2345 3176 2634 3245 semetipso
2660 3176 2952 3232 secundum
2973 3178 3188 3234 Iudaeos
3216 3186 3524 3250 pronuntia-

219 3273 593 3343 quiescentem
637 3272 981 3343 inquietasse,
1023 3271 1165 3326 circa
1226 3271 1415 3325 ambos
1453 3268 1707 3325 excidens
1754 3268 1822 3324 ab
1848 3266 1892 3329 C
1930 3270 2037 3333 hat,
2068 3268 2300 3323 nondum
2324 3280 2502 3323 tamen
2523 3268 2717 3326 factum
2742 3285 2839 3340 pro
2857 3270 2965 3341 jam
2992 3281 3257 3328 transacto
3279 3278 3525 3334 sonabat.

219 3366 409 3435 Optimi
451 3365 543 3421 Dei
586 3365 761 3427 titulo,
805 3374 953 3419 certe
979 3364 1159 3418 varius
1189 3371 1245 3418 et
1291 3363 1403 3432 ipse
1457 3371 1509 3416 et
1554 3361 1818 3425 incertus;

222 3458 436 3529 tepidus
464 3459 667 3513 scilicet
690 3458 740 3511 iu
774 3458 1107 3521 Creatorem,
1139 3465 1193 3509 et
1218 3456 1425 3510 calidus
1454 3455 1504 3508 in
1523 3453 1817 3517 Christum,

216 3561 269 3606 et
298 3567 469 3605 vanus
500 3551 784 3623 utrobique
815 3548 918 3621 (5).
961 3546 1077 3602 Non
1106 3547 1273 3617 magis
1299 3544 1443 3601 enim
1484 3546 1821 3614 compescuit

216 3644 555 3707 Creatorem,
590 3657 749 3713 quam
778 3640 988 3696 obstitit
1013 3638 1251 3695 Christo.
1287 3637 1464 3691 Manet
1495 3637 1815 3701 etCreator.

214 3736 392 3807 qualis
421 3735 642 3790 omnino
672 3746 785 3801 est;
820 3733 997 3789 veniet
1022 3741 1077 3789 et
1105 3732 1374 3797 Christus,
1407 3731 1579 3801 qualis
1607 3739 1661 3785 et
1685 3730 1819 3785 scri-

216 3834 377 3888 bitur.
430 3832 565 3899 Quid
604 3833 746 3887 venit
787 3839 907 3902 post
945 3829 1277 3895 Creatorem,
1321 3843 1479 3898 quem
1527 3827 1817 3882 emendare

212 3942 322 3983 non
355 3925 561 3980 valuit?
603 3925 739 3993 Quid
781 3934 904 3979 ante
943 3922 1217 3978 Cltristum
1248 3920 1365 3991 ejus
1394 3919 1662 3973 revelatus
1708 3929 1812 3985 est,

209 4034 375 4090 quem
407 4032 659 4073 revocare
690 4030 792 4070 non
829 4015 1093 4085 poutcrit?
1121 4016 1226 4068 Aut
1251 4013 1295 4067 si
1319 4011 1624 4067 emendavit
1652 4010 1814 4065 Crea-

210 4123 411 4179 torem,
445 4121 567 4182 post
604 4110 751 4165 illum
781 4110 1048 4165 revelatus
1090 4118 1194 4174 est,
1222 4117 1280 4162 ut
1306 4105 1643 4161 emendanda
1678 4120 1812 4174 prae-

209 4205 471 4261 cederent
495 4221 509 4271 ;
550 4219 681 4273 ergo
708 4212 763 4260 et
794 4201 1068 4259 Christum
1096 4201 1212 4272 ejus
1237 4215 1390 4271 mque
1430 4197 1811 4255 emendaturus

206 4310 558 4371 exspectasse
610 4298 908 4365 debuerat,
957 4296 1182 4368 proinde
1254 4302 1311 4350 et
1354 4295 1493 4349 illius
1547 4294 1813 4364 posterior

204 4392 529 4450 emendator
571 4391 804 4459 futurus,
837 4392 975 4447 sicut
1006 4388 1301 4445 Creatoris.
1337 4387 1494 4441 Aliud
1534 4396 1636 4454 est,
1669 4388 1712 4440 si
1758 4395 1812 4441 et

204 4490 323 4559 ipse
351 4499 474 4559 post
520 4488 667 4543 illum
718 4500 906 4542 rursus
944 4484 1223 4549 adveniet;
1270 4492 1330 4537 ttt
1375 4481 1546 4551 primo
1588 4481 1804 4551 quidem

200 4582 439 4639 adventu
486 4583 813 4655 processerit
858 4582 1117 4638 adversus
1145 4580 1478 4642 Creatorem,
1511 4577 1705 4648 Legem
1750 4585 1807 4633 et

1926 3362 2043 3415 Alia
2076 3364 2283 3431 species
2308 3364 2431 3430 erit,
2459 3378 2559 3433 qua
2595 3364 2848 3434 pleraque
2876 3366 3098 3435 figurate
3129 3370 3526 3437 portenduntur

1924 3457 2314 3527 peramigmata
2336 3466 2390 3511 et
2411 3457 2690 3526 allegorias
2728 3468 2783 3513 et
2809 3460 3123 3527 parabolas,
3150 3460 3305 3517 aliter
3341 3464 3528 3520 intelli-

1922 3551 2095 3620 genda
2121 3566 2279 3621 quam
2303 3552 2497 3622 scripta
2521 3560 2663 3606 sunt.
2685 3550 2814 3605 Nam
2842 3562 2895 3605 et
2921 3565 3130 3610 montes
3170 3557 3393 3627 legimus
3417 3559 3526 3615 dis-

1925 3644 2184 3698 tillaturos
2210 3642 2936 3711 dulcorem(Joel.lll,18);
2982 3661 3085 3700 non
3137 3657 3315 3705 tamen
3348 3661 3405 3705 ttt
3430 3667 3521 3707 sas

1922 3751 2043 3808 pam
2076 3736 2142 3792 de
2169 3738 2333 3806 petris
2360 3734 2449 3806 (c).
2481 3746 2571 3789 aut
2591 3734 2859 3790 defrutum
2888 3737 2955 3791 de
2984 3739 3201 3808 rupibus
3218 3757 3405 3811 speres
3430 3762 3442 3799 :
3468 3754 3524 3800 οι

1923 3840 2117 3885 terram
2147 3828 2395 3883 audimus
2418 3827 2553 3882 lacte
2572 3837 2624 3882 et
2647 3828 2806 3882 melle
2842 3840 3145 3883 manantem
3172 3848 3185 3897 ;
3221 3844 3521 3892 nontamen

1920 3932 1977 3977 ut
2006 3923 2073 3978 de
2101 3922 2272 3993 glebis
2293 3921 2482 3977 credas
2504 3931 2557 3976 te
2581 3936 2813 3991 unquam
2844 3922 3117 3991 placentas
3142 3934 3194 3979 et
3214 3929 3411 3985 samias
3437 3929 3520 4002 (ιι)

1919 4027 2227 4070 coacturum
2262 4033 2274 4069 :
2304 4016 2425 4085 quia
2468 4028 2567 4069 nec
2607 4014 2787 4068 statim
2826 4014 3108 4082 aqttilicem
3137 4026 3191 4072 et
3229 4021 3517 4089 agricolam

1908 4128 1977 4169 os
2004 4113 2091 4166 llci
2116 4112 2445 4183 repromisit,
2470 4111 2653 4167 dicens
2686 4110 2785 4183 (Is.
2811 4111 2946 4176 XLI,
2973 4111 3061 4186 l9)
3086 4132 3098 4167 :
3128 4114 3324 4169 Ponant
3344 4118 3519 4187 [Iunti-

1915 4224 1982 4260 na
2012 4208 2065 4261 in
2094 4208 2295 4277 regione
2320 4206 2528 4272 sitienti,
2560 4216 2605 4259 et
2635 4207 2687 4259 in
2712 4204 2988 4261 solitudine
3008 4210 3213 4264 cedrum
3240 4222 3285 4266 et
3304 4212 3514 4270 buxum.

1910 4299 2065 4353 Sicut
2085 4307 2136 4352 et
2161 4296 2458 4367 praedicans
2478 4296 2543 4351 de
2564 4296 2847 4353 Natiouutn
2876 4302 3262 4361 conversione:
3292 4303 3515 4359 Benedi-

1914 4401 2023 4445 ceut
2046 4406 2123 4444 me
2145 4389 2315 4444 bestia:
2331 4389 2463 4460 agri,
2492 4389 2682 4443 sirenas
2702 4399 2745 4443 et
2765 4391 2893 4457 lilia!
2907 4408 3171 4462 passerum
3199 4393 3301 4464 (Is.
3328 4395 3511 4467 XLIII,

1910 4483 2001 4555 20)
2030 4500 2044 4549 ;
2087 4499 2189 4539 non
2221 4484 2402 4553 utique
2430 4481 2498 4536 ab
2540 4480 2882 4537 hirundinum
2924 4484 3082 4554 pullis
3108 4496 3162 4541 et
3193 4488 3507 4559 vulpeculis,

1910 4588 1966 4635 et
2020 4577 2123 4633 illis
2168 4575 2525 4632 monstruosis
2569 4572 2928 4646 fabulosisque
2970 4580 3298 4636 cantricibus
3340 4581 3511 4640 fausta

198 4675 505 4747 Prophetas
542 4677 826 4734 destruens
879 4676 1032 4747 ejus;
1090 4670 1329 4730 secundo
1372 4685 1503 4729 vero
1549 4671 1807 4742 procedat
1831 4663 1885 4729 D
1911 4670 2089 4729 omina
2116 4669 2386 4724 relaturus
2410 4678 2515 4724 est.
2548 4666 2619 4721 Et
2646 4666 2775 4738 qttid
2811 4680 2911 4739 ego
2938 4667 3007 4727 de
3029 4670 3131 4727 isto
3164 4688 3362 4744 genere
3390 4690 3509 4733 atu-

1432 4782 1812 4845 LECTIONES
1844 4782 2261 4844 VARIANTES.

291 4900 859 5025 ἒξῆξεὲαὲξειηηωηει.
1975 4897 2362 5025 ἱὲὲέἰῗτδοίΐε

361 4900 423 4953 Et
444 4902 545 4953 Lat.
2000 4901 2029 4949 5
2070 4898 2186 4948 Post
2208 4910 2234 4946 a
2251 4904 2362 4947 Jun.

361 4965 474 5078 Ilpse
492 4964 643 5017 Seml.
667 4962 859 5036 Ρῳῃει.
1975 4898 2049 5090 Ξϐξ
2074 4960 2331 5034 Temporis
2348 4954 2501 5011 Seml.
2526 4956 2712 5012 Pamel.

392 5043 422 5076 u
447 5038 657 5090 utroque
679 5026 785 5079 alii.
1998 5025 2025 5075 7
2076 5023 2143 5074 Ut
2158 5037 2257 5087 jam
2277 5031 2393 5074 Jun.

291 4901 338 5025 1)
359 4901 423 4953 Ει
444 4902 545 4953 Lat.
2000 4901 2029 4949 5
2070 4901 2186 4948 Post
2208 4910 2234 4946 a
2251 4904 2362 4971 Jun.

263 4901 859 5153 ξξήιῇιξαειςιέεξᾷτξα·
1975 4901 2393 5090 {iliacas

288 5092 339 5154 4)
365 5090 670 5141 Prolusertm
693 5099 801 5158 mg.
828 5097 942 5142 Jun.
972 5091 1139 5143 Venet.

1574 5191 2131 5251 COMMENTARIUS.

266 5301 422 5377 CAP.
451 5302 520 5359 ν.
550 5333 622 5345 -—-
643 5303 719 5377 (a)
764 5304 839 5377 Ad
882 5313 1076 5359 certum
1115 5314 1163 5360 et
1190 5306 1418 5359 cominus
1442 5305 1797 5360 dimicaturus.

183 5376 358 5443 Quasi
402 5376 713 5445 superiores
736 5376 1133 5444 disputationes
1164 5377 1491 5432 velitatiouis
1520 5377 1797 5432 iumodum

184 5451 352 5503 lucta:
370 5455 580 5503 essent:
610 5447 700 5502 hic
723 5446 911 5500 fortius
938 5459 1296 5519 pugnaturum
1323 5464 1381 5503 se
1408 5450 1708 5518 pollicetur,
1740 5463 1798 5504 ttt

180 5520 384 5590 quavis
401 5520 693 5588 sponsione
714 5519 1077 5575 adversarium
1100 5530 1328 5591 premat.
1345 5521 1594 5590 Appellat
1617 5522 1795 5591 itaque

182 5592 259 5647 ad
317 5592 683 5660 Scriptorum,
732 5604 891 5661 quam
958 5590 1009 5644 in
1062 5590 1386 5646 Mareiouem
1449 5601 1789 5717 cinlg’rqttet.

1529 5679 1558 5717 ε
1628 5679 1679 5717 tt.

1529 5679 1679 5717 ΕΓΒ.

263 5733 347 5807 (b)
371 5731 757 5807 scripturarum
804 5738 1046 5805 formam,
1073 5745 1198 5807 etc.
1238 5734 1573 5807 Przeutittere
1614 5735 1787 5805 expli-

177 5802 383 5869 cando,
411 5802 756 5868 deelaraudu,
801 5802 1247 5861 commendando.
1275 5804 1399 5861 th.

259 5876 338 5955 (c)
367 5878 566 5951 Sapam
588 5877 653 5933 de
689 5878 867 5948 petris,
904 5883 993 5932 aut
1026 5874 1284 5949 defrutum
1310 5880 1374 5933 de
1414 5877 1644 5949 rupibus,
1677 5890 1778 5934 etc.

1903 5302 2047 5360 Idem
2062 5305 2160 5385 lue
2186 5303 2305 5385 d_u:e
2326 5320 2489 5362 voces
2518 5306 2851 5385 significant,
2888 5321 3121 5367 mustum
3155 5327 3349 5385 nempe
3376 5331 3500 5374 coc-

1905 5376 2360 5450 tum.Discrimeu
2408 5389 2491 5433 est
2539 5376 2680 5450 quod
2711 5396 2843 5449 sapa
2878 5394 2960 5438 est
3007 5396 3238 5440 mustum
3269 5376 3335 5441 ad
3383 5405 3496 5446 tue-

1899 5448 2040 5503 diatn
2071 5459 2274 5517 partem
2304 5448 2616 5521 decoctum,
2644 5448 2916 5509 defrutum
2943 5467 3122 5513 autem
3150 5458 3216 5513 ad
3246 5462 3491 5521 tertiam:

1898 5522 1967 5573 ita
2000 5521 2069 5572 Μ.
2108 5521 2287 5574 Varro.
2327 5522 2402 5575 LE
2430 5520 2524 5576 Pu.

1967 5589 2044 5671 (d)
2077 5589 2349 5670 Placemus
2393 5602 2440 5645 et
2480 5595 2688 5657 samias,
2718 5606 2825 5673 etc.
2861 5595 3135 5673 Psomias
3160 5600 3341 5673 legunt
3375 5605 3488 5668 alii.

1894 5663 1981 5716 alii
2026 5663 2251 5743 psomia,
2278 5680 2305 5715 a
2328 5679 2505 5743 graeco
2535 5674 2733 5743 (topica.
2773 5668 2873 5737 Qui
2903 5669 3099 5743 Samius
3129 5663 3329 5743 legunt.
3367 5663 3493 5741 puto

1891 5750 1986 5790 eos
2048 5735 2339 5815 intelligere
2386 5734 2453 5791 de
2500 5740 2755 5807 placentis
2800 5734 2987 5815 samiis
3029 5758 3149 5813 qua:
3180 5734 3244 5798 in
3283 5734 3493 5804 deliciis

1889 5816 2062 5887 etant,
2094 5812 2483 5887 auctpris__vero
2509 5824 2700 5866 nomen
2740 5812 3128 5882 praeferebant,
3158 5816 3247 5887 qui
3274 5817 3489 5876 Samius

1887 5877 2183 5934 dicebatur.
2208 5876 2285 5933 Ls
2316 5877 2413 5935 Pu.
