4262 6490
735 372 841 429 527

2147 377 2611 438 TERTULLIANI

3939 381 4055 437 528

731 487 919 560 plius?
964 502 1085 543 cum
1134 485 1295 545 etiam
1351 484 1395 562 (Ι
1422 485 1545 545 Cor.
1592 486 1696 557 IX,
1723 487 1803 561 9),
1847 487 1929 563 (I)
1984 490 2337 547 haereticorum
2365 494 2418 555 Α
2446 489 2771 564 (ls.XXIX,
2806 487 2945 563 ﬂ),
2987 492 3289 561 sapientiam
3354 492 3661 565 sapientium
3703 493 3951 561 illorum,
4001 502 4053 548 ct

731 582 996 651 apostolus
1023 580 1127 654 (a),
1152 582 1320 653 ipsam
1347 583 1519 654 legem
1541 582 1904 656 indulgentem
1922 584 2093 640 bobus
2120 588 2337 641 terenti-

730 672 833 729 bus
862 688 923 730 os
950 674 1211 742 liberum,
1240 691 1343 731 non
1371 676 1439 732 de
1461 675 1654 744 bubus,
1682 677 1775 732 sed
1797 678 1865 733 de
1887 680 2045 735 nobis
2075 679 2338 749 interpre-

731 774 917 822 tetur:
966 777 1022 825 et
1074 777 1275 839 petram
1335 772 1479 841 potui
1544 771 2003 827 subministrando
2044 776 2333 842 comitem,

728 860 1003 917 Christum
1032 862 1230 934 alleget
1256 864 1299 935 (Ι
1329 864 1448 919 Cor.
1469 864 1538 932 X,
1561 865 1621 934 4)
1653 864 1850 931 fuisse,
1877 866 2079 922 docens
2110 867 2335 938 proinde

730 962 787 1008 et
806 952 1023 1010 Galatas
1046 953 1191 1022 (Cal.
1215 953 1305 1021 IV,
1324 956 1438 1026 2‘2),
1465 962 1570 1010 duo
1591 967 1906 1027 argumenta
1931 957 2337 1013 tiliorumAbra-

731 1042 818 1099 ha).
844 1045 1131 1117 allegorice
1147 1048 1473 1113 cucurrisse,
1496 1060 1550 1103 et
1571 1064 1867 1121 suggerens
1894 1050 2142 1120 Ephesiis
2165 1050 2331 1123 (Eph.

729 1136 797 1203 ν,
826 1139 945 1211 5|),
965 1140 1105 1210 quod
1130 1141 1180 1195 io
1208 1142 1501 1209 primordio
1527 1144 1593 1197 de
1612 1142 1829 1197 homine
1853 1144 2201 1211 pradicatum
2226 1154 2330 1211 est,

729 1231 987 1287 relicturo
1002 1241 1204 1303 patrem
1228 1243 1280 1290 et
1305 1245 1550 1299 matrem,
1576 1247 1627 1291 et
1651 1234 1841 1291 futuris
1858 1235 2069 1293 duobus
2093 1239 2142 1291 in
2171 1254 2329 1295 unam

728 1338 968 1393 carnem,
1002 1324 1052 1380 id
1076 1340 1136 1381 se
1163 1327 1215 1381 in
1244 1326 1515 1382 Christum
1541 1339 1595 1382 et
1629 1328 1923 1384 Ecclesiam
1954 1345 2269 1401 agnoscere.

1356 1417 1586 1475 CAPUT
1617 1420 1703 1475 VI.

801 1511 857 1567 Si
880 1512 1008 1565 satis
1038 1520 1248 1567 constat
1277 1512 1344 1567 de
1377 1514 1491 1568 istis
1516 1515 1727 1568 interim
1757 1515 1963 1571 duabus
1991 1518 2334 1587 praprietati-

729 1604 830 1661 bus
849 1604 1075 1674 judaice
1104 1606 1445 1669 litteratoria;
1471 1619 1763 1674 memento,
1789 1610 1974 1673 lector,
2000 1612 2327 1679 eonsdtisse,

729 1706 792 1752 ut
830 1714 951 1755 cum
1000 1699 1101 1753 tale
1130 1699 1254 1770 quid
1282 1700 1719 1767 adhibuerimus,
1778 1721 1882 1757 non
1928 1715 2247 1761 retractetur
2266 1707 2335 1762 de

730 1788 907 1846 forma
954 1791 1265 1861 scripturae,
1311 1792 1405 1847 sed
1446 1792 1514 1849 de
1552 1803 1694 1849 statu
1746 1809 1971 1851 Caussa.
2018 1798 2150 1851 Cum
2178 1798 2336 1869 igitur

2445 584 2769 655 prudentiam
2836 585 3164 655 prudentium
3211 602 3389 641 eorum
3435 587 3779 652 abscondam,
3829 597 3884 641 et
3930 584 4048 656 (Is.

2448 675 2547 742 VI,
2580 674 2695 747 IO),
2726 675 2863 730 Aure
2880 676 3118 740 audietis,
3149 686 3195 732 et
3221 694 3321 731 non
3347 679 3568 733 audietis
3598 696 3611 732 :
3640 690 3687 733 et
3713 680 3876 733 oculis
3906 679 4048 732 uide-

2442 766 2580 833 bitis,
2606 777 2651 822 et
2679 785 2779 823 non
2808 768 3040 823 uidebitis
3065 788 3076 823 :
3102 768 3446 826 Incrassatam
3476 781 3549 825 est
3579 773 3713 825 enim
3742 787 3833 826 cor
3862 772 4048 843 populi

2443 862 2620 931 hujus,
2649 871 2697 917 ct
2722 862 2930 919 auribus
2975 865 3195 935 grauiter
3238 866 3530 931 audierunt,
3562 876 3610 920 et
3638 868 3812 921 oculos
3836 867 4049 920 conclu-

2438 964 2646 1019 serunt;
2675 970 2737 1009 ne
2764 956 2971 1024 quando
3013 956 3221 1013 auribus
3264 959 3478 1012 audiant
3521 968 3568 1013 et
3612 957 3773 1013 oculis
3814 960 4046 1025 videant,

2438 1056 2486 1101 et
2512 1047 2976 1119 cordeconjiciant,
3008 1059 3052 1103 et
3069 1059 3446 1117 conuertantur,
3467 1061 3513 1105 et
3528 1066 3701 1104 sanem
3718 1051 3857 1106 illos.
3894 1051 4050 1106 lianc

2436 1139 2580 1194 enim
2609 1140 3048 1212 obtusioncmlﬁ)
3070 1142 3383 1198 salutarium
3415 1158 3668 1199 sensuum
3698 1151 4043 1207 meruerant,

2438 1231 2594 1290 labiis
2620 1234 2903 1306 diligentes
2952 1234 3143 1297 Deum,
3173 1235 3338 1292 corde
3384 1247 3565 1292 autem
3594 1237 3750 1308 longe
3774 1237 4046 1291 absisten-

2437 1337 2519 1386 tes
2544 1329 2613 1384 ab
2642 1345 2729 1385 co.
2763 1329 2924 1400 Igitur
2948 1331 2993 1385 si
3021 1329 3268 1385 Chrisms
3312 1330 3531 1400 quidem
3563 1329 3985 1385 annuntiabatur
4013 1344 4044 1383 ι

2433 1420 2691 1479 Creatorc
2714 1424 2965 1479 solidante
2982 1423 3279 1492 tonitruum,
3306 1435 3352 1478 e'
3371 1423 3389 1495 (
3407 1425 3580 1477 Amos.
3608 1421 3801 1495 ΝΛΞ)
3828 1423 4050 1477 conden-

2437 1530 2485 1573 te
2507 1516 2587 1591 (ὅ)
2610 1520 2867 1589 spiritum,
2893 1530 2940 1574 et
2967 1518 3304 1573 aununtiante
3334 1518 3415 1591 (ἄ)
3448 1518 3498 1571 in
3528 1518 3755 1571 homines
3784 1515 4049 1570 Christum

2437 1626 2621 1677 suum,
2672 1611 2973 1667 secundum
3024 1614 3189 1666 Amos
3223 1610 3579 1681 I‘rOphetam;
3616 1609 3658 1663 si
3694 1609 3871 1663 omnis
3918 1623 4049 1677 spes

2438 1704 2771 1769 Judmorum,
2822 1720 2891 1762 ne
2918 1704 2997 1776 (5)
3022 1704 3199 1760 dicam
3244 1708 3405 1759 etiam
3458 1703 3731 1765 Gentium,
3764 1702 3815 1755 in
3843 1701 4047 1756 Christi

2440 1800 2828 1855 revelationem
2859 1798 3253 1866 destinabatur,
3288 1799 3403 1855 sine
3422 1798 3587 1853 dubio
3618 1797 3668 1853 id
3698 1796 4045 1853 demonstra-

730 1885 982 1939 hmrctica
1019 1884 1283 1939 dementia
1327 1900 1447 1939 eum
1477 1886 1746 1941 Christum
1791 1891 2001 1944 venisse
2041 1905 2335 1960 pracsume-
2366 1895 2413 1955 B
2440 1892 2638 1949 bantur
2664 1908 2770 1946 non
2797 1891 3053 1962 agnituri,
3086 1900 3140 1946 et
3168 1906 3274 1945 non
3298 1890 3642 1955 intellecturi,
3671 1891 3866 1945 ablatis
3892 1890 4051 1960 agni-

729 1983 849 2040 ret,
902 1974 993 2047 qui
1047 1992 1315 2047 nunquam
1366 1976 1542 2033 fuerat
1570 1980 1950 2047 annuntiatus;
2002 1983 2329 2053 sequebatur

730 2076 792 2121 ut
838 2084 959 2123 eum
1000 2067 1276 2124 Christum
1326 2069 1559 2126 nondum
1589 2071 1804 2127 venisse
1832 2073 2210 2141 contenderet,
2239 2076 2330 2145 qui

731 2176 947 2234 semper
980 2162 1154 2217 fuerat
1181 2162 1498 2233 praedicatus
1530 2182 1545 2220 :
1574 2174 1734 2237 atque
1767 2169 1833 2220 ita
1866 2178 2049 2223 coacta
2102 2179 2183 2224 est
2209 2185 2329 2224 cum

729 2252 945 2323 judaico
995 2269 1183 2310 errore
1225 2254 1441 2322 sociari,
1492 2264 1547 2311 et
1588 2258 1657 2312 ab
1698 2273 1763 2312 eo
1813 2260 2331 2329 argumentationem

732 2346 835 2399 sibi
915 2356 1168 2416 struere,
1233 2349 1385 2417 quasi
1451 2348 1621 2410 Juin
1685 2354 1817 2406 certi
1879 2363 1933 2408 et
2001 2354 2101 2426 ipsi
2169 2356 2331 2410 alium

731 2436 899 2493 fuisse
923 2441 1012 2508 qui
1046 2440 1211 2507 venit,
1246 2455 1350 2494 non
1380 2441 1542 2497 modo
1571 2446 1876 2514 respuerint
1918 2462 2040 2501 eum
2072 2457 2129 2501 ut
2156 2458 2335 2503 extra-

731 2543 916 2597 neum,
970 2546 1161 2585 verum
1195 2540 1248 2587 et
1280 2532 1644 2589 interfecerint
1686 2552 1807 2591 cum
1838 2548 1895 2591 ut
1938 2538 2330 2607 adversarium,

730 2622 967 2692 agnituri
998 2624 1116 2679 sine
1146 2624 1307 2679 dubio
1328 2634 1383 2681 et
1410 2628 1555 2681 onmi
1580 2626 1758 2683 officio
1782 2629 2054 2703 religionis
2083 2647 2337 2701 prosecu-

739 2720 846 2773 turi
874 2760 889 2785 ,
921 2721 965 2775 si
996 2719 1231 2791 ipsorum
1266 2722 1473 2778 fuisset.
1507 2723 1583 2794 (ὁ)
1613 2723 1828 2780 Scilicet
1855 2727 2104 2782 nant-Iern
2131 2727 2202 2781 illi
2230 2744 2334 2783 non

731 2811 948 2881 quidem
980 2812 1186 2867 Rhodia
1218 2814 1303 2869 lex
1346 2812 1448 2886 (ι),
1493 2815 1587 2871 sed
1620 2815 1836 2872 Pontica
1878 2828 2122 2883 caverat,
2152 2834 2337 2877 errare

730 2902 948 2961 Judaaos
998 2908 1051 2961 in
1083 2906 1353 2962 Christum
1402 2924 1557 2963 suum
1592 2924 1696 2965 non
1740 2910 1943 2978 licere;
1989 2912 2203 2983 quando
2234 2914 2336 2969 etsi

730 2998 864 3055 nihil
912 2998 1019 3054 talo
1066 3000 1412 3071 pr.rdicatnm
1445 3002 1495 3055 in
1530 3003 1648 3056 illos
1678 3004 2044 3072 inveniretur,
2095 3005 2178 3061 vel
2223 3006 2336 3062 sola

730 3091 916 3161 utique
942 3090 1172 3147 humana
1202 3093 1440 3149 conditio
1468 3093 1714 3163 deceptui
1761 3095 2017 3164 obnoxia,
2046 3100 2342 3168 persuasis-

729 3198 834 3254 set,
862 3186 1078 3242 Jndzeos
1101 3204 1286 3243 errare
1311 3187 1567 3258 potuisse,
1597 3205 1699 3259 qua
1724 3190 2007 3257 homines;
2039 3208 2137 3248 nec
2158 3193 2335 3247 statim

2438 1986 2599 2042 tionis
2633 1985 2714 2057 (6)
2744 1996 2799 2042 et
2822 1986 3189 2057 intelligentia:
3216 1986 3418 2041 viribus
3439 1985 3699 2055 sapientia
3728 1995 3888 2054 atque
3920 2000 4049 2054 prn-

2434 2079 2633 2144 dentia,
2650 2080 2791 2148 quod
2812 2080 3250 2145 annuntiabatur,
3281 2078 3331 2133 id
3353 2090 3431 2133 est
3455 2076 3726 2133 Christum
3746 2118 3758 2140 ,
3784 2076 4051 2131 erraturis

2436 2174 2634 2229 incum
2674 2173 3061 2244 principalibus
3104 2172 3441 2241 sapientibus
3482 2186 3692 2234 eorum,
3724 2170 3775 2223 id
3804 2168 4051 2225 cstscri-

2434 2265 2540 2332 bis,
2574 2276 2627 2321 et
2651 2266 3001 2335 prudentibus
3040 2279 3226 2319 eorum
3260 2264 3364 2335 (7),
3392 2263 3440 2317 id
3469 2262 3845 2333 cstpliarismis
3872 2278 3891 2326 ;
3915 2264 4055 2333 pari-

2438 2368 2520 2414 ter
2548 2369 2601 2415 et
2635 2359 2835 2429 populo
2861 2358 3080 2412 auribus
3120 2357 3391 2422 audituro,
3430 2365 3485 2412 et
3512 2371 3617 2411 non
3642 2355 3914 2420 audituro,
3938 2355 4049 2409 uti-

2439 2467 2545 2523 que
2562 2452 2837 2507 Christum
2854 2451 3139 2507 docentem
3158 2466 3173 2505 :
3192 2460 3245 2507 et
3265 2450 3433 2505 oculis
3449 2450 3632 2505 visuro
3648 2460 3700 2504 et
3724 2464 3829 2503 non
3842 2448 4050 2510 visure.

2438 2547 2623 2616 utique
2648 2546 2921 2601 Christum
2960 2547 3110 2617 signa
3152 2545 3457 2607 facientem,
3510 2544 3806 2599 secundum
3831 2542 3973 2613 quod
3997 2552 4057 2598 et

2438 2638 2564 2693 alibi
2614 2637 2717 2710 (Is.
2743 2636 2903 2704 XLII,
2933 2637 3024 2709 I9)
3056 2657 3067 2692 :
3100 2635 3169 2693 Et
3195 2639 3309 2708 quis
3357 2651 3541 2701 circus,
3574 2636 3673 2691 nisi
3722 2636 3867 2706 pueri
3915 2635 4056 2689 mei?

2439 2741 2487 2787 et
2516 2732 2631 2802 quis
2661 2731 2870 2798 surdus,
2898 2732 2995 2785 nisi
3019 2733 3105 2801 qui
3136 2732 3429 2785 dominatur
3466 2730 3684 2785 eorum?
3708 2729 3815 2784 Sed
3844 2738 3900 2784 et
3925 2744 4049 2784 cum

2440 2824 2737 2895 exprobrat.
2790 2838 2884 2895 per
2932 2823 3183 2879 eumdem
3238 2822 3428 2877 Isaiam
3482 2820 3602 2893 (Is.
3634 2821 3682 2887 ι,
3715 2822 3835 2894 3):
3882 2817 4053 2877 Filios

2441 2916 2699 2987 generavi,
2723 2925 2768 2971 et
2796 2914 3019 2971 exaltavi
3047 2932 3059 2971 :
3086 2924 3136 2968 ut
3168 2915 3247 2969 illi
3279 2932 3356 2969 me
3385 2915 3688 2985 rejccerunt.
3719 2915 3937 2985 Agnovit
3962 2914 4054 2969 bos

2442 3025 2781 3080 possessorem
2804 3027 2978 3073 suum,
3001 3018 3048 3064 et
3076 3009 3251 3063 asinus
3275 3024 3500 3079 prazsepe
3520 3008 3713 3063 domini
3735 3008 3815 3062 sui
3841 3023 3855 3061 :
3882 3006 4055 3061 Israel

2441 3113 2612 3158 autem
2656 3120 2733 3157 me
2776 3118 2877 3157 non
2906 3103 3162 3174 cognovit,
3204 3111 3250 3156 et
3275 3101 3495 3171 papulus
3532 3116 3613 3154 me
3639 3117 3741 3155 non
3779 3099 4052 3154 intellexit.

2441 3193 2551 3249 Nos
2575 3193 2790 3265 quidem
2814 3196 2970 3256 certi,
2996 3192 3268 3250 Christum
3292 3208 3507 3263 semper
3528 3193 3580 3247 in
3608 3192 4057 3262 Prophctislocu-

735 3281 1107 3353 prirjudicium
1146 3281 1467 3338 sumendum
1506 3282 1573 3337 de
1612 3285 1878 3339 sententia
1921 3301 2105 3340 eorum
2133 3326 2147 3350 ,
2202 3299 2335 3355 quos
2364 3292 2408 3355 C
2442 3298 2575 3355 tum,
2606 3288 2850 3357 spiritum
2883 3290 3091 3344 scilicet
3114 3288 3408 3352 Creatoris,
3431 3289 3571 3342 sicut
3597 3286 3856 3357 propheta
3885 3296 3937 3341 te
3970 3295 4055 3341 ta-

734 3374 997 3430 crcdibile
1036 3376 1194 3430 fuerit
1228 3390 1461 3430 errasse.
1500 3376 1697 3442 Porro,
1738 3392 1859 3432 cum
1895 3386 1950 3432 et
1990 3377 2333 3446 prscdicatum

730 3466 801 3521 sit
824 3482 929 3522 non
954 3467 1234 3538 aguituros
1258 3483 1353 3524 eos
1370 3468 1664 3536 Christum,
1689 3468 1918 3541 ideoque
1936 3469 2094 3525 etiam
2118 3486 2334 3539 perem-

728 3567 919 3627 pturus
943 3576 958 3625 ;
979 3558 1089 3629 jam
1120 3574 1248 3630 ergo
1297 3559 1411 3630 ipse
1439 3560 1542 3616 erit
1584 3569 1641 3615 et
1686 3560 1959 3631 ignoratus
1988 3570 2043 3617 et
2073 3561 2333 3617 interem—

728 3660 853 3723 ptus
893 3655 960 3706 ab
989 3652 1116 3717 illis,
1150 3653 1200 3707 in
1243 3668 1402 3723 quem
1433 3654 1500 3708 ita
1544 3652 1831 3709 admissuri
1866 3655 2328 3724 prmnotabantur.

728 3742 846 3798 Iloc
873 3742 917 3796 si
951 3744 1160 3813 probari
1194 3744 1395 3814 exigis,
1445 3760 1551 3798 non
1582 3760 1675 3800 cas
1728 3746 2029 3815 scripturas
2059 3747 2329 3812 evolvam,

728 3851 852 3905 qua:
884 3835 1353 3905 interemptibilem
1386 3834 1654 3891 Christum
1701 3836 1997 3903 edicentes,
2049 3840 2230 3909 utique
2276 3849 2332 3894 et

730 3924 1085 3997 ignorabilem
1137 3923 1453 3980 affirmant:
1511 3927 1611 3981 nisi
1666 3928 1809 3983 enim
1866 3929 2140 4000 ignoratus
2198 3930 2328 3986 nihil

727 4018 936 4074 scilicet
980 4017 1086 4089 pati
1138 4019 1479 4089 possetzsed
1527 4021 1815 4075 reservatis
1861 4022 1941 4077 eis
1986 4022 2051 4077 ad
2082 4038 2327 4079 caussam

730 4108 1070 4180 passionum,
1114 4126 1205 4164 cas
1250 4111 1658 4180 praedicationes
1698 4113 1749 4166 in
1805 4116 2055 4184 praesenti
2105 4115 2336 4172 sufticiet

726 4201 1013 4270 adhibere,
1037 4217 1155 4273 quae
1178 4202 1393 4258 interim
1421 4204 1768 4273 ignorabilem
1793 4207 2330 4276 probentChristum,

729 4307 786 4353 et
819 4298 922 4353 hoc
944 4296 1199 4364 breviter,
1230 4296 1353 4353 dum
1384 4299 1677 4354 ostendunt
1706 4314 1920 4355 omnem
1952 4301 2056 4355 vim
2090 4302 2329 4358 intellec-

728 4399 816 4448 tus
866 4389 1169 4462 ademptam
1221 4391 1417 4462 popqu
1462 4405 1492 4447 a
1527 4390 1803 4449 Creatorc.
1842 4393 2123 4465 Auferam,
2156 4394 2326 4465 inquit

2442 3389 2547 3449 tur,
2567 3380 2646 3452 (d)
2671 3382 2904 3455 Spiritus
2931 3397 3174 3452 personae
3196 3381 3311 3451 ejus
3336 3380 3552 3454 (Thren.
3575 3380 3787 3449 IV,20),
3806 3379 4058 3435 Christus

2442 3475 2725 3541 Dominus,
2758 3475 2849 3545 qui
2873 3474 2941 3529 ab
2969 3475 3122 3530 initio
3150 3474 3383 3531 vicarius
3420 3474 3593 3530 Patris
3624 3474 3675 3529 in
3709 3473 3802 3529 Dei
3835 3473 4060 3528 nomine

2439 3575 2494 3623 et
2518 3566 2733 3623 auditus
2774 3569 2846 3623 sit
2875 3576 2931 3623 ct
2959 3569 3138 3635 visus;
3166 3570 3366 3624 scimus
3394 3568 3473 3639 (8)
3503 3568 3673 3639 ipsius
3714 3581 3875 3623 voces
3908 3566 4057 3637 ejus-

2440 3660 2584 3716 modi
2633 3660 2800 3715 fuisse
2842 3661 2953 3731 jam
3001 3673 3126 3717 tunc
3168 3662 3351 3718 lsraeli
3400 3662 3811 3732 exprobrantis,
3847 3678 3968 3733 quae
3999 3662 4056 3717 in

2439 3754 2591 3808 illum
2611 3756 2951 3811 commissuri
2981 3755 3413 3825 praedicabantur
3439 3775 3452 3812 :
3480 3757 3839 3827 Dereliquistis
3867 3758 4055 3813 Domi-

2436 3861 2581 3912 num,
2614 3857 2659 3899 et
2689 3847 2741 3899 in
2770 3848 2902 3900 iram
2942 3850 3257 3919 prouocastis
3298 3848 3548 3905 Sanctum
3580 3848 3745 3904 Israel
3772 3849 3871 3921 (Is.
3894 3850 3937 3918 I,
3967 3849 4053 3922 4).

2435 3937 2489 3994 Si
2510 3954 2637 3993 vero
2660 3955 2764 3995 non
2790 3940 2866 4012 (9)
2886 3942 2937 3995 in
2965 3942 3263 4008 Christum,
3286 3942 3379 3998 sed
3408 3943 3458 3997 in
3484 3945 3659 4014 ipsum
3681 3945 3858 4014 potius
3879 3944 4053 4001 Deum

2440 4031 2675 4087 volueris
2698 4034 2899 4089 referre
2920 4047 3134 4090 omnem
3154 4034 3382 4104 judaica:
3402 4036 3714 4107 ignorantia:
3732 4036 3799 4092 de
3823 4036 4056 4107 pristino

2439 4125 2851 4193 reputationem,
2890 4127 3079 4181 nolens
3108 4125 3269 4181 etiam
3303 4136 3452 4182 retro
3475 4143 3782 4183 sermonem
3814 4140 3865 4184 et
3890 4130 4056 4199 spiri-

2437 4224 2570 4281 tum,
2606 4214 2657 4269 iu
2686 4228 2787 4282 est,
2820 4216 3095 4272 Christum
3124 4218 3400 4274 Creatoris
3423 4219 3737 4289 despectum
3770 4222 3838 4276 ab
3862 4224 3964 4284 eis.
3998 4233 4057 4278 et

2432 4320 2539 4361 non
2569 4308 2829 4379 agnitum,
2860 4310 2939 4366 sic
2957 4326 3173 4382 quoque
3191 4311 3511 4369 revinceris.
3539 4311 3654 4368 Non
3680 4328 3881 4383 negans
3901 4314 4053 4369 enim

2430 4398 2622 4456 Filium
2642 4410 2699 4458 et
2722 4403 3029 4475 spiritumet
3055 4405 3410 4463 substantiam
3446 4404 3721 4464 Creatoris
3752 4420 3875 4464 esse
3894 4404 4055 4463 Chri-

1962 4505 2349 4565 LECTIONES
2389 4508 2801 4572 VARIANTES.

822 4596 867 4669 1)
892 4597 1206 4669 ξψιιίερνιιηι
1234 4597 1335 4669 Lat:

793 4598 868 4780 (ili
892 4598 1446 4711 iiii‘tii'iigiiiiiiiiiiagcml.

818 4725 869 4780 ὅ)
895 4724 1228 4774 Concludente
1250 4720 1439 4773 Pamel.

818 4720 869 4788 ὅ)
895 4724 1235 4788 Concludente
1250 4720 1439 4788 Pamel.
1470 4721 1573 4788 ttig.
1606 4724 1775 4772 Venet.
1797 4723 1945 4788 seuit.
1990 4724 2077 4776 sed
2094 4726 2339 4788 condente

768 4783 932 4854 raefert
959 4787 1115 4854 Liuia.
1139 4794 1183 4837 et
1210 4784 1367 4851 {arent
1406 4783 1544 4837 hebri
1582 4798 1737 4851 gra'c.
1774 4785 1903 4851 vulg.
1942 4787 2027 4839 lat.
2067 4786 2341 4854 Scriptura:

753 4847 976 4899 actiones.
1002 4847 1133 4899 Edd.

796 4911 869 4976 (ι)
894 4910 1227 4961 Auuuntianle
1251 4910 1404 4963 Seml.

2365 4602 2419 4664 D
2533 4609 2563 4656 ὺ
2608 4609 2798 4659 Nedum
2818 4606 2927 4660 alii.

2533 4670 2563 4717 6
2606 4674 2927 4734 Agnitioniso

2534 4736 2557 4781 7
2604 4734 2781 4783 Eorum
2802 4732 2927 4799 negl.

2530 4740 2587 4922 8%
2605 4797 2664 4846 Et
2682 4797 2828 4849 inser.
2850 4802 2927 4850 Set

2536 4860 2565 4907 9
2612 4859 2765 4912 Israel
2785 4875 2927 4913 vero:

2533 4670 2583 4733 6)
2606 4674 2883 4734 Agnitionis
2900 4671 3049 4734 omitl.
3073 4672 3226 4726 Sanl.

2534 4732 2572 4781 7⁷
2604 4732 2781 4783 Eorum
2802 4732 2929 4799 negl.
2952 4738 3103 4787 Seml.

2530 4740 2587 4923 8%
2605 4797 2664 4846 Et
2682 4797 2828 4849 niser.
2850 4797 3003 4873 Seml.

2530 4860 2565 4922 _9
2612 4859 2765 4912 Israel
2785 4875 2904 4913 vero
2922 4876 2962 4913 si
2984 4876 3103 4914 non,

2536 4860 2565 4907 9

2605 4797 2664 4846 Et
2682 4797 2828 4849 niser.
2850 4797 3003 4850 Seml.

2612 4859 2765 4912 Israel
2785 4875 2904 4913 vero
2922 4864 2962 4913 si
2984 4876 3079 4914 non
3099 4860 3253 4915 80ml.

2105 5002 2661 5068 COMMENTARIUS.

804 5112 880 5185 (a)
925 5109 1291 5186 Ilwretieorum
1352 5111 1633 5186 apostolus.
1693 5112 1946 5184 Intelligit
2026 5122 2328 5186 apostolum

728 5178 951 5244 Paulum
980 5199 1073 5249 per
1103 5178 1421 5236 Marcionem
1449 5178 1653 5236 editum
1681 5194 1735 5238 et
1766 5178 2087 5241 truiiealuui.
2119 5178 2326 5251 PAMEL.

799 5256 955 5313 CAP.
981 5254 1043 5309 Vl
1056 5295 1069 5308 .
1082 5282 1153 5329 -ς
1169 5254 1255 5329 (b)_
1280 5252 1485 5307 Scilicet
1502 5255 1738 5329 nauclero
1765 5256 1842 5329 illi
1856 5274 1953 5311 non
1967 5261 2167 5329 quidem
2185 5263 2328 5320 Rho-

730 5330 819 5384 dia
846 5330 950 5391 lex,
982 5328 1069 5382 scd
1106 5322 1318 5379 Pontica
1345 5334 1564 5379 caverat.
1601 5325 1906 5382 Barbariem
1937 5322 2211 5388 Ponticam
2238 5351 2330 5391 ex-

732 5400 954 5475 probrat
977 5399 1249 5475 blarcioni,
1273 5398 1422 5475 quasi
1448 5395 1585 5475 nihil
1598 5397 1789 5452 edocto
1808 5411 2001 5475 printer
2022 5406 2150 5458 scita
2177 5425 2295 5475 qua:
2310 5437 2328 5449 ο

736 5468 856 5526 dam
880 5471 1110 5533 nautica,
1127 5485 1297 5530 caque
1317 5468 1557 5533 Pontica,
1575 5468 1675 5520 hoc
1687 5479 1766 5522 est
1784 5487 1928 5526 mere
1954 5474 2176 5531 barbara
2187 5468 2206 5537 .’
2222 5495 2324 5534 non

729 5552 910 5597 autem
942 5542 1169 5614 illioilia.
1192 5539 1324 5595 Nam
1353 5537 1549 5614 Ithodii
1579 5540 2067 5614 quidemoblegum
2100 5548 2334 5607 civilium

736 5629 915 5670 curam
935 5612 1304 5682 justitiamque
1326 5610 1665 5666 admirationi
1692 5612 1839 5665 fuere
1863 5610 2097 5677 cunctis;
2122 5621 2215 5674 sed
2248 5639 2335 5677 re-

733 5698 1080 5757 rmnquoquc
1096 5685 1423 5757 nauticarum
1454 5684 1763 5757 peritissimi
1795 5682 1961 5741 fuisse
1986 5688 2253 5757 videntur,
2275 5710 2336 5749 ac

734 5757 804 5811 de
832 5751 1166 5831 omnibusad
1196 5755 1587 5822 navigationem
1621 5756 2006 5831 pertinentibus
2028 5751 2331 5831 tenuissima

734 5828 851 5897 jura
876 5826 1210 5899 condidisse;
1238 5835 1521 5899 propterea
1552 5841 1676 5881 vero
1702 5828 1865 5899 maris
1891 5826 2171 5899 imperium
2195 5837 2332 5891 obti-

737 5894 939 5967 nuisse,
969 5909 1129 5971 atque
1160 5898 1211 5953 iu
1242 5894 1609 5953 Romanorum
1640 5898 1873 5957 amicitia
1902 5894 2147 5963 llo-ruisse
2178 5907 2332 5970 Stra~

2438 5127 2506 5202 bo
2545 5137 2952 5202 commemorat.
3004 5128 3079 5202 Es
3110 5144 3295 5183 eorum
3329 5129 3449 5199 jure
3478 5130 3696 5186 nautico
3738 5146 3844 5187 non
3875 5148 4048 5202 pauca

2434 5198 2503 5274 de
2540 5200 2684 5274 jactn
2727 5210 2781 5253 et
2805 5199 3019 5274 fortean
3048 5200 3117 5255 de
3161 5198 3481 5258 exercitoria
3505 5218 3719 5274 quoque
3747 5198 3960 5262 actione
3993 5207 4047 5262 in

2436 5269 2737 5325 Pandectas
2767 5269 2950 5325 relata.
2985 5270 3120 5325 Pan.

2508 5341 2583 5411 (c)
2610 5340 2728 5416 Non
2752 5342 2951 5416 quidem
2982 5341 3309 5416 Rhodialex.
3335 5354 3438 5401 etc.
3473 5345 3548 5400 De
3574 5345 3777 5416 legibus
3800 5344 4045 5403 Rhodio-

2434 5427 2551 5467 rum
2579 5413 2667 5480 qni
2693 5414 2767 5467 rei
2796 5414 3019 5467 nautica:
3049 5415 3360 5483 peritissimi
3388 5413 3858 5481 tueruntfmentio
3889 5418 3948 5473 tit
3980 5421 4040 5473 Ι).

2434 5485 2500 5537 ad
2534 5485 2700 5552 legem
2731 5483 2903 5537 Rhod.
2937 5484 3002 5538 de
3029 5485 3195 5555 jactu.
3245 5490 3347 5543 Per
3392 5488 3618 5543 ironiam
3657 5487 3744 5544 hic
3786 5489 4044 5546 Marcioai

2445 5556 2559 5609 haec
2589 5556 2715 5609 dicit
2746 5555 3127 5612 'I‘ertullianus.
3161 5559 3237 5613 Le
3268 5559 3363 5614 Pa.

2513 5627 2595 5697 (d)
2615 5627 2851 5700 Spiritus
2882 5644 3110 5693 persona:
3134 5631 3243 5700 ejus
3268 5629 3502 5685 Christus
3532 5630 3799 5689 Dominus.
3827 5632 3903 5687 Ita
3926 5650 4043 5688 om-

2440 5699 2567 5773 nino
2613 5698 2892 5773 legendum
2941 5698 3172 5773 censeo,
3232 5717 3327 5771 pro
3376 5718 3593 5769 persona
3632 5707 3839 5773 spiritus
3883 5706 4045 5759 nostri

2439 5768 2667 5823 Christus
2721 5768 2987 5823 Dominus.
3045 5771 3176 5826 Nam
3227 5768 3488 5840 imprimis
3537 5768 3760 5831 nimium
3812 5778 4045 5832 variaret

2440 5843 2639 5894 Auctor
2666 5856 2700 5895 a
2724 5840 2886 5916 LXX,
2910 5841 3109 5916 Thren.
3133 5843 3223 5909 IV,
3247 5843 3338 5916 ubi
3362 5844 3554 5913 legitur
3576 5862 3680 5900 non
3711 5846 3870 5901 modo
3890 5846 4046 5916 juxta

2437 5926 2641 5984 grxcos
2664 5921 2717 5968 et
2746 5913 2940 5969 latinos
2968 5914 3181 5974 codices
3206 5933 3218 5970 :
3244 5915 3474 5988 Spiritus
3501 5918 3654 5992 [aciei
3681 5913 3904 5989 nostris,
3924 5934 4045 5990 seu,
