4262 6490
220 372 325 429 3‘29

1340 363 1448 421 LIB
1486 363 1551 421 ΙΙΙ
1590 362 1949 422 ADVERSUS
1984 362 2408 422 MARCIONEII.

3425 361 3529 421 330

218 498 361 543 stum
393 488 527 559 ejus,
556 482 824 542 concedas
850 496 1074 541 necesse
1097 491 1201 548 est,
1230 497 1326 540 eos
1356 484 1444 555 qui
1472 482 1685 540 Patrem
1715 497 1821 537 nou
1851 484 1903 544 Α
1926 498 1959 536 a
1990 480 2149 537 Patre
2177 482 2229 536 in
2259 481 2483 553 lapidem
2507 476 2804 547 olfensionis
2825 485 2872 534 et
2902 486 3095 551 petram
3123 479 3392 546 scandali;
3422 482 3522 533 mi-

217 581 664 651 agnoverint,nec
684 579 875 635 Filium
891 593 1183 649 agnoscere
1200 578 1457 649 potuisse,
1472 592 1569 647 per
1581 576 1820 646 ejusdem

217 673 535 729 substantiae
566 671 952 738 conditionem,
980 670 1134 741 cuius
1166 671 1211 725 si
1251 668 1527 739 plenitudo
1554 670 1821 726 intellecta

219 780 326 818 non
359 775 465 832 eSI,
515 765 686 821 multo
713 764 882 832 magis
921 765 1131 835 portio,
1158 774 1308 819 certe
1343 778 1445 833 qua
1477 763 1825 833 plenitudinis

217 870 467 911 consors.
519 857 613 912 liis
670 858 740 911 ita
801 856 1077 927 dispertis,
1119 856 1231 925 jam
1277 864 1499 926 apparet
1554 854 1825 927 quomodo

218 959 271 1004 et
298 951 346 1018 (Ι
362 952 379 1019 )
395 949 880 1019 τεερυετὶηυιιάωἰ
894 949 1188 1015 Christum,
1206 958 1263 1005 et
1290 948 1681 1010 iuteremerint.
1717 964 1823 1003 non

219 1051 278 1095 ut
303 1051 620 1097 extraneum
667 1042 942 1099 Christum
987 1042 1369 1115 intelligentes,
1420 1041 1514 1098 sed
1562 1052 1621 1097 ut
1665 1058 1823 1098 suum

219 1148 327 1189 non
358 1146 729 1205 agnoscentes.
763 1135 861 1203 Qui
893 1138 1035 1190 enim
1066 1135 1145 1203 (2)
1169 1145 1489 1192 extraneum
1519 1133 1825 1205 intelligere

220 1229 544 1296 potuissent,
573 1227 639 1283 de
666 1244 770 1298 quo
800 1227 930 1281 nihil
963 1243 1196 1298 unquam
1225 1227 1396 1283 fuerat
1421 1227 1825 1294 annuutiatum,

216 1333 341 1373 cum
370 1319 664 1388 intelligere
692 1334 797 1374 non
831 1321 1133 1390 potuissent
1152 1362 1168 1385 ,
1191 1321 1261 1377 de
1285 1334 1392 1389 quo
1416 1334 1632 1389 semper
1653 1318 1829 1375 fuerat

215 1412 605 1483 praedicatum?
632 1412 709 1484 (α)
733 1411 791 1467 Id
813 1412 957 1469 enim
988 1413 1208 1483 intelligi
1244 1413 1327 1468 vel
1351 1427 1454 1467 non
1482 1412 1703 1483 intelligi
1732 1428 1827 1467 ca-

218 1504 318 1573 pit,
342 1504 485 1574 quod
510 1503 757 1559 habendo
780 1504 1131 1560 substantiam
1158 1504 1579 1575 pm'dicationis,
1610 1504 1831 1560 habebit

215 1606 275 1651 et
295 1598 573 1652 materiam
602 1597 684 1651 veI
705 1598 1013 1668 agnitionis,
1035 1598 1116 1653 vel
1138 1598 1358 1653 erroris.
1388 1598 1539 1666 Quod
1565 1613 1693 1653 vero
1712 1614 1828 1653 ma-

217 1688 354 1743 teria
394 1698 561 1754 caret,
586 1703 690 1743 non
731 1689 964 1743 admittit
989 1690 1265 1759 sapientia:
1292 1699 1567 1746 eventum.
1605 1689 1830 1745 Etadeo

216 1795 327 1835 non
361 1797 464 1851 qua
493 1782 713 1836 alterius
737 1782 849 1848 Dei,
873 1781 1143 1837 Christum
1181 1784 1408 1839 aversati
1433 1784 1514 1855 (3)
1540 1784 1831 1853 persecuti-

1928 586 2135 630 noratus
2167 575 2295 645 (Ps.
2331 574 2466 640 VIII,
2500 573 2565 645 6)
2598 574 2660 628 ab
2692 590 2748 627 eo
2799 574 3052 627 modicum
3091 576 3221 627 citra
3271 575 3525 643 angelus;

1927 688 2141 726 vermcm
2162 688 2217 725 se
2242 672 2592 741 pronuntians
2623 666 2743 740 (Ps.
2763 667 2903 732 XXI,
2936 667 3014 737 6),
3042 677 3091 721 et
3113 683 3211 721 non
3231 668 3523 729 hominem;

1928 763 2261 833 ignominiam
2286 762 2525 826 hominis,
2551 773 2596 814 ct
2626 760 2971 827 nulliﬁcamen
2991 758 3189 830 populi.
3215 758 3344 827 Quae
3370 760 3526 829 igno-

1928 855 2148 911 bilitatis
2186 867 2493 928 argumenta
2528 857 2700 925 primo
2738 854 2985 909 adventui
3013 863 3343 923 competunt,
3389 856 3531 909 sicut

1928 947 2271 1003 sublimitatis
2300 947 2574 1009 secundo;
2610 962 2731 1003 cum
2764 946 2847 999 lict
2877 944 2986 1015 jam
3037 958 3141 999 nou
3187 945 3323 1013 lapis
3352 944 3526 999 offen-

1930 1039 2120 1105 sionis,
2152 1053 2249 1094 nec
2278 1050 2425 1109 petra
2460 1038 2734 1103 seandali;
2768 1038 2860 1093 sed
2886 1037 2965 1108 (ά)
2991 1038 3127 1106 lapis
3168 1052 3410 1092 summus
3434 1054 3530 1091 an-

1928 1132 2151 1204 gularis,
2185 1144 2295 1198 poSI
2326 1130 2754 1200 reprobationem
2778 1139 3105 1200 assumptus,
3133 1130 3530 1185 etsuhlimstus

1931 1226 1983 1278 in
2032 1223 2550 1280 consummationem
2603 1224 2823 1293 templi,
2880 1224 3137 1278 Ecclesia:
3189 1222 3429 1287 scilicet;
3476 1232 3532 1278 et

1933 1327 2083 1385 petra
2108 1330 2236 1372 sane
2264 1314 2374 1381 illa,
2401 1314 2541 1386 apud
2575 1315 2845 1371 Danielcm
2871 1312 2940 1385 (c.
2968 1314 3007 1369 ll
3029 1316 3071 1384 ),
3100 1314 3169 1370 de
3194 1324 3375 1371 monte
3395 1330 3533 1387 prae-

1930 1408 2060 1473 cisa,
2080 1423 2201 1477 qua:
2222 1407 2507 1477 imaginem
2531 1407 2865 1461 smcularium
2892 1421 3177 1476 regnorum
3201 1408 3535 1464 comminuet

1931 1512 1983 1555 et
2010 1509 2276 1555 conteret.
2329 1500 2402 1554 De
2430 1516 2536 1569 quo
2567 1499 2804 1555 secundo
2839 1497 2917 1570 (6)
2946 1498 3173 1554 adventu
3225 1500 3364 1555 idem
3400 1516 3527 1569 pro-

1934 1591 2120 1661 phctes
2147 1590 2308 1659 (Dan,
2339 1591 2447 1650 VII.
2473 1592 2563 1662 15)
2596 1608 2609 1645 :
2643 1589 2712 1645 Et
2736 1607 2850 1645 ecce
2878 1607 2993 1645 cum
3024 1591 3237 1646 nubibus
3261 1594 3375 1647 ειειὶ
3419 1604 3535 1648 tan-

1930 1702 2082 1754 quam
2106 1684 2244 1751 [ilius
2272 1684 2491 1738 hominis
2520 1685 2737 1747 veniens,
2770 1685 2901 1738 venit
2931 1701 3090 1749 usque
3110 1687 3179 1739 ad
3200 1697 3407 1740 veterem
3432 1688 3534 1742 die-

1933 1793 2069 1840 rum,
2108 1785 2153 1830 et
2192 1774 2372 1829 aderat
2424 1776 2477 1829 in
2504 1785 2775 1846 conspectu
2821 1778 2972 1845 ejus:
3006 1786 3056 1831 et
3088 1778 3173 1846 qui
3211 1766 3530 1844 assistebant,

217 1890 327 1945 quo
352 1882 514 1940 sunt;
549 1875 641 1930 god
674 1890 776 1942 qua
822 1875 1161 1931 solummodo
1192 1874 1494 1941 hominem,
1528 1892 1685 1946 quem
1717 1876 1828 1944 pla.
1861 1878 1909 1939 Β
1937 1868 2261 1921 adduxerunt
2292 1868 2459 1933 illum,
2490 1877 2535 1921 et
2557 1866 2677 1920 dum
2708 1876 2780 1921 est
2805 1870 2849 1921 ei
2868 1878 3090 1940 potestas
3112 1870 3273 1939 regia,
3302 1880 3346 1924 et
3363 1887 3537 1926 omnes

216 1984 349 2023 num
382 1968 433 2022 iu
462 1967 629 2038 signis
661 1968 761 2040 (b),
793 1978 848 2022 et
877 1969 1124 2023 annulum
1171 1968 1230 2023 in
1257 1967 1518 2024 doctrinis
1558 1969 1831 2023 existima-

216 2061 367 2126 bant,
395 2069 453 2115 ut
479 2071 533 2114 et
554 2062 725 2131 ipsum
751 2061 1021 2116 hominem
1042 2077 1146 2133 qua
1180 2075 1359 2128 suum,
1386 2061 1436 2115 id
1459 2061 1791 2131 estjudaaum
1809 2102 1825 2129 ,

216 2151 315 2207 sed
342 2152 597 2222 judaismi
628 2154 1043 2209 exorbitatorcm
1066 2164 1120 2208 et
1147 2153 1561 2220 destructorcm,
1588 2153 1829 2209 deduxe-

219 2244 329 2299 rint
359 2246 408 2297 in
429 2244 714 2315 judicium,
739 2257 790 2299 et
817 2261 917 2300 suo
942 2247 1061 2315 jure
1092 2247 1383 2315 puuicrint,
1429 2247 1661 2302 alienum
1686 2247 1827 2302 scili-

220 2347 310 2392 cet
339 2354 446 2392 non
480 2337 790 2409 judiCaIIIri.
836 2339 1011 2394 Tanto
1039 2340 1192 2394 abest
1214 2348 1272 2394 ut
1294 2339 1526 2395 alienum
1570 2340 1829 2395 Christum

220 2429 536 2484 intellexisse
565 2430 849 2495 vidcantur,
879 2431 968 2501 qui
1009 2444 1108 2486 nec
1143 2429 1415 2486 hominem
1454 2431 1572 2502 ejus
1602 2441 1660 2487 ut
1687 2431 1825 2488 alie-

222 2536 354 2575 num
376 2520 770 2590 judicavcrunl.

836 2610 1061 2669 CAPUT
1106 2612 1215 2669 VII.

302 2701 487 2757 Discat
507 2703 946 2759 nunchtereticus
960 2720 1025 2759 ex
1047 2704 1474 2760 ahundanticum
1503 2705 1619 2777 ipso
1650 2704 1830 2762 licebit

226 2792 435 2861 Iudaeo,
465 2797 727 2851 rationem
760 2813 975 2866 ψιοψιρ
1011 2812 1254 2851 errorum
1285 2797 1427 2866 ejus,
1456 2812 1485 2851 a
1511 2812 1617 2867 quo
1660 2797 1826 2853 duca-

227 2894 339 2939 tum
372 2896 666 2952 inutuatus,
700 2888 750 2939 in
785 2887 883 2941 hac
910 2890 1395 2958 argumentatione,
1425 2904 1601 2945 caecus
1626 2905 1656 2944 a
1680 2905 1829 2945 careo

227 2980 282 3031 in
310 2978 555 3032 eamdem
586 2978 783 3032 decidit
815 2978 893 3047 (4)
924 2980 1149 3033 foveam.
1183 2980 1323 3035 Duos
1366 2980 1594 3037 dicimus
1631 2982 1827 3038 Chriin

230 3066 478 3133 habitus,
504 3087 532 3120 a
558 3068 835 3138 I'ropltetis
866 3070 1265 3125 demoustratos
1282 3113 1295 3136 ,
1330 3072 1550 3127 totidem
1568 3072 1828 3129 adventus

227 3161 346 3231 ejus
366 3171 694 3231 praenotassc
720 3180 731 3215 :
766 3179 925 3216 unum
952 3162 1003 3217 in
1029 3164 1349 3231 humilitate,
1370 3166 1555 3235 utique
1572 3165 1825 3237 primum;

1934 1962 2165 2015 nationes
2196 1970 2346 2016 terra:
2366 1964 2644 2017 secundum
2676 1978 2882 2032 genera,
2913 1972 2959 2015 et
2986 1965 3149 2017 omnis
3172 1965 3337 2034 glorin
3364 1967 3537 2035 [animo

1934 2054 2192 2121 labundu;
2220 2065 2268 2109 et
2297 2065 2517 2124 potestas
2543 2056 2652 2125 ejus
2682 2071 2839 2125 usque
2872 2056 2924 2109 in
2954 2071 3138 2123 wvitm,
3166 2074 3277 2125 qua:
3307 2075 3409 2112 non
3435 2076 3534 2112 au-

1931 2146 2166 2215 feretur;
2211 2158 2259 2201 et
2284 2166 2497 2220 regnum
2550 2149 2681 2217 ejus,
2737 2149 2872 2219 quod
2925 2167 3025 2203 non
3065 2153 3326 2205 vitabitur.
3383 2153 3533 2208 'I'uuc

1933 2240 2138 2295 scilicet
2158 2240 2433 2296 habiturus
2456 2253 2508 2296 et
2529 2242 2763 2311 speciem
2788 2242 3170 2306 honorabilcm,
3199 2256 3250 2297 et
3274 2245 3529 2301 decorem

1933 2333 2330 2390 indelicieutcm
2369 2348 2526 2404 supra
2575 2334 2710 2388 lilios
2746 2335 3045 2390 hominum.
3084 2334 3154 2408 (e)
3194 2336 3539 2410 'I'euipestirus

1930 2425 2087 2491 enim,
2136 2423 2307 2495 inquit
2333 2423 2452 2493 (l’s.
2494 2423 2679 2490 XLIV,
2712 2424 2793 2495 5),
2828 2426 3005 2480 decore
3046 2428 3172 2481 citra
3198 2429 3331 2497 ﬁlios
3370 2430 3539 2485 homi-

1931 2534 2053 2572 num
2078 2536 2095 2585 ,°
2126 2515 2289 2583 e/Tusa
2340 2526 2411 2571 cst
2441 2517 2607 2588 gratia
2636 2518 2690 2571 in
2740 2517 2888 2571 labiis
2919 2518 3061 2573 tuis:
3096 2530 3360 2591 propterea
3386 2523 3540 2577 bene-

1931 2609 2059 2663 dixit
2100 2619 2149 2664 te
2198 2608 2335 2664 Deus
2383 2607 2437 2663 in
2459 2624 2642 2663 sevum.
2694 2609 2965 2680 Accingere
2990 2628 3156 2666 ensem
3201 2630 3351 2682 super
3375 2616 3542 2684 [euntr

1932 2712 2093 2767 tuum,
2124 2711 2300 2773 potens
2328 2743 2344 2769 ,
2380 2701 2761 2771 tempestivitate
2799 2712 2885 2756 tua
2916 2712 2964 2757 et
2994 2704 3373 2773 pulchritudine
3417 2718 3501 2761 tua
3520 2723 3541 2773 ,'

1931 2809 2054 2850 cum
2097 2804 2151 2850 et
2192 2794 2372 2860 Pater,
2432 2802 2777 2863 posteaquam
2834 2793 2853 2863 (
2889 2792 2982 2850 1’s.
3011 2793 3148 2861 VIII,
3178 2795 3260 2868 6)
3308 2798 3544 2853 diminuit

1931 2902 2045 2940 cum
2088 2885 2343 2941 modicum
2372 2884 2495 2954 quid
2524 2886 2651 2938 citra
2678 2885 2907 2955 angelos,
2938 2888 3105 2957 gloria
3144 2900 3190 2943 et
3231 2890 3421 2945 honore
3450 2907 3537 2945 co-

1932 2977 2127 3031 ronabit
2151 2978 2316 3043 illum,
2350 2986 2395 3030 et
2438 2975 2669 3048 subjiciet
2711 2978 2882 3029 omnia
2922 2978 3013 3031 sub
3050 2980 3129 3050 (7)
3168 2981 3376 3049 pedibus
3409 2984 3539 3052 ejus.

1931 3070 2084 3126 Tunc
2111 3080 2161 3125 et
2195 3068 2379 3143 (Zach.
2408 3067 2527 3136 XII,
2558 3070 2649 3141 I0)
2691 3080 2990 3141 cognoscent
3034 3087 3169 3137 eum,
3198 3074 3283 3143 qui
3327 3089 3540 3143 compu-

1933 3174 2154 3236 gerunt;
2181 3173 2236 3219 et
2259 3164 2469 3220 cedent
2500 3170 2716 3234 pectora
2744 3180 2839 3219 sua
2871 3164 3038 3220 tribus
3076 3165 3140 3220 ad
3175 3168 3406 3233 tribum;
3436 3171 3541 3223 titi-

228 3268 350 3308 cum
388 3253 408 3327 (
444 3253 518 3309 Is.
554 3254 732 3320 XLIII,
759 3255 789 3309 7
818 3267 863 3309 et
888 3257 1020 3327 seq.)
1055 3266 1294 3328 tauquam
1340 3262 1445 3312 ovis
1470 3259 1541 3313 ad
1577 3260 1831 3315 victimam
1858 3273 1902 3335 ρ
1935 3274 2037 3328 que
2065 3256 2209 3329 quod
2258 3267 2401 3313 retro
2447 3273 2553 3312 non
2604 3267 2940 3327 agnoverunt
2985 3275 3108 3314 cum
3152 3261 3204 3314 in
3246 3261 3544 3318 humilitate

228 3343 414 3398 deduci
443 3345 622 3400 habeat
642 3388 657 3411 ,
690 3355 734 3400 et
775 3356 1015 3416 tanquam
1042 3363 1205 3418 agnus
1233 3359 1350 3402 ante
1392 3351 1680 3404 tondentem
1720 3353 1829 3406 sine

228 3454 382 3503 voce,
430 3441 501 3492 ita
526 3456 625 3493 non
652 3442 883 3509 aperiens
921 3456 977 3494 os
1019 3457 1203 3505 suum;
1251 3439 1324 3513 (ε)
1366 3458 1457 3495 nec
1482 3442 1563 3513 (5)
1614 3446 1830 3513 adspec-

231 3541 285 3585 tu
314 3532 521 3601 quidem
561 3533 821 3586 honestus.
875 3532 1299 3587 Auuuntiavimus
1339 3533 1493 3601 enim,
1544 3534 1735 3603 inquit,
1764 3536 1829 3589 de

234 3624 358 3689 illo;
390 3624 519 3677 sicut
546 3626 809 3694 puerulus,
842 3627 969 3680 sicut
1002 3627 1152 3681 radix
1175 3628 1226 3681 in
1258 3637 1393 3681 terra
1413 3628 1634 3695 sitienti;
1662 3637 1828 3684 etnon

233 3725 307 3770 est
335 3716 526 3785 species
554 3718 683 3787 ejus,
728 3735 887 3789 neque
916 3720 1101 3789 gloria.
1156 3719 1219 3773 Et
1245 3721 1461 3775 vidimus
1487 3738 1623 3789 eum,
1647 3731 1694 3777 et
1725 3740 1827 3779 non

236 3809 450 3863 habebat
480 3812 715 3879 speciem,
741 3828 900 3881 neque
925 3813 1185 3877 decorem;
1217 3816 1305 3867 sed
1325 3815 1515 3881 species
1542 3818 1649 3885 ejus
1676 3816 1827 3871 inho-

235 3912 443 3965 norata,
473 3902 709 3967 deﬁciens
734 3903 864 3956 citra
905 3904 1040 3970 [ilics
1070 3905 1365 3969 hominum;
1393 3906 1543 3959 homo
1572 3906 1624 3960 in
1652 3908 1823 3978 plaga,

235 4007 281 4051 et
325 3995 489 4049 sciens
518 3999 647 4066 ferre
686 3997 1035 4065 inﬁrmitatem
1056 4039 1070 4065 ,
1116 4009 1167 4052 ut
1200 3996 1308 4070 (Is.
1336 3997 1470 4065 LIII,
1498 3997 1596 4069 Η)
1639 4002 1830 4068 positus

1934 3350 2256 3405 conditiOuis
2285 3349 2532 3405 humana:
2556 3352 2905 3405 constitutum
2938 3350 3039 3422 (8).
3076 3352 3142 3406 Et
3167 3354 3316 3408 homo
3339 3365 3431 3413 est.
3458 3357 3542 3410 iu-

1932 3443 2048 3511 quit
2068 3442 2363 3497 Hieremias
2390 3443 2607 3511 (Jerem.
2634 3441 2798 3508 XVII,
2822 3444 2913 3513 9);
2946 3453 2992 3497 et
3027 3445 3139 3515 quis
3182 3460 3444 3518 cogitaseet
3475 3452 3541 3504 it-

1933 3535 2077 3589 lum.’
2097 3534 2219 3604 quia
2251 3544 2324 3600 et,
2358 3533 2691 3589 Natieitutcm
2715 3536 2848 3605 ejus,
2883 3536 3053 3605 inquit
3084 3537 3246 3593 Isaias
3280 3538 3378 3610 (Is.
3406 3540 3540 3610 LIII,

1932 3629 2013 3701 8).
2037 3629 2150 3701 quis
2172 3628 2463 3683 euarrabit?
2488 3627 2577 3683 Sic
2606 3639 2657 3683 et
2687 3628 2827 3699 apud
2859 3628 3171 3687 Zachariam
3210 3631 3392 3702 (Zuch.
3424 3633 3539 3709 III),

1933 3720 1985 3776 in
2032 3735 2256 3791 persona
2285 3719 2433 3785 Iesu,
2468 3721 2574 3775 into
2604 3730 2655 3775 ct
2699 3722 2751 3775 in
2798 3721 2963 3791 ipsius
2996 3721 3073 3792 (9)
3096 3724 3323 3780 hominis
3356 3742 3539 3783 sacra-

1933 3823 2117 3870 mento
2142 3829 2299 3870 verus
2327 3828 2566 3867 summus
2606 3816 2859 3868 sacerdos
2888 3814 3059 3868 Patris
3090 3816 3334 3873 Christus
3358 3819 3534 3887 Jesus,

1933 3908 2131 3977 duplici
2178 3907 2358 3961 habitu
2404 3906 2457 3960 in
2488 3905 2621 3961 duos
2670 3906 2930 3962 adventus
2982 3908 3287 3966 deliniatur.
3334 3914 3536 3983 Primo,

1935 3997 2166 4054 sordidis
2187 3995 2423 4059 indutus,
2464 3996 2514 4051 id
2554 4006 2656 4061 est,
2684 4000 2862 4053 carius
2910 4000 3178 4070 passibilis
3204 4014 3255 4060 et
3301 4008 3539 4064 mortalis

1459 4112 1748 4205 LECTION
1755 4114 1839 4172 ES
1877 4109 2286 4205 VARIANTES.

301 4210 343 4333 qi
357 4212 375 4272 )
399 4208 460 4259 Et
478 4206 604 4280 θερί,
632 4208 783 4258 ιιννηη,
1518 4204 1521 4205 ⁷
2005 4204 2077 4281 (ρ)
2100 4201 2329 4273 Secundo
2346 4198 2494 4252 omitt.
2523 4198 2674 4283 nheri.
2704 4200 2851 4255 Seml.
2876 4203 3067 4259 Oberth.

328 4272 375 4333 2)
399 4273 521 4331 Quia
543 4286 636 4321 nec
657 4270 804 4333 ttlten.
2005 4270 2078 4333 ii)
2101 4266 2204 4333 ξιιιι
2220 4271 2369 4333 anuli.
2390 4263 2541 4333 Illum:
2564 4267 2715 4333 bend.
2743 4266 2938 4333 Oberth.
3026 4332 3033 4333 ί

328 4263 378 4395 2';
399 4273 521 4331 Quia
537 4263 636 4321 nec
657 4270 804 4343 nheri.
2015 4263 2078 4393 ‘7';
2101 4266 2204 4315 Sub
2220 4264 2369 4337 omitt.
2390 4263 2541 4336 Illum:
2564 4267 2715 4315 Seml.
2743 4266 2938 4319 Oberth.

328 4336 358 4381 δ
401 4335 654 4384 Adversa“
675 4332 778 4384 al".
877 4397 890 4413 ν
1133 4392 1141 4402 _
2004 4283 2057 4457 ΞΒ
2099 4328 2420 4413 Constituttnn
2440 4336 2589 4378 omitt.
2618 4326 2767 4414 Rhea.
2796 4330 2945 4381 Seml.
2977 4332 3099 4384 Ober

328 4398 376 4457 t)
401 4395 650 4448 Deductus
683 4400 824 4446 Pam.
848 4398 878 4445 ιι
894 4407 997 4457 ran.
1021 4397 1182 4446 Puris.
1863 4438 1911 4457 ἢ
2026 4393 2078 4455 υ)
2106 4390 2216 4454 Ipso
2241 4388 2392 4441 Rhen.
2417 4387 2568 4441 Seml.
2594 4389 2789 4442 Obetth.

303 4326 378 4395 (δ’)
401 4326 654 4384 λόγοι-επὶ
675 4332 778 4384 alii.
1133 4392 1141 4395 Α

2004 4326 2077 4395 (8)
2099 4326 2589 4395 Qutstitutumpmitt.
2610 4326 2767 4395 ill/ten:
2796 4330 2945 4381 Seml.
2977 4331 3170 4385 Oberth.

303 4387 372 4455 (ι’
401 4395 650 4448 Deductus
683 4400 824 4446 Pam.
848 4397 997 4445 Fran.
1021 4392 1182 4446 Puris.
2005 4387 2078 4457 (9)
2106 4390 2216 4454 Ipso
2241 4388 2392 4441 Rhen.
2417 4387 2568 4441 Seml.
2594 4389 2789 4442 Oberth.

303 4402 378 4523 (5)
402 4458 485 4523 Os,
508 4474 572 4510 ne
594 4457 740 4511 tdten.
766 4456 915 4509 Seml.
939 4457 1136 4509 Obsrth.
1862 4438 1913 4497 D

472 4499 485 4523 ’
508 4499 571 4510 ﬂ
1619 4539 2174 4599 COMMENTARIUS.

239 4662 411 4717 vultus
448 4662 627 4723 nostri,
659 4660 797 4727 sive,
825 4668 943 4713 ante
981 4658 1160 4728 faciem
1202 4666 1427 4728 nostram
1460 4655 1689 4728 Christus
1721 4654 1831 4728 Do-

241 4735 435 4797 minus,
469 4733 558 4787 scd
606 4733 765 4785 etiam
811 4730 998 4785 iisdem
1047 4731 1239 4783 citatur
1284 4727 1457 4782 verbis
1498 4727 1549 4780 in
1590 4727 1832 4781 eamdem

242 4804 566 4859 sententiam
590 4820 615 4855 a
650 4803 706 4856 Β.
733 4802 899 4868 Ireu.,
928 4803 1014 4855 lih.
1042 4800 1123 4865 Ill,
1156 4817 1274 4867 cap.
1308 4801 1395 4861 II,
1427 4800 1485 4852 Β.
1510 4797 1648 4868 .Iust.
1680 4798 1831 4851 Mart.

243 4880 286 4931 A
299 4876 405 4944 poi.
421 4874 475 4939 2,
492 4875 555 4928 ad
582 4876 901 4928 Antoninum
932 4874 1103 4935 Pium,
1120 4882 1173 4944 et
1196 4872 1407 4925 Rulliuo
1429 4872 1484 4944 in,
1507 4867 1829 4944 Symbolum,

245 4963 277 5001 a
299 4940 498 5015 quibus
526 4949 682 4999 etiam
715 4944 853 4999 haud
882 4944 1107 4998 multum
1134 4942 1381 5015 dissentit
1404 4941 1569 4996 editio
1584 4940 1829 5015 hebrtea.

246 5011 371 5087 qui:
399 5016 541 5086 legit,
572 5017 795 5085 Spiritus
822 5017 924 5068 oris
951 5015 1129 5087 nostri,
1159 5024 1209 5068 ct
1227 5012 1484 5087 cItaIdjea,
1514 5011 1831 5080 spiraculum

243 5084 593 5159 spiritus—rita:
614 5088 698 5156 qui
730 5097 800 5140 est
830 5088 882 5139 in
910 5085 1113 5159 naribus
1135 5086 1341 5159 promis.
1369 5084 1505 5159 Pan.

328 5161 404 5227 (a)
430 5156 492 5210 Id
519 5159 649 5210 enim
677 5158 887 5227 intelligi
915 5158 990 5211 vel
1010 5173 1107 5209 non
1128 5156 1338 5227 intelligi
1356 5157 1510 5224 capit.
1543 5155 1698 5224 Saepe
1723 5158 1831 5226 jam

248 5230 603 5283 indicavimus
656 5245 806 5282 usum
837 5229 981 5282 verbi
1009 5228 1144 5296 capit
1188 5227 1325 5297 apud
1371 5228 1511 5281 hunc
1538 5238 1832 5282 auctorem.

246 5301 596 5355 Sintillimum
643 5312 724 5355 est
773 5299 898 5352 illud
933 5300 1021 5352 Iih.
1075 5301 1318 5368 proxime
1362 5299 1623 5367 superiori
1652 5317 1662 5351 :
1689 5300 1836 5369 Capit

249 5370 647 5441 etiant,_inqnit,
674 5372 947 5441 imaginem
964 5370 1206 5441 iSpiritus
1233 5370 1405 5441 dicere
1429 5379 1634 5422 statum.
1658 5370 1834 5424 “una.

330 5442 405 5511 (Ii)
432 5439 651 5494 Planum
673 5443 725 5495 in
750 5439 925 5511 signis.
959 5440 1119 5494 Iiet'te
1148 5441 1212 5493 ad
1244 5440 1534 5511 marginem
1567 5443 1841 5495 annotavit

245 5510 576 5568 Rhenanus:
604 5512 716 5566 Iloc
742 5510 842 5574 est,
867 5516 1229 5582 ittlpOsltlt‘elll.
1252 5510 1449 5565 Eadem
1478 5512 1822 5579 signiﬁcatio-

238 5602 318 5640 ne
347 5583 547 5638 Plinius
570 5624 583 5647 ,
611 5584 647 5636 ι.
677 5582 896 5643 XXXV.
929 5600 975 5637 c.
1008 5585 1105 5647 18,
1139 5582 1367 5651 loquitur
1404 5582 1470 5636 de
1509 5583 1663 5650 plano
1693 5586 1830 5652 regio

236 5656 335 5725 qui
363 5656 652 5708 Ptolommu
676 5655 726 5707 in
746 5655 950 5708 deliciis
970 5664 1103 5710 erat.
1120 5652 1251 5707 Nam
1268 5670 1292 5704 a
1314 5669 1485 5722 grmca
1509 5669 1637 5709 voce
1655 5657 1832 5715 πλάνη

234 5727 293 5780 in
346 5726 599 5780 familiam
662 5726 875 5777 latinam
924 5727 1165 5779 transivit
1200 5740 1258 5778 ca
1310 5739 1449 5788 vox,
1498 5741 1655 5793 quam
1697 5727 1832 5781 adeo

228 5797 479 5852 etiamde
508 5796 884 5867 imposturibus
906 5796 1216 5866 quibusdam
1249 5797 1627 5867 interpretatur
1646 5796 1836 5853 Eusta-

230 5868 390 5924 chius
419 5866 635 5925 Homeri
664 5870 927 5936 interpres
956 5868 1006 5921 in
1040 5867 1353 5938 Odysseam.
1390 5866 1524 5923 I‘Ast.

508 5962 944 6023 Temenum
981 5961 1036 6021 ll

2010 4655 2163 4712 CAP.
2196 4654 2503 4733 VIIa—lc)
2530 4656 2640 4733 Nec
2669 4662 2910 4733 adspectu
2934 4664 3134 4733 quidem
3155 4667 3418 4725 honestus.
3459 4674 3532 4728 De

1940 4736 2181 4799 tempore
2199 4730 2460 4803 passionis
2488 4733 2607 4803 lia-e7
2626 4731 2859 4800 intelligo
2887 4730 3105 4803 propter
3132 4737 3527 4799 deformitatem

1939 4800 2382 4881 quain-supplicia
2424 4811 2476 4881 c_t
2519 4800 3000 4881 dolorcseorpori’
3035 4822 3193 4881 sacro
3236 4812 3530 4881 impresso.

1938 4880 2076 4955 rant.
2105 4871 2221 4955 Lib.
2290 4872 2405 4955 (nisi.
2433 4870 2645 4928 ludam
2674 4870 3017 4942 eadem’fcre,
3042 4878 3085 4932 si
3116 4879 3251 4937 bene
3280 4870 3524 4955 tuemini,

1937 4944 2216 4997 habentur.
2250 4942 2327 4997 LE
2360 4942 2452 4996 I‘n.

2007 5013 2088 5085 (ιι)
2114 5012 2267 5137 Lapis
2310 5031 2536 5067 summus
2562 5016 2838 5084 angularis.
2870 5017 3087 5083 Paulus,
3127 5020 3229 5091 Ep.
3260 5024 3329 5076 ad
3356 5025 3531 5097 Ephe-

2007 5102 2057 5137 ’8.
2084 5100 2127 5136 ο.
2161 5082 2181 5137 ί
2211 5125 2225 5137 .
2256 5090 2593 5137 ἀκος-νωνιιῖιν
2620 5086 2845 5137 Ianidctn
2890 5090 3053 5137 dixit-
3088 5106 3244 5137 nttt-m
3289 5094 3530 5137 Peril-nn-

1936 5082 2127 5159 sius,'_c.
2161 5082 2593 5159 [Laws-puniri”
2620 5082 2845 5159 lapidein
2890 5090 3018 5142 dixit
3042 5082 3244 5159 ,quem
3288 5082 3530 5152 Psaliiiu-

1939 5154 2171 5230 graphus
2219 5154 2425 5230 discrat
2469 5154 2874 5230 laetiunl'uisse
2900 5154 3367 5230 ὡςκεραιΞ-ῑνγωνίσς
3400 5186 3411 5220 :
3447 5180 3534 5225 est

1940 5239 2113 5307 autem
2140 5227 2326 5296 iigura,
2344 5228 2470 5307 sive
2496 5227 2747 5297 allegoria
2776 5228 2971 5307 Christi
2995 5227 3245 5307 aludasis
3273 5227 3529 5307 reproba-

1942 5298 2058 5371 ti.ct
2089 5306 2277 5371 t:in_ie_n_
2290 5297 2466 5371 editus
2487 5307 2569 5352 est
2595 5314 2764 5371 nuper
2791 5301 3059 5371 Andegavi
3080 5344 3093 5363 ,
3124 5304 3191 5359 de
3221 5297 3417 5363 veteris
3437 5326 3535 5365 cu-

1938 5368 2149 5437 jusdatn
2174 5368 2509 5439 bibliothecae
2530 5370 2853 5439 quisquiiiis,
2879 5368 3011 5427 liber
3033 5373 3339 5431 itinerarius
3366 5383 3533 5435 Anto—

1945 5438 2354 5515 ninimonachi,
2381 5437 2699 5515 aiﬁrniantis
2727 5456 2785 5495 se
2809 5443 3003 5498 vidisse
3039 5446 3265 5515 lapidem
3300 5450 3445 5505 illum
3479 5455 3531 5508 in

1938 5510 2159 5592 basilica
2189 5509 2588 5592 SIDIIIS..S_yl'Ilb;
2619 5514 2811 5592 aliquis
2841 5509 3188 5592 imposturam
3219 5518 3342 5575 fecit
3366 5523 3534 5592 impe-

1940 5581 2058 5636 rita:
2089 5581 2415 5651 simplicitati
2447 5582 2678 5640 hominis
2713 5581 2929 5651 iditum,
2957 5602 3019 5640 ac
3048 5590 3271 5643 nimium
3300 5581 3526 5649 creduli.

3210 5660 3328 5717 Ric.

2019 5722 2471 5806 (e.)'_Tempestivus.
2504 5724 2656 5787 enim,
2681 5726 2875 5792 inquit,
2904 5728 3099 5806 decore.
3151 5731 3230 5806 E_x
3280 5734 3525 5806 ambigua

1943 5796 2332 5873 signiﬁcatione
2358 5796 2505 5873 vocis
2527 5810 2717 5873 grteczc
2739 5805 2930 5869 ὡριῖος.
2958 5799 3088 5855 Nam
3111 5803 3318 5873 vulgata
3337 5796 3527 5863 melius

1945 5869 2123 5936 habet,
2156 5868 2426 5939 speciosus.
2462 5865 2539 5923 Li;
2574 5866 2671 5923 Pu.

3018 5962 3260 6058 (Om)
