4262 6490
688 375 785 434 331

2104 366 2568 425 TERTL'LLIAM

3886 359 3997 415 352

688 492 1021 564 indignitate,
1048 504 1170 548 cum
1199 498 1255 547 et
1282 488 1525 548 diabolus
1569 486 1952 545 adversabatur
1999 486 2072 555 ei,
2100 496 2287 542 auctor
2312 488 2364 547 Α
2391 496 2445 541 ει
2475 488 2576 540 hoc
2602 483 2762 540 modo
2800 482 3060 539 creatoris
3085 480 3306 538 forsitan
3345 480 3711 551 deputaretur,
3741 494 3847 535 non
3878 488 3999 535 erat

687 586 892 643 scilicet
913 584 1064 641 Juda:
1103 583 1406 651 traditoris,
1437 600 1504 641 ne
1546 584 1720 639 dicam
1770 582 1929 639 etiam
1960 590 2081 653 post
2111 581 2287 651 bapti-

685 695 803 736 sma
832 687 1084 736 tentator.
1115 678 1319 734 Dehinc
1347 677 1531 749 (Zach.
1576 675 1665 745 Ill,
1697 676 1775 747 5),
1804 675 2130 747 deSpoliatus
2174 674 2284 745 pri-

686 775 854 829 stinas
878 772 1085 840 sordes,
1117 782 1171 828 et
1192 782 1482 830 exornatus
1507 771 1731 843 pudere,
1762 780 1817 826 et
1843 771 2019 837 mitra,
2044 780 2098 826 et
2121 768 2287 825 cidari

689 864 885 922 munda
904 908 919 931 ,
950 865 1004 923 id
1028 876 1130 933 est,
1164 866 1381 923 secundi
1408 866 1672 922 adventus
1705 865 1872 937 gloria
1902 874 1957 920 et
1985 864 2209 920 honore.
2232 861 2288 918 Si

686 961 830 1017 enim
858 960 1040 1034 (Leuit.
1070 959 1212 1033 XVI)
1236 970 1292 1018 et
1320 960 1545 1016 duorum
1578 960 1846 1014 hircorum
1865 958 1942 1029 (a)
1970 957 2061 1029 qui
2085 955 2289 1027 jejunio

688 1052 1053 1108 offerebantur
1096 1051 1287 1108 faciam
1334 1051 1861 1121 interpretationem,
1896 1062 2074 1104 nonne
2121 1057 2176 1104 et
2213 1048 2289 1103 illi

687 1157 972 1216 utrumque
992 1146 1236 1201 ordinem
1263 1144 1463 1199 ChriSIi
1486 1145 1745 1216 figurant?
1766 1144 1929 1199 Pares
1964 1142 2175 1213 quidem
2206 1150 2290 1196 at-

688 1254 791 1308 que
815 1237 1123 1294 consimiles
1152 1247 1366 1308 prepter
1415 1233 1662 1293 eumdem
1716 1236 1999 1292 Dominum
2029 1249 2289 1305 conspec-

688 1342 830 1397 tmn,
862 1331 985 1401 quia
1041 1347 1145 1386 non
1195 1332 1246 1387 in
1293 1331 1395 1386 alia
1443 1340 1700 1386 venturus
1747 1338 1831 1385 est
1874 1328 2161 1393 forma,ut
2199 1327 2291 1399 qui

685 1428 903 1497 agnosci
927 1425 1139 1493 habeat,
1166 1442 1194 1481 a
1219 1426 1413 1497 quibus
1437 1434 1492 1481 et
1521 1426 1677 1482 laesus
1706 1435 1811 1480 est.
1840 1424 1990 1479 Alter
2008 1434 2185 1479 autem
2208 1423 2288 1495 (l)

687 1536 874 1576 eorum
928 1520 1291 1576 circumdatus
1332 1520 1572 1587 coccino,
1633 1518 1979 1583 maledictus,
2038 1527 2094 1573 et
2154 1532 2287 1573 con-

685 1621 931 1683 sputatus
980 1611 1097 1687 (9.),
1152 1622 1207 1668 et
1261 1614 1589 1681 convulsus,
1630 1623 1685 1667 et
1718 1622 2073 1681 compunctus
2113 1625 2143 1664 a
2200 1626 2293 1681 po-

686 1706 813 1776 pulo
866 1713 1016 1761 extra
1073 1705 1342 1761 civitatem
1398 1705 1747 1775 abjicicbatur
1795 1704 1845 1758 in
1907 1702 2289 1774 perditionem,

687 1800 984 1857 manifestis
1045 1810 1257 1855 notatus
1327 1800 1621 1871 insignibus
1673 1797 1957 1853 dominicm
2007 1796 2287 1867 passionis.

2392 576 2532 647 quod
2562 575 2861 640 videbatur,
2894 584 2951 630 et
2978 573 3121 645 quod
3150 584 3267 630 erat
3292 572 3686 637 mentiebatur;
3720 586 3865 635 caro,
3898 584 4001 626 nec

2392 684 2553 733 caro;
2584 670 2775 733 homo,
2809 682 2908 722 nec
2936 668 3132 721 homo:
3172 665 3395 737 proinde
3418 665 3560 721 Deus
3582 662 3850 729 Christus,
3898 676 4003 717 nec

2394 761 2552 817 Deus.
2580 759 2687 817 Cur
2713 763 2857 817 enim
2880 776 2986 815 non
3018 760 3178 815 etiam
3206 759 3311 814 Dei.
3332 759 3645 829 phantasma
3673 756 4002 827 portaverit?

2394 856 2474 910 An
2502 854 2716 911 credam
2746 855 2794 911 ei
2824 854 2891 909 de
2927 854 3181 909 interiore
3205 853 3522 916 substantia,
3550 851 3640 921 qui
3662 850 3731 905 sit
3759 849 3826 905 de
3852 858 4006 904 exte-

2394 949 2536 1005 riore
2582 947 2907 1004 frustratus?
2951 946 3233 1015 Quomodo
3277 961 3437 1000 verax
3481 943 3759 999 habebitur
3812 943 3865 998 in
3912 956 4007 997 oc-

2393 1040 2560 1106 culto,
2588 1049 2693 1095 tam
2718 1039 2876 1094 fallax
2905 1048 3149 1109 repertus
3177 1038 3228 1092 in
3255 1036 3481 1107 aperto?
3514 1035 3794 1102 Quomodo
3820 1043 4005 1088 autem

2395 1136 2446 1190 in
2471 1136 2760 1204 semetipso
2783 1132 3061 1189 veritatem
3088 1131 3309 1203 spiritus
3339 1129 3546 1184 fallacia
3570 1129 3745 1183 carnis
3772 1125 4009 1181 confun-

2395 1226 2551 1292 dens,
2577 1235 2821 1298 ncgatam
2854 1227 2922 1281 ab
2950 1225 3207 1295 Apostolo
3237 1222 3308 1295 (Il
3346 1221 3466 1277 Cor.
3495 1220 3587 1288 Vl,
3617 1218 3707 1291 ll)
3760 1219 3917 1283 lucis,
3952 1218 4009 1273 id

2394 1328 2478 1375 est
2509 1319 2785 1386 veritatis,
2817 1327 2873 1373 et
2920 1317 3140 1372 fallacia:
3164 1355 3181 1383 ,
3216 1316 3269 1370 id
3318 1323 3400 1371 est
3449 1314 3811 1376 tenebrarum,
3855 1326 4003 1366 com-

2394 1412 2541 1468 misit
2568 1411 3152 1468 communicationem?
3204 1409 3321 1466 Jam
3378 1425 3540 1474 nunc,
3600 1423 3721 1465 eum
3786 1405 4013 1463 menda-

2398 1505 2539 1561 cium
2573 1502 2995 1575 deprehenditur
3016 1503 3214 1558 Christi
3245 1516 3370 1557 caro
3394 1544 3408 1568 ,
3463 1503 3704 1572 sequitur
3729 1510 3783 1554 ut
3811 1509 3867 1554 et
3890 1513 4013 1553 ont-

2399 1597 2484 1651 nia
2514 1610 2634 1667 qua:
2661 1610 2754 1665 per
2783 1609 3000 1650 carnem
3027 1593 3225 1650 Christi
3251 1602 3403 1665 gesta
3432 1601 3575 1659 sunt,
3604 1591 3887 1647 mendacio
3912 1603 4011 1659 ge-

2397 1700 2478 1747 sta
2539 1690 2680 1755 sint,
2728 1704 3084 1760 congressus,
3138 1697 3462 1754 contactus,
3511 1686 3829 1750 convictus,
3878 1686 4014 1754 ipsae

2398 1799 2611 1855 quoque
2642 1784 2885 1839 virtutes.
2925 1783 2984 1838 Si
3009 1782 3153 1838 enim
3201 1781 3465 1853 tangendo
3489 1782 3720 1852 aliquem
3761 1779 4015 1834 liberavit

684 1894 838 1950 Alter
864 1909 991 1950 vero
1039 1909 1135 1965 pro
1163 1892 1372 1949 delictis
1402 1893 1636 1959 oblatus,
1670 1899 1725 1947 et
1762 1890 2130 1946 sacerdotibus
2159 1898 2298 1945 tem-

2406 1892 2434 1929 a
2465 1876 2615 1943 vitio,
2645 1877 2732 1932 vel
2773 1886 2944 1933 tactus
2987 1876 3056 1932 ab
3101 1875 3313 1946 aliquo;
3343 1876 3485 1946 quod
3517 1875 3875 1944 corporaliter
3919 1888 4018 1928 ac-

684 1989 755 2058 pli
784 1988 835 2043 in
879 1987 1132 2059 pabulum
1169 1986 1346 2055 datus,
1391 1985 1641 2041 secundae
1684 1982 2173 2055 reprmsentationis
2198 1998 2289 2037 ar-

685 2091 936 2151 gumenta
962 2080 1224 2152 signabat,
1253 2095 1379 2150 qua,
1414 2079 1626 2134 delictis
1646 2078 1894 2134 omnibus
1921 2076 2170 2147 espiatis,
2200 2091 2289 2131 sa-

685 2174 932 2229 cerdotes
961 2173 1147 2244 templi
1191 2172 1468 2242 spiritalis,
1494 2171 1548 2225 id
1578 2180 1661 2227 est
1689 2169 1975 2233 Ecclesiaz,
2008 2168 2295 2224 dominica

685 2266 871 2336 gratia:
917 2266 1069 2336 quasi
1113 2264 1466 2320 visceratione
1504 2264 1733 2335 quadam
1776 2265 2102 2328 fruerentur,
2154 2262 2295 2333 jeju-

687 2358 939 2415 nantibus
970 2358 1181 2414 caeteris
1210 2358 1245 2412 a'
1264 2359 1456 2414 salute.
1489 2356 1675 2428 Igitur,
1698 2355 1949 2427 quoniam
1978 2356 2179 2426 primus
2197 2354 2297 2409 ad-

690 2463 902 2519 ventus,
938 2464 992 2508 et
1015 2453 1299 2523 plurimum
1328 2451 1511 2522 figuris
1536 2450 1876 2517 obscuratus,
1900 2459 1955 2505 et
1975 2448 2122 2504 omni
2141 2447 2296 2504 inho-

686 2552 898 2600 nestate
937 2552 1233 2614 prostratus
1271 2543 1597 2608 cauebatur;
1626 2541 1898 2597 secundus
1928 2555 2055 2596 vero
2081 2548 2137 2595 et
2181 2556 2298 2594 ma-

684 2638 931 2704 nifestus,
960 2648 1013 2692 et
1061 2636 1171 2691 Deo
1218 2635 1549 2706 condignns;
1580 2634 1799 2696 idcirco,
1840 2648 2001 2704 quem
2044 2630 2201 2687 facile
2247 2640 2302 2687 et

686 2733 987 2803 intelligere
1039 2740 1094 2786 et
1121 2729 1343 2785 credere
1375 2738 1661 2799 potuerunt
1692 2726 1795 2801 (ὅ),
1830 2742 1953 2782 eum
2005 2726 2177 2782 solum
2220 2726 2300 2781 in-

686 2831 919 2888 tuentes,
946 2821 999 2877 id
1048 2830 1131 2876 est
1173 2819 1491 2885 secundum,
1523 2820 1613 2889 qui
1658 2818 1815 2873 estin
1845 2817 2052 2872 honore
2103 2824 2157 2872 et
2185 2817 2302 2887 glo-

687 2918 764 2972 ria
798 2913 903 2989 (4),
950 2929 1057 2969 non
1114 2914 1381 2969 immerito
1427 2912 1635 2982 decepti
1666 2921 1792 2966 sunt
1832 2910 1972 2966 circa
2017 2909 2297 2966 obscuriu-

689 3022 828 3075 rem,
859 3017 1009 3062 certe
1040 3005 1420 3077 indigniorem,
1452 3005 1503 3060 id
1531 3013 1614 3059 est
1638 3003 1893 3075 primum.
1927 3005 2100 3073 Atque
2135 3004 2203 3055 ita
2245 3002 2300 3057 in

690 3102 1007 3156 hodiernum
1051 3109 1246 3171 negant
1283 3100 1496 3155 venisse
1524 3097 1797 3153 Christum
1826 3110 2002 3162 suum,
2037 3096 2158 3166 quia
2191 3112 2297 3151 non

690 3195 746 3250 in
775 3193 1101 3250 sublimitate
1130 3192 1353 3255 venerit,
1386 3190 1512 3245 dum
1544 3189 1791 3260 ignorant
1818 3189 1980 3243 etiam
2022 3188 2075 3243 in
2122 3187 2299 3243 humi-

698 3287 848 3342 litate
874 3284 1041 3341 fuisse
1068 3293 1376 3340 venturum.

1296 3352 1526 3411 CAPUT
1561 3352 1693 3410 Vlll.

750 3451 969 3508 Desinat
1000 3465 1141 3507 nunc
1167 3449 1451 3507 hazreticus
1474 3464 1502 3502 a
1527 3446 1737 3515 Judzeo,
1761 3447 1906 3519 aspis
1932 3445 2101 3520 (quod
2128 3448 2302 3521 aiunt)

692 3563 726 3604 a
756 3548 937 3620 vipera
967 3545 1195 3602 mutuari
1222 3545 1302 3620 (5)
1333 3558 1634 3609 venenum;
1662 3550 1875 3598 evomat
1895 3540 2004 3612 jam
2028 3541 2152 3597 hinc
2176 3557 2303 3613 pro-

696 3640 800 3714 prii
848 3640 1049 3712 ingenii
1094 3639 1261 3707 virus,
1316 3639 1631 3709 phantasma
1680 3632 1971 3691 vindicans,
2007 3636 2305 3694 Christum.

695 3731 809 3789 Nisi
838 3731 981 3802 quod
1026 3738 1082 3787 et
1130 3730 1232 3786 ista
1285 3724 1553 3785 sententia
1609 3727 1744 3783 alios
1788 3726 2009 3782 habebit
2035 3736 2306 3795 auctores,

698 3838 1014 3899 praecoques
1035 3831 1090 3879 et
1110 3820 1384 3879 abortivos
1409 3820 1485 3894 (ὸ)
1514 3817 1593 3893 (6)
1607 3818 2004 3890 quodammodo
2027 3818 2312 3876 Marcioni-

700 3930 805 3987 tas,
842 3933 975 3991 quos
998 3917 1270 3990 apostolus
1293 3914 1529 3972 Joannes
1559 3912 1739 3988 (Joan.
1770 3911 1847 3979 ll,
1872 3910 1928 3986 4)
1961 3912 2311 3970 antichristos

704 4012 1093 4085 pronuntiavit,
1123 4018 1380 4082 negantes
1403 4008 1673 4065 Christum
1704 4008 1757 4062 in
1788 4022 1951 4063 carne
1970 4006 2185 4064 venisse
2211 4025 2226 4075 ;
2258 4018 2312 4064 et

704 4117 887 4163 tamen
916 4120 1023 4161 non
1052 4115 1111 4160 ut
1149 4103 1371 4160 alterius
1398 4102 1493 4158 Dei
1522 4101 1612 4173 jus
1652 4101 2076 4168 constituerent,
2101 4104 2226 4172 quia
2260 4110 2314 4158 et

708 4202 778 4259 de
806 4202 911 4257 isto
942 4199 1022 4272 (7)
1066 4199 1232 4255 notati
1278 4196 1539 4262 fuissent;
1577 4194 1671 4251 sed
1702 4195 1953 4267 quoniam
2004 4194 2315 4251 incredibile

710 4300 1166 4365 praesumpserant
1209 4290 1375 4345 Deum
1405 4303 1646 4345 carnem.
1694 4288 1812 4357 Quo
1866 4286 2037 4357 magis
2062 4286 2318 4343 antichri-

708 4396 827 4443 stus
844 4384 1078 4440 Marcion
1109 4382 1211 4438 sibi
1236 4397 1356 4439 eam
1399 4380 1577 4452 rapuit
1606 4379 2114 4452 praesumptionem;
2144 4380 2318 4452 aptior

708 4478 919 4536 scilicet
941 4476 1008 4532 ad
1037 4474 1364 4532 retinendam
1390 4472 1727 4544 corporalem
1774 4471 2123 4528 substantiam
2162 4472 2319 4529 Chri-

712 4570 805 4638 sti,
837 4569 928 4641 qui
956 4568 1129 4640 ipsum
1172 4567 1341 4622 Deum
1380 4564 1496 4635 ejus
1538 4579 1638 4620 nec
1667 4573 1942 4621 auctorem
1969 4564 2146 4620 carnis
2164 4565 2320 4622 indu-

2398 1980 2509 2025 tum
2543 1981 2658 2037 est,
2688 1986 2793 2025 non
2839 1980 3013 2042 potest
3040 1986 3164 2026 vere
3199 1980 3376 2025 aetum
3425 1968 3570 2025 credi
3610 1970 3726 2023 sine
3766 1965 4015 2037 corporis

2401 2063 2574 2134 ipsius
2596 2066 2839 2119 veritate.
2868 2062 3008 2118 Nihil
3033 2062 3262 2118 solidum
3290 2062 3356 2116 ab
3379 2062 3543 2127 inani,
3574 2060 3705 2117 nihil
3734 2060 3949 2130 plenum
3978 2072 4015 2112 a

2398 2170 2567 2211 vacuo
2606 2155 2787 2226 perﬁci
2819 2156 2989 2210 licuit.
3017 2155 3293 2209 Putativus
3342 2154 3577 2220 habitus,
3612 2154 3879 2224 putativus
3907 2165 4014 2204 ac-

2400 2258 2522 2304 tus:
2557 2249 2905 2319 imaginarius
2951 2258 3202 2318 Operator
3239 2289 3255 2315 ,
3304 2247 3630 2319 imaginaria:
3676 2262 3880 2316 operas.
3922 2251 4015 2306 Sic

2401 2355 2503 2397 nec
2538 2342 2814 2412 passiones
2851 2340 3050 2396 Christi
3076 2341 3192 2409 ejus
3240 2340 3399 2395 fidem
3446 2340 3794 2395 merebuntur
3831 2359 3843 2394 :
3876 2344 4015 2400 nihil

2401 2434 2545 2489 enim
2574 2449 2760 2504 passus
2790 2443 2906 2500 est,
2946 2434 3035 2504 qui
3082 2449 3187 2488 non
3219 2448 3346 2489 vere
3388 2442 3472 2487 est
3504 2448 3716 2502 passus.
3752 2433 3888 2489 Vere
3914 2449 4015 2489 au-

2404 2532 2509 2579 tem
2541 2524 2683 2594 pati,
2722 2524 3037 2594 phantasma
3070 2539 3176 2579 non
3221 2526 3412 2594 potuit.
3445 2525 3702 2580 Eversum
3740 2536 3823 2579 est
3851 2526 4016 2597 igitur

2405 2625 2572 2673 totum
2600 2617 2696 2673 Dei
2720 2632 2875 2688 Opus.
2917 2618 3109 2673 Tutum
3140 2617 3418 2674 christiani
3446 2621 3680 2674 nominis
3714 2630 3769 2676 et
3800 2621 4014 2692 pondus

2402 2717 2457 2764 et
2478 2707 2681 2765 fructus
2701 2751 2717 2775 ,
2746 2724 2890 2764 mors
2918 2710 3117 2764 Christi
3148 2719 3393 2781 negatur,
3424 2728 3583 2781 quant
3615 2723 3719 2766 tam
3746 2714 3919 2783 imprc
3948 2730 4013 2770 se

2404 2801 2697 2871 Apostolus
2721 2801 3042 2868 demandat,
3072 2803 3253 2872 utique
3306 2818 3509 2870 veram,
3567 2820 3836 2859 summum
3888 2821 4014 2861 eam

2405 2889 2814 2947 fundamentum
2870 2892 3148 2965 Evangelii
3195 2895 3552 2959 constituens,
3586 2906 3641 2951 et
3682 2898 3868 2952 salutis
3914 2913 4014 2953 no.

2405 2994 2562 3049 διε-ω,
2618 2993 2673 3039 ει
2716 2984 3111 3055 praedicationis
3154 3002 3266 3042 suae
3305 3009 3317 3043 :
3370 2986 3586 3042 Tradidi
3627 2990 3780 3057 enim,
3838 2990 4017 3061 inquit

2409 3075 2453 3151 (ι
2485 3075 2605 3133 Cor.
2635 3077 2753 3147 XV,
2783 3080 2837 3146 '5,
2862 3078 2941 3152 4),
2964 3081 3103 3135 vobis
3124 3082 3177 3135 in
3206 3082 3403 3152 primis,
3436 3082 3571 3154 quod
3609 3082 3838 3139 Christus
3868 3101 4014 3137 mor-

2403 3185 2520 3229 tuus
2567 3178 2632 3231 sit
2683 3193 2775 3247 pro
2824 3180 3042 3247 peccatis
3094 3180 3302 3244 nostris,
3332 3188 3377 3233 et
3403 3183 3541 3248 quod
3583 3181 3810 3251 sepultus
3850 3182 3937 3247 sit,
3966 3188 4018 3235 et

2327 3288 2374 3352 ο
2407 3267 2541 3337 quod
2572 3269 2899 3323 resurrexerit
2924 3268 3002 3340 (9)
3035 3270 3184 3322 tertia
3211 3270 3315 3323 die.
3341 3269 3531 3334 Porro,
3556 3271 3599 3325 si
3623 3285 3749 3325 caro
3768 3272 3887 3340 ejus
3919 3286 4018 3327 ne-

2407 3370 2581 3428 gatur,
2608 3358 2879 3429 quomodo
2909 3374 3054 3414 mors
3090 3359 3208 3430 ejus
3248 3368 3619 3427 asseveratur,
3652 3376 3769 3431 qua:
3794 3363 4019 3432 propria

2408 3452 2585 3507 carnis
2614 3460 2697 3507 est
2737 3452 2917 3522 passio
2945 3467 3039 3522 per
3068 3463 3298 3509 mortem
3320 3452 3646 3508 devcrtentis
3676 3452 3791 3526 (l0)
3818 3453 3872 3508 in
3910 3464 4023 3509 ter-

2410 3559 2557 3609 ram,
2588 3543 2655 3599 de
2680 3559 2786 3614 qua
2813 3554 2897 3600 est
2928 3555 3141 3615 sumpta
3180 3544 3474 3600 secundum
3506 3544 3676 3616 legem
3718 3547 3801 3600 sui
3829 3556 4023 3601 aucto-

2411 3639 2522 3693 ris“!
2543 3638 2740 3707 Negata
2771 3653 2903 3693 vero
2932 3647 3127 3707 morte,
3150 3638 3277 3693 dum
3299 3655 3425 3695 caro
3456 3650 3700 3711 negatur,
3726 3656 3825 3696 nec
3841 3640 3910 3696 de
3932 3657 4023 3696 re-

2412 3732 2746 3785 surrectione
2788 3730 3075 3785 constabit.
3106 3729 3310 3784 Eadem
3354 3729 3497 3785 enim
3545 3730 3751 3784 ratione
3795 3745 3901 3784 non
3933 3746 4025 3786 re-

2412 3822 2664 3888 surrexit,
2706 3838 2811 3893 qua
2865 3832 3107 3878 mortuus
3145 3838 3249 3878 non
3279 3831 3382 3891 est,
3432 3836 3539 3877 non
3594 3822 3844 3877 habendo
3882 3822 4025 3878 sub-

2413 3915 2664 3971 stantiam
2710 3915 2917 3971 scilicet
2956 3917 3162 3980 Carnis;
3193 3916 3346 3987 cujus
3388 3915 3527 3971 sicut
3575 3925 3630 3972 et
3660 3932 3827 3983 mors,
3859 3917 3930 3971 ita
3964 3926 4025 3973 et

2414 4009 2743 4065 resurrecdo
2796 4018 2878 4063 est
2911 4006 2965 4079 (l
2994 4006 3113 4063 Car.
3146 4007 3264 4074 XV,
3301 4005 3413 4079 15).
3466 4006 3698 4063 Proinde
3743 4022 4026 4064 resurrec-

2418 4102 2561 4157 tione
2588 4102 2783 4157 Christi
2831 4101 3137 4167 infirmata,
3169 4101 3330 4157 etiam
3373 4110 3554 4155 nostra
3607 4099 3863 4157 subversa
3914 4110 4023 4158 est.

2416 4193 2527 4251 Nec
2551 4209 2613 4250 ea
2639 4194 2783 4250 enim
2804 4194 3022 4259 valebit,
3052 4206 3271 4266 propter
3294 4209 3457 4266 quam
3478 4192 3726 4249 Christus
3763 4195 3939 4261 venit,
3975 4196 4028 4251 si

2418 4284 2662 4342 Christus
2685 4302 2793 4343 non
2823 4288 3115 4343 resurrexit
3139 4285 3423 4360 (ll).Nam
3438 4288 3579 4342 sicut
3619 4286 3729 4354 illi,
3753 4288 3843 4358 qui
3875 4286 4028 4343 dice-

2422 4378 2552 4433 bant
2586 4381 3037 4435 resurreCtionem
3066 4387 3398 4435 mortuorum
3440 4393 3547 4434 non
3568 4393 3708 4444 esse,
3734 4379 4026 4435 revincun-

2421 4483 2509 4529 tur
2539 4473 2606 4528 ab
2634 4475 2889 4544 Apostolo
2913 4490 2979 4530 ex
3006 4476 3399 4529 resurrectione
3424 4471 3652 4539 Christi;
3686 4472 3755 4527 ita
3777 4513 3794 4539 ,
3836 4488 4028 4528 resur-

2421 4567 2661 4623 rectione
2683 4567 2880 4623 Christi
2909 4584 3016 4623 non
3046 4568 3394 4632 consistente,
3418 4564 3658 4620 aufertur
3696 4576 3751 4620 et
3784 4574 4031 4620 mortuo-

713 4671 887 4729 xerat,
914 4676 1014 4717 nec
1055 4659 1487 4717 resuscitatorem
1521 4675 1534 4712 :
1567 4657 1823 4728 optimum
1867 4656 2137 4723 videlicet,
2166 4668 2219 4714 et
2262 4658 2315 4713 in
2342 4685 2397 4747 D
2422 4674 2541 4715 rum
2563 4661 2903 4725 resurrectio,
2928 4669 3086 4731 atque
3106 4660 3175 4715 ita
3199 4660 3372 4714 inanis
3396 4668 3478 4714 est
3502 4657 3619 4731 (12)
3649 4657 3786 4714 ﬁdes
3815 4667 4026 4725 nostra,

712 4756 820 4813 isto
844 4752 925 4829 (8)
948 4751 1369 4809 diversissimum
1401 4765 1433 4805 a
1458 4749 1749 4805 mendaciis
1770 4758 1825 4805 et
1853 4748 2077 4805 fallaciis
2106 4761 2317 4807 creato-

716 4846 815 4905 ris.
844 4847 912 4903 Et
939 4844 1061 4901 ideo
1080 4843 1325 4900 Christus
1353 4841 1471 4914 ejus
1508 4855 1576 4898 ne
1617 4841 1951 4909 mentiretur,
1978 4855 2049 4897 ne
2088 4840 2317 4913 falleret,

2423 4752 2597 4809 inanis
2634 4763 2716 4809 est
2745 4754 3050 4825 praedicatio
3080 4754 3494 4824 Apostolorum,
3540 4753 3887 4811 inveniuntur
3931 4768 4033 4808 au-

2426 4856 2533 4903 tem
2564 4846 2725 4903 etiam
2768 4845 2885 4902 falsi
2936 4855 3099 4903 testes
3139 4846 3267 4915 Dei,
3296 4844 3441 4918 quod
3473 4844 3840 4901 testimonium
3880 4844 4033 4902 dixe-

1971 4958 2357 5022 LECTIONES
2396 4962 2807 5022 VARIANTES.

816 5199 868 5253 ὅ)
890 5199 1132 5252 Pote‘runt
1149 5199 1315 5251 Paris.

886 5263 1347 5376 uei:fienallticzgnore
1369 5268 1423 5311 et
1438 5259 1616 5324 gloria,
1634 5256 1814 5328 neglig.
1838 5256 1993 5313 Seml.
2013 5266 2128 5312 Jun.

814 5074 862 5139 l)
884 5076 1020 5128 Unus
1037 5074 1233 5139 quidem
1251 5069 1404 5139 Seml.
1426 5070 1614 5139 Pentel.

812 5131 863 5204 2)
884 5131 1324 5204 Consptitusﬁlten.
1346 5134 1495 5188 Seml.
1518 5131 1719 5187 Oberth.

789 5074 869 5454 ξ)

2515 5081 2540 5129 7
2585 5077 2725 5131 Justo
2741 5083 2863 5133 Par.

2515 5081 2566 5269 εξ
2590 5143 2651 5193 Ει
2668 5143 2789 5195 add.
2809 5141 2962 5217 Rhea.
2982 5140 3135 5195 Seml.
3164 5140 3362 5196 Oberth.

2515 5204 2545 5269 9
2578 5204 2883 5269 Βέθειιττεχιι
2901 5204 3051 5259 Rhea.
3078 5205 3230 5258 Seml.
3252 5208 3362 5259 Obcf

2514 5204 2883 5277 9)‘R_esurrexit
2899 5204 3051 5277 Rhea.
3078 5205 3230 5258 Seml.
3252 5204 3451 5259 Obertlt.

2519 5264 2597 5332 l0)
2618 5266 2936 5319 Revertentis
2956 5271 3059 5319 Lat.

2519 5330 2597 5455 lél
2618 5330 2817 5445 ἔῗὶιῗξᾶῗ
2834 5329 2990 5447 aa:
3010 5328 3165 5446 ξπ
3189 5330 3387 5446 ίὸἓὲἷὲἔξῑ

2517 5390 2597 5447 12)
2618 5392 2682 5445 Et
2698 5394 2816 5445 add.
2837 5394 2990 5447 Rhea.
3012 5390 3165 5446 Seml.
3190 5392 3386 5446 Obertlt.

2110 5489 2671 5555 COMMENTARIUS.

809 5610 885 5686 (a)
918 5609 1131 5686 Signini
1160 5616 1217 5686 et_
1255 5606 1787 5686 d_uor_um_hircorum,
1810 5605 2143 5686 ele._Loettnt
2181 5606 2323 5662 hunc

732 5676 1033 5751 desumpsit
1081 5678 1218 5734 haud
1266 5679 1436 5751 dubie
1474 5678 1674 5732 Auctor
1702 5692 1770 5732 ex
1814 5676 1875 5731 Β.
1911 5676 2121 5732 Justino
2164 5686 2319 5732 tnart.

737 5749 1003 5810 adversus
1024 5751 1382 5822 Tryphonem.
1413 5749 1544 5803 Pan.

810 5826 962 5880 CAP.
984 5818 1178 5879 VIII;-
1203 5820 1281 5949 (εἰ)
1319 5820 1623 5889 Prwcoquos
1644 5832 1689 5874 ct
1710 5820 1979 5885 abortivus,
2008 5830 2111 5874 etc.
2146 5818 2323 5875 licere-

815 5897 825 5949 i
861 5911 1050 5949 nenme
1090 5893 1177 5949 alii
1264 5891 1549 5947 areiunitas
1586 5902 2003 5949 antecesserunt.
2052 5891 2142 5949 nui
2168 5893 2321 5949 quasi

740 5897 825 5952 tiei
861 5911 1050 5966 nempe
1090 5893 1177 5949 alii
1214 5891 1549 5949 Marcionitas
1586 5902 2003 5959 antecesserunt,
2052 5891 2142 5963 qui
2168 5893 2321 5963 quasi

2428 5610 3103 5693 abortivi__foe_ttts_haresis
3134 5617 3351 5693 fuerunt
3396 5624 3453 5672 et
3491 5631 3763 5693 praecoces
3804 5616 4031 5672 fruetus.

2428 5682 2548 5737 Lib.
2564 5685 2625 5739 de
2645 5685 2814 5741 Pallio
2834 5687 2979 5743 Utica
2999 5690 3188 5743 civitas
3211 5689 3404 5743 dicitur
3429 5682 3625 5754 pariter
3650 5688 3889 5759 Romana
3911 5706 4038 5759 pra:-

2427 5771 2608 5823 Coqua,
2632 5774 2749 5827 quae
2778 5761 2979 5815 scilicet
3004 5770 3128 5815 ante
3156 5769 3365 5829 tempus
3416 5759 3782 5829 Romanorum
3818 5758 4035 5816 habitus

2428 5837 2709 5896 gestasset,
2738 5831 3045 5902 priusquam
3075 5832 3162 5902 jus
3190 5828 3414 5887 colenia:
3444 5828 3787 5887 obtinuisset.
3822 5832 3901 5887 Ls:
3934 5830 4027 5886 Pn.
