4262 6490
201 395 310 434 00.)

1302 379 1430 436 LIB.
1467 379 1528 437 111
1571 381 1936 442 ADVERSUS
1975 383 2399 444 MARCIONEM.

3407 396 3514 454 554

203 497 314 551 rint
342 495 492 565 quasi
522 495 921 554 resuscitaverit
944 497 1254 566 Christum,
1285 515 1445 571 quem
1475 517 1580 555 non
1630 516 1812 557 resus-
1839 503 1890 564 Î‘
1915 513 1969 558 61
1996 507 2118 576 quia
2152 521 2256 560 non
2299 515 2518 577 possent
2564 503 2872 564 humanitus
2921 508 3137 564 tractari
3182 509 3248 566 ab
3290 509 3514 568 hominis

203 591 410 646 citavit.
439 600 491 642 et
523 605 704 646 sumus
735 591 910 646 adhuc
958 593 1010 646 in
1033 591 1262 656 delictis,
1294 605 1368 659 ct,
1400 595 1488 663 qtti
1518 595 1569 648 111
1594 594 1812 650 Christo

204 681 561 743 dormierunt.
598 687 904 753 perierunt,
937 703 1066 743 sane
1095 689 1485 755 resurrecturi,
1517 688 1610 744 sed
1645 689 1812 759 phan-

206 783 440 830 tasmate
465 775 709 844 forsitan,
733 777 873 832 sicut
895 787 948 832 et
973 779 1242 834 Christus.

809 872 1038 928 CAPUT
1077 872 1166 928 lX.

277 962 333 1017 in
379 966 478 1020 ista
515 965 843 1036 quaestione,
893 968 983 1038 qui
1013 969 1282 1036 putaveris
1315 970 1664 1041 opponendos
1694 985 1814 1028 esse

204 1055 369 1111 nobis
397 1059 618 1128 angelos
644 1058 940 1126 Creatoris,
971 1063 1124 1130 quasi
1155 1071 1204 1117 et
1249 1062 1322 1116 illi
1357 1065 1406 1116 in
1442 1064 1814 1134 phantasmate

203 1150 458 1219 putativa:
523 1153 705 1222 utique
764 1153 943 1208 carnis
996 1155 1206 1223 egerint
1249 1155 1387 1225 apud
1441 1157 1710 1212 Abraham
1761 1165 1816 1212 ct

203 1241 365 1302 Loth.
394 1255 448 1298 et
477 1254 651 1300 tamen
681 1261 805 1300 vere
828 1249 936 1302 sint
960 1259 1013 1302 et
1044 1250 1338 1320 congressi,
1358 1259 1411 1304 et
1438 1250 1592 1320 pasti,
1613 1262 1665 1306 et
1687 1267 1814 1322 ope-

204 1339 307 1390 rati
340 1337 484 1406 quod
517 1337 824 1392 mandatum
857 1340 935 1395 eis
964 1339 1176 1406 fuerat;
1211 1341 1405 1410 primo,
1439 1358 1543 1396 non
1575 1343 1816 1400 admitte-

205 1429 284 1484 ris
305 1429 370 1483 ad
390 1429 506 1498 ejus
533 1429 622 1486 Dei
646 1432 915 1502 exempla,
941 1449 1098 1502 quem
1121 1432 1356 1489 destruis
1383 1451 1396 1488 :
1429 1449 1551 1489 nam
1570 1445 1624 1491 et
1649 1451 1817 1506 quau-

207 1533 266 1579 to
294 1525 575 1582 meliorem
625 1536 680 1581 et
729 1527 1101 1596 perfectiorem
1164 1527 1328 1583 Deum
1388 1529 1631 1597 inducis,
1667 1539 1816 1586 tanto

207 1631 316 1670 11011
342 1627 656 1688 competunt
699 1619 776 1672 illi
826 1619 941 1689 ejus
972 1620 1238 1689 exempla,
1268 1635 1400 1693 quo,
1435 1623 1532 1676 nisi
1566 1622 1816 1678 diversus

207 1708 267 1762 in
292 1718 496 1772 totum,
531 1726 636 1764 non
674 1713 776 1764 erit
819 1712 1041 1766 omnino
1087 1713 1278 1768 melior
1301 1723 1461 1783 atque
1511 1714 1813 1784 perfectior.

208 1800 415 1856 Dehinc
445 1803 601 1867 scito,
637 1819 734 1858 nec
763 1803 889 1858 illud
913 1805 1134 1861 concedi
1167 1805 1258 1860 tibi
1286 1847 1301 1871 ,
1336 1817 1392 1860 ut
1421 1808 1654 1876 putativa
1707 1809 1818 1863 fue-

1915 598 2034 662 bus,
2071 599 2171 653 nisi
2202 601 2252 654 in
2282 599 2578 655 substantia
2623 600 2890 667 humana;
2937 602 3117 657 innata
3158 612 3360 669 autem,
3392 606 3514 675 quia

1916 692 2064 746 solus
2090 691 2338 748 Christus
2361 691 2412 747 iu
2442 707 2659 747 carnem
2687 709 2750 748 ex
2783 709 2946 750 carne
2979 695 3124 749 nasci
3169 694 3429 761 habebat,
3462 706 3516 751 ut

1917 785 2246 840 nativitatem
2289 795 2526 841 nostram
2571 786 2848 842 nativitste
2897 801 2990 841 sua
3023 786 3103 858 (5)
3155 787 3473 842 reformaret
3499 830 3516 856 ,

1916 887 2073 950 atque
2107 880 2177 934 ita
2209 880 2370 935 etiam
2403 890 2631 936 mortem
2661 890 2898 935 nostram
2929 890 3102 937 morte
3130 896 3225 936 sua
3253 880 3516 938 dissolve-

1917 983 2034 1037 ret,
2062 972 2392 1043 resurgendo
2411 973 2463 1028 in
2492 988 2674 1032 carne.
2707 974 2758 1028 in
2787 988 2888 1042 qua
2914 981 3070 1028 natus
3093 982 3194 1040 est,
3226 983 3284 1028 ut
3309 985 3363 1030 et
3383 974 3524 1030 mori

1917 1074 2119 1136 posset.
2150 1064 2386 1136 ideoque
2414 1074 2468 1120 et
2495 1066 2610 1134 ipse
2633 1080 2756 1120 cum
2786 1066 2990 1136 angelis
3023 1077 3146 1121 tunc
3166 1065 3308 1136 apud
3346 1066 3522 1122 Abra--

1919 1157 2040 1211 ham
2065 1159 2117 1212 iu
2148 1157 2372 1213 veritate
2401 1158 2615 1229 quidem
2647 1159 2829 1214 carnis
2857 1160 3124 1228 apparuit,
3154 1159 3248 1214 sed
3283 1157 3518 1215 nonduin

1919 1257 2093 1314 natae;
2135 1251 2256 1320 quia
2301 1249 2537 1304 nondum
2590 1254 2898 1316 morituras;
2928 1249 3021 1304 sed
3072 1259 3125 1305 et
3157 1248 3236 1322 (4)
3266 1249 3524 1306 discentis

1912 1338 2024 1411 jam
2052 1341 2190 1396 inter
2217 1340 2460 1396 homines
2498 1341 2829 1397 conversari.
2858 1341 2976 1406 Quo
2998 1344 3167 1413 magis
3189 1343 3386 1414 angeli,
3423 1358 3521 1400 ue-

1918 1449 2023 1504 que
2060 1433 2126 1488 ad
2172 1433 2508 1488 moriendum
2558 1449 2655 1504 pro
2695 1433 2849 1488 nobis
2876 1433 3144 1505 dispositi,
3169 1435 3383 1491 brevem
3415 1451 3527 1490 car-

1921 1525 2005 1580 nis
2060 1535 2422 1582 commeatum
2493 1541 2600 1580 non
2673 1523 2980 1581 debuerunt
3045 1526 3318 1582 nascendo
3388 1542 3530 1582 sum-

1921 1623 2112 1691 psisse,
2164 1621 2286 1691 quia
2361 1633 2461 1675 nec
2521 1619 2804 1675 moriendo
2861 1619 3157 1689 deposituri
3233 1635 3352 1675 eam
3413 1620 3530 1676 fuc-

1920 1722 2062 1778 rant,
2090 1711 2186 1767 sed
2226 1711 2366 1767 unde
2393 1711 2534 1767 unde
2568 1710 2650 1785 (5)
2680 1723 2979 1782 sumptam,
3012 1722 3068 1768 et
3108 1729 3320 1784 quoquo
3367 1713 3528 1769 modo

1921 1804 2140 1860 omnino
2179 1804 2480 1871 dimissam,
2513 1806 2720 1860 mentiti
2767 1821 2886 1860 eam
2920 1817 3097 1860 tamen
3138 1822 3244 1862 non
3292 1817 3438 1862 sunt.
3469 1807 3527 1863 Si

211 1895 282 1950 rit
309 1895 360 1948 in
392 1897 597 1965 angelis
628 1911 774 1963 caro,
805 1897 898 1953 sed
923 1914 1064 1952 verte
1091 1909 1144 1953 et
1171 1899 1357 1953 Solida:
1383 1899 1698 1955 substantia:
1723 1900 1822 1955 hu-
1848 1902 1897 1962 B
1926 1897 2147 1952 Creator
2169 1896 2293 1968 facit
2331 1897 2542 1968 angelos
2568 1898 2800 1967 spiritus,
2832 1907 2879 1953 et
2920 1901 3241 1968 apparitores
3287 1917 3406 1955 suos
3445 1903 3528 1972 ig-

208 2005 405 2043 11101116.
433 1991 487 2044 Si
531 1991 673 2044 enim
706 1991 926 2046 difficile
954 2005 1058 2046 non
1089 1989 1184 2045 fuit
1228 1991 1324 2058 illi,
1351 1995 1600 2062 putativa:
1643 1996 1822 2050 carnis

209 2097 370 2136 veros
399 2094 453 2138 et
485 2097 678 2139 sensus
722 2093 778 2139 et
806 2093 956 2138 actus
991 2082 1273 2149 exhibere,
1305 2085 1471 2139 nmlto
1503 2085 1709 2140 facilius
1731 2085 1824 2142 ha-

209 2174 326 2229 buit
357 2178 497 2231 veris
523 2187 576 2232 et
606 2176 859 2232 sensibus
903 2185 958 2230 et
993 2176 1200 2230 actibus
1241 2192 1421 2231 veram
1451 2177 1667 2232 dedisse
1691 2177 1821 2231 sub.

210 2271 466 2322 Stantiam
527 2269 724 2336 carnis,
759 2269 838 2324 vel
877 2285 979 2340 qua
1023 2270 1271 2339 preprius
1322 2278 1509 2324 auctor
1535 2278 1590 2324 et
1637 2270 1821 2324 artifex

213 2361 356 2431 ejus.
381 2362 524 2417 'lâ€˜uus
544 2371 721 2416 autem
755 2362 916 2432 Deus,
948 2377 1014 2417 eo
1055 2361 1195 2432 quod
1224 2376 1440 2417 carnem
1472 2362 1674 2416 nullam
1703 2375 1826 2416 0111-

213 2456 345 2508 nino
389 2453 740 2522 produxerit,
775 2454 967 2509 merito
1000 2453 1230 2509 fortasse
1257 2456 1572 2524 phantasma
1601 2455 1718 2525 ejus
1749 2455 1829 2508 itt-

214 2545 427 2611 tulerit,
472 2545 624 2615 cujus
670 2561 776 2599 non
810 2546 1053 2600 valuerat
1091 2548 1395 2602 veritatem.
1451 2548 1595 2602 Meus
1644 2559 1824 2603 autem

216 2636 385 2701 Deus,
418 2637 507 2706 qui
542 2637 686 2691 illam
713 2636 783 2691 dc
817 2637 944 2692 limo
965 2647 1265 2708 sumptam,
1295 2639 1346 2692 in
1390 2637 1489 2693 hac
1518 2639 1830 2695 reformavit

215 2729 495 2800 qualitate,
528 2729 763 2784 nondum
788 2745 852 2784 ex
884 2731 1088 2786 semine
1114 2731 1404 2802 conjugali,
1431 2743 1486 2787 et
1519 2743 1693 2788 tamen
1721 2749 1832 2789 car-

216 2840 344 2880 nem
373 2840 524 2894 aeque
555 2825 727 2893 potuit
753 2841 817 2879 ex
854 2841 1190 2896 quacumque
1225 2829 1451 2881 materia
1483 2829 1684 2898 angelis
1707 2844 1834 2899 quo.

216 2933 324 2986 quc
354 2916 684 2972 atlstruxissc
707 2932 949 2980 carnem,
975 2920 1063 2988 qui
1094 2919 1255 2972 etiam
1283 2919 1541 2975 mundum
1569 2937 1634 2975 ex
1666 2923 1834 2977 nihilo

216 3008 272 3062 in
305 3017 385 3062 tot
415 3024 476 3062 ac
509 3008 632 3062 talia
673 3024 920 3078 corpora,
953 3017 1009 3064 et
1039 3009 1252 3079 quidem
1300 3011 1485 3078 verbo,
1529 3013 1831 3068 aditieavit.

219 3099 286 3154 Et
316 3101 498 3170 utique
527 3100 571 3154 si
600 3100 742 3154 Deus
769 3110 890 3155 tuus
919 3116 1098 3156 veram
1131 3101 1451 3172 quandoque
1481 3103 1831 3159 substantiam

217 3192 537 3261 angelorum
560 3192 868 3248 hominibus
897 3194 1216 3265 pollicetur:
1249 3192 1420 3248 Erunt
1455 3197 1620 3262 enim,
1661 3197 1831 3267 inquit

1927 2007 2039 2044 nent
2066 1991 2371 2061 ï¬‚agrantem
2406 1987 2523 2060 (Ps.
2558 1988 2686 2056 Clll,
2718 1991 2773 2061 4)
2793 2032 2807 2057 ,
2835 2001 2938 2045 tam
2968 2007 3095 2048 vere
3116 1993 3338 2062 Spiritus
3369 2008 3529 2061 quam

1925 2093 1981 2138 et
2006 2083 2212 2154 ignem;
2238 2082 2379 2138 idem
2418 2083 2536 2137 illos
2581 2099 2707 2138 vere
2739 2083 2866 2138 fecit
2905 2093 2960 2140 et
3009 2099 3266 2142 carnem:
3299 2094 3356 2140 ut
3389 2099 3533 2140 nunc

1927 2176 2312 2242 recordemur,
2365 2185 2420 2231 et
2465 2175 2737 2230 haereticis
2786 2177 3192 2244 renuntiemus,
3239 2177 3356 2248 ejus
3409 2192 3532 2234 esse

1929 2268 2277 2340 promissum,
2308 2268 2553 2323 homines
2589 2269 2642 2324 in
2682 2268 2901 2340 angelos
2927 2268 3259 2326 reformandi
3287 2270 3534 2340 quando-

1929 2375 2057 2432 que,
2080 2363 2168 2432 qui
2200 2361 2421 2432 angelos
2451 2361 2504 2415 in
2530 2359 2777 2416 homines
2806 2359 3050 2416 formarit
3078 2363 3388 2434 aliquando.

2569 2451 2797 2508 CAPUT
2837 2452 2906 2508 Î§.

2003 2544 2167 2615 Igitur
2209 2559 2316 2600 non
2360 2543 2628 2599 admissus
2671 2545 2737 2599 ad
2790 2545 3120 2601 consortium
3163 2547 3534 2619 exemplorum

1931 2634 2224 2700 Creatoris,
2246 2644 2304 2689 ut
2323 2635 2619 2692 alienorum
2634 2645 2688 2692 et
2708 2651 2833 2692 suas
2850 2635 3159 2693 habentium
3180 2654 3420 2707 caussas,
3446 2655 3535 2696 ve-

1935 2728 2029 2784 lim
2059 2728 2187 2783 edas
2214 2739 2267 2783 et
2300 2729 2415 2799 ipse
2452 2729 2737 2784 consilium
2771 2730 2860 2785 Dei
2893 2731 2966 2785 tui
2998 2730 3098 2804 (b),
3122 2747 3229 2803 quo
3258 2730 3537 2787 Christum

1935 2837 2090 2879 suum
2124 2838 2228 2877 non
2259 2823 2311 2877 in
2348 2823 2575 2879 veritate
2613 2822 2791 2880 carnis
2837 2823 3101 2880 exhibuit.
3133 2824 3190 2881 Si
3220 2835 3542 2896 aSpcrnatns

1937 2925 2022 2970 est
2049 2915 2216 2979 illaut,
2251 2924 2308 2968 ut
2335 2925 2629 2980 terrenam,
2662 2925 2736 2982 et,
2770 2925 2829 2971 ut
2855 2914 3055 2982 dicitis,
3087 2919 3417 2973 stercoribus
3447 2917 3536 2972 iu-

1937 3005 2132 3062 fersam
2162 3006 2262 3078 (6),
2291 3019 2388 3060 cur
2415 3021 2523 3059 non
2565 3014 2620 3061 et
2649 3005 2992 3062 simulacrum
3041 3007 3158 3078 ejus
3201 3007 3422 3078 proinde
3448 3010 3543 3066 dc-

1939 3097 2148 3170 spexit?
2179 3097 2385 3152 Nullius
2433 3098 2576 3152 enim
2604 3097 2957 3170 dedignanda:
2999 3100 3074 3155 rei
3117 3103 3293 3172 imago
3315 3099 3541 3173 dignan-

1940 3190 2007 3246 da
2036 3199 2118 3246 est
2151 3206 2164 3244 :
2194 3191 2437 3260 sequitur
2488 3198 2686 3245 statum
2747 3190 3060 3245 similitudo.
3117 3191 3221 3248 Sed
3270 3192 3543 3264 quomodo

220 3283 378 3356 (Luc.
412 3283 530 3351 XX,
556 3285 673 3354 36),
703 3287 830 3340 sicut
859 3286 1060 3358 angeli;
1094 3303 1190 3342 cur
1229 3303 1331 3341 non
1377 3297 1431 3342 et
1489 3287 1630 3342 Deus
1675 3303 1828 3344 meus
1855 3293 1899 3357 C
1935 3286 2076 3341 inter
2103 3283 2348 3338 homines
2373 3291 2810 3350 conversaretur,
2836 3283 2938 3338 nisi
2987 3298 3082 3354 per
3109 3283 3392 3356 imaginem
3416 3288 3543 3343 sub-

218 3394 406 3432 veram
438 3379 786 3433 substantiam
829 3379 1102 3434 hominum
1152 3380 1355 3449 angelis
1393 3380 1827 3447 accommodarit,

218 3473 365 3525 unde
412 3472 551 3526 unde
591 3473 672 3538 (l)
715 3472 1023 3540 sumptam?
1054 3470 1186 3536 Quia
1223 3486 1320 3525 nec
1363 3483 1415 3524 111
1449 3471 1580 3526 1111111
1611 3487 1833 3541 respou-

217 3567 396 3629 debis,
450 3567 590 3622 unde
621 3567 708 3620 illa
739 3565 879 3635 apud
926 3577 976 3621 te
1025 3565 1264 3636 angelica
1315 3577 1588 3630 sumatur,
1633 3566 1833 3624 suï¬icit

220 3659 358 3712 mihi
392 3658 495 3713 hoc
520 3657 766 3725 delinire,
798 3658 939 3729 quod
975 3658 1086 3715 Deo
1112 3660 1394 3730 congruit;
1428 3660 1708 3715 veritatem
1736 3661 1833 3716 sci-

220 3750 355 3804 licet
385 3750 502 3819 ejus
533 3752 628 3817 rei,
665 3767 823 3821 quam
865 3751 1035 3806 tribus
1076 3751 1302 3807 testibus
1333 3752 1582 3807 sensibus
1609 3753 1827 3823 objeeit,

219 3844 387 3911 visui,
420 3846 600 3910 tactui,
633 3845 859 3900 auditui.
919 3844 1198 3900 Difficilius
1239 3845 1350 3900 Deo
1383 3847 1618 3911 mentiri,
1665 3863 1827 3918 quam

220 3938 410 3991 carnis
431 3937 708 3990 veritatem
743 3935 884 3992 unde
927 3937 1070 3991 unde
1104 3935 1184 4008 (â€˜2)
1221 3937 1538 4006 producere,
1569 3939 1696 3994 licet
1723 3955 1828 3996 non

220 4037 388 4083 natae.
423 4028 722 4094 Cmterum,
751 4038 805 4083 et
851 4029 969 4083 aliis
1019 4029 1288 4084 haereticis
1337 4029 1720 4085 definientibus
1749 4030 1826 4104 (a)

220 4134 448 4174 carnem
483 4119 626 4173 illam
663 4120 715 4174 in
757 4120 960 4190 angelis
1010 4137 1076 4176 ex
1103 4135 1266 4177 carne
1297 4122 1442 4177 nasci
1481 4120 1755 4188 debuisse,
1783 4125 1827 4178 si

221 4226 356 4265 vere
388 4209 575 4267 fuisset
603 4211 854 4278 humana,
873 4221 1018 4268 certa
1047 4213 1257 4270 ratione
1285 4212 1699 4284 respondemus,
1723 4231 1824 4285 qua

223 4313 282 4357 et
317 4301 547 4356 humana
569 4318 695 4358 vere
719 4302 898 4370 fuerit,
929 4312 984 4358 ct
1013 4303 1195 4359 innata
1226 4323 1240 4360 :
1270 4305 1500 4362 humana
1533 4322 1678 4372 vere,
1705 4322 1828 4377 pro-

225 4409 352 4469 pter
374 4397 468 4453 Dei
497 4397 800 4466 veritatem,
829 4413 860 4452 a
889 4397 1169 4454 mendacio
1203 4408 1260 4454 et
1295 4399 1503 4456 fallacia
1545 4403 1822 4466 extranei,

1937 3377 2148 3434 stantia:
2172 3373 2458 3432 humanae?
2476 3373 2586 3430 Cur
2606 3390 2736 3445 ergo
2763 3391 2869 3429 non
2899 3376 3074 3446 potius
3097 3391 3193 3446 per
3223 3379 3502 3434 veritatem
3525 3422 3541 3448 ,

1938 3481 1997 3525 ut
2051 3485 2178 3524 vere
2219 3478 2652 3532 conversaretur,
2682 3468 2726 3522 si
2782 3482 3003 3524 necesse
3034 3468 3264 3525 habebat
3311 3486 3540 3527 conver-

1936 3563 2297 3633 sari?qnanto
2321 3561 2535 3631 dignius
2563 3559 2859 3615 necessitas
2881 3559 3063 3628 fidem,
3100 3563 3170 3632 (e)
3201 3577 3362 3632 quam
3395 3573 3540 3619 stroo

1934 3656 2094 3730 pham
2123 3654 2587 3710 administrassent
2611 3653 2754 3710 Satis
2784 3653 3042 3708 miserum
3089 3654 3255 3709 Deum
3286 3655 3539 3723 instituis,

1935 3749 2039 3806 hoc
2067 3749 2204 3822 ipso,
2235 3745 2376 3819 quod
2403 3745 2679 3802 Christum
2717 3759 2871 3800 suum
2903 3761 3010 3800 non
3043 3746 3215 3816 potuit
3258 3749 3537 3817 exhibere,

1933 3845 2035 3900 nisi
2061 3845 2112 3898 in
2134 3842 2362 3912 indigna:
2383 3840 2460 3894 rei
2482 3837 2675 3909 effigie,
2694 3849 2746 3893 et
2774 3838 2992 3909 quidem
3021 3840 3232 3895 alienae.
3265 3841 3536 3912 Aliquan-

1935 3937 2003 3993 tis
2048 3936 2192 3992 enim
2241 3932 2472 4004 indignis
2503 3931 2790 3986 conveniet
2837 3929 2948 3994 uti,
2977 3931 3022 3986 si
3068 3931 3148 4003 (7)
3179 3934 3376 3988 nostris
3412 3933 3532 4004 (d);

1933 4030 2073 4086 sicut
2101 4028 2292 4083 alienis
2318 4040 2425 4081 non
2455 4032 2717 4096 congruet
2748 4023 2844 4088 uti,
2875 4023 2998 4079 licet
3034 4024 3230 4096 dignis.
3256 4025 3366 4082 Cur
3391 4027 3536 4082 enim

1935 4136 2042 4177 non
2069 4121 2121 4176 in
2151 4120 2328 4190 aliqua
2357 4118 2460 4173 alia
2490 4117 2733 4190 digniore
2761 4116 3059 4173 substantia
3089 4118 3252 4185 venit,
3268 4128 3320 4174 et
3347 4119 3397 4174 in
3430 4121 3542 4190 pri-

1933 4214 2037 4270 mis
2058 4228 2175 4280 sua,
2219 4227 2286 4268 ne
2312 4220 2366 4266 et
2397 4210 2613 4282 indigna
2641 4218 2696 4265 et
2742 4209 2914 4265 aliena
2957 4210 3231 4265 videretur
3280 4212 3532 4282 eguisse?

1931 4307 1987 4364 Si
2013 4308 2238 4363 Creator
2285 4319 2436 4361 mens
2473 4319 2569 4375 per
2605 4305 2798 4358 rubum
2841 4317 3056 4374 quoque
3079 4311 3134 4357 et
3163 4304 3359 4374 ignem,
3393 4305 3534 4362 idem

1933 4411 2116 4475 postea
2139 4415 2237 4474 per
2265 4399 2462 4457 nubem
2502 4404 2560 4454 et
2602 4395 2819 4468 globum
2863 4410 2988 4452 cum
3038 4394 3258 4456 homine
3285 4412 3538 4472 congres-

1485 4508 1868 4575 LECTIONES
1897 4513 2312 4574 VARIANTES.

295 4636 368 4696 (l)
393 4633 536 4696 Unde
555 4646 648 4684 non
671 4639 823 4696 repet.
852 4642 1030 4696 "fuitut.
1055 4635 1195 4684 Pam.
1223 4635 1343 4696 Par.
1368 4643 1516 4696 Frtm.

294 4693 368 4755 (2)
395 4695 534 4746 Unde
555 4693 739 4746 tantum
761 4694 906 4746 semel
927 4693 1078 4748 Rhea.
1102 4694 1254 4748 Seml.
1289 4695 1490 4750 Obertlt.

295 4760 370 4886 111
393 4759 787 4874 astate-

1854 4641 1908 4700 D
2021 4636 2049 4686 5
2094 4633 2234 4683 Unde
2255 4627 2400 4682 semet
2424 4627 2578 4682 Rhea.
2604 4625 2756 4680 Semt.
2777 4625 2974 4682 Oberth.

2021 4700 2050 4746 6
2096 4696 2325 4746 Infarsam
2345 4701 2458 4744 Jun.

1999 4634 2076 4824 iii
2103 4761 2147 4809 si
2167 4755 2296 4809 abest
2316 4759 2458 4807 Pam.
2481 4757 2603 4808 Par.
2626 4755 2782 4807 Fratt.
2801 4754 2929 4805 sicut
2946 4760 2974 4804 tt

2096 4696 2325 4746 Infarsam
2345 4701 2458 4744 Jun.

2103 4761 2147 4809 si
2167 4755 2296 4809 abest
2316 4759 2458 4807 Pam.
2481 4757 2603 4808 Par.
2626 4755 2782 4807 Fratt.
2801 4754 2929 4805 sicut
2946 4751 3090 4804 Rhea.

2021 4700 2050 4746 6

2026 4762 2050 4809 'l

1623 4924 2180 4984 COMMENTARIUS.

306 5039 464 5096 CAP.
497 5039 589 5095 IX.
612 5070 684 5081 â€”
708 5038 782 5111 (11)
807 5038 1056 5095 Caeterum
1087 5049 1133 5094 et
1172 5039 1288 5111 aliis
1317 5039 1565 5094 hereticis
1592 5039 1840 5111 deï¬ttien-

232 5115 394 5168 tibus.
426 5113 544 5180 Agit
565 5111 630 5166 de
651 5109 855 5182 Apelle,
888 5112 999 5182 qui,
1025 5111 1163 5165 sicut
1189 5110 1450 5182 indicatur
1475 5111 1565 5166 lib.
1590 5111 1652 5165 de
1677 5109 1842 5165 Carne

230 5184 452 5247 Christi,
482 5199 529 5235 c.
549 5184 601 5252 6,
628 5181 730 5237 11011
763 5181 920 5236 1110110
947 5183 1164 5243 Christi,
1189 5181 1284 5236 sed
1308 5193 1358 5237 ct
1387 5182 1701 5252 angelorum
1724 5197 1841 5238 caro

233 5271 367 5312 nem
399 5271 460 5309 ex
493 5250 758 5308 sideribus
785 5253 975 5306 factam
1004 5255 1304 5307 asseruisse
1331 5250 1556 5307 videtur.
1596 5254 1730 5308 Pan.

312 5325 452 5381 CAP
491 5325 556 5378 Î§.
579 5355 650 5364 --
683 5323 760 5397 (11)
797 5323 956 5377 Velini
987 5325 1108 5397 edas
1129 5334 1176 5397 et
1204 5325 1312 5392 ipse
1331 5326 1595 5378 coasilitmt
1631 5325 1723 5379 Dei
1751 5325 1840 5377 tui.

232 5399 364 5467 Ipse
397 5410 482 5450 me
509 5395 700 5467 sensus
720 5397 910 5465 coegit,
942 5405 998 5449 nt
1028 5395 1112 5450 hie
1137 5395 1428 5451 dictionem
1459 5397 1553 5456 uti,
1577 5407 1842 5450 verterem

236 5466 295 5524 in
327 5469 537 5538 mi.quo
550 5466 806 5522 Christum
825 5483 994 5538 suum,
1018 5477 1145 5523 etc.:
1166 5467 1490 5537 exemplaria
1509 5477 1686 5522 vetera
1718 5481 1845 5522 con-

235 5537 487 5595 sentiunt
518 5540 568 5592 in
605 5554 810 5595 errore.
843 5537 1014 5592 RHEN.

322 5610 399 5682 (e)
464 5609 632 5673 Quam
683 5609 951 5682 stropham
991 5611 1437 5666 administrasset?
1467 5609 1695 5682 Streplia
1749 5608 1849 5682 11Î¿Ïƒ-

242 5680 382 5739 lum.
413 5684 734 5752 versutiam,
763 5691 922 5751 atque
945 5681 1297 5752 imposturam
1340 5683 1625 5752 significat,
1651 5680 1855 5736 Crtceis

242 5769 450 5823 ÏƒÏ„ÏÎ¹Ï†á¿†.
483 5751 654 5806 â€œBEN.

325 5823 408 5891 (á½¹)
437 5823 722 5891 Î›Î¹Î¹Î¹Î¼Î¹Ï‰Î¹Î¹á½²Îµ
752 5826 883 5878 enim
927 5824 1150 5896 indignis
1179 5826 1433 5880 conveniet
1475 5825 1547 5878 uti
1577 5823 1620 5877 si
1651 5822 1854 5896 nostris.

247 5897 342 5955 Sic
376 5897 574 5968 legitur
607 5897 656 5950 in
705 5896 996 5968 exemplari
1029 5894 1331 5955 Pithwauo.
1380 5896 1505 5952 litec
1552 5905 1729 5951 autem
1763 5894 1861 5949 sub

1941 5039 2225 5097 Marcionis
2259 5054 2489 5110 persona
2518 5037 2622 5093 diei
2653 5035 2918 5110 videntur,
2951 5035 3020 5091 ab
3054 5036 3118 5092 iis
3153 5037 3360 5094 verbis:
3396 5039 3540 5097 Satis

1944 5112 2201 5172 miserum.
2228 5107 2396 5180 usque
2431 5109 2520 5180 ad.
2564 5119 2610 5162 et
2635 5109 2807 5162 aliena
2834 5107 3086 5180 videretur
3111 5110 3326 5180 eguisse.
3357 5111 3412 5167 Si
3445 5128 3548 5168 no.

1945 5186 2091 5246 stris,
2134 5179 2323 5254 inquit.
2357 5179 2612 5254 membris
2654 5180 2792 5254 licus
2824 5179 3009 5242 utitur,
3039 5190 3097 5234 ut
3122 5179 3400 5236 nobiseum
3429 5199 3547 5253 pos-

1946 5255 2016 5326 sit
2044 5250 2376 5312 conversari.
2413 5252 2576 5326 multa
2606 5259 2732 5305 sunt
2759 5250 2812 5303 in
2855 5264 3082 5326 corpore
3107 5261 3307 5326 nostro
3331 5250 3547 5326 indigna

1950 5325 2082 5398 Deo,
2109 5327 2302 5398 quibus
2333 5336 2510 5398 tamen
2540 5322 2703 5398 Deum
2735 5322 3021 5376 conveniet
3046 5322 3142 5387 uti,
3166 5322 3217 5398 si
3251 5322 3550 5380 nostris'uti

1949 5397 2100 5452 velit.
2128 5391 2235 5451 Sed
2268 5395 2366 5449 etsi
2395 5393 2554 5462 digna
2589 5393 2698 5446 Deo
2721 5399 2906 5446 essent
2932 5401 3138 5459 nostra,
3166 5391 3332 5447 Deum
3372 5405 3548 5452 tamen

1953 5483 2060 5522 non
2087 5469 2236 5523 decet
2260 5467 2331 5521 nti
2367 5464 2573 5519 alienis.
2604 5463 2694 5517 illa
2720 5463 2884 5517 etiam
2926 5477 3046 5532 quas
3073 5478 3419 5531 ptmcessere,
3445 5466 3552 5522 Sed

1953 5542 2202 5610 quomodo
2236 5539 2363 5619 inter
2395 5536 2621 5619 homines
2647 5543 3048 5619 conversaretur,
3100 5533 3198 5588 nisi
3241 5537 3554 5619 ÏÎ±Î½-,11111191-

1958 5603 2069 5664 item
2101 5609 2402 5663 substantiae.
2423 5607 2680 5670 lnmaamv,
2710 5604 2812 5660 sub
2838 5603 3026 5657 eadem
3068 5603 3297 5674 persona
3327 5603 3556 5664 Marcio-

1960 5685 2045 5736 nis
2068 5683 2338 5737 dicuntur.
2375 5680 2436 5733 Et
2469 5677 2664 5733 similia
2696 5675 2894 5747 passim
2916 5684 3230 5747 occurrunt,
3265 5676 3349 5731 ubi
3379 5677 3561 5747 Septi-

1964 5753 2102 5809 mius
2131 5751 2390 5821 disputat,
2418 5765 2538 5820 qua:
2569 5747 2668 5821 nisi
2699 5744 2868 5821 perite
2896 5744 3312 5820 distinguantur,
3345 5744 3561 5806 0111116111

1965 5817 2381 5896 diSputationcm
2406 5817 2746 5878 conturbant.
2774 5817 2946 5874 11111111.
