4262 6490
697 364 803 422 335

2118 361 2583 421 TERTULLIANI

3902 364 4009 421 336

695 494 787 535 sus
812 487 914 545 est,
936 487 992 534 et
1014 478 1402 535 elementorum
1435 478 1755 549 corporibus
1780 480 1833 532 in
1866 479 2300 548 reprmseutatio-
2326 482 2379 539 Λ
2411 478 2547 533 hanc
2591 493 2802 553 quoque
2846 478 3162 550 impegisses
3206 478 3581 549 quaestionem.
3629 478 3761 533 Nam
3792 490 3847 533 et
3889 493 4009 532 mu—

693 574 852 629 nibus
878 574 961 628 sui
1010 589 1138 629 usus
1179 584 1280 637 est,
1312 574 1442 628 satis
1490 571 1607 627 ltzec
1637 574 1881 642 exempla
1919 572 2113 626 divina:
2148 582 2297 643 pulc-

691 667 845 721 statis
872 666 1181 729 ostendunt,
1228 666 1395 721 Deum
1446 682 1551 721 non
1600 669 1811 735 eguisse
1862 675 1953 720 aut
1995 666 2160 731 falsa“,
2204 675 2296 719 aut

694 760 856 815 etiam
910 775 1053 815 vera:
1100 759 1280 815 carnis
1335 767 1605 824 paratura.
1654 759 1957 825 Caeterum,
1993 760 2035 813 si
2077 759 2143 813 ad
2176 774 2296 814 cer-

694 861 805 906 tum
852 864 1192 923 speetamus,
1250 850 1392 906 nulla
1440 852 1736 907 sobSIantia
1784 850 1944 922 digna
1998 860 2082 906 est
2133 868 2292 921 quam

695 943 835 997 Deus
904 942 1141 999 inducat.
1218 943 1603 1013 Quodcumque
1678 943 1910 999 induerit
1987 945 2136 1013 ipse,
2206 945 2292 999 di-

689 1049 852 1104 gnum
878 1034 1021 1099 facit,
1051 1036 1255 1104 absque
1301 1035 1583 1089 mendacio
1623 1044 1821 1089 tamen.
1857 1036 1923 1090 Et
1964 1036 2105 1102 ideo,
2135 1038 2293 1107 quale

689 1138 792 1195 eat,
822 1139 878 1180 ut
908 1127 1142 1183 dedecus
1183 1127 1507 1184 existimarit
1549 1129 1829 1183 veritatem
1876 1130 2088 1197 potius,
2131 1146 2289 1200 quam

689 1218 1027 1275 mendacium
1050 1220 1269 1274 carnis?
1291 1221 1487 1290 Atquin
1515 1220 1803 1278 honoravit
1834 1223 1976 1277 illam
2018 1222 2287 1293 ﬁngendo.

687 1314 895 1382 Quanta
922 1316 1033 1386 jam
1064 1328 1191 1370 caro
1217 1324 1319 1379 est,
1349 1316 1504 1385 cujus
1552 1308 1870 1385 phantasma
1922 1319 2287 1372 necessarium

686 1408 785 1463 fuit
814 1409 925 1464 Deo
949 1408 1255 1479 superiori?

1308 1500 1540 1557 CAPUT
1569 1502 1661 1556 XI.

756 1594 921 1648 Totas
971 1594 1100 1647 istas
1136 1593 1435 1663 prestigias
1484 1595 1733 1661 putativa:
1788 1596 1840 1649 in
1888 1594 2106 1649 Christo
2161 1611 2287 1651 cor-

692 1688 946 1756 pulentiaa.
976 1684 1086 1759 (ιι),
1119 1686 1352 1741 Marcion
1411 1686 1495 1741 illa
1554 1688 1849 1742 intentione
1896 1690 2166 1757 suscepit,
2220 1703 2290 1744 ne

680 1795 748 1835 ex
802 1778 1108 1835 testimonio
1158 1778 1470 1836 substantia:
1520 1779 1789 1843 humanae,
1846 1781 2095 1835 nativitas
2148 1795 2285 1849 quo-

2405 570 2638 627 liercula:
2713 586 3096 641 nonnunquam
3156 582 3496 642 pnegttatttcs
3550 572 3654 625 sibi
3711 572 4004 638 videntur,

2402 671 2492 714 aut
2533 664 2604 732 (c)
2638 665 2913 733 sanguinis
2946 665 3181 731 tributo,
3209 674 3301 719 aut
3351 665 3527 733 aliqua
3572 665 3877 720 valetudine
3921 664 4006 717 in-

2402 756 2560 808 Ilatre.
2618 757 2677 810 Et
2710 758 2890 828 utique
2926 758 3005 825 (Δ)
3033 758 3294 813 debuerat
3344 759 3731 828 phantasmatis
3784 774 4004 814 scenam

2398 846 2771 904 decucurrisse
2798 892 2810 906 .
2839 866 2904 904 ue
2926 851 3186 920 originem
3212 852 3391 907 carnis
3421 868 3525 907 non
3550 852 3863 908 desaltasset
3891 852 3998 924 (Ξ),

2396 939 2486 1009 qui
2516 956 2798 1009 personam
2828 944 3140 997 substantia:
3170 943 3340 1012 ipsius
3361 944 3578 1015 egisset.
3612 945 3774 1000 f'lane
3802 946 4005 999 nativi-

2399 1031 2521 1085 tatis
2543 1031 2878 1087 mendacium
2909 1034 3192 1101 recusasti,
3218 1035 3386 1105 ipsam
3411 1036 3553 1090 enim
3579 1050 3798 1090 carnem
3825 1050 4011 1091 teram

2395 1123 2628 1179 edidisti.
2673 1126 3063 1197 Turpissimum
3091 1128 3296 1183 scilicet
3327 1128 3421 1183 Dei
3450 1170 3465 1193 ,
3492 1130 3652 1182 etiam
3684 1144 3828 1191 vera,
3861 1128 4007 1181 nati-

2396 1216 2551 1271 vitas.
2583 1218 2692 1286 Age
2726 1217 2836 1286 jam
2868 1220 2939 1287 te)
2963 1260 2979 1285 ,
3012 1235 3199 1288 perora
3241 1219 3293 1273 in
3341 1220 3427 1275 illa
3467 1221 3800 1277 sanctissima
3833 1231 3884 1275 et
3920 1236 4009 1275 re-

2393 1310 2626 1364 verenda
2656 1326 2819 1381 opera
2860 1323 3101 1366 naturzez
3134 1310 3388 1367 invehere
3432 1313 3485 1366 iu
3518 1323 3685 1367 totmn
3716 1313 3858 1382 quod
3894 1328 3957 1368 es
3984 1330 4000 1368 :

2391 1402 2570 1457 carnis
2595 1410 2753 1473 atque
2782 1404 2973 1458 anime
2999 1403 3262 1475 originem
3292 1403 3509 1459 destrue
3541 1423 3556 1457 :
3589 1405 3827 1461 cloacam
3864 1418 4003 1459 voca

2393 1503 2603 1548 uterum
2631 1536 2647 1560 ,
2682 1497 2812 1549 tanti
2846 1496 3094 1550 animalis
3123 1538 3139 1563 ,
3174 1496 3225 1551 id
3252 1504 3370 1559 est,
3407 1495 3640 1550 hominis
3669 1496 4010 1567 producendi

2390 1586 2661 1641 ofﬁcinam
2690 1606 2701 1642 :
2734 1604 3058 1659 persequere
3083 1599 3138 1643 et
3166 1600 3345 1656 partus
3372 1589 3644 1643 immunda
3669 1603 3721 1644 et
3749 1588 4006 1659 pudenda

2392 1691 2655 1735 tormenta
2696 1724 2711 1747 ,
2746 1692 2799 1737 et
2846 1683 3011 1751 ipsius
3050 1684 3244 1737 exinde
3292 1683 3555 1751 puerperii
3595 1698 3853 1751 Spurcus.
3898 1698 4001 1737 an-

2391 1773 2538 1836 xios,
2596 1774 2831 1827 ludicros
2883 1775 3059 1828 exitus
3100 1774 3190 1845 (Γ).
3243 1774 3443 1828 Tamen
3491 1790 3611 1829 cum
3659 1775 3840 1828 omnia
3896 1775 4004 1830 ista

679 1887 785 1942 quc
833 1871 949 1942 ejus
1003 1870 1403 1935 defenderetur,
1473 1881 1632 1938 atque
1662 1936 1665 1939 ἰ
1709 1872 1777 1923 ita
1822 1870 2072 1926 Christus
2117 1872 2287 1927 Crea-
2318 1869 2366 1929 Β
2394 1865 2764 1927 destruxeris,
2798 1875 2853 1919 ut
2896 1866 3007 1922 Deo
3043 1866 3255 1934 imligna
3285 1867 3366 1933 (3)
3397 1868 3684 1922 confirmes
3711 1908 3725 1929 ,
3758 1882 3863 1920 non
3893 1865 4004 1921 erit

680 1966 813 2018 toris
868 1962 1257 2027 vindicaretur,
1311 1971 1365 2015 ut
1423 1962 1510 2029 qui
1560 1962 1868 2017 nascibilis.
1917 1978 1980 2015 ac
2024 1977 2119 2032 per
2158 1962 2281 2029 hoc,

680 2070 909 2112 carneus
955 2056 1383 2109 anuuntiaretur.
1428 2054 1759 2111 Stultissime
1786 2066 1838 2110 et
1864 2055 1951 2111 hic
1983 2054 2062 2128 (l)
2099 2058 2281 2111 Ponti.

680 2165 778 2206 cus
806 2192 820 2214 ,
854 2150 1003 2219 quasi
1054 2164 1159 2203 non
1208 2147 1417 2203 facilius
1446 2148 1759 2203 crederetur
1797 2164 1924 2203 caro
1958 2151 2007 2202 in
2041 2150 2147 2203 Deo
2177 2165 2282 2203 non

681 2250 804 2297 nata
829 2282 845 2306 ,
871 2256 1032 2311 quam
1059 2239 1186 2294 falsa
1220 2281 1233 2303 ,
1270 2240 1715 2308 ιιι-ωειηιειιιίὺιιε
1742 2239 1824 2293 vel
1856 2240 2089 2294 maxime
2120 2238 2282 2295 ﬁdem

676 2335 833 2389 istam
880 2333 1087 2403 angelis
1133 2332 1424 2394 Creatoris,
1473 2331 1523 2384 iu
1564 2346 1727 2385 carne
1758 2347 1882 2386 vera
1912 2332 2281 2399 convcrsatis,

676 2441 776 2481 nec
806 2436 981 2480 tamen
1028 2434 1169 2478 nata.
1214 2424 1344 2478 Nam
1375 2435 1429 2479 et
1463 2424 1776 2479 Philumcuc
1825 2425 1912 2478 illa
1964 2426 2132 2494 magis
2162 2441 2283 2497 per-

674 2519 843 2575 suasit
871 2517 1041 2587 Apelli
1069 2558 1083 2582 ,
1115 2517 1431 2586 ert-terisque
1457 2516 1825 2572 desertoribus
1853 2515 2139 2571 Marcionis
2164 2560 2178 2582 ,
2214 2535 2280 2573 ex

677 2610 782 2665 ﬁde
809 2608 1022 2679 quidem
1053 2607 1325 2663 Christum
1356 2608 1753 2663 circumtulisse
1794 2624 2013 2663 carnem
2039 2625 2053 2672 ;
2085 2609 2281 2664 nullius

676 2710 857 2755 tamen
907 2701 1231 2763 nativitatis,
1267 2708 1453 2768 utpote
1491 2699 1559 2754 dc
1608 2699 1892 2753 elementis
1922 2716 2039 2753 eam
2071 2712 2282 2756 mutua—

674 2802 807 2846 tum.
839 2788 991 2857 Quod
1038 2791 1082 2844 si
1134 2788 1425 2844 verebatur
1472 2788 1741 2851 Marciou,
1798 2806 1863 2843 ne
1916 2787 2052 2845 ﬁdes
2102 2792 2280 2847 carnis

673 2881 973 2936 nativitatis
1039 2895 1254 2951 quoque
1320 2878 1478 2934 ﬁdem
1548 2880 1876 2945 induceret;
1929 2882 2045 2937 sine
2114 2883 2279 2937 dubio

669 2974 761 3045 qui
812 2975 973 3030 homo
1021 2972 1322 3040 videbatur,
1354 2981 1513 3027 natus
1545 2973 1728 3043 utique
1758 2973 2081 3029 credebatur
2110 2994 2122 3029 :
2155 2993 2275 3031 nam

667 3075 724 3122 et
750 3066 940 3120 mulier
964 3064 1208 3135 quadam
1238 3064 1628 3120 exclamaverat
1666 3064 1814 3135 (Luc.
1848 3066 1951 3129 XI,
1985 3068 2110 3137 ‘27):
2141 3068 2275 3123 Bea—

669 3165 749 3211 tus
776 3166 945 3211 venter
971 3157 1058 3225 qui
1104 3166 1152 3210 te
1200 3158 1458 3226 portavit,
1487 3166 1533 3209 et
1578 3156 1731 3210 ubera
1780 3175 1895 3227 qua:
1944 3159 2181 3215 Itansisti.
2210 3162 2278 3217 Et

2391 1956 2659 2027 indignior
2692 1967 2867 2013 morte
2913 1959 3164 2013 nativitas
3186 2001 3200 2024 ,
3229 1967 3282 2014 et
3311 1973 3475 2015 cruce
3522 1959 3743 2014 infantia
3767 2002 3781 2024 ,
3816 1970 3869 2014 et
3902 1975 4001 2015 na-

2390 2060 2503 2104 tura
2539 2066 2692 2121 pmna
2714 2091 2730 2117 ,
2759 2061 2814 2107 et
2858 2068 3023 2107 carne
3065 2053 3359 2107 danmatio.
3408 2054 3463 2109 Si
3495 2069 3622 2108 vera
3672 2055 3768 2108 ista
3803 2068 3999 2124 passus

2388 2155 2471 2198 est
2500 2144 2747 2200 Christus
2772 2188 2787 2210 ,
2817 2147 2994 2200 mitius
3020 2146 3118 2200 fuit
3147 2148 3228 2216 (4)
3258 2148 3424 2202 nasci.
3456 2148 3511 2202 Si
3541 2148 3822 2202 memlacio
3863 2164 3995 2213 pas-

2386 2249 2481 2289 sus
2524 2246 2645 2300 est,
2677 2248 2734 2291 ut
2786 2236 3133 2304 phantasma,
3169 2239 3342 2307 potuit
3386 2249 3439 2294 et
3489 2240 3769 2295 mendacio
3819 2239 3996 2294 nasci.

2388 2325 2608 2381 Summa
2637 2329 2735 2382 ista
2764 2327 3049 2383 Marcionis
3074 2340 3388 2400 argumenta
3416 2371 3429 2389 ,
3461 2344 3557 2398 per
3581 2347 3699 2399 qua:
3730 2331 3895 2384 alium
3919 2328 4006 2385 cf-

2388 2418 2499 2474 ﬁcit
2536 2419 2843 2489 (lhristum,
2883 2422 3015 2477 satis
3045 2422 3257 2491 opinor,
3299 2422 3639 2477 ostendimus
3668 2438 3771 2478 nou
3815 2423 4010 2478 consi-

2386 2522 2529 2569 stere
2554 2515 2807 2581 omnino,
2840 2516 2965 2569 dum
2994 2514 3254 2570 docemus
3284 2515 3455 2585 magis
3483 2516 3665 2585 utique
3692 2528 4013 2585 competere

2390 2607 2498 2661 Deo
2529 2608 2843 2672 veritatem,
2876 2623 3039 2679 quam
3095 2608 3432 2663 mendacium
3482 2608 3601 2678 ejus
3654 2609 3904 2674 habitus,
3948 2610 4011 2665 in

2384 2717 2491 2770 quo
2537 2703 2806 2757 Christum
2856 2720 3011 2758 snmu
3059 2703 3323 2759 exhibuit.
3374 2705 3430 2759 Si
3479 2704 3680 2761 veritas
3709 2705 3840 2767 fuit,
3874 2719 4013 2759 caro

2386 2792 2522 2859 fuit;
2551 2796 2596 2849 si
2625 2811 2752 2849 caro
2783 2796 2881 2849 fuit
2906 2837 2919 2857 ,
2956 2805 3111 2849 natus
3143 2805 3243 2849 est.
3278 2795 3350 2850 Ea
3382 2797 3547 2859 enim,
3581 2811 3700 2865 quae
3729 2803 4013 2864 expugnat

2384 2884 2500 2941 haec
2540 2886 2766 2943 hmresis
2787 2929 2801 2950 ,
2834 2889 3256 2951 conﬁrmantur,
3291 2902 3414 2942 cum
3444 2903 3527 2951 ea,
3558 2903 3653 2957 per
3681 2903 3800 2957 qua:
3827 2903 4009 2956 expu-

2382 2988 2529 3048 gnat,
2570 2978 2938 3034 destruuutur.
2974 2978 3157 3049 Itaque
3195 2980 3241 3032 si
3285 2994 3512 3035 carneus
3538 2978 3844 3041 habebitur,
3875 2980 4010 3050 quia

2383 3083 2539 3127 natus
2570 3115 2583 3137 ,
2628 3082 2683 3127 ct
2713 3084 2869 3127 natus
2891 3114 2905 3137 ,
2938 3075 3059 3143 quia
3087 3088 3315 3127 carneus
3340 3089 3356 3139 ;
3389 3074 3512 3143 quia
3541 3074 3860 3144 phantasma
3890 3088 4008 3128 non

2382 3165 2572 3228 ftterit,
2608 3166 2723 3234 ipse
2774 3166 2878 3219 erit
2923 3164 3295 3233 agnoscendus
3317 3206 3330 3225 .
3365 3164 3456 3235 qui
3506 3165 3557 3218 in
3604 3179 3769 3219 carne
3798 3207 3813 3227 ,
3848 3173 3903 3217 ct
3930 3179 4011 3220 ex

669 3246 942 3319 quomodo
984 3256 1145 3300 mater
1190 3256 1237 3300 et
1292 3248 1476 3316 fratres
1528 3247 1637 3313 eius
1671 3247 1800 3301 dicti
1843 3257 1965 3302 sunt
1998 3251 2123 3318 foris
2152 3258 2356 3320 ειτηερ
2392 3257 2665 3311 nativitate
2712 3268 2971 3310 venturus
3008 3258 3429 3312 aununtiabatur
3473 3271 3504 3311 a
3556 3256 3827 3312 Creatoris
3876 3272 4011 3327 pro-

677 3340 829 3414 (Luc.
863 3338 975 3396 VIII
1006 3340 1072 3410 )?
1099 3338 1165 3394 Et
1192 3338 1493 3394 videbimus
1525 3338 1593 3393 de
1628 3338 1709 3393 his
1734 3341 1984 3410 capitulis
2009 3356 2109 3397 suo
2136 3356 2274 3401 teut-

669 3449 822 3504 pore.
874 3432 1033 3488 Certe
1070 3447 1193 3485 cum
1237 3440 1292 3486 et
1320 3431 1434 3500 ipse
1464 3445 1523 3485 se
1552 3429 1720 3485 ﬁlium
1748 3431 1984 3488 hominis
2013 3436 2273 3503 praedica-

666 3534 792 3591 ret,
827 3534 1009 3580 natum
1039 3524 1245 3579 scilicet
1274 3523 1647 3593 proﬁtebatur.
1678 3523 1830 3580 Nune
1858 3534 1909 3579 ut
1946 3526 2060 3582 hzec
2090 3531 2271 3586 omnia

666 3622 733 3679 ad
763 3621 1038 3693 Evangelii
1068 3620 1372 3677 distulerim
1401 3619 1856 3676 examinationcm
1880 3664 1892 3685 ,
1921 3630 2096 3678 tamen
2126 3626 2269 3693 quod

662 3730 827 3785 supra
875 3714 1071 3778 statui,
1118 3712 1161 3767 si
1204 3713 1347 3766 omni
1399 3712 1559 3765 modo
1608 3722 1763 3768 natus
1809 3715 1953 3768 credi
1997 3716 2267 3785 habebat,

665 3806 757 3876 qui
788 3806 951 3861 homo
994 3803 1313 3867 videbatur;
1348 3818 1481 3857 vane
1526 3802 1821 3860 nativitatis
1851 3804 2010 3861 ﬁdem
2043 3810 2275 3864 consilio

675 3897 1006 3967 imaginaria:
1031 3895 1210 3952 carnis
1238 3896 1646 3967 expungendum
1694 3898 1924 3966 putavit.
1959 3899 2096 3966 Quid
2130 3903 2273 3958 cnim

667 3994 871 4066 profuit
916 4008 1023 4048 non
1078 4006 1207 4047 vere
1251 3990 1447 4055 fuisse,
1493 3990 1633 4060 quod
1667 4007 1763 4060 pro
1794 4008 1919 4049 vero
1960 3993 2269 4064 haberetur,

672 4098 778 4142 tam
818 4101 1037 4142 carnem
1083 4099 1243 4155 quam
1291 4085 1670 4138 nativitatem?
1702 4087 1805 4139 Aut
1834 4087 1879 4139 si
1910 4087 2112 4144 dixeris
2141 4133 2155 4154 ,
2188 4093 2270 4147 vi-

665 4180 805 4235 derit
848 4178 1031 4248 opinio
1074 4177 1304 4231 humana
1332 4217 1345 4239 ,
1378 4177 1486 4243 jam
1521 4176 1686 4230 Deum
1730 4186 1878 4231 tttum
1907 4178 2142 4239 honores
2172 4184 2269 4238 fal-

665 4272 815 4328 lacia:
843 4270 998 4326 titulo
1018 4311 1033 4336 ,
1065 4270 1109 4324 si
1136 4267 1278 4322 aliud
1303 4282 1361 4322 se
1389 4266 1596 4322 sciebat
1625 4283 1747 4323 esse
1766 4311 1780 4335 ,
1810 4286 1971 4341 quam
2004 4275 2146 4343 quod
2175 4275 2271 4332 ho-

666 4364 839 4419 mines
893 4361 1094 4416 fecerat
1144 4359 1376 4429 opinari.
1421 4358 1541 4414 Jam
1591 4368 1716 4415 tunc
1744 4362 1961 4431 potuisti
1994 4366 2157 4423 etiam
2186 4369 2263 4441 (b)

665 4454 997 4513 nativitatem
1060 4451 1359 4523 putativam
1433 4451 1505 4507 illi
1570 4453 2149 4518 accommodassc.ne
2210 4463 2262 4517 in

2383 3351 2556 3421 phetis
2577 3391 2592 3416 ,
2622 3360 2807 3421 utpote
2837 3350 3083 3405 Christus
3111 3350 3403 3406 Creatoris.

2989 3441 3220 3499 CAPUT
3260 3441 3380 3498 XII.

2453 3535 2689 3590 Provoca
2724 3550 2866 3589 nunc
2885 3575 2903 3602 ,
2933 3545 2989 3589 ut
3019 3535 3163 3590 soles
3183 3578 3199 3602 ,
3228 3536 3296 3590 ad
3339 3536 3477 3591 hanc
3516 3537 3687 3592 Esaim
3716 3552 4009 3607 compara-

2379 3627 2577 3681 tionem
2607 3628 2838 3692 Christi,
2869 3626 3206 3682 c0uteudens
3238 3627 3382 3681 illam
3415 3629 3465 3681 iu
3497 3629 3648 3682 nullo
3674 3630 4005 3685 eonveuire.

2380 3719 2558 3772 I'rimo
2596 3722 2775 3784 enim,
2831 3720 3007 3789 inquis
3031 3759 3045 3783 ,
3098 3717 3346 3774 Christus
3376 3719 3550 3774 Esaia:
3597 3718 3698 3790 (Is.
3732 3719 3867 3786 VII,
3908 3722 4005 3791 14)

2384 3812 2695 3867 Emmanuel
2728 3812 2911 3867 vocari
2957 3811 3175 3867 habebit
3204 3828 3218 3873 ;
3250 3811 3456 3867 dehinc
3484 3812 3743 3867 virtutem
3774 3828 4007 3869 sumere

2384 3904 2662 3970 Damasci,
2693 3913 2747 3959 et
2768 3904 2941 3974 spolia
2980 3903 3241 3959 Samaria:
3268 3904 3561 3960 adversum
3606 3920 3787 3974 regem
3824 3908 4001 3975 Assy-

2380 3998 2604 4053 riorum.
2641 3998 2811 4053 Porro
2853 3997 2960 4067 (Is.
2996 3997 3141 4063 VIII,
3175 3996 3254 4069 4)
3320 3998 3420 4052 iste
3459 3998 3548 4069 qui
3604 3999 3784 4063 venit,
3818 4014 4003 4069 neque

2380 4093 2483 4147 sub
2511 4090 2773 4161 ejusmodi
2825 4092 3043 4145 nomine
3071 4101 3155 4146 est
3182 4090 3390 4156 editus,
3426 4106 3602 4162 neque
3641 4092 3748 4146 ulla
3779 4107 3837 4145 re
3871 4092 3998 4149 bel-

2382 4186 2481 4239 lica
2534 4185 2748 4238 tunetus
2790 4193 2893 4238 est.
2926 4186 2994 4237 At
3024 4199 3124 4254 ego
3154 4193 3205 4240 te
3236 4183 3573 4249 admonebo,
3608 4185 3681 4239 uti
3708 4185 4001 4242 COIIdBI‘t‘J‘l'

2378 4279 2450 4333 tia
2473 4292 2687 4347 quoque
2718 4278 2996 4346 utriusque
3021 4277 3240 4347 capituli
3272 4292 3652 4349 recognoscas.
3685 4277 3993 4347 Subjuncta

2374 4380 2459 4427 est
2506 4369 2649 4425 enim
2700 4378 2756 4424 et
2815 4370 3188 4438 interpretatio
3254 4369 3625 4425 Emmanuelis
3655 4409 3671 4435 ,
3724 4371 3998 4425 uobiscum

2372 4464 2549 4528 Deus;
2577 4463 2649 4517 uti
2687 4477 2795 4518 non
2826 4463 3000 4517 solum
3026 4478 3219 4518 sonum
3261 4462 3497 4520 nominis
3526 4472 3740 4535 spectes
3766 4503 3781 4529 ,
3812 4464 3910 4521 sed
3937 4475 3998 4522 et

1881 4568 2263 4635 LECTIONES
2300 4575 2716 4638 VARIANTES.

813 4681 1117 4796 gguitlansset
1133 4737 1287 4795 Sami.
1308 4740 1578 4793 dealtasset
1598 4742 1744 4795 Rhen.
2286 4692 2341 4753 Β
2528 4689 3262 4807 ἕξῧίιξὶᾚξλοὸεηὼ

2039 4856 2598 4919 COMMENTARIUS.

730 4968 883 5026 CAP.
926 4966 1017 5023 XI.
1056 4995 1125 5038 έ-
1155 4963 1240 5038 Δ(τι)
1296 4965 1547 5038 Rutativtc
1584 4967 1636 5021 in
1674 4967 1876 5022 Christo
1905 4973 2256 5038 corpulentiw.

660 5042 892 5097 Baeticus
919 5039 1013 5093 lib.
1041 5036 1109 5093 de
1144 5036 1285 5091 ﬁde:
1318 5036 1583 5116 Hodieque
1613 5039 1942 5116 non_desunt,
1974 5036 2062 5111 qui
2082 5044 2260 5116 negent

656 5128 773 5168 eum
802 5120 1027 5164 nostram
1056 5118 1276 5178 gestasse
1300 5108 1687 5177 corpulentiam.
1725 5110 1841 5166 Ιίιο.

729 5182 808 5254 (b)
838 5179 1166 5254 Nativitatent
1211 5182 1491 5254 putativmn
1517 5180 1593 5254 illi
1623 5183 2047 5254 acconunodusse.
2094 5185 2259 5251 Quasi

657 5249 797 5309 vere
830 5262 981 5305 natus
1008 5260 1059 5304 et
1091 5250 1265 5316 reipsa
1316 5266 1421 5303 non
1468 5249 1673 5304 fuiss'et.
1719 5252 1770 5305 Id
1804 5255 1944 5307 enim
1992 5249 2257 5311 vult'haec

653 5316 1083 5392 vox'putativam,
1117 5322 1252 5392 sicut
1286 5321 1445 5375 modo
1476 5320 1687 5376 diccbat
1710 5326 1951 5392 pututiva:
1970 5328 2021 5379 in
2054 5326 2257 5383 Christo

649 5390 997 5464 corpulentior.
1028 5391 1104 5445 Le
1144 5390 1239 5464 Pa.

727 5461 801 5537 ('c)
829 5463 1126 5539 Sanguinis.
1148 5462 1360 5539 tributo.
1392 5461 1497 5539 _Sic
1528 5463 1620 5517 lib.
1653 5463 1721 5519 de
1753 5464 2004 5520 Vclandis
2033 5470 2253 5539 virgini-

652 5533 752 5593 bus
772 5533 791 5599 ,⁷
818 5544 884 5610 ες
886 5533 1050 5603 pudor
1072 5533 1254 5602 ubique
1280 5534 1507 5601 vestitur,
1536 5545 1584 5589 et
1624 5552 1819 5590 menses
1847 5540 2033 5593 tributa
2063 5533 2255 5610 depen-

654 5610 800 5663 dunt.
852 5606 971 5660 th.

724 5679 805 5747 (d)
835 5676 1086 5731 Debuerat

652 5750 779 5805 dicit
823 5762 1036 5803 scenam
1085 5748 1472 5817 phantasmatis
1496 5789 1509 5809 ,
1537 5748 1666 5802 utin
1698 5754 1760 5801 de
1786 5751 2017 5805 Itwt'c’Sib.
2049 5772 2255 5809 srcnnnt

649 5822 861 5884 erroris,
896 5828 1072 5873 actum
1114 5834 1274 5889 quem
1311 5828 1503 5874 vocant
1549 5820 1873 5891 intelligens.
1905 5822 2108 5880 Sensus
2130 5836 2250 5882 est:

1167 5676 1501 5729 Iumtasnmtis
1528 5693 1731 5731 scenam
1767 5679 2131 5736 decucurrisse.
2166 5682 2255 5737 Sic

2366 4975 2624 5031 debuerat
2650 4992 2714 5050 es
2744 4988 2856 5031 toto
2896 4978 3104 5033 servire
3130 4993 3307 5034 scena:
3332 4988 3387 5036 et
3414 4989 3721 5050 susceptam
3745 4981 3990 5041 fabulam

2367 5064 2623 5116 peragere
2662 5049 2911 5123 Christus
2958 5050 3275 5123 Marcionis,
3305 5051 3466 5123 quisi
3494 5049 3784 5120 putativam
3816 5058 3993 5123 gessit

2363 5134 2579 5194 carnem
2604 5162 2615 5183 ,
2642 5120 2872 5175 debebat
2898 5122 3057 5194 etiam
3085 5124 3376 5194 putativam
3398 5122 3596 5178 habere
3619 5120 3985 5194 nativitatem,

2363 5191 2440 5244 sic
2470 5193 2612 5244 enim
2660 5193 3048 5262 phantasmatis
3089 5206 3306 5248 scenam
3350 5193 3765 5249 decucurrisset.
3798 5191 3984 5254 liueat.

2437 5286 2513 5353 (ιε)
2551 5287 2655 5355 Age
2674 5288 2790 5355 jam
2817 5303 3019 5357 perora.
3058 5286 3209 5342 llunc
3238 5288 3413 5342 locum
3447 5288 3612 5343 habes
3644 5289 3695 5341 in
3724 5289 3790 5342 de
3813 5290 3992 5346 Came

2365 5355 2553 5409 Clu-isti
2594 5359 2781 5411 iisdem
2816 5355 3200 5426 propemodum
3244 5359 3421 5415 verbis
3450 5359 3713 5423 relatum,
3758 5377 3866 5415 non
3906 5364 3988 5418 ita

2364 5429 2520 5499 longe
2550 5438 2666 5498 post
2705 5431 2935 5483 initium.
2966 5429 3138 5483 ﬂuctv.

2436 5521 2502 5593 (f)
2534 5522 2781 5575 Ludicros
2819 5522 3000 5575 exitus.
3039 5521 3337 5593 Videbatur
3383 5521 3511 5593 mihi
3558 5521 3850 5590 ahquando
3892 5525 3989 5579 le-

2362 5592 2591 5662 gendum
2622 5594 2875 5657 lubricos,
2910 5593 3002 5647 sed
3047 5592 3161 5661 ipse
3202 5592 3422 5661 respicit
3448 5592 3514 5646 ad
3547 5592 3598 5647 id
3627 5596 3772 5663 quod
3803 5597 3854 5647 in
3878 5595 3987 5651 lib.

2363 5680 2520 5729 quem
2550 5665 2709 5717 modo
2736 5666 3053 5727 eitavimus,
3078 5664 3242 5727 dicit,
3274 5663 3341 5717 de
3372 5664 3573 5718 infante
3604 5678 3799 5719 recens
3830 5666 3995 5722 edito

2363 5735 2618 5806 loquens,
2656 5736 2917 5789 blanditiis
2941 5735 3243 5801 deridetur;
3271 5743 3323 5789 et
3351 5751 3477 5790 mox
3498 5776 3512 5801 ,
3544 5733 3690 5789 illum
3722 5755 3813 5806 per
3838 5738 4003 5792 ludi-

2362 5805 2472 5859 bria
2501 5807 2781 5873 nutritum,
2810 5815 2914 5861 etc.
2948 5806 3122 5862 Busa.
