4262 6490
223 407 328 462 537

1314 407 1442 464 LIB.
1490 409 1552 464 Ill
1597 408 1957 466 ADVERSUS
1999 409 2418 470 MARCIONI‘ZM.

3429 417 3534 478 358

224 535 466 578 sensum.
520 521 698 576 Sanus
740 523 884 577 enim
942 523 1226 578 ltehraieus
1251 566 1264 589 ,
1308 525 1447 594 quod
1495 535 1579 580 est
1611 525 1820 579 Emma-
1853 525 1908 584 Α
1935 526 2097 582 dorso
2141 530 2348 585 hostem
2395 533 2759 588 destinaturus
2785 577 2798 600 ,
2830 542 2990 604 atque
3023 535 3092 590 ita
3123 536 3442 593 Damascum
3469 550 3523 594 et

225 615 378 678 ttuel,
411 629 523 670 sua!
550 614 727 683 gentis
755 624 858 668 est.
911 615 1114 670 Sensus
1157 626 1333 670 autem
1381 617 1498 686 ejus
1527 657 1540 680 ,
1570 618 1709 687 quod
1739 629 1822 672 est

226 704 365 761 Deus
417 706 708 770 nobiscum,
750 723 813 761 ex
868 708 1310 778 interpretatione
1363 711 1666 763 communis
1715 721 1816 764 est.

223 804 414 869 Quaere
450 813 577 867 ergo
603 841 618 864 ,
659 815 726 853 an
766 801 862 854 ista
893 817 991 855 vox
1014 844 1028 866 ,
1069 801 1328 856 nobiscum
1359 802 1495 857 Deus
1518 845 1530 865 ,
1573 803 1712 873 quod
1740 814 1820 856 est

223 891 578 955 Emmanuel,
613 891 806 948 exinde
845 894 986 962 quod
1036 894 1284 950 Christus
1333 895 1554 962 illuxit,
1589 898 1821 966 agitetur

223 983 278 1039 in
309 981 543 1038 Christo.
576 983 642 1037 Et
673 993 798 1053 puto
832 1000 937 1039 non
988 987 1205 1056 negabis
1227 1028 1241 1052 ,
1275 996 1457 1054 utpote
1495 989 1584 1058 qui
1625 1000 1678 1043 et
1708 990 1820 1058 ipse

223 1079 392 1146 dicas,
418 1081 861 1136 Deus-nobiseum
881 1082 1098 1148 dicitur,
1116 1084 1162 1136 id
1189 1095 1272 1138 est
1300 1084 1638 1138 Emmanuel.
1656 1086 1758 1137 Attt
1775 1085 1818 1139 si

223 1184 330 1229 tatu
350 1192 518 1230 vanus
543 1192 623 1243 es,
651 1187 707 1230 ut
734 1177 855 1248 quia
875 1187 1103 1245 peneste
1118 1177 1578 1234 Nobiscum-Deus
1605 1179 1817 1245 dicitur,

221 1281 328 1320 non
381 1268 695 1323 Emmanuel
724 1287 738 1333 ;
774 1268 974 1323 idcirco
1019 1270 1159 1324 nolis
1192 1271 1404 1324 venisse
1451 1271 1599 1325 illtttn
1623 1313 1637 1334 ,
1667 1271 1820 1338 cujus

220 1361 500 1431 proprium
530 1361 598 1416 si.
619 1362 798 1416 vocari
844 1362 1157 1416 Emmanuel
1185 1405 1200 1426 ,
1230 1363 1378 1431 quasi
1410 1380 1514 1415 non
1543 1362 1643 1417 hoc
1669 1364 1738 1416 sit
1768 1371 1820 1416 et

221 1456 366 1513 Deus
401 1457 697 1520 nobiscum,
731 1457 972 1512 invenies
1001 1456 1140 1526 apud
1174 1457 1428 1512 Hebraeos
1456 1457 1816 1520 Christianos,

219 1548 331 1604 imo
379 1560 434 1604 et
487 1549 827 1604 Marcionitas
851 1592 866 1614 ,
898 1549 1299 1604 Emmanuelem
1344 1550 1622 1603 nominare
1649 1591 1663 1614 ,
1697 1565 1818 1604 cum

219 1645 408 1699 volunt
438 1644 641 1710 dicere,
672 1643 1138 1699 Nobiscum-Deus
1163 1662 1176 1698 :
1206 1645 1344 1699 sicut
1382 1654 1432 1699 et
1465 1645 1640 1699 omnis
1665 1659 1817 1714 gens,

221 1752 444 1808 quoquo
473 1752 607 1790 sono
634 1737 859 1801 dixerit,
891 1735 1346 1792 NobismtmDeus
1367 1779 1380 1799 ,
1407 1737 1818 1791 Emmanttelem

220 1828 629 1900 pronuntiabit,
666 1830 717 1882 in
766 1843 926 1882 sensu
986 1843 1178 1882 sonum
1227 1843 1560 1898 cxpungeus.
1591 1827 1743 1896 Quod
1775 1828 1818 1880 si

1926 621 2223 676 Samariam
2267 639 2362 692 pro
2409 625 2659 680 mamillis
2703 626 3044 683 subacturus.
3081 628 3239 683 Aliud
3277 632 3378 685 etsi
3434 647 3525 700 pe.

1926 730 2022 769 nes
2057 716 2338 784 Ponticos,
2373 717 2666 774 barbaricae
2694 720 2773 792 (4)
2812 723 2988 790 gentis
3035 723 3264 778 infantes
3309 724 3360 778 in
3389 741 3527 796 prae-

1925 807 2053 860 liutn
2095 819 2415 879 erumpunt,
2448 811 2611 865 credo
2638 811 2704 866 ad
2743 812 2912 868 solem
2937 813 3015 882 (5)
3063 817 3203 870 uncti
3240 815 3386 886 prius
3428 815 3530 886 (ὁ),

1923 898 2119 954 dehinc
2172 903 2362 970 pannis
2420 904 2649 967 armati,
2701 914 2757 958 et
2802 905 2996 978 butyro
3050 907 3395 976 stipendiali.
3438 911 3528 978 qui

1925 1002 2051 1048 ante
2103 995 2282 1049 norint
2331 996 2615 1060 lanceare,
2665 1013 2827 1068 quam
2880 999 3150 1053 lancittare
3189 999 3283 1070 (c).
3341 1001 3526 1054 Enim-

1926 1100 2090 1148 vero,
2145 1087 2187 1140 si
2239 1102 2500 1156 nusquam
2551 1088 2652 1143 hoc
2699 1098 2888 1144 natura
2939 1091 3187 1147 concedit
3237 1092 3354 1164 (ά),
3407 1104 3533 1148 ante

1926 1176 2158 1231 militare
2209 1193 2368 1246 quam
2414 1180 2795 1243 vivere;ante
2846 1181 3099 1236 vit-tatem
3152 1181 3397 1238 Damasci
3438 1198 3527 1238 su-

1925 1285 2072 1324 mere
2096 1311 2108 1334 ,
2139 1287 2298 1338 quam
2349 1273 2516 1341 patris
2540 1285 2592 1328 et
2623 1276 2809 1328 matris
2840 1276 3158 1331 vocabulum
3206 1292 3403 1338 nosse:
3437 1293 3528 1331 se-

1924 1363 2106 1430 quitur
2136 1374 2189 1416 ttt
2231 1365 2452 1432 figurata
2496 1366 2864 1436 pronuntiatio
2913 1367 3179 1423 videatur.
3209 1367 3314 1423 Sed
3339 1376 3393 1423 et
3413 1370 3523 1422 vir-

1923 1454 2102 1524 ginem
2128 1495 2143 1519 ,
2176 1455 2375 1524 inqttit,
2407 1471 2598 1525 parere
2645 1466 2834 1511 natura
2882 1472 2991 1512 non
3019 1458 3235 1527 patitur,
3265 1468 3321 1513 et
3349 1469 3524 1514 tamen

1923 1547 2161 1602 creditur
2199 1549 2474 1617 prophetae
2506 1550 2611 1622 (6).
2649 1549 2716 1604 Et
2762 1552 2978 1608 merito.
3031 1553 3346 1608 l’raestruxit
3373 1553 3518 1608 enim

1927 1639 2084 1694 fidem
2115 1641 2408 1696 incredibili
2454 1643 2530 1696 rei
2559 1684 2573 1704 ,
2610 1644 2874 1697 rationein
2907 1643 3118 1700 edendo
3147 1688 3161 1712 ,
3199 1645 3340 1715 quod
3373 1646 3423 1700 itt
3454 1647 3529 1700 si-

1937 1747 2041 1801 gno
2089 1741 2236 1786 esset
2285 1731 2479 1786 futura.
2517 1732 2830 1803 PrOpterea,
2862 1734 3037 1804 inquit
3074 1736 3094 1809 (
3125 1735 3196 1792 Is.
3234 1736 3321 1791 VII
3349 1781 3363 1802 ,
3396 1738 3487 1805 Η)
3513 1781 3530 1805 ,

1926 1825 2065 1877 dabit
2113 1824 2249 1878 vobis
2296 1825 2544 1880 Dominus
2583 1829 2820 1898 signum:
2868 1828 3001 1882 Ecce
3029 1831 3168 1901 virgo
3197 1832 3444 1900 concipiet
3475 1833 3527 1884 in

222 1920 539 1975 Emmanuel
588 1919 1079 1985 Nobiscum-Deus,
1127 1921 1265 1975 Deus
1310 1932 1489 1976 autem
1539 1922 1815 1976 uobiscum
1849 1917 1898 1977 B
1929 1928 2068 1972 utero
2099 1961 2112 1981 ,
2158 1931 2202 1970 ct
2259 1919 2419 1986 pariet
2468 1921 2656 1989 ﬁlium.
2693 1921 2914 1992 Signum
2960 1933 3140 1978 autem
3183 1939 3211 1976 a
3260 1925 3368 1978 Deo
3416 1926 3524 1998 (e),

219 2011 469 2067 Christus
495 2022 606 2073 est,
640 2013 728 2082 qtti
761 2013 921 2067 etiam
962 2013 1012 2066 itt
1054 2013 1204 2066 nobis
1231 2024 1313 2067 est
1344 2033 1355 2067 :
1394 2014 1649 2081 Quotquot
1675 2015 1817 2069 enim

220 2103 275 2156 in
317 2101 575 2158 Christum
615 2105 692 2175 (I)
740 2105 879 2158 lincti
919 2107 1068 2167 estis,
1113 2105 1370 2159 Christum
1399 2107 1671 2174 induistis;
1712 2119 1818 2162 tant

224 2197 480 2267 proprius
501 2208 580 2251 est
608 2197 851 2252 Christus
876 2199 924 2251 itt
956 2198 1341 2268 significatione
1374 2202 1603 2254 nominis
1629 2242 1644 2267 ,
1677 2204 1818 2273 quod

218 2297 304 2343 est
345 2288 806 2343 Nobismtn‘t-Imus
835 2332 848 2353 ,
896 2306 1052 2359 quam
1100 2291 1151 2344 in
1195 2306 1330 2344 sono
1362 2294 1622 2357 nominis,
1677 2295 1818 2363 quod

219 2390 304 2436 est
338 2382 674 2436 Emmanuel.
721 2385 894 2451 Atque
925 2384 993 2435 ita
1025 2392 1234 2437 constat
1259 2385 1470 2438 venisse
1513 2386 1623 2454 jam
1675 2387 1819 2440 illum

218 2473 314 2543 qui
365 2473 754 2540 praedicabatur
783 2473 1138 2537 Emmanuel;
1188 2475 1308 2543 quia
1357 2475 1499 2544 quod
1558 2477 1822 2546 sigttiticat

221 2564 543 2621 Emmanuel
575 2567 754 2632 venit,
797 2567 847 2620 id
876 2576 987 2627 est,
1019 2565 1498 2624 Nobiscum-Deus.

822 2659 1050 2716 CAPUT
1090 2659 1230 2714 XIII.

296 2750 476 2820 Eque
524 2759 579 2804 ct
627 2765 762 2805 sono
809 2752 1084 2805 nominum
1131 2752 1372 2819 duceris,
1403 2768 1522 2808 cum
1573 2755 1820 2810 virtutem

223 2844 503 2905 Damasci,
535 2855 588 2898 et
618 2845 786 2915 spolia
813 2845 1071 2900 Samaria:
1096 2889 1111 2912 ,
1146 2857 1199 2901 et
1224 2863 1403 2916 regem
1437 2851 1778 2922 Assyriorum
1805 2895 1819 2916 ,

221 2936 303 2991 sic
348 2937 575 3002 accipis,
607 2937 760 3005 quasi
809 2937 1124 2992 bellatorem
1173 2941 1497 3007 portendant
1545 2942 1822 2999 Christum

225 3029 538 3092 Creatoris,
572 3045 677 3083 non
707 3030 1141 3086 animadvertens
1187 3034 1316 3103 quid
1355 3034 1625 3104 Scriptura
1687 3054 1821 3106 prae-

221 3124 398 3179 mittat
435 3123 678 3191 (ls.VlI,
710 3125 741 3178 4
775 3123 890 3195 )(2)
923 3143 934 3176 :
973 3126 1228 3192 Quoniam
1273 3128 1567 3197 priusquam
1606 3146 1822 3199 cognos-

224 3228 309 3271 cat
343 3219 426 3286 (ὅ)
456 3233 635 3270 vocare
675 3227 867 3285 patrem
899 3229 943 3271 et
968 3229 1176 3272 matrem
1209 3220 1282 3290 (tt)
1308 3262 1321 3284 ,
1353 3223 1561 3289 accipiet
1593 3223 1823 3276 virtutem

1927 2011 2024 2066 nisi
2058 2012 2266 2064 novitas
2296 2012 2470 2082 aliqua
2501 2024 2880 2081 monstruosa,
2913 2025 3016 2069 tam
3046 2015 3265 2086 dignum
3301 2016 3378 2087 (7)
3415 2034 3518 2070 ttmt

1928 2102 2128 2157 luisset.
2165 2104 2404 2174 Denique
2443 2115 2496 2160 et
2543 2105 2750 2170 Judmi,
2782 2107 2825 2160 si
2871 2107 3089 2178 quando
3134 2109 3200 2162 ad
3250 2123 3348 2163 nos
3391 2108 3526 2178 deji-

1925 2195 2147 2254 cicndos
2187 2198 2395 2251 mentiri
2451 2199 2686 2264 audent,
2739 2201 2886 2263 quasi
2941 2215 3044 2253 non
3097 2203 3381 2271 virginem,
3430 2202 3524 2255 sed

1921 2287 2262 2357 juveoettlatn
2311 2304 2693 2359 concepturatn
2729 2291 2796 2362 (Ι)
2835 2299 2890 2346 et
2932 2294 3221 2361 parituram
3253 2294 3526 2363 Scriptura

1925 2380 2196 2432 contineat
2221 2420 2235 2443 ,
2267 2379 2387 2434 hinc
2412 2383 2779 2442 revincuntur,
2813 2382 2955 2452 quod
2987 2384 3118 2437 niltil
3163 2384 3297 2453 signi
3350 2385 3518 2439 videri

1929 2473 2097 2540 pttSsil
2140 2487 2224 2526 res
2271 2473 2579 2541 quotidiana
2609 2516 2622 2539 ,
2645 2475 2951 2541 jttvencula:
2983 2476 3194 2530 scilicet
3222 2487 3526 2545 przrgnatus

1927 2571 1982 2617 et
2019 2573 2218 2631 partus.
2257 2564 2311 2617 In
2344 2565 2556 2634 signum
2588 2580 2719 2634 ergo
2762 2566 3023 2634 disposita
3061 2573 3213 2636 virgo
3255 2579 3308 2621 et
3353 2578 3525 2623 tnater

1929 2658 2124 2708 merito
2153 2655 2388 2710 creditur
2413 2656 2491 2728 (8)
2525 2674 2538 2719 ;
2578 2656 2752 2709 infans
2786 2671 2913 2711 vero
2944 2657 3168 2711 bellator
3211 2673 3314 2713 non
3347 2675 3519 2729 atque.

1928 2750 2045 2806 Non
2074 2752 2217 2805 enim
2247 2762 2300 2804 et
2333 2750 2418 2803 hic
2464 2750 2602 2820 signi
2637 2749 2774 2804 ratio
2808 2758 3071 2804 versatur.
3107 2749 3212 2804 Sed
3243 2752 3394 2821 signo
3430 2768 3527 2805 na-

1931 2845 2149 2898 tivitatis
2179 2858 2328 2896 nova:
2355 2841 2630 2911 adseripto
2657 2883 2670 2905 ,
2705 2841 2901 2896 exinde
2951 2852 3071 2910 post
3101 2843 3311 2912 signum
3341 2886 3354 2907 ,
3387 2846 3524 2898 alius

1928 2938 2060 2992 ordo
2088 2939 2196 3005 jam
2243 2935 2458 2989 infantis
2488 2935 2747 2997 edicitur,
2779 2933 2884 2989 ntel
2911 2943 2966 2989 et
2998 2935 3248 3006 butyrum
3295 2937 3526 2990 mandu-

1928 3032 2122 3086 caturi.
2163 3030 2272 3085 Nec
2312 3030 2412 3082 hoc
2461 3030 2642 3094 utique
2685 3029 2736 3082 itt
2785 3029 2998 3098 signum
3049 3039 3132 3084 cst
3172 3029 3386 3084 malitiae
3417 3047 3523 3085 non

1929 3124 2282 3182 assentaturi;
2313 3130 2368 3177 et
2398 3120 2496 3174 hoc
2529 3121 2671 3174 enim
2704 3119 2926 3175 infantia
2959 3119 3038 3192 (9)
3065 3127 3183 3185 est;
3217 3120 3311 3175 sed
3337 3136 3529 3190 accep-

1933 3217 2032 3272 turi
2063 3218 2311 3270 virtutem
2340 3215 2618 3277 Damasci,
2650 3223 2704 3266 et
2743 3213 2914 3282 spolia
2959 3213 3241 3282 Samaria),
3271 3214 3530 3270 adversus

225 3308 473 3363 Damasci
497 3352 512 3374 ,
539 3320 584 3362 et
614 3309 776 3380 spolia
816 3309 1090 3375 Smnariw,
1119 3311 1360 3365 adversus
1404 3329 1569 3382 regem
1596 3316 1828 3385 Assyrio—
1856 3306 1902 3370 C
1937 3327 2116 3382 regem
2150 3309 2516 3380 Assyriorum.
2574 3307 2743 3361 Serva
2775 3306 2990 3360 modum
3024 3308 3197 3362 :etatis
3217 3349 3232 3372 ,
3265 3318 3320 3363 ct
3345 3324 3530 3378 qtnerc

223 3417 366 3454 rum.
400 3404 536 3454 Ante
575 3410 656 3454 est
699 3402 840 3455 enim
895 3403 1144 3470 iuSpieias
1189 3406 1360 3458 :etatis
1405 3405 1823 3463 demonstratio-

227 3507 390 3556 nctn,
425 3508 491 3545 an
541 3492 810 3547 hominem
861 3493 970 3562 jam
1021 3493 1294 3548 Christum
1336 3499 1590 3554 exhibere
1621 3505 1825 3570 pOSsit,

225 3586 433 3642 nedum
480 3586 879 3656 imperatorem.
930 3586 1150 3642 Scilicet
1194 3591 1368 3658 vagitu
1414 3593 1480 3646 ad
1511 3608 1657 3647 arma
1686 3607 1830 3650 esset

226 3691 630 3735 convocaturtts
677 3681 848 3735 infans
875 3697 890 3746 ;
923 3691 976 3736 et
1004 3683 1154 3753 signa
1188 3683 1309 3737 belli
1335 3727 1348 3751 ,
1382 3701 1488 3739 non
1537 3687 1660 3742 tuha
1689 3729 1703 3753 ,
1735 3689 1828 3744 sed

225 3773 567 3842 crepitacillo
592 3772 816 3827 daturus
845 3792 856 3826 :
889 3789 988 3828 nec
1018 3789 1083 3828 ex
1117 3789 1258 3844 equo
1279 3817 1293 3841 ,
1321 3777 1400 3830 vel
1432 3778 1498 3833 de
1525 3795 1707 3847 curru,
1739 3783 1821 3837 vel

225 3864 296 3920 dc
328 3881 484 3919 muro
513 3882 528 3929 ;
557 3864 650 3920 sed
679 3863 746 3919 dc
777 3864 1000 3920 nutricis
1027 3875 1118 3919 aut
1144 3867 1346 3935 gerula:
1393 3884 1504 3922 sum
1551 3872 1694 3926 collo
1717 3878 1833 3933 sive

1933 3419 2150 3459 seusmn
2204 3400 2599 3472 prmdicationis
2630 3417 2642 3452 :
2676 3399 2811 3463 imo,
2846 3398 3013 3454 redde
3064 3400 3355 3469 Evangetio
3387 3402 3529 3456 veri-

1934 3499 2088 3570 tatis,
2117 3511 2233 3564 qttte
2279 3493 2548 3563 posterior
2592 3492 2916 3560 detraxisti,
2945 3503 3000 3548 et
3047 3504 3155 3548 tam
3211 3494 3531 3564 intelligitur

1937 3588 2268 3659 prophetia,
2319 3601 2478 3656 qttatn
2530 3586 2868 3639 renuntiatur
2919 3595 3213 3656 expuncta.
3284 3585 3532 3642 Maneant

1936 3683 2076 3740 enim
2111 3681 2224 3754 (l0)
2254 3680 2543 3736 orientales
2578 3680 2649 3733 ilti
2682 3679 2860 3750 magi,
2894 3680 2944 3733 in
2995 3677 3217 3734 infantia
3255 3678 3530 3736 Christum

1937 3788 2206 3836 recentem
2257 3790 2390 3830 auro
2437 3785 2490 3829 et
2538 3774 2694 3829 tlmrc
2743 3783 3131 3840 munerautes,
3165 3785 3220 3828 et
3263 3774 3536 3844 acceperit

1939 3873 2116 3929 infans
2148 3871 2396 3924 virtutem
2427 3868 2675 3922 Damasci
2725 3867 2842 3921 sine
2883 3866 3068 3936 praelio
3094 3876 3149 3922 et
3173 3868 3357 3922 armis.
3398 3867 3532 3922 Nam

1445 3983 1822 4048 LECTIUNES
1858 3986 2268 4050 VARIANTES.

357 4099 370 4158 )
395 4096 589 4146 Christo
609 4097 728 4146 Par.
745 4095 906 4158 ,Fran.

362 4173 373 4220 )
401 4161 654 4209 I‘rontittat.
692 4156 842 4210 Rhen.
869 4157 1018 4211 Sentl.
1047 4157 1242 4210 Oberth.

319 4226 368 4290 ᾗ)
396 4225 528 4290 Puer
546 4224 665 4290 add.
694 4226 834 4273 Pam.
857 4225 959 4290 Iug.
985 4223 1137 4290 Fran.
1167 4227 1333 4276 Venet.
1359 4237 1452 4276 non
1475 4226 1566 4290 fuit
1589 4227 1636 4278 in
1662 4229 1806 4282 codd.

357 4292 370 4346 )
398 4287 643 4351 Ilarbaria:
669 4290 834 4339 Venet.
856 4286 1000 4338 Pam.
1025 4286 1126 4351 Itig.

353 4357 371 4410 )
395 4349 580 4399 Solium
600 4357 712 4399 Jun.

2026 4162 2075 4224 7)
2097 4162 2206 4214 Jatti
2223 4167 2412 4224 signum
2437 4162 2537 4210 Lat.

2024 4227 2073 4279 8)
2098 4229 2398 4279 Cretlcrctttr
2421 4227 2540 4274 Par.

2024 4291 2073 4342 9)
2099 4291 2316 4341 lttt'antize
2342 4298 2522 4337 tt'ouw.

2024 4106 2073 4168 6)
2097 4101 2378 4168 PrOphetim
2398 4099 2550 4168 Fran.

2024 4106 2073 4168 6)
2097 4105 2378 4164 Pmphetim
2398 4105 2479 4148 Frt

2026 4170 2052 4217 7
2097 4167 2204 4214 Jatu
2223 4167 2412 4224 signum
2437 4162 2479 4209 ια

2024 4231 2054 4277 8
2098 4229 2398 4279 Cretlcrctttr
2421 4227 2479 4274 Pt

2024 4171 2075 4355 9i
2099 4291 2316 4341 lttt'antize
2342 4298 2479 4337 tt'out

2031 4357 2104 4418 t0)
2128 4355 2307 4404 Autem
2326 4349 2479 4401 Sentt.

1599 4450 2155 4520 COMMENTARIUS.

307 4577 394 4632 CA
408 4575 462 4630 Ρ.
486 4574 620 4630 XIII.
637 4606 705 4615 -—-
727 4574 802 4645 (ω)
834 4573 1085 4641 Quoniam
1109 4574 1404 4642 priusquam
1424 4587 1694 4646 cognoscat
1712 4595 1838 4646 puer

229 4664 418 4702 vocare
451 4661 645 4717 patrem
666 4689 678 4706 .
711 4656 814 4701 etc.
851 4647 1019 4700 Etiam
1049 4646 1133 4698 hic
1163 4647 1404 4714 suppleta
1435 4657 1516 4701 est
1557 4666 1654 4701 vov
1691 4667 1832 4714 Μίαν,

230 4722 613 4791 quippeqttam
648 4719 841 4791 habeut
866 4717 1127 4791 editiones
1144 4733 1346 4791 omnes
1371 4717 1518 4773 lsai:e
1533 4719 1644 4774 Vill
1697 4721 1830 4773 i’Ml.

313 4793 392 4858 (b)
426 4789 588 4843 Credo
612 4789 678 4842 ad
706 4791 861 4843 solem
891 4790 1026 4842 uncti
1072 4790 1231 4856 prius.
1281 4790 1480 4844 Alludit
1529 4792 1592 4845 ad
1644 4800 1837 4852 ἡλίωσιν

229 4862 358 4917 sive
378 4861 772 4924 insolatiouem,
794 4875 892 4927 qua
919 4861 1121 4914 scilicet
1140 4862 1279 4912 uncti
1301 4862 1636 4925 cale-fiebant,
1665 4881 1833 4917 utem-

230 4933 352 4989 bris
379 4932 646 4987 siccandis
673 4931 1071 5001 llrtnantlisque.
1091 4932 1303 4986 Persius
1332 4934 1490 4985 satira
1521 4933 1586 4986 4:

369 5044 470 5092 Aut
491 5043 532 5091 si
559 5049 734 5092 unctus
749 5055 919 5092 cesses
943 5049 994 5092 et
1010 5043 1131 5104 ﬁgas
1155 5043 1203 5091 in
1229 5051 1344 5092 cute
1369 5043 1542 5093 solem.
1662 5042 1775 5093 th.

316 5149 392 5219 (ο)
428 5148 530 5213 Qui
555 5149 868 5220 antenorint
896 5149 1129 5203 lanceare
1176 5168 1326 5220 quam
1372 5149 1650 5204 lancinare.
1709 5149 1840 5204 Cum

231 5218 388 5278 dicto
418 5235 540 5291 cap.
571 5222 592 5275 l
627 5263 641 5284 ,
675 5219 767 5275 lib.
804 5218 824 5273 Ι
853 5220 1108 5276 adversus
1134 5218 1294 5275 mare.
1329 5220 1594 5288 reperitur
1623 5222 1841 5275 verbum

234 5292 557 5355 lancinatur,
600 5307 697 5362 pro
741 5293 1004 5361 pangitur,
1045 5293 1252 5346 videtur
1290 5292 1456 5361 prima
1491 5291 1624 5345 faeie
1654 5293 1741 5346 hic
1773 5293 1842 5346 ita

232 5365 416 5430 accipi
445 5364 739 5428 laucinare,
766 5364 919 5418 sicuti
955 5362 1185 5416 laureare
1218 5379 1310 5432 pro
1342 5362 1533 5416 lanceis
1559 5363 1842 5433 con/igere;

234 5435 342 5491 sed
380 5445 630 5502 putamus
657 5435 851 5488 lancire
888 5433 1064 5502 potius
1097 5434 1180 5488 hic
1211 5435 1411 5498 accipi.
1446 5449 1510 5485 eo
1536 5434 1677 5502 quod
1709 5450 1842 5502 pra:-

235 5506 499 5569 rnittitur,
540 5504 719 5574 butyro
757 5504 1053 5574 stipendiari
1080 5545 1094 5566 ,
1143 5520 1239 5573 pro
1282 5520 1461 5558 manus
1490 5504 1719 5558 lancibus
1751 5505 1844 5556 ad—

233 5591 484 5640 movere;
520 5574 677 5643 eligat
709 5575 876 5630 lector
896 5576 1034 5645 quod
1059 5575 1218 5628 volet.
1248 5576 1604 5631 Coullrmatur
1633 5576 1841 5629 interim

235 5650 368 5705 haec
417 5645 724 5713 conjectura
770 5661 850 5718 ex,
880 5662 948 5718 eo
997 5645 1155 5718 quod
1185 5648 1444 5718 sequitur,
1469 5657 1585 5699 ante
1632 5646 1849 5718 militare

232 5735 403 5789 quam
454 5719 648 5784 risere,
679 5725 733 5771 et
785 5717 978 5774 talibus
1026 5716 1423 5772 vocibus'solet
1456 5723 1653 5772 Auctor
1697 5716 1844 5772 dele-

233 5791 410 5847 ctari.
448 5789 582 5843 PAII.

324 5859 406 5930 (ιι)
437 5860 498 5916 Si
528 5876 774 5924 nusquam
815 5861 908 5914 hoc
954 5869 1150 5915 natura:
1174 5860 1434 5927 concedit,
1459 5860 1680 5930 sequitur
1705 5869 1757 5912 ut
1789 5859 1853 5927 ﬁ-

1864 4686 1914 4745 D

1943 4581 2144 4634 monuit
2172 4580 2307 4632 lihro
2340 4577 2577 4630 adversus
2614 4575 2827 4647 .Iudwos
2849 4617 2862 4635 ,
2898 4590 3070 4646 neque
3098 4573 3256 4647 aliter
3286 4577 3540 4647 Augusti-

1945 4668 2042 4705 nus
2076 4652 2162 4704 lih.
2186 4649 2249 4704 ΧΙ
2271 4657 2333 4701 (te
2360 4648 2539 4702 (.‘cttesi
2568 4649 2632 4699 ad
2665 4649 2769 4701 lit.:
2794 4646 2854 4700 Si
2879 4648 2928 4699 in
2954 4647 3113 4701 verbis
3138 4645 3238 4701 Dei
3265 4649 3343 4700 uel
3368 4645 3545 4718 cujus-

1940 4740 2088 4792 quam
2120 4737 2345 4783 persoure
2366 4722 2417 4792 in
2440 4720 2652 4788 ofﬁciunt
2681 4718 3025 4792 propheticum
3051 4720 3544 4792 assumptwdicatur

1942 4789 2134 4856 aliquid
2167 4794 2300 4860 quod
2340 4791 2408 4844 ad
2447 4793 2644 4844 (iterant
2687 4791 2782 4842 nisi
2815 4789 3032 4842 absurde
3068 4807 3170 4843 non
3201 4791 3359 4859 possit
3389 4790 3541 4844 intel-

1944 4867 2062 4934 ligi,
2100 4863 2276 4932 procul
2321 4863 2474 4916 dubio
2519 4863 2732 4934 figurate
2771 4860 2959 4934 dictum
2993 4862 3052 4934 ob
3088 4861 3541 4934 aiiquqmﬂsigniﬁ-

1945 4930 2190 4989 cutionettt
2217 4935 2379 4988 (ιι-εἰνὶ
2401 4930 2568 4986 debet.
2601 4932 2662 4984 Et
2685 4931 2981 4986 consimilia
3005 4932 3093 4985 lib.
3117 4930 3182 4987 Ill
3204 4931 3269 4986 de
3297 4930 3541 4985 Doctrina

1946 5007 2134 5063 Christ.
2167 5022 2284 5074 cap.
2323 5007 2408 5059 15.
2443 5004 2561 5057 Rm.

2020 5080 2091 5146 (e)
2127 5070 2344 5146 Signum
2394 5085 2561 5127 autem
2587 5090 2618 5125 a
2647 5070 2750 5146 Deo
2801 5073 3138 5146 nisi_novitas
3181 5073 3353 5142 aliqua
3376 5090 3547 5146 inton-

1948 5143 2146 5204 struosa
2173 5143 2274 5200 tam
2302 5147 2513 5215 dignum
2546 5161 2643 5197 non
2673 5143 2869 5215 fuisset.
2909 5143 3069 5198 Forte
3095 5146 3271 5215 verius
3296 5185 3310 5208 ,
3341 5145 3543 5215 signum

1948 5237 2045 5274 non
2071 5221 2265 5290 fuisset.
2289 5213 2377 5290 Sic
2406 5216 2553 5290 enim
2573 5213 2986 5290 libr'o‘adversus
3013 5215 3167 5269 Jud.:
3195 5213 3418 5290 Signum
3447 5233 3543 5290 au-

1947 5301 2044 5344 tem
2070 5285 2100 5343 a
2133 5289 2239 5342 Deo
2265 5331 2276 5349 ,
2309 5289 2404 5341 nisi
2444 5289 2636 5340 novitas
2679 5285 2848 5350 aliqua
2885 5297 3202 5340 monstruosa
3229 5285 3405 5353 fuisset
3427 5329 3440 5351 ,
3469 5287 3544 5340 si-

1948 5379 2101 5433 gnum
2160 5377 2259 5412 non
2309 5359 2578 5413 videretur.
2631 5357 2922 5433 ProcOpius
2972 5357 3022 5410 in
3074 5355 3262 5410 Isaiam
3315 5367 3416 5413 ετὸ
3455 5362 3550 5428 νὰρ

1947 5430 2158 5499 ari/457w,
2176 5441 2394 5501 τπρχτίου
2414 5439 2555 5493 τινὸς,
2573 5435 2652 5483 καὶ
2682 5430 3076 5501 {simila-ﬂabat)
3089 5443 3169 5490 τῖς
3182 5444 3268 5484 τῶν
3291 5433 3546 5501 ἀνθρώπων

1949 5512 2188 5562 συνηθείας
2228 5499 2355 5558 ἐστιν
2400 5505 2647 5563 irrisum.
2685 5499 2903 5568 Signunt
2930 5501 3062 5554 enim
3104 5500 3408 5552 monstruosi
3449 5514 3546 5552 cu-

1941 5575 2192 5644 jusdam,
2239 5584 2285 5626 et
2332 5569 2731 5644 transcendentis
2776 5571 3055 5624 humanam
3097 5569 3548 5638 consuetudinem,

1952 5656 2305 5715 argumentum
2333 5654 2425 5697 est.
2458 5643 2574 5715 th.
2604 5649 2656 5695 et
2682 5640 2814 5695 Eon.

2025 5709 2088 5784 (Γ)
2126 5715 2230 5770 Sed
2272 5714 2599 5786 juvenculam
2649 5721 3021 5786 conceptarum.
3055 5709 3305 5786 Explosa
3329 5710 3439 5776 jam
3468 5721 3550 5768 est

1957 5781 2127 5842 fabula
2157 5801 2250 5841 seu
2272 5781 2540 5841 cavillatio
2568 5782 2871 5838 Judaeorum
2894 5825 2907 5846 ,
2937 5783 3022 5852 qui
3047 5781 3408 5852 juvencttlam,
3440 5798 3547 5838 non

1956 5860 2216 5928 virginem
2244 5856 2630 5928 scribiidcbere
2657 5856 2823 5912 aiunt.
2849 5851 3102 5911 Videatur
3122 5852 3214 5908 lib.
3246 5853 3265 5908 l
3293 5852 3346 5908 in
3370 5851 3546 5910 Jovin.

237 5923 440 6006 guraia
464 5923 807 6004 pronuntiatio
829 5932 1073 5988 videatur.
1105 5932 1214 5990 lloc
1257 5923 1431 6003 ipsum
1456 5923 1633 5989 verbis
1663 5923 1851 5988 iisdem
1956 5929 2020 5986 Β.
2041 5923 2377 6001 llicronytni.
2408 5927 2485 5983 LI:
2517 5927 2614 5984 Pn.
