4268 6492
724 431 829 491 559

2118 423 2578 483 TER’I‘ULLIANI

3924 418 4037 476 340

725 556 921 618 praeter
946 544 1090 618 quod
1120 545 1372 603 omnibus
1398 552 1583 600 notum
1611 551 1723 608 est,
1754 542 1999 600 Orientis
2023 543 2280 600 virtutem
2306 582 2320 606 ,
2350 541 2403 601 A
2429 542 2569 615 magi
2597 549 2720 597 tunc
2741 583 2757 609 ,
2784 554 2889 596 non
2914 537 3271 596 renuntiando
3296 539 3365 595 de
3389 537 3607 594 Christo
3626 580 3640 604 ,
3667 552 3825 610 quem
3858 538 4035 594 inter-

726 638 777 696 id
807 650 891 699 est
916 641 1020 694 vim
1044 647 1097 695 et
1124 639 1264 695 vires
1288 680 1305 705 ,
1332 651 1465 694 auro
1485 645 1539 693 et
1560 636 1818 693 odoribus
1842 636 2047 707 pollere
2073 635 2318 701 solitam;

726 740 875 785 certe
918 738 1002 786 est
1034 730 1277 787 Creatori
1320 730 1398 801 (I)
1450 729 1705 785 virtutem
1745 738 2065 784 eteterarum
2107 742 2324 798 quoque

724 825 963 895 gentium
1006 840 1195 878 aurum
1241 823 1612 886 constituere;
1659 822 1800 877 sicut
1856 837 1951 893 per
2004 820 2323 876 Zachariam

729 918 748 987 (
776 915 941 970 Zaclt.
973 915 1112 979 XIV,
1148 916 1235 986 I4)
1266 931 1284 968 :
1316 914 1379 969 Et
1416 915 1585 968 ludas
1615 915 1873 984 pertendet
1908 912 1986 985 (ἓ)
2018 916 2161 983 apud
2199 912 2328 969 Ilie-

727 1009 949 1063 rusalem
972 1050 988 1075 ,
1011 1018 1057 1063 et
1086 1007 1410 1080 congregabit
1451 1022 1651 1061 onmem
1700 1006 1977 1060 volentiam
2020 1005 2328 1076 populorum

731 1117 822 1171 per
862 1100 1164 1164 circuitum,
1206 1116 1392 1153 aurum
1446 1109 1494 1153 et
1552 1108 1840 1169 argentum.
1877 1100 1953 1153 De
2003 1098 2098 1152 illo
2146 1106 2325 1153 autem

729 1202 857 1246 tunc
904 1191 1020 1245 auri
1070 1205 1294 1246 munere
1322 1191 1484 1245 etiam
1537 1188 1746 1243 David:
1783 1188 1849 1244 Et
1889 1189 2095 1244 dabitur
2140 1189 2220 1244 illi
2268 1206 2332 1244 ea:

729 1300 855 1339 auro
912 1285 1156 1350 Arabiaz;
1205 1293 1260 1340 et
1314 1299 1543 1339 rursus:
1602 1284 1766 1355 Reges
1814 1284 2040 1339 Arabum
2088 1294 2135 1339 et
2188 1286 2332 1341 Saba

736 1392 949 1429 munera
970 1374 1184 1442 a/I'erent
1212 1376 1293 1448 (ὅ)
1330 1376 1406 1430 illi
1438 1377 1541 1446 (a).
1577 1375 1711 1431 Nam
1743 1386 1799 1432 et
1830 1391 2015 1448 magos
2060 1391 2217 1447 reges
2250 1375 2330 1449 (4)

736 1467 924 1521 habuit
948 1466 1060 1523 fere
1084 1469 1275 1523 Oriens
1296 1467 1468 1541 (b),et
1495 1468 1785 1524 Damascus
1816 1469 2027 1523 Arabi:e
2067 1479 2213 1525 retro
2242 1470 2335 1524 de-

739 1562 1045 1632 putabatur,
1074 1573 1361 1632 autequam
1409 1562 1730 1631 transcripta
1771 1573 1917 1618 esset
1952 1560 2031 1635 (5)
2076 1563 2126 1617 in
2164 1560 2334 1633 Syro-

737 1653 1023 1723 phomicen
1046 1695 1062 1720 ,
1093 1669 1160 1708 ex
1186 1654 1535 1709 distinctione
1555 1652 1829 1726 Syriarum
1858 1669 1871 1719 ;
1899 1653 2055 1724 cujus
2076 1663 2204 1709 tunc
2227 1655 2336 1710 vir-

740 1757 904 1801 tutem
952 1744 1200 1803 Christus
1252 1748 1461 1819 accepit
1489 1789 1505 1817 ,
1532 1747 1850 1819 accipiendo
1902 1750 2132 1822 insignia
2172 1749 2332 1821 ejus,

739 1855 927 1895 aurum
983 1842 1188 1897 scilicet
1230 1852 1285 1897 et
1310 1841 1539 1908 odores;
1591 1844 1762 1913 Spolia
1808 1852 1988 1899 autem
2035 1844 2331 1915 Samaritae,

2426 636 2609 707 eipere
2635 635 2932 707 qumrebat.

2998 726 3226 784 CAPUT
3263 726 3404 782 XIV.

2501 823 2855 895 Adjuvabitur
2882 822 2995 878 hcce
3025 832 3207 878 nostra
3236 822 3607 892 interpretatio
3630 864 3645 889 ,
3671 822 3795 877 dum
3825 831 3875 877 et
3904 822 4038 877 alibi

2431 916 2742 971 bellatorem
2785 915 3099 970 existimans
3137 913 3413 969 Christum
3444 954 3459 979 ,
3488 912 3557 967 ob
3595 929 3869 968 armorum
3901 928 4036 987 quo.

2432 1008 2676 1064 rumdam
2708 1008 2962 1063 vocabula
2988 1018 3041 1063 et
3071 1006 3335 1077 ejusmodi
3368 1006 3528 1061 verba
3556 1047 3570 1072 ,
3601 1022 3666 1060 ex
3696 1006 4036 1077 reliquorum

2434 1118 2645 1174 quoque
2692 1117 2947 1158 sensuum
2998 1101 3404 1171 comparatione
3443 1100 3780 1153 eonvineeris
3806 1117 3819 1151 :
3848 1099 4039 1153 Accin-

2435 1214 2551 1269 gere
2573 1240 2588 1265 ,
2622 1198 2790 1267 inquit
2830 1195 2994 1251 David
3037 1192 3154 1264 (Ps.
3187 1192 3373 1257 XLIV,
3402 1192 3494 1262 II),
3522 1209 3640 1246 ense
3670 1190 3746 1261 (6)
3780 1208 3933 1259 super
3962 1197 4041 1261 fc-

2436 1308 2569 1345 mur.
2600 1290 2703 1346 Sed
2732 1289 2856 1361 quid
2889 1304 3047 1358 supra
3067 1288 3200 1358 legis
3224 1286 3293 1342 de
3315 1285 3557 1340 Christo?
3583 1284 3935 1352 Tempestivus
3952 1285 4045 1338 de-

2436 1402 2552 1441 core
2592 1396 2775 1457 prwter
2813 1384 2949 1453 ﬁlios
2981 1384 3239 1437 hominum
3266 1397 3285 1434 :
3314 1378 3479 1446 e/I'usa
3508 1389 3579 1432 est
3610 1378 3775 1447 gratia
3806 1378 3859 1429 in
3890 1377 4044 1430 labiis

2438 1480 2557 1533 tuis.
2593 1478 2793 1541 llideo,
2821 1477 2865 1531 si
2890 1490 3050 1546 quem
3082 1473 3149 1527 ad
3180 1472 3377 1528 bellant
3405 1484 3537 1525 ense
3567 1469 3815 1538 cingebat
3844 1508 3859 1533 ,
3894 1469 3942 1522 ei
3975 1467 4047 1521 de

2441 1571 2851 1641 tempestivitate
2883 1567 3126 1632 decoris,
3148 1574 3202 1621 et
3229 1565 3493 1619 labiorum
3526 1564 3692 1633 gratia
3723 1561 4047 1615 blandieba-

2440 1674 2546 1719 tur.
2574 1663 2662 1719 Sic
2690 1663 2815 1717 item
2838 1660 3168 1730 subjungens
3192 1675 3205 1712 :
3239 1657 3318 1728 (7)
3346 1656 3575 1711 Extende
3599 1697 3612 1721 ,
3640 1665 3689 1709 et
3718 1670 4043 1725 prosperare,

2439 1767 2486 1812 et
2510 1772 2668 1827 regna
2695 1771 2715 1819 ,'
2755 1753 2951 1823 adjecit
2978 1770 2991 1806 :
3025 1751 3244 1823 Propter
3270 1753 3563 1815 veritatem,
3591 1759 3637 1804 et
3667 1748 3925 1802 lenitatem
3948 1790 3965 1815 ,
4000 1757 4049 1801 et

2432 1853 2706 1922 justitiam.
2740 1850 2870 1918 Quis
2914 1849 3055 1904 enim
3118 1848 3233 1902 hme
3290 1846 3369 1916 (8)
3422 1859 3553 1901 ense
3606 1843 3935 1914 operabitur,
3994 1851 4049 1897 et

740 1932 887 2002 ipsos
937 1948 1162 2004 magos:
1194 1934 1284 2005 qui
1327 1949 1451 1989 cum
1493 1934 1645 1989 illum
1685 1936 2062 2008 cognovissent
2088 1978 2103 2004 .
2137 1949 2189 1993 et
2213 1953 2332 1993 mu-
2366 1937 2417 1998 Β
2444 1961 2549 2001 non
2595 1943 2860 2000 contraria
2903 1942 3080 2012 potius
3118 1939 3319 1994 lenitati
3355 1946 3412 1994 et
3446 1936 3669 2006 justitize
3700 1935 3780 2007 (9)
3813 1975 3827 1993 .
3861 1934 4049 1988 dolum

738 2027 956 2081 ueribus
1004 2027 1364 2083 honorassent
1393 2070 1408 2093 ,
1438 2036 1492 2084 et
1540 2043 1681 2099 genu
1740 2029 1915 2099 posito
1968 2031 2289 2086 adorassent
2317 2073 2334 2099 ,

735 2119 889 2188 quasi
921 2119 1091 2175 Deum
1126 2129 1182 2175 et
1208 2135 1389 2192 regem
1411 2162 1426 2185 ,
1456 2120 1556 2175 sub
1588 2121 1899 2179 testimonio
1935 2124 2129 2179 indicis
2157 2133 2212 2180 et
2234 2123 2334 2180 du-

737 2211 815 2265 eis
842 2211 1047 2276 stelhe,
1076 2212 1250 2282 spolia
1280 2221 1408 2267 sunt
1437 2211 1559 2268 facti
1590 2212 1882 2281 Samarite,
1918 2213 1969 2269 id
1999 2224 2083 2271 est
2111 2214 2337 2270 idolola-

741 2306 858 2359 triae
883 2347 899 2371 ,
932 2305 1217 2360 credentes
1261 2304 1513 2362 videlicet
1545 2306 1599 2361 in
1631 2306 1929 2362 Christum.
1976 2307 2339 2363 ldololatriatn

739 2397 886 2451 cnitn
936 2396 1195 2452 Samaria:
1248 2399 1466 2454 nomine
1515 2401 1752 2464 notavit,
1783 2408 1843 2453 ut
1874 2399 2243 2469 ignominiosa:
2271 2400 2341 2454 ob

746 2489 1108 2545 idololatriam
1131 2533 1144 2554 .
1174 2507 1277 2562 qua
1318 2492 1617 2547 desciverat
1660 2501 1788 2548 tunc
1826 2509 1856 2547 a
1886 2492 1995 2549 Deo
2020 2533 2035 2559 ,
2064 2493 2165 2548 sub
2214 2508 2342 2565 rege

744 2582 1087 2640 Hicroboam.
1143 2583 1252 2641 Nec
1294 2584 1395 2641 hoc
1426 2586 1567 2639 enim
1600 2600 1795 2640 novum
1827 2595 1910 2640 est
1937 2583 2178 2641 Creatori
2209 2584 2343 2657 [igu-

743 2688 857 2733 rate
920 2679 995 2732 uti
1062 2679 1416 2734 translatione
1466 2680 1786 2743 nominum,
1819 2696 1882 2734 ex
1936 2682 2341 2750 eomparatiuuc

742 2772 1049 2827 criminum.
1097 2772 1227 2835 Nam
1260 2783 1315 2828 et
1340 2771 1630 2828 archoutas
1675 2771 2073 2839 Sodomorum,
2106 2774 2343 2845 appellat

740 2864 1032 2921 archontas
1080 2865 1391 2922 Judarorum
1419 2887 1433 2931 ;
1463 2876 1518 2922 et
1548 2867 1803 2938 populum
1835 2867 2008 2937 ipsum
2038 2909 2051 2930 ,
2085 2869 2341 2939 populum

745 2958 1064 3016 Gomorrlta:
1085 2969 1275 3027 vocat,
1296 2970 1349 3015 et
1368 2960 1506 3015 idem
1526 2960 1651 3015 alibi
1679 2978 1693 3015 :
1720 2958 1898 3023 Pater,
1925 2961 2093 3030 inquit
2125 2960 2336 3032 (It'zeclt.

745 3050 879 3113 XVI
902 3096 916 3118 ,
949 3052 1004 3126 5)
1028 3095 1042 3118 ,
1072 3062 1185 3107 tuus
1213 3054 1541 3107 Amorr/ttcus
1562 3094 1574 3114 ,
1601 3062 1645 3106 et
1692 3063 1852 3107 mater
1879 3062 1965 3105 tua
1999 3052 2193 3107 Getltra
2221 3096 2234 3119 ,
2276 3057 2346 3110 ob

749 3152 1087 3208 consimilem
1133 3148 1462 3215 impietatem
1490 3187 1503 3209 ,
1535 3161 1670 3216 quos
1709 3148 1996 3217 aliquando
2027 3150 2187 3201 etiam
2218 3165 2347 3203 suos

752 3245 892 3300 lilios
940 3242 1192 3297 dixerat:
1240 3237 1405 3293 Filios
1451 3239 1719 3306 generari,
1771 3249 1816 3293 et
1868 3240 2110 3293 exaltari.
2152 3240 2242 3295 Sic
2294 3251 2349 3297 et

2441 2048 2496 2093 et
2520 2036 2864 2107 asperitatem
2895 2042 2949 2087 et
2976 2030 3291 2101 injustitiatn
3318 2070 3332 2093 ,
3360 2028 3573 2097 prepria
3618 2026 3827 2081 scilicet
3876 2040 4050 2094 nego-

2444 2135 2513 2189 tia
2540 2133 2844 2205 praeliorum
2867 2130 2888 2184 ?
2910 2128 3197 2183 Videamus
3219 2140 3348 2197 ergo
3372 2165 3387 2190 ,
3413 2139 3478 2177 an
3508 2122 3645 2175 alius
3670 2121 3739 2175 sit
3761 2122 3908 2174 ensis
3932 2120 4048 2183 ille,

2440 2230 2596 2298 cujus
2624 2227 2761 2280 alius
2783 2234 2866 2279 est
2892 2232 3060 2277 actus.
3086 2219 3219 2275 Nam
3249 2228 3303 2273 et
3328 2217 3606 2288 apostolus
3627 2213 3861 2270 Joannes
3888 2213 3972 2283 (ά)
3997 2213 4051 2267 in

2447 2311 2764 2385 Apocalypsi
2809 2309 2995 2379 (Apoc.
3025 2306 3082 2373 l,
3120 2304 3253 2375 l6),
3296 2318 3479 2359 ensem
3522 2300 3780 2356 describit
3830 2314 3903 2355 ex
3953 2313 4053 2353 ore

2446 2405 2541 2461 Dei
2566 2402 2916 2475 prodeuntem
2945 2441 2960 2465 ,
2992 2400 3071 2454 bis
3096 2406 3311 2453 acutum
3334 2437 3349 2461 ,
3373 2403 3701 2467 praeacutum
3731 2409 3745 2458 ;
3776 2406 3937 2461 quem
3969 2390 4055 2445 in-

2447 2497 2608 2567 telligi
2663 2503 2873 2566 oportet
2915 2490 3077 2564 (Epit.
3128 2490 3238 2557 VI,
3269 2489 3359 2557 I7)
3391 2502 3699 2543 sermonem
3749 2484 3999 2539 divinum
4031 2525 4049 2551 ,

2447 2592 2526 2647 bis
2558 2598 2769 2645 acutum
2800 2586 3009 2642 duobus
3038 2583 3397 2640 Testamentis
3420 2624 3435 2647 ,
3466 2581 3622 2651 Legis
3648 2588 3699 2634 et
3731 2578 4048 2648 Evangelii;

2446 2696 2660 2740 acutum
2704 2680 2995 2750 sapientia,
3029 2676 3281 2732 infestum
3326 2675 3539 2729 diabolo
3572 2691 3586 2737 ;
3619 2683 3919 2727 armantem
3954 2685 4053 2726 nos

2446 2779 2706 2833 adversus
2736 2778 2915 2829 hostes
2940 2771 3206 2841 Spiritalrs
3239 2770 3491 2840 nequitia:
3522 2778 3570 2820 et
3599 2763 4053 2835 eoncupisctmtia:

2448 2872 2658 2936 omnis,
2689 2876 3055 2937 amputantem
3106 2867 3266 2920 etiam
3299 2880 3327 2917 a
3355 2862 3651 2918 carissimis
3697 2861 3767 2913 ob
3808 2861 3903 2915 Dei
3951 2874 4051 2914 no-

2451 2979 2594 3021 men.
2620 2964 2772 3032 Quod
2796 2963 2839 3016 si
2859 2961 3119 3015 Joannem
3145 2960 3382 3030 agnitum
3412 2972 3518 3010 non
3547 2955 3629 3009 vis
3650 2996 3664 3020 ,
3701 2954 3869 3008 habes
3896 2968 4052 3007 com~

2449 3075 2669 3115 munem
2720 3058 3033 3128 magistrum
3074 3055 3293 3109 Paulum
3327 3050 3429 3125 (ε),
3466 3051 3881 3119 prmeiugentetn
3913 3049 4055 3101 lum-

2408 3129 2416 3137 ’
2453 3155 2548 3205 bos
2574 3160 2786 3204 nostros
2816 3150 3038 3202 veritate
3062 3157 3114 3200 et
3144 3146 3303 3200 lorica
3342 3143 3567 3212 justitite
3591 3182 3605 3203 ,
3637 3152 3687 3196 et
3734 3141 4054 3194 calciantcm

2454 3261 2549 3299 nos
2579 3244 3019 3315 praeparationem
3066 3238 3339 3309 Evangelii
3395 3237 3537 3305 pacis
3566 3277 3578 3299 ,
3612 3248 3718 3288 non
3762 3231 3891 3287 belli
3921 3250 3934 3285 :
3966 3247 4057 3286 as-

754 3336 1057 3407 Aigyptus,
1091 3345 1473 3400 nonnunquam
1521 3338 1663 3384 totus
1694 3330 1841 3384 orbis
1868 3332 2180 3403 intelligitur
2204 3334 2345 3405 apud
2375 3331 2420 3395 C
2454 3351 2669 3393 sumere
2717 3335 2994 3406 jubeutem
3057 3340 3268 3387 scutum
3325 3329 3444 3383 lidei
3474 3371 3488 3394 ,
3533 3328 3583 3380 in
3632 3342 3738 3396 quo
3790 3326 4060 3395 possimus

756 3429 944 3491 illum,
998 3422 1400 3496 superstitionis
1452 3432 1503 3477 et
1560 3420 1953 3479 maledictionis
2007 3426 2201 3497 elogio.
2260 3427 2352 3484 Sic

754 3529 811 3577 et
839 3519 1072 3592 Ilabylott
1102 3518 1262 3573 etiam
1296 3559 1309 3583 ,
1342 3515 1485 3587 apud
1512 3516 1774 3571 Joannem
1803 3526 2046 3573 nostrum
2072 3560 2086 3583 ,
2117 3537 2354 3580 romanae

758 3612 921 3669 Urbis
950 3611 1112 3682 Iigura
1128 3620 1211 3665 est
1228 3607 1323 3679 (c):
1350 3608 1573 3678 proinde
1598 3622 1824 3676 magnae,
1840 3617 1893 3664 et
1908 3625 2071 3679 regno
2085 3615 2350 3682 superbae,

757 3715 812 3761 et
841 3713 1149 3759 sanctorum
1180 3703 1274 3755 Dei
1302 3698 1686 3755 debellatricis.
1722 3700 1834 3754 lloc
1861 3700 2038 3771 itaque
2070 3719 2167 3758 usu
2191 3747 2206 3773 ,
2237 3722 2355 3760 ma—

758 3813 854 3868 gos
895 3810 1107 3866 quoque
1149 3793 1536 3849 Samaritarum
1577 3790 1934 3860 appellatione
1981 3794 2211 3852 titulavit
2257 3798 2355 3855 de-

760 3893 1018 3963 Spoliatos
1043 3933 1056 3955 ,
1086 3887 1228 3960 quod
1261 3887 1560 3942 habuerant
1608 3900 1728 3941 eum
1779 3884 2064 3943 Samaritis
2085 3931 2100 3955 ,
2136 3900 2191 3946 ut
2219 3891 2357 3949 dixi-

763 3999 901 4049 mus,
918 3982 1293 4039 idololatriam.
1314 3979 1586 4035 Adversus
1600 3995 1777 4050 regem
1796 3989 1971 4036 autem
1987 3984 2353 4056 Assyriorum,

761 4078 1019 4133 adversus
1041 4073 1306 4131 llerodem
1333 4072 1571 4144 intcllige
1592 4090 1605 4139 ;
1627 4073 1714 4127 cui
1737 4073 1916 4144 utique
1938 4075 2204 4132 adversati
2227 4092 2356 4137 sunt

2460 3433 2637 3488 omnia
2667 3429 2863 3486 diaboli
2895 3428 3053 3499 ignita
3087 3426 3188 3482 teli
3220 3423 3580 3494 extinguere;
3627 3429 3681 3475 et
3720 3418 3933 3490 galeam
3976 3432 4062 3472 sa-

2461 3525 2679 3592 lutaris,
2727 3533 2781 3578 et
2824 3520 3056 3593 gladium
3108 3518 3327 3588 spiritus
3354 3558 3368 3581 ,
3419 3514 3555 3586 quod
3586 3524 3693 3579 est,
3728 3511 3932 3579 inquit,
3966 3509 4062 3565 Dei

2459 3634 2641 3673 sermo.
2678 3616 2824 3670 Ilane
2860 3624 2914 3668 et
2947 3612 3202 3667 Dominus
3232 3612 3347 3680 ipse
3388 3607 3713 3662 machaeram
3757 3603 3905 3657 venit
3936 3608 4061 3656 mit-

2463 3721 2577 3767 tere
2617 3709 2670 3764 in
2712 3718 2943 3773 terram,
2978 3720 3083 3758 non
3124 3717 3309 3773 pacem
3353 3700 3568 3770 (Matth.
3600 3696 3672 3761 Χ,
3702 3696 3815 3768 33).
3851 3694 3909 3751 Si
3942 3705 4063 3750 tuus

2459 3804 2707 3860 Christus
2734 3810 2817 3856 est
2841 3842 2855 3865 ,
2889 3814 3016 3868 ergo
3062 3806 3116 3851 et
3168 3796 3281 3864 ipse
3334 3793 3560 3848 bellator
3605 3798 3722 3853 est;
3756 3791 3799 3844 si
3835 3789 4064 3844 bellator

2461 3914 2565 3953 non
2616 3905 2735 3953 est.
2768 3892 3094 3951 machaeram
3155 3889 3427 3943 intentans
3491 3881 3834 3952 allegoricam
3872 3922 3889 3943 ,
3920 3879 4066 3934 licuit

2459 4005 2589 4062 ergo
2614 3999 2668 4045 et
2691 3988 2907 4044 Christo
2936 3982 3203 4038 Creatoris
3242 3980 3294 4035 in
3327 3979 3559 4042 Psalmo,
3591 3975 3707 4031 sine
3742 3973 3951 4029 bellicis
3980 3986 4065 4027 re-

2459 4084 2558 4140 bus
2578 4126 2593 4152 ,
2623 4096 2808 4138 ensem
2836 4078 3103 4135 sermonis
3145 4074 3241 4131 Dei
3266 4070 3384 4143 (10)
3417 4068 3670 4141 prteeingi
3701 4067 3950 4140 ﬁgurato,
3981 4066 4066 4122 cui

1991 4211 2374 4277 LECTIONES
2412 4218 2824 4281 VARIANTES.

849 4382 900 4463 2)
924 4382 1378 4463 ξ[ξιιιεξηςιιχιυιεηίἶ
1398 4382 1765 4463 Scythpbertlt.

2628 4382 3109 4463 lit—prteritittqswtl.

923 4451 1319 4534 Qﬂ‘erentltllte'ttz
1344 4448 1495 4501 Sentl.
1525 4447 1719 4501 Obertlt.

2527 4447 2600 4534 ta
2624 4447 2881 4534 assem:-
2903 4458 3153 4534 _s.enez.-_.e_a

922 4517 1376 4608 ἐξ
1413 4572 1591 4608 mm”.
2387 4548 2440 4608 D
2529 4510 2841 4608 (g‘l'enitat‘i
2936 4521 3158 4608 jgstitite,
3177 4514 3328 4568 omitt.
3354 4512 3506 4568 Blten.
3530 4511 3681 4564 Seml.
3710 4510 3911 4565 Obertlt.

1188 4760 1193 4763 ι
2082 4726 2640 4793 COMMENTARIUS.

841 4849 914 4920 (ο)
947 4847 1161 4901 Munera
1198 4844 1412 4912 aﬂ'erent
1447 4841 1543 4897 illi.
1586 4839 1774 4895 Melius
1817 4841 1931 4920 illic_
1954 4841 2161 4920 vulgata
2192 4844 2355 4917 legit,

765 4914 1019 4975 adducent
1042 4938 1060 4977 :
1084 4935 1203 4972 nam
1235 4930 1408 4987 grteee
1435 4925 1517 4968 est
1545 4920 1879 4982 πρσσάξιυσιν.
1913 4914 1987 4987 Le
2024 4915 2121 4987 I’n.

845 4991 924 5063 (δ)
958 4990 1096 5043 Nam
1125 4999 1169 5063 et
1198 4985 1372 5063 magos
1400 5002 1539 5063 reges
1562 4988 1751 5063 _Itabuit
1793 4990 1899 5063 fere
1940 4985 2140 5063 Qriens.
2173 4987 2362 5063 ﬁeges

770 5054 917 5119 dixit
936 5061 1215 5130 toparchas
1246 5054 1391 5114 urbis
1418 5054 1641 5123 alicujus
1669 5066 1760 5130 aut
1783 5054 2033 5130 regionis,
2066 5058 2238 5130 qualis
2268 5054 2357 5115 ille

768 5151 863 5190 rex
893 5126 1031 5205 apud
1061 5147 1219 5205 quem
1250 5147 1314 5185 ex
1347 5138 1531 5205 sutore
1562 5126 1807 5205 medicus
1835 5128 2041 5182 Phaedri
2074 5128 2247 5184 fabula
2276 5130 2368 5186 de-

770 5208 915 5261 risus
930 5199 957 5270 ’ς
986 5202 1171 5274 quales
1202 5203 1338 5274 item
1358 5203 1408 5255 in
1436 5200 1604 5255 sacris
1633 5199 1836 5274 paginis
1874 5211 2158 5274 occurrunt
2199 5216 2369 5272 smpe-

772 5270 1018 5333 numerol
1054 5272 1366 5343 Ilujusmodi
1415 5285 1569 5343 reges
1598 5272 1760 5343 Variis
1795 5287 1888 5340 per
1918 5270 2189 5343 Orientem
2229 5270 2372 5327 urbi-

772 5349 873 5405 bus
900 5361 1083 5417 magos
1107 5341 1222 5400 fere
1245 5343 1409 5417 fuisse
1431 5345 1503 5417 ait
1528 5341 1818 5417 Septimius
1837 5384 1852 5408 ,
1880 5343 1980 5397 hoc
2005 5349 2129 5417 est,‘
2132 5341 2368 5417 siderum

769 5412 1103 5475 astrorufnve
1120 5416 1358 5472 scientiae
1376 5414 1593 5485 peritos.
1612 5412 1879 5485 Caeterum
1898 5428 2082 5485 magos
2099 5413 2370 5469 Persicum

771 5505 898 5545 esse
945 5488 1259 5544 vocabulum
1301 5483 1459 5543 docet
1505 5483 1835 5557 Porphyrius
1880 5483 2123 5557 lib.'«-pi
2151 5491 2368 5554 ἀποχης,

771 5576 944 5630 coque
973 5559 1297 5631 signiﬁcari,
1324 5566 1432 5623 τοὺς
1478 5562 1586 5632 θηρὶ
1624 5566 1678 5615 τὸ
1715 5559 1854 5632 θεῖοί
1879 5566 2064 5627 σαφοῦς,
2098 5562 2179 5613 atati
2204 5565 2372 5614 τούτου

769 5628 1081 5704 Vspensium},
1114 5639 1239 5704 (ei):
1259 5634 1341 5685 irati
1362 5628 1615 5699 αϐἇσμέιον
1643 5635 1791 5704 γενος.
1823 5628 1940 5704 βιῦ.

846 5703 925 5777 (c)
955 5705 1042 5759 Sic
1070 5698 1131 5777 et:
1154 5698 1385 5777 Babylon
1429 5704 1577 5777 etiam
1622 5700 1762 5777 apud
1810 5698 2062 5777 Joannem
2106 5709 2369 5777 nostrain,

781 5771 1026 5829 Romana:
1053 5775 1188 5829 urbis
1220 5771 1385 5844 ﬁgura
1411 5785 1503 5828 est.
1540 5771 1782 5844 Vulgaris
1824 5780 1920 5844 est,
1950 5771 2373 5844 calumniamRo-

778 5861 919 5900 mam
949 5847 1051 5901 diei
1084 5842 1431 5918 Bablenem.
1466 5844 1524 5899 Id
1554 5844 1695 5918 enim
1724 5843 1807 5895 vir
1835 5843 2147 5918 eximinset
2172 5842 2372 5918 milia:

777 5918 1021 5987 telligunt
1047 5919 1114 5973 de
1145 5914 1310 5973 Roma
1355 5927 1534 5975 vetere
1578 5914 1842 5974 idolorum
1885 5914 2033 5970 cultu
2073 5914 2371 5971 incredibili

2465 4868 2734 4925 nunquam
2764 4851 2895 4908 satis
2920 4844 3293 4925 vituperanda.
3319 4844 3533 4925 lix-quo
3575 4841 3716 4925 enim
3742 4838 3945 4925 Christi
3979 4852 4066 4894 re-

2466 4912 2607 4995 ligio'
2622 4926 2907 4980 constituta
2939 4912 3050 4995 est,
3073 4920 3141 4975 de
3162 4934 3223 4974 ea
3246 4917 3350 4972 diei
3381 4916 3541 4970 debet
3568 4913 3708 4984 quod
3741 4912 3801 4968 S.
3833 4912 4062 4983 Prosper

2470 4994 2638 5051 carm.
2680 4996 2744 5050 de
2772 4996 2796 5050 Ι
2808 4994 3001 5067 ngratis
3028 5011 3046 5047 :

2901 5082 3145 5146 Quidquid
3170 5094 3265 5131 non

2656 5149 2935 5215 Relligione
2964 5154 3120 5197 tenet.

2545 5257 2695 5313 CAP.
2714 5252 3029 5325 XlV.—-—(d)
3052 5250 3189 5325 Nam
3214 5259 3258 5305 et
3286 5249 3516 5302 Joannes
3543 5247 3807 5325 apostolus
3829 5246 3883 5298 in
3911 5245 4067 5312 Apoc.

2475 5328 2623 5385 Facit
2647 5331 2804 5385 etiam
2835 5329 2919 5381 hic
2948 5317 3094 5380 locus
3125 5322 3388 5377 adversus
3413 5333 3510 5375 eos
3539 5320 3625 5388 qui
3650 5317 3917 5371 Joannem
3945 5331 4072 5385 apo-

2477 5402 2671 5455 stolum
2697 5407 2892 5469 negant
2912 5409 3186 5469 auctorem
3216 5391 3631 5469 Apocalypseos,
3654 5403 3841 5469 verum
3866 5389 3934 5442 de
3977 5390 4075 5439 hoc

2479 5472 2633 5528 latius
2656 5462 2847 5538 lib.l'V,
2869 5484 2987 5539 cap.
3008 5468 3063 5534 5,
3085 5468 3174 5523 ubi
3193 5465 3355 5521 etiam
3374 5462 3701 5519 M’areionem
3724 5462 3779 5516 in
3801 5468 3871 5515 eo
3892 5472 4073 5515 errore

2479 5545 2642 5599 luisse
2671 5542 2848 5598 tradit.
2880 5542 3013 5597 Plut.

2552 5615 2627 5689 (ρ)
2668 5614 2835 5689 Habes
2862 5626 3179 5667 communem
3208 5607 3503 5689 magistrum
3536 5602 3783 5689 fautum.
3815 5601 4071 5689 B_..Joanf

2478 5674 2569 5743 nis‘
2608 5674 2966 5757 Apocalypsin
3018 5697 3123 5736 non
3170 5674 3486 5734 admittebat
3516 5677 3769 5757 ’βιῳ-ρίου
3798 5717 3813 5757 τ
3838 5674 4075 5757 ideoque

2478 5747 2717 5814 sanctu'm
2752 5747 3003 5815 I’a'u'lum,
3038 5768 3193 5823 quem
3224 5767 3327 5806 non
3360 5749 3709 5823 repudiabat,
3745 5747 3998 5823 adducit,
4019 5753 4079 5797 ut

2476 5845 2813 5888 communem
2841 5817 3121 5881 illllbtll‘lll‘ﬂ
3178 5841 3283 5880 non
3332 5821 3491 5876 modo
3519 5818 3612 5873 sed
3644 5820 3803 5874 etiam
3837 5817 4078 5888 ninnium

2476 5886 2810 5975 magistrum.
2838 5898 3085 5971 Elogium
3121 5894 3253 5952 illud
3282 5894 3340 5953 S.
3374 5889 3619 5964 Apostoli
3662 5889 3975 5946 addendum
4011 5886 4077 5943 iis

3352 5077 3505 5128 ssidet
3528 5077 3677 5126 armis

3319 5142 3448 5191 :l’n.
