4268 6492
223 386 321 441 541

1330 381 1460 437 LIB.
1502 380 1568 436 Ill
1610 377 1972 436 ADVERSUS
2009 379 2428 440 MARCIONEM.

3419 382 3522 439 sta

225 498 531 568 supradicta
583 497 969 568 tempestivitas
1019 506 1312 568 congruat,
1347 506 1402 551 et
1439 496 1608 567 gratia
1642 495 1815 550 labio-
1843 495 1897 555 Α
1922 496 2340 567 appellationum
2387 500 2770 572 consignatur:
2800 500 2995 572 quibus
3039 498 3414 555 deficientibus
3464 500 3513 553 si

224 608 381 657 rum;
426 606 584 662 quem
629 599 756 646 tunc
793 591 902 660 jam
948 589 1259 660 cingebatur
1297 603 1457 658 super
1483 586 1656 642 femur
1679 586 1819 656 apud

225 685 391 742 David
418 727 434 752 ,
458 685 777 756 quandoque
802 685 1061 738 missurus
1092 684 1144 738 in
1177 691 1396 738 terram.
1436 682 1544 736 Iloc
1567 690 1651 737 est
1677 681 1819 736 enim

223 778 365 849 quod
393 779 469 832 ait
495 821 508 843 ,
543 787 588 832 et
618 777 828 832 extende
849 819 864 844 ,
897 787 945 830 et
975 792 1276 848 prosperare
1295 819 1309 843 ,
1342 788 1388 830 et
1416 793 1592 847 regna.
1621 776 1820 831 Exten-

225 870 322 925 dcs
377 886 685 926 sermonem
737 871 787 923 in
834 884 1050 923 omnem
1103 879 1296 923 terram
1339 868 1406 922 ad
1453 868 1820 923 universarum

227 964 465 1034 gentium
499 963 830 1016 vocationem
862 978 875 1026 ;
907 971 1320 1032 prosperaturus
1365 975 1615 1016 successu
1662 960 1782 1016 fidei
1805 1001 1822 1027 ,

227 1072 329 1125 qua
358 1065 442 1111 est
473 1066 826 1125 recepturus;
857 1066 906 1108 et
937 1070 1166 1124 regnans
1195 1055 1418 1118 exinde,
1453 1069 1555 1125 qua
1595 1064 1823 1109 mortem

228 1150 624 1204 resurrectione
657 1148 870 1202 devicit.
912 1147 979 1200 Et
1013 1147 1226 1201 deducet
1263 1158 1308 1200 te
1331 1189 1346 1213 ,
1378 1146 1585 1217 inquit,
1613 1145 1828 1215 miriﬁce

227 1243 437 1296 dextera
487 1252 612 1305 tua;
669 1240 837 1294 virtus
893 1240 1100 1294 scilicet
1144 1240 1328 1308 gratia:
1378 1238 1674 1308 spiritalis,
1723 1253 1827 1307 qua

227 1331 428 1387 Christi
474 1331 676 1402 agnitio
720 1330 1024 1386 deducitur.
1073 1329 1289 1400 Sagitta:
1327 1339 1427 1383 tua:
1467 1339 1664 1396 acutae,
1707 1343 1830 1399 per-

229 1427 465 1481 volantia
518 1425 711 1496 ubique
745 1424 821 1497 (I)
867 1433 1132 1495 pratcepta
1158 1465 1172 1489 ,
1204 1433 1257 1478 et
1302 1426 1494 1488 minae,
1528 1431 1580 1477 et
1611 1421 1690 1494 (Ξ)
1725 1434 1830 1476 tra-
1867 1451 1877 1461 υ

229 1522 517 1577 ductiones
566 1520 647 1593 (3)
677 1520 855 1575 cordis
881 1562 895 1586 ,
926 1530 1346 1588 eompnngeutes
1375 1529 1428 1572 et
1455 1516 1833 1588 transfigentes

231 1615 917 1684 conscientiamquamque.
942 1611 1128 1680 Papuli
1156 1611 1246 1665 sub
1265 1622 1311 1665 te
1337 1612 1629 1672 concident.
1655 1613 1835 1682 utique

231 1710 545 1764 adorantes.
573 1708 660 1763 Sic
689 1707 1010 1776 bellipotens
1039 1715 1094 1761 et
1136 1706 1370 1776 armiger
1397 1705 1642 1760 Christus
1668 1703 1832 1760 Crea-

234 1804 370 1858 toris
396 1846 410 1868 ,
446 1804 523 1858 sic
551 1812 604 1858 et
633 1816 771 1857 nunc
797 1801 1071 1871 accipiens
1097 1800 1288 1869 spolia,
1320 1815 1423 1854 non
1453 1799 1621 1854 solius
1645 1799 1834 1854 Sama-

1923 589 2135 659 quando
2159 631 2174 652 ,
2225 600 2349 648 tunc
2377 591 2458 664 (4)
2486 608 2660 664 graeca
2705 591 3034 648 catachresis
3071 591 3139 646 de
3182 590 3360 647 alieno
3388 591 3518 646 abu-

1925 684 2086 739 tendo
2111 686 2396 740 succurrit.
2424 686 2581 758 Apud
2615 687 2780 742 Deum
2811 696 2988 742 autem
3019 685 3252 741 deficere
3280 693 3408 754 puto
3439 685 3520 739 ni-

1926 776 2000 830 hil
2040 777 2196 832 debet
2223 819 2238 844 ,
2269 793 2368 833 nec
2395 778 2461 834 de
2493 778 2672 834 alieno
2716 779 2906 834 instrui
2955 778 3341 845 dispositiones
3372 777 3512 847 ejus.

1926 866 2057 935 Quis
2107 868 2195 924 hic
2242 870 2381 925 Deus
2431 881 2550 934 est,
2579 872 2670 943 qui
2722 873 2832 927 lilio
2873 887 3086 942 quoque
3115 886 3214 927 suo
3252 870 3521 925 nominaa

1927 960 2185 1018 Creatore
2231 963 2504 1019 vindicat?
2536 980 2640 1020 non
2687 966 2808 1021 dico
2854 966 3069 1032 aliena,
3103 965 3197 1020 sed
3241 975 3425 1021 vetera
3472 975 3527 1019 et

1930 1056 2141 1126 vulgata
2167 1097 2182 1123 ,
2215 1073 2334 1127 quae
2364 1057 2449 1112 vel
2479 1058 2558 1114 sic
2589 1073 2696 1113 non
2726 1068 3097 1130 competerent
3140 1058 3242 1114 deo
3289 1073 3430 1113 novo
3468 1067 3525 1114 et

1931 1152 2218 1223 incognito.
2253 1154 2533 1222 Quomodo
2560 1155 2792 1225 denique
2817 1155 3010 1221 docet,
3041 1169 3233 1209 novam
3262 1153 3524 1224 plagulam

1932 1261 2038 1300 non
2067 1247 2209 1300 assui
2238 1246 2420 1302 Veteri
2435 1246 2782 1302 Testamento
2798 1247 2898 1317 (τι),
2921 1262 3018 1302 nec
3030 1247 3209 1300 vinum
3228 1261 3425 1301 novum
3439 1261 3529 1299 ve-

1933 1337 2136 1393 teribus
2166 1338 2370 1393 utribus
2395 1338 2540 1394 credi
2574 1339 2676 1408 (b),
2701 1339 2925 1393 adsutus
2955 1339 3069 1407 ipse
3098 1348 3150 1393 et
3177 1338 3393 1393 indutus
3431 1353 3529 1390 no-

1935 1434 2137 1488 minum
2165 1434 2348 1488 senio?
2369 1432 2653 1500 Quomodo
2674 1432 2901 1489 abscidit
2922 1432 3274 1503 Evangelium
3301 1448 3330 1486 a
3359 1431 3530 1502 Lege.

1936 1534 2044 1578 tota
2073 1525 2214 1594 Lege
2239 1527 2500 1581 vestitus?
2528 1525 2585 1580 In
2617 1525 2835 1581 nomine
2879 1525 3080 1581 scilicet
3124 1523 3345 1579 Christi.
3399 1522 3533 1592 Quis

1937 1621 2088 1675 illum
2145 1619 2416 1692 prohibuit
2460 1620 2605 1676 aliud
2653 1619 2868 1686 vocari,
2898 1615 3045 1674 aliud
3099 1618 3477 1688 prmdicantem
3510 1658 3524 1682 ,

1939 1714 2154 1769 aliunde
2182 1715 2525 1770 venientem?
2550 1729 2671 1769 cum
2707 1722 2988 1784 propterea
3019 1725 3118 1768 nec
3147 1712 3390 1782 corporis
3412 1725 3535 1765 sus-

1940 1809 2145 1878 ceperit
2174 1813 2483 1874 veritatem,
2521 1824 2590 1864 ne
2610 1807 2856 1862 Christus
2880 1804 3153 1862 Creatoris
3180 1804 3531 1861 crederetur?

234 1898 331 1950 riae
358 1939 372 1960 ,
404 1911 590 1950 verum
631 1905 684 1950 et
723 1897 962 1948 omnium
1000 1898 1260 1963 gentium.
1310 1894 1555 1962 Agnosce
1594 1901 1648 1946 et
1667 1893 1837 1961 spolia

1946 1902 2093 1958 Vane
2139 1911 2317 1958 autem
2365 1902 2537 1956 noluit
2566 1917 2688 1956 eum
2722 1915 2781 1955 se
2805 1898 2976 1954 videri
3003 1941 3015 1963 ,
3048 1913 3206 1970 quem
3235 1898 3402 1954 voluit
3440 1912 3538 1952 vo-

238 1990 468 2060 figurata
500 2031 513 2054 ,
549 1988 700 2057 cujus
727 1998 781 2041 et
808 2003 956 2042 arma
985 1986 1270 2056 allegorica
1302 1987 1556 2041 didicisti.
1587 1987 1837 2058 Figurate

237 2083 421 2152 itaque
468 2093 523 2136 et
563 2082 789 2136 Domino
843 2080 1103 2150 ejusmodi
1155 2081 1442 2149 loquente,
1493 2090 1547 2134 et
1579 2079 1838 2149 Apostolo

237 2181 510 2232 scribente
534 2218 550 2244 ,
574 2191 677 2230 non
702 2186 900 2231 temere
933 2175 1460 2244 interpretationibus
1480 2173 1596 2244 ejus
1617 2174 1835 2242 utimur,

239 2286 470 2341 quarum
500 2269 744 2339 exempla
785 2268 948 2322 etiam
998 2267 1292 2322 adversarii
1322 2265 1610 2320 admittunt
1637 2282 1652 2320 :
1681 2275 1840 2336 atque

241 2364 312 2418 ita
335 2365 386 2416 in
416 2372 618 2416 tantum
648 2361 820 2416 Esaia:
837 2359 1199 2416 eritChristns
1221 2359 1310 2429 qui
1329 2360 1493 2425 venit,
1516 2359 1568 2413 in
1586 2367 1841 2428 quantum

243 2471 350 2510 non
372 2453 470 2509 fuit
495 2455 743 2519 bellator,
775 2455 898 2523 quia
935 2468 1040 2507 non
1073 2453 1193 2508 talis
1221 2451 1290 2506 ab
1316 2453 1472 2506 Esaia
1499 2452 1839 2522 praedicatur.

851 2544 1077 2601 CAPUT
1118 2543 1236 2599 XV.

321 2642 397 2696 De
450 2641 746 2710 quzestione
790 2640 1001 2705 carnis,
1035 2648 1091 2694 et
1121 2642 1215 2708 per
1256 2654 1377 2694 eam
1433 2638 1722 2694 nativitatis
1745 2679 1760 2704 ,
1790 2647 1846 2695 et

247 2736 407 2791 unius
458 2735 669 2790 interim
721 2734 955 2789 nominis
1007 2732 1353 2788 Emmanuetis
1411 2732 1708 2804 hucusque.
1766 2732 1845 2790 De

247 2830 459 2884 eteteris
507 2845 634 2884 vero
680 2828 1020 2893 nominibus,
1051 2839 1102 2882 et
1136 2829 1187 2881 in
1239 2827 1423 2897 primis
1462 2826 1690 2891 Christi,
1717 2825 1846 2898 quid

246 2940 372 2995 pars
402 2925 615 2978 diversa
661 2922 1052 2993 respondebit?
1077 2921 1133 2977 Si
1179 2922 1405 2990 proinde
1435 2937 1725 2976 commune
1762 2931 1846 2977 est

246 3019 389 3088 apud
425 3034 519 3071 vos
549 3017 745 3072 Christi
794 3031 989 3070 nomen
1012 3055 1027 3078 ,
1063 3015 1515 3084 quemadmodum
1540 3026 1593 3070 et
1625 3015 1716 3068 Dei
1743 3057 1757 3079 ,
1790 3022 1846 3069 ut

249 3112 392 3167 sicut
436 3111 713 3179 utriusque
763 3110 856 3164 Dei
912 3109 1075 3162 tilium
1101 3107 1373 3162 Christum
1403 3116 1670 3176 competat
1699 3108 1803 3162 dici
1829 3151 1845 3177 ,

250 3206 329 3260 sic
362 3214 646 3274 utrumque
671 3213 876 3272 patrem
908 3203 1188 3258 Dominum
1215 3244 1228 3267 ,
1261 3211 1409 3258 certe
1435 3204 1574 3257 ratio
1602 3203 1724 3258 huic
1756 3219 1846 3258 ar-

1940 1996 2048 2053 cari
2082 2014 2093 2052 :
2128 1995 2346 2066 quando
2374 2038 2389 2060 ,
2434 1996 2538 2050 etsi
2590 2009 2719 2050 vere
2763 2008 3055 2065 corporeus
3110 1992 3335 2058 fuisset,
3370 1990 3541 2062 magis

1940 2091 2188 2147 Christus
2217 2089 2490 2145 Creatoris
2532 2104 2638 2143 non
2686 2087 2982 2154 videretur,
3025 2087 3068 2142 si
3099 2101 3204 2142 non
3235 2096 3540 2142 vocaretur.

1942 2189 2013 2240 At
2037 2199 2179 2240 nunc
2208 2183 2558 2240 substantiam
2604 2181 2839 2252 respuit,
2862 2180 3015 2251 cujus
3041 2195 3236 2236 nomen
3265 2179 3346 2252 (5)
3381 2194 3539 2235 acce-

1943 2279 2058 2351 pit,
2088 2278 2248 2332 etiam
2305 2275 2659 2330 substantiam
2710 2275 3032 2345 probaturus
3078 2288 3143 2328 ex
3191 2273 3429 2326 nomine.
3483 2271 3538 2327 Si

1944 2371 2087 2426 enim
2115 2368 2361 2424 Christus
2388 2376 2578 2424 unctus
2606 2375 2718 2432 est,
2748 2366 2910 2437 ungui
2943 2364 3126 2437 utique
3155 2364 3397 2435 corporis
3422 2379 3544 2432 pas-

1944 2463 2026 2517 sio
2055 2471 2155 2517 est.
2188 2461 2288 2529 Qui
2332 2474 2528 2530 corpus
2573 2475 2678 2514 non
2726 2459 2912 2514 habuit
2937 2499 2952 2524 ,
2987 2458 3147 2528 ungui
3175 2457 3397 2512 omnino
3428 2471 3534 2512 non

1947 2555 2151 2626 potuit:
2181 2553 2270 2624 qui
2295 2551 2455 2623 ungui
2484 2551 2708 2606 omnino
2739 2565 2842 2605 non
2867 2548 3070 2620 potuit,
3093 2547 3338 2604 Christus
3363 2547 3543 2602 vocari

1947 2649 2095 2705 nullo
2145 2647 2305 2703 modo
2355 2647 2545 2718 potuit.
2592 2644 2750 2701 Aliud
2801 2651 2914 2712 est,
2946 2645 2991 2698 si
3022 2654 3074 2698 et
3107 2643 3341 2698 nominis
3371 2643 3544 2711 phan-

1948 2751 2119 2799 tasma
2152 2740 2440 2797 aﬂ'ectavit.
2469 2738 2576 2796 Sed
2608 2737 2882 2810 quomodo
2908 2779 2922 2800 ,
2955 2737 3164 2805 inquit,
3201 2737 3460 2804 irreperet
3490 2735 3544 2790 in

1949 2837 2257 2893 Judteorum
2291 2833 2454 2889 fidem
2481 2875 2495 2900 ,
2529 2832 2631 2888 nisi
2661 2847 2758 2902 per
2779 2831 3005 2887 solenne
3030 2829 3169 2899 apud
3199 2844 3295 2884 eos
3321 2838 3375 2883 et
3402 2828 3552 2883 fami-

1950 2930 2081 2986 liare
2103 2942 2298 2984 nomen
2324 2927 2347 2981 ?
2376 2927 2774 2982 lnconstantem
2805 2931 2896 2977 aut
2922 2920 3212 2977 subdolum
3241 2921 3401 2975 deum
3425 2935 3549 2975 nar-

1951 3038 2040 3078 ras
2066 3066 2082 3090 ,
2132 3031 2222 3076 aut
2264 3019 2615 3082 diffidentiae,
2658 3025 2750 3071 aut
2799 3014 3176 3070 malitiositatis
3223 3014 3548 3081 consilium,

1951 3111 2186 3168 fallendo
2215 3110 2364 3182 quid,
2395 3124 2735 3180 promovere.
2783 3107 2949 3163 Multo
2977 3105 3197 3162 liberius
3222 3116 3386 3177 atque
3413 3106 3546 3160 sim-

1955 3207 2140 3276 plicius
2169 3213 2387 3276 egerunt
2413 3201 2924 3273 Pseudoprophetat,
2955 3199 3213 3256 adversus
3239 3200 3548 3256 Creatorem

253 3297 642 3368 gumentationi
688 3295 1066 3366 refragabitur.
1099 3295 1191 3350 Dei
1241 3296 1386 3350 enim
1441 3309 1659 3362 nomen,
1699 3297 1848 3366 quasi
1877 3289 1921 3354 C
1956 3299 2008 3355 in
2037 3300 2117 3354 sui
2145 3298 2231 3355 dei
2261 3297 2478 3353 nomine
2506 3297 2807 3353 venientes.
2839 3295 2948 3351 Sed
2993 3311 3094 3351 nec
3130 3293 3383 3351 effectum
3416 3309 3550 3350 cun.

254 3389 502 3443 naturale
546 3389 868 3453 divinitatis,
925 3396 1099 3457 potest
1134 3387 1185 3441 in
1235 3403 1426 3442 omnes
1464 3389 1850 3444 communicari

254 3480 454 3552 quibus
495 3480 748 3533 divinitas
780 3478 1105 3545 vindicatur,
1133 3487 1271 3533 sxcut
1315 3487 1369 3534 et
1415 3479 1605 3546 idolis,
1641 3481 1853 3536 dicente

255 3573 519 3644 Apostolo
557 3571 611 3646 (Ι
643 3571 759 3627 Cor.
808 3572 957 3639 VIII,
998 3572 1076 3642 5).
1105 3571 1247 3627 Nam
1273 3585 1317 3627 et
1350 3585 1466 3628 sunt
1500 3577 1587 3644 qui
1616 3575 1856 3630 dicuntur

257 3667 362 3731 dii,
402 3667 506 3720 sive
542 3666 595 3719 in
625 3665 778 3731 caelo,
817 3665 920 3719 sive
945 3666 997 3719 in
1037 3667 1202 3720 terris.
1231 3665 1430 3721 Christi
1470 3682 1597 3722 vero
1625 3682 1852 3734 nomen,

256 3775 368 3816 non
425 3775 490 3814 cx
536 3769 726 3814 natura
775 3759 1030 3824 veniens,
1060 3760 1152 3815 sed
1201 3775 1264 3814 es
1318 3760 1857 3832 dispositione,pro-

255 3856 438 3928 prium
463 3855 579 3924 ejus
604 3853 854 3920 efficitur,
890 3869 919 3908 a
949 3869 1055 3923 quo
1079 3854 1398 3924 dispositum
1431 3857 1716 3910 invenitur.
1750 3854 1860 3912 Nec

257 3949 316 4004 in
350 3945 892 4003 communicationem
930 3945 1020 4000 alii
1065 3946 1169 4000 deo
1213 3945 1456 4014 subjacct
1479 3987 1494 4013 ,
1526 3948 1758 4002 maxime
1788 3961 1861 4002 at-

258 4041 448 4107 mulo,
480 4051 534 4095 et
579 4039 798 4096 habenti
853 4054 1004 4095 suam
1053 4038 1491 4109 dispositionem,
1520 4041 1604 4095 cui
1655 4050 1710 4096 et
1759 4057 1860 4096 no-

261 4137 412 4190 mina
464 4133 666 4204 privata
697 4131 932 4188 debebit.
965 4132 1132 4201 Quale
1163 4143 1246 4187 est
1275 4133 1416 4187 enim
1451 4133 1590 4203 quod
1619 4133 1864 4191 diversas

262 4226 651 4298 dispositiones
691 4224 919 4279 duorum
961 4226 1308 4280 eommentati
1341 4224 1565 4281 deorum
1591 4266 1606 4292 ,
1637 4229 1866 4283 societa-

264 4330 378 4377 tem
434 4319 707 4374 nominum
755 4315 1045 4371 admittunt
1087 4315 1140 4371 in
1180 4315 1502 4372 discordiam
1552 4316 1865 4388 dispositio-

267 4414 437 4470 num?
479 4411 693 4486 quando
737 4409 880 4466 nulla
932 4409 1103 4481 magis
1149 4409 1392 4480 probatio
1431 4411 1708 4468 assisteret
1734 4413 1866 4468 dno-

267 4524 390 4565 rum
433 4517 488 4563 et
527 4506 842 4562 aemulorum
885 4506 1108 4560 deorum
1131 4547 1144 4568 ,
1172 4520 1331 4574 quam
1364 4505 1406 4559 si
1439 4507 1490 4560 in
1516 4505 1869 4577 dispositione

270 4615 462 4657 eorum
493 4600 654 4655 etiam
681 4597 966 4653 diversitas
991 4597 1265 4652 nominum
1299 4597 1648 4654 inveniretur.
1680 4599 1868 4658 Nullus

1957 3393 2059 3448 silii
2086 3391 2245 3462 hujus
2273 3390 2506 3456 invenio,
2537 3405 2660 3445 cum
2694 3388 2903 3444 facilius
2928 3396 3020 3442 ant
3039 3403 3194 3443 suum
3219 3387 3553 3444 crediderint

1955 3483 2229 3540 Christum
2251 3524 2266 3547 ,
2295 3491 2388 3536 aut
2434 3482 2649 3552 planum
2699 3481 2878 3552 potius
2929 3479 3162 3551 aliquem
3185 3521 3199 3545 ,
3227 3495 3386 3548 quam
3415 3478 3553 3533 alte-

1957 3580 2070 3634 rius
2099 3577 2186 3634 dei
2230 3576 2505 3634 Christum
2531 3617 2547 3636 .
2577 3577 2717 3631 sicut
2763 3574 3114 3645 Evangelium
3145 3572 3408 3644 probabit.

2548 3666 2777 3725 CAPUT
2815 3665 2956 3723 XVI.

2031 3764 2183 3820 Nunc
2212 3765 2255 3821 si
2289 3778 2482 3819 nomen
2512 3760 2712 3817 Christi
2741 3803 2755 3826 ,
2788 3769 2848 3816 ut
2884 3759 3181 3830 Sportulam
3209 3757 3519 3814 furunculus
3538 3797 3553 3821 ,

1961 3859 2221 3931 captavit,
2247 3872 2344 3913 cur
2373 3856 2535 3912 etiam
2572 3853 2731 3910 Iesus
2765 3853 2930 3914 voluit
2980 3851 3273 3922 appellari,
3311 3866 3416 3906 non
3447 3861 3554 3905 tam

1964 3947 2310 4019 exapectabili
2359 3946 2498 4018 apud
2545 3945 2762 4002 Judzeos
2801 3942 3064 3999 nomine?
3085 3941 3194 3998 Nec
3218 3943 3362 3998 enim
3389 3943 3431 3998 si
3461 3958 3560 3998 nos

1966 4057 2062 4114 per
2084 4039 2176 4096 Dei
2193 4041 2417 4111 gratiam
2443 4038 2773 4094 intellectum
2801 4037 3075 4092 consecuti
3101 4045 3559 4090 sacramentorum

1966 4136 2114 4204 ejus,
2148 4138 2248 4190 hoc
2275 4147 2487 4204 quoque
2516 4145 2712 4187 nomen
2760 4129 3104 4200 agnoscimus
3151 4127 3367 4182 Christo
3395 4127 3562 4183 desti-

1969 4237 2153 4286 natum
2179 4271 2192 4293 ,
2225 4228 2345 4282 ideo
2369 4237 2419 4283 et
2459 4226 2659 4282 Judaris
2681 4266 2696 4291 ,
2727 4225 2921 4296 quibus
2965 4223 3215 4294 adempta
3244 4232 3325 4279 εει
3350 4223 3562 4292 sapien-

1970 4324 2079 4386 tia,
2115 4330 2236 4375 nota
2274 4321 2377 4374 erit
2411 4334 2517 4375 res.
2553 4318 2791 4388 Denique
2829 4317 2896 4372 ad
2928 4316 3247 4372 hodiernum
3284 4315 3559 4372 Christum

1970 4423 2224 4488 sperant,
2257 4428 2364 4468 non
2390 4411 2571 4468 Jesum
2596 4428 2610 4478 ;
2639 4418 2695 4466 et
2738 4409 2942 4465 Heliam
2994 4409 3171 4480 potius
3202 4408 3565 4478 interpretan-

1971 4518 2061 4566 tur
2083 4508 2358 4565 Christum
2385 4548 2399 4570 ,
2433 4521 2592 4576 quam
2638 4503 2842 4559 Jesum.
2890 4502 2991 4572 Qui
3037 4516 3164 4572 ergo
3190 4508 3247 4557 et
3283 4500 3338 4554 in
3367 4515 3433 4554 eo
3470 4513 3570 4554 no-

1973 4601 2118 4657 mine
2141 4599 2320 4662 venit,
2353 4598 2405 4652 in
2435 4610 2539 4667 quo
2564 4594 2810 4650 Christus
2837 4609 2943 4650 non
2988 4590 3438 4664 praesumebatur,
3468 4605 3567 4660 po-

272 4692 417 4747 enim
471 4699 641 4745 status
697 4687 1116 4744 differentiarum
1183 4689 1392 4743 nonnisi
1453 4690 1866 4758 proprietatibus
1891 4687 1946 4749 D
1970 4694 2146 4750 tuitin
2179 4705 2245 4748 eo
2272 4689 2388 4745 solo
2433 4689 2650 4744 nomine
2689 4687 2935 4754 venisse,
2964 4683 3105 4756 quod
3152 4682 3327 4740 solum
3362 4696 3568 4754 pratsu-

1492 4781 1873 4845 LECTIONES
1901 4784 2316 4846 VARIANTES.

367 4901 415 4962 l)
445 4898 633 4962 Utique,
650 4895 756 4948 alii.

367 4901 388 4950 l
445 4900 627 4962 Utique
650 4900 756 4948 alii.

365 4964 393 5012 2
441 4962 502 5012 Et
526 4961 650 5026 negl.
667 4960 823 5012 Seml.

343 4900 418 5090 {5g
444 5025 801 5075 Praeminantes
820 5023 1177 5075 traductionem
1209 5021 1363 5074 Fran.
1387 5019 1461 5073 vel
1484 5022 1606 5088 forte
1624 5024 1813 5088 trajecti

367 5019 418 5088 5)
444 5019 801 5075 Pratuiinantes
820 5023 1177 5075 traductionem
1209 5021 1363 5074 Fran.
1387 5019 1461 5073 vel
1484 5022 1606 5088 forte
1624 5024 1876 5088 trajectioo

1979 4915 2097 4954 nem
2119 4899 2271 4953 Seml.

2044 4963 2119 5094 lii
2142 4957 2459 5080 ἓῖιῗῗιιῗᾶῧῗ
2473 4956 2636 5074 333‘s:
2657 4955 2857 5072 95$

1608 5132 2170 5193 COMMENTARIUS.

276 5273 404 5330 qua:
433 5254 593 5330 habet
616 5267 735 5330 cap.
770 5251 839 5330 Ili
886 5252 950 5306 de
996 5249 1302 5330 haeserin
1327 5249 1421 5330 ub_i
1447 5249 1520 5304 ait
1542 5291 1557 5316 ,
1583 5252 1722 5320 quod
1748 5251 1878 5320 [ides

279 5321 461 5386 nostra
487 5321 776 5388 obsequium
798 5324 1038 5388 Apostolo
1059 5321 1252 5378 debeat.
1279 5321 1358 5378 LE
1386 5323 1480 5377 Pa.

359 5341 461 5383 stra
487 5341 776 5388 Obsequium
798 5341 837 5378 Α
909 5341 1038 5379 stoto
1059 5341 1252 5378 aeneas.
1279 5341 1358 5378 ιλιι
1386 5341 1480 5377 ra.

359 5399 514 5458 CAP.
546 5397 663 5454 XV.
687 5426 762 5469 :—
791 5341 1098 5469 (ag’oNovam
1125 5395 1384 5469 plagulam
1409 5410 1528 5469 ⁸ηοη
1549 5393 1688 5448 assui
1724 5392 1878 5469 ueteri

283 5483 402 5528 test.
435 5471 549 5527 Lib.
581 5471 644 5522 de
678 5464 866 5533 0ral.,
898 5481 1016 5536 cap.
1051 5470 1074 5520 l
1107 5464 1132 5531 ,⁷
1153 5464 1296 5520 idem
1340 5465 1499 5518 habet
1530 5482 1544 5518 :
1577 5480 1672 5536 per
1694 5464 1879 5536 plagu-

285 5546 398 5599 Iam
429 5544 670 5597 lacernas
697 5540 782 5593 hic
808 5534 1074 5606 intelligit,
1109 5537 1316 5606 plagula
1346 5538 1543 5606 quippe
1566 5534 1592 5588 εἰ
1619 5534 1877 5589 Turnebo

283 5623 481 5670 nostro
507 5613 646 5666 inter
676 5610 990 5663 vestimenta
1033 5618 1356 5663 recensetur.
1395 5607 1567 5661 lnnnit
1597 5618 1774 5661 autem
1809 5622 1876 5660 ne

285 5685 444 5741 Novo
470 5685 815 5739 Testamento
835 5691 1080 5749 tanquam
1107 5680 1239 5732 vesti
1261 5678 1468 5749 plagula
1485 5688 1759 5738 assuatur;
1785 5678 1878 5731 dc-

285 5756 538 5813 fortuitas
551 5754 691 5808 enim
714 5753 813 5808 hoc
837 5762 989 5821 pacto
1011 5749 1375 5812 (sunttrahetur,
1392 5751 1563 5818 qualis
1583 5749 1883 5815 explicatur

289 5844 326 5883 Ω
352 5825 670 5888 Themistio,
703 5834 836 5877 orat.
876 5827 920 5878 l:
955 5829 1234 5892 συρῤάττειν
1263 5833 1373 5893 πρὸς
1403 5830 1580 5878 ἄπιστα.
1610 5828 1731 5890 λίνα
1761 5825 1882 5887 μηδὲ

291 5899 578 5960 ἐοικόςςῖνειιι
609 5903 1092 5971 τῶν-στρςσιιτοῦντων
1118 5902 1170 5947 αἱ
1193 5900 1445 5964 ἔρεπρνόες
1467 5894 1883 5962 augurale-mima

1978 5258 2030 5306 δι
2041 5259 2225 5335 μετρίων
2251 5257 2475 5322 νεουργὸν
2617 5248 2699 5302 καὶ
2720 5249 3110 5335 ζττεῖριμμὲνξςν,
3132 5240 3464 5335 iqterpo‘lare,
3484 5239 3580 5335 ait,

1981 5312 2189 5376 minime
2215 5312 2437 5391 unquam
2465 5312 2639 5374 decere
2657 5335 2684 5391 ,ﬂ
2705 5312 2861 5391 sicuti
2893 5312 3300 5391 mendicantium
3323 5312 3542 5366 lacerna
3564 5351 3580 5377 ,

1981 5411 2044 5448 ea:
2067 5384 2452 5464 plagulis'novis
2479 5402 2524 5444 et
2556 5388 2752 5443 detritis
2789 5396 3133 5464 comitantur.-
3157 5384 3233 5439 LE
3266 5384 3362 5464 Pa.

2054 5453 2134 5536 ('b)
2156 5453 2476 5536 ’Νεο-υἱηιιηξ
2501 5476 2685 5536 novum
2721 5458 2968 5536 peteribus
3006 5455 3206 5536 utribus
3241 5455 3406 5536 credi.
3435 5453 3581 5536 cho

1982 5525 2145 5592 citato
2173 5537 2234 5590 de
2276 5533 2419 5587 Orat.
2466 5532 2605 5586 idem
2649 5529 2880 5584 habetur
2925 5529 3110 5583 iisdem
3142 5526 3356 5590 verbis,
3387 5525 3580 5592 quibus

1983 5607 2175 5664 similis
2223 5616 2304 5661 est
2357 5605 2522 5659 ferme
2570 5603 2718 5657 locus
2744 5600 3006 5665 Cassiani,
3036 5615 3155 5669 cap.
3187 5598 3293 5664 24,
3320 5595 3447 5650 coII.
3480 5595 3577 5650 IL:

1988 5679 2155 5733 Nemo
2179 5680 2312 5733 enim
2334 5679 2388 5730 in
2408 5692 2495 5729 vas
2518 5674 2746 5743 fetidum
2775 5680 2921 5744 atque
2940 5681 3237 5744 corruptum
3265 5675 3580 5744 unguentum

1987 5751 2195 5821 aliquod
2217 5750 2381 5803 nobile
2402 5789 2414 5810 ,
2436 5739 2526 5821 aut
2546 5747 2643 5821 me_l
2663 5739 2907 5815 optimum
2930 5786 2945 5813 ,
2972 5751 3060 5798 aut
3082 5741 3287 5812 pretiosi
3301 5739 3580 5812 quidquam

1991 5816 2202 5890 liquoris
2232 5822 2476 5892 infundit.
2508 5818 2583 5873 [ιε
2609 5816 2706 5872 Pa.
