4268 6492
751 384 860 442 ’545

2131 379 2588 436 TERTULLIANI

3935 390 4026 446 544

754 507 1016 561 mebatur.
1049 503 1349 571 Caeterum,
1375 521 1493 559 cum
1548 504 1650 558 duo
1699 505 1909 559 miscuit
1938 546 1951 570 ,
1992 513 2261 572 Speratum
2293 511 2346 556 et
2375 502 2425 559 Α
2453 515 2557 569 que
2615 517 2808 556 nomen
2857 505 3111 569 competit
3142 505 3192 558 iu
3223 504 3492 561 Christum
3541 507 3810 564 Creatoris
3835 551 3849 574 ,
3901 521 4028 566 ωηιο

751 597 1120 665 insperatmn,
1170 604 1506 665 expugnatur
1555 608 1837 666 utrumque
1882 594 2165 658 consilium
2207 594 2343 664 ejus.

750 691 875 745 Sive
904 693 1043 744 enim
1077 691 1198 745 ideo
1233 690 1499 754 Christus,
1527 701 1585 744 ut
1633 690 1846 746 interim
1888 691 2036 761 quasi
2076 689 2346 745 Creatoris

752 783 1049 852 irreperet.
1085 785 1344 856 obstrepit
1379 786 1457 856 (l)
1485 784 1681 850 Jesus;
1715 785 1836 855 quia
1881 800 1988 840 non
2030 784 2347 854 sperabatur

747 876 907 931 .lt-sns
935 877 985 932 in
1015 877 1228 932 Christo
1268 878 1566 932 creatoris:
1597 877 1710 931 sive
1743 877 1884 943 ideo,
1929 877 2088 933 .lesus
2129 886 2186 931 ut
2211 877 2344 932 alte-

747 971 862 1024 rius
888 971 1194 1035 haberetur,
1231 988 1334 1026 uon
1365 972 1491 1025 sinit
1517 970 1765 1026 Christus
1792 989 1806 1037 ;
1835 971 1956 1042 quia
1991 987 2096 1026 non
2124 971 2342 1025 alterius

746 1063 1060 1132 Sperabatur
1100 1064 1343 1117 Christus
1369 1104 1382 1126 ,
1415 1078 1574 1129 quam
1620 1063 1912 1119 Creatoris.
1965 1063 2103 1132 Quid
2151 1063 2340 1118 horum

745 1168 994 1212 Constare
1019 1159 1217 1226 possit,
1255 1159 1463 1227 ignoro.
1498 1158 1780 1213 C0nstabit
1823 1167 2002 1213 autern
2057 1167 2342 1227 utrumque

746 1254 796 1306 in
826 1252 1038 1306 Christo
1069 1252 1340 1306 Creatoris
1366 1294 1378 1315 ,
1416 1251 1468 1305 in
1500 1267 1606 1322 quo
1661 1252 1929 1306 invenitur
1969 1252 2128 1306 etiam
2161 1250 2336 1306 Jesus.

746 1345 1054 1412 Quomodo,
1081 1344 1291 1412 inquis?
1323 1344 1475 1400 Disce
1500 1354 1552 1399 et
1583 1345 1668 1398 hic
1693 1359 1812 1398 cum
1844 1345 2108 1413 partiariis
2139 1344 2339 1398 erroris

745 1440 817 1490 tui
848 1436 1066 1491 iud-teis.
1099 1435 1231 1491 Cum
1266 1452 1549 1492 successor
1603 1436 1767 1507 Moysi
1814 1436 2178 1492 destinaretur
2230 1438 2340 1491 Au-

741 1546 826 1584 ses
858 1531 998 1583 tilius
1027 1529 1167 1583 Nave
1193 1571 1208 1595 ,
1244 1528 1564 1584 transfertur
1584 1539 1728 1584 certe
1749 1529 1816 1584 de
1845 1529 2066 1599 pristino
2095 1531 2333 1594 nomine,

742 1633 792 1676 et
825 1623 900 1693 (a)
930 1623 1112 1692 incipit
1138 1623 1312 1676 vocari
1339 1621 1516 1677 .lesus.
1565 1621 1723 1677 Certe
1745 1662 1758 1684 ,
1786 1621 1980 1691 inquis.
2017 1620 2164 1675 llauc
2190 1622 2337 1690 prius

738 1717 967 1770 dicimus
1007 1718 1228 1786 ligarant
1274 1716 1432 1770 l'uturi
1468 1717 1650 1771 fuisse.
1683 1714 1815 1770 Nam
1846 1729 1968 1786 quna
2008 1714 2162 1771 Jcsus
2188 1715 2336 1770 Citri-

737 1819 852 1862 stus
900 1811 1192 1864 secundum
1249 1806 1716 1880 populum,quod
1771 1824 1958 1863 sumus
2010 1823 2107 1863 nos
2139 1808 2247 1863 nati
2280 1809 2333 1864 in

2453 603 2737 665 utrumque
2765 611 2869 649 non
2892 598 3150 665 competit
3174 598 3224 651 in
3249 599 3515 652 Christum
3533 615 3640 654 non
3654 601 3919 656 Creatoris
3935 644 3947 667 ,
3968 603 4027 655 si-

2451 696 2539 741 cut
2570 703 2666 741 nec
2698 687 2776 759 (5)
2815 689 3052 758 reliquus
3082 690 3234 744 ordo.
3281 690 3545 746 Facienda
3571 704 3654 748 est
3683 695 3911 765 denique
3929 696 4024 765 jam

2451 779 2578 836 hinc
2623 781 2762 837 inter
2810 799 2908 838 nos
2945 795 3092 839 certa
3141 785 3237 838 ista
3284 796 3336 840 et
3387 786 3526 856 justa
3591 789 3948 858 pra-scriptio,
3979 800 4027 845 et

2450 875 2666 943 utrique
2689 876 2822 946 parti
2850 877 3173 942 necessaria,
3196 878 3316 948 quia
3351 877 3764 933 determinatam
3789 882 3880 946 sit,
3907 883 4025 936 nihil

2448 969 2669 1024 omnino
2723 983 3007 1025 commune
3050 985 3171 1026 esse
3211 971 3409 1027 debere
3453 973 3672 1027 alterius
3715 973 3800 1028 dei
3832 975 4028 1029 Christo

2447 1077 2568 1119 cum
2588 1063 2801 1119 Christo
2827 1063 3120 1120 Creatoris.
3144 1063 3276 1119 Nam
3307 1076 3360 1120 et
3387 1081 3414 1117 a
3446 1065 3594 1120 vobis
3623 1067 3848 1136 proinde
3875 1068 4031 1123 diver-

2446 1157 2579 1212 sitas
2608 1157 2949 1214 delendenda
2978 1169 3057 1212 est
3080 1200 3096 1224 ,
3135 1159 3274 1214 sicut
3302 1175 3330 1214 a
3362 1159 3516 1214 nobis
3545 1161 3884 1230 repngnauda
3913 1173 3987 1216 est
4014 1182 4025 1216 :

2445 1253 2566 1322 quia
2595 1267 2695 1307 nec
2723 1269 2816 1309 vos
2853 1253 3080 1320 probare
3111 1254 3354 1323 poteritis
3380 1295 3396 1320 ,
3423 1253 3644 1308 alterius
3686 1255 3778 1309 Dei
3831 1256 4028 1312 venisse

2443 1341 2715 1399 Chrismm
2744 1387 2758 1409 ,
2792 1346 2895 1400 nisi
2927 1362 3049 1400 cum
3087 1349 3243 1416 longe
3283 1347 3445 1400 alium
3475 1345 3971 1402 demonstraveritis
4000 1366 4028 1402 a

2443 1435 2656 1492 Christo
2684 1435 2957 1492 Creatoris
2981 1455 2995 1502 ;
3028 1453 3126 1493 nec
3154 1453 3252 1492 nos
3280 1453 3403 1492 cum
3433 1437 3712 1493 Creatoris
3741 1439 4025 1507 vindicare,

2444 1531 2544 1584 nisi
2591 1531 2748 1584 talem
2799 1546 2920 1586 emn
2974 1531 3368 1586 05tcndcrimus
3393 1572 3408 1594 ,
3442 1531 3615 1598 qualis
3641 1532 3978 1586 constituitur
4000 1550 4026 1584 a

2441 1620 2714 1676 Creatore.
2747 1623 2821 1676 De
2852 1622 3160 1677 nominibus
3210 1622 3322 1691 jam
3368 1621 3712 1676 abduximus.
3760 1622 3884 1677 Mihi
3927 1624 4030 1677 viu-

2441 1715 2562 1771 dico
2587 1717 2856 1772 Christum
2878 1760 2892 1784 ,
2923 1715 3052 1772 mihi
3091 1715 3323 1771 defendo
3365 1714 3574 1770 Jesum.

3027 1807 3256 1865 CAPUT
3297 1807 3460 1864 XVII.

736 1900 918 1955 saeculi
949 1901 1214 1967 desertis,
1250 1902 1651 1957 iutroducturus
1694 1911 1807 1956 erat
1862 1903 1915 1957 in
1959 1911 2154 1956 terram
2204 1917 2328 1972 pro-
2364 1899 2410 1958 Β
2510 1904 2795 1976 Reliquum
2846 1903 3094 1959 ordinem
3142 1904 3258 1972 ejus
3310 1917 3433 1958 cum
3474 1902 3768 1975 Scripturis
3793 1903 4030 1959 confera-

736 1992 1048 2059 missioais,
1095 1996 1249 2049 melle
1288 2006 1343 2049 et
1385 1995 1522 2050 lacte
1570 2005 1910 2060 manantem,
1946 1995 1996 2049 id
2047 2004 2167 2061 est,
2212 1996 2332 2050 vita:

733 2095 947 2141 reterns:
985 2088 1377 2156 posseSsionem
1402 2129 1415 2149 ,
1446 2103 1549 2157 qua
1593 2088 1724 2142 nihil
1755 2087 2004 2151 dulcius;
2035 2087 2195 2157 idque
2225 2104 2328 2141 non

737 2195 830 2250 per
859 2179 1075 2250 Moysen
1100 2223 1113 2245 ,
1146 2182 1194 2233 id
1241 2191 1343 2242 est.
1379 2196 1484 2236 non
1513 2197 1609 2250 per
1638 2179 1793 2250 Legis
1821 2178 2155 2248 disciplinam
2189 2196 2204 2243 ;
2234 2179 2329 2234 sed

736 2286 830 2338 per
856 2271 1034 2325 .lesnm
1054 2311 1072 2337 ,
1101 2271 1149 2325 id
1181 2282 1262 2327 est
1293 2272 1370 2343 (τὶ)
1401 2315 1416 2338 ,
1453 2289 1548 2342 per
1578 2269 1848 2340 Evangelii
1879 2272 2102 2341 gratiam
2133 2285 2330 2340 prove-

733 2364 849 2417 nire
880 2363 1109 2418 habebat
1133 2405 1147 2428 ,
1175 2365 1506 2420 circumcisis
1548 2364 1701 2418 nobis
1732 2363 1938 2434 petriua
1984 2364 2131 2429 acie,
2166 2362 2214 2416 id
2246 2371 2329 2418 est

731 2457 929 2515 Christi
950 2460 1223 2526 praeceptis
1244 2460 1356 2530 (5);
1386 2459 1540 2514 Petra
1565 2457 1706 2513 enim
1728 2457 1958 2512 Christus
1981 2472 1997 2511 :
2022 2457 2141 2511 ideo
2164 2457 2207 2511 is
2225 2459 2322 2520 vir,

729 2551 820 2620 qui
846 2550 896 2604 in
918 2551 1074 2620 hujus
1093 2552 1413 2606 sacramenti
1439 2551 1695 2620 imagines
1720 2550 2205 2618 parabatur,etiam
2231 2564 2328 2602 no-

731 2643 890 2698 minis
915 2645 1166 2699 dominici
1189 2647 1534 2716 inauguratus
1549 2656 1632 2701 est
1656 2644 1846 2716 ﬁgura,
1869 2643 2024 2700 Jesus
2045 2646 2324 2713 Cognomi-

735 2747 913 2791 natus.
949 2736 1062 2792 Hoc
1088 2755 1279 2793 nomen
1310 2739 1424 2807 ipse
1452 2738 1696 2792 Christus
1727 2754 1882 2792 suum
1909 2738 2019 2807 jam
2049 2747 2174 2793 tunc
2203 2753 2325 2794 esse

727 2838 952 2886 testatus
976 2841 1076 2897 est,
1102 2848 1220 2886 cum
1241 2833 1303 2884 ad
1324 2833 1539 2900 Moysen
1566 2833 1901 2902 loquebatur.
1928 2831 2059 2898 Quis
2079 2832 2221 2886 enim
2247 2832 2322 2885 lo-

725 2922 1014 2991 quebatur,
1066 2924 1163 2976 nisi
1202 2923 1421 2993 spiritus
1448 2922 1748 2988 Creatoris,
1784 2925 1869 2994 qui
1900 2933 1984 2978 est
2029 2923 2322 2980 Christus?

725 3015 1270 3084 Cumcrgomandato
1292 3017 1493 3072 diceret
1519 3018 1712 3087 populo
1738 3018 2172 3087 (Exod.,XXlll,
2193 3017 2318 3087 20):

726 3104 857 3160 Ecce
884 3124 973 3176 ego
1005 3109 1144 3162 mitto
1170 3109 1408 3179 angelum
1449 3127 1611 3163 meum
1650 3121 1766 3164 ante
1805 3112 1988 3182 faciem
2033 3122 2171 3164 luant
2195 3154 2208 3172 ,
2233 3113 2321 3181 qui

722 3207 770 3252 te
793 3200 1041 3252 custodiat
1065 3205 1114 3253 in
1146 3203 1254 3265 via,
1285 3211 1332 3254 et
1371 3202 1657 3256 iutroducat
1693 3205 1745 3255 in
1785 3213 1999 3264 terram,
2029 3220 2180 3273 quant
2220 3220 2316 3270 pa-

2439 2015 2580 2054 mus.
2613 1998 3002 2067 Quodcumque
3047 1997 3177 2051 illud
3223 1998 3596 2066 corpusculum
3637 2000 3748 2062 sit,
3781 2001 4029 2068 quoniam

2437 2094 2680 2149 habitum
2705 2137 2720 2160 ,
2751 2102 2806 2148 et
2853 2091 3109 2162 quoniam
3169 2100 3513 2160 conspectum
3583 2093 3725 2158 fuit;
3762 2094 3806 2147 si
3867 2093 4030 2164 inglo-

2441 2188 2592 2249 rius.
2640 2186 2684 2240 si
2750 2184 3043 2254 ignobilis,
3077 2184 3122 2238 si
3172 2182 3678 2256 inhonorabilis(b),
3727 2199 3880 2238 meus
3931 2186 4031 2241 erit

2434 2279 2680 2333 Christus
2705 2297 2718 2332 :
2742 2278 2860 2332 talis
2887 2277 3028 2331 enim
3050 2277 3231 2330 habitu
3260 2286 3314 2330 et
3335 2288 3556 2345 aSpectu
3581 2278 4018 2332 annuntiabatur.

2433 2371 2598 2428 Adest
2628 2387 2815 2426 rursus
2862 2369 3026 2426 Isaias
3059 2369 3160 2443 (Is.
3195 2369 3342 2435 LIII,
3377 2369 3506 2442 1-2)
3533 2389 3545 2425 :
3573 2372 4026 2439 Attnmttiavintas,

2433 2464 2642 2533 inquit,
2682 2479 2854 2516 corant
2911 2464 3069 2533 ipso;
3107 2463 3239 2518 velut
3284 2464 3528 2532 puerulus
3554 2507 3568 2527 ,
3611 2462 3742 2516 velut
3791 2465 3945 2518 radix
3979 2466 4030 2519 in

2431 2564 2566 2610 terra
2603 2555 2830 2620 sitienti,
2864 2565 2911 2609 ct
2945 2571 3047 2608 non
3094 2565 3164 2608 est
3209 2555 3398 2625 species
3445 2556 3554 2626 ejus
3577 2571 3734 2625 neque
3755 2556 3923 2626 gloria
3950 2573 3964 2620 ;
3989 2569 4030 2611 et

2429 2649 2645 2703 vidimus
2671 2665 2784 2702 eum
2811 2690 2827 2716 ,
2858 2658 2904 2701 et
2944 2664 3044 2701 non
3072 2646 3284 2700 habebat
3309 2648 3526 2717 speciem
3559 2664 3718 2717 neque
3752 2648 3981 2704 decorem
4009 2669 4027 2715 ,-

2429 2741 2518 2796 sed
2577 2741 2767 2810 species
2831 2741 2944 2809 ejus
3009 2740 3315 2793 inhonorata
3346 2780 3360 2801 ,
3411 2740 3652 2806 deﬁciens
3722 2741 3852 2794 citra
3924 2760 4027 2796 om-

2427 2851 2515 2889 nes
2565 2834 2817 2887 homines.
2864 2830 3016 2888 Sicut
3059 2841 3112 2886 et
3155 2847 3316 2900 supra
3345 2830 3518 2885 Patris
3545 2831 3609 2886 ad
3645 2832 3836 2886 Filium
3895 2849 4024 2898 vox,

2426 2927 2445 2997 (
2483 2924 2582 2990 ls.,
2636 2922 2740 2986 LII,
2797 2924 2862 2978 H
2907 2923 2925 2994 )
2964 2941 2976 2978 :
3029 2921 3468 2987 Quemadmodum
3507 2933 3835 2991 expavescent
3883 2927 4028 2980 multi

2423 3035 2576 3088 super
2617 3020 2781 3088 le(c),
2810 3016 2884 3070 sic
2930 3015 3040 3069 sine
3088 3015 3254 3085 gloria
3291 3015 3384 3067 erit
3433 3013 3494 3088 alt
3539 3015 3830 3069 hominibus
3859 3017 4029 3084 forma

2425 3124 2534 3167 tua.
2587 3111 2716 3166 Nam
2767 3110 2864 3164 etsi
2919 3109 3236 3179 tempestivus
3286 3108 3468 3161 decore
3498 3109 3614 3175 (ά),
3667 3109 3804 3177 apud
3861 3109 4028 3165 David

2427 3203 2543 3274 (Ps.
2573 3202 2756 3268 XLlV,
2783 3204 2862 3272 5),
2893 3218 3051 3272 supra
3071 3201 3205 3269 filios
3229 3200 3522 3263 hominum;
3544 3198 3637 3254 sed
3662 3201 3711 3253 in
3735 3200 4026 3271 allegorica

721 3293 830 3346 rari
861 3294 948 3347 tibi
980 3311 991 3345 :
1025 3294 1227 3347 intende
1268 3294 1381 3359 illi,
1412 3303 1458 3348 et
1488 3295 1673 3348 exaudi
1703 3311 1856 3359 cum;
1887 3312 1948 3348 ne
1976 3295 2318 3350 inoboudieris
2345 3290 2388 3353 C
2425 3298 2516 3353 illo
2543 3307 2681 3351 statu
2719 3296 2901 3366 gratiae
2932 3294 3207 3363 Spiritalis,
3238 3307 3361 3347 cum
3393 3293 3684 3362 accingitur
3724 3307 3913 3348 ensem
3945 3295 4022 3365 (6)

721 3401 833 3438 eum
865 3400 1006 3438 :non
1043 3387 1176 3439 enim
1217 3385 1394 3439 celarit
1426 3385 1502 3456 (4)
1532 3396 1610 3450 te,
1641 3387 1880 3456 quoniam
1925 3404 2106 3442 nomen
2153 3404 2317 3442 meum

719 3494 870 3540 super
901 3478 1043 3533 illaut
1074 3491 1162 3534 est.
1199 3479 1460 3551 Angelum
1503 3480 1718 3551 quidem
1759 3497 1883 3535 eum
1913 3481 2080 3547 dixit,
2114 3481 2183 3536 ob
2214 3497 2319 3536 ma-

719 3573 1050 3642 gnitudinem
1081 3575 1336 3629 virtutum
1384 3589 1516 3644 quas
1560 3583 1679 3629 erat
1722 3575 1966 3630 editurus
1989 3615 2004 3638 .
2060 3586 2114 3632 et
2143 3578 2211 3628 ob
2237 3576 2316 3629 ol-

721 3666 900 3719 ﬁcium
943 3666 1220 3734 Propheta:
1243 3709 1258 3732 ,
1294 3667 1587 3721 nuntiantis
1627 3667 1832 3722 scilicet
1862 3668 2094 3720 divinam
2126 3669 2316 3721 volun-

717 3758 1131 3825 tatem;.lcsum
1179 3760 1493 3826 autem,ob
1545 3761 1774 3815 nominis
1822 3763 1900 3813 sui
1949 3760 2312 3816 l‘uturisacra-

718 3862 978 3907 utentum.
1008 3852 1299 3908 ldentidem
1345 3870 1538 3910 nomen
1581 3870 1734 3909 sumn
1766 3853 2139 3920 conﬁrmavit,
2168 3853 2310 3925 quod

717 3947 834 4017 ipse
858 3949 905 4002 ei
939 3948 1204 4004 indiderat
1232 3967 1245 4013 ;
1271 3951 1392 4020 quia
1419 3968 1522 4006 non
1553 3953 1836 4023 angelum,
1861 3969 1960 4008 nec
1983 3955 2187 4020 Ausen,
2214 3952 2308 4008 sed

714 4038 896 4095 Jesum
929 4055 1048 4095 eum
1083 4041 1320 4112 jusserat
1361 4044 1555 4100 exinde
1589 4046 1833 4101 vocitari.
1870 4047 2009 4118 Ergo
2035 4048 2079 4102 si
2112 4055 2312 4100 utrum-

2423 3389 2710 3452 sermonis,
2743 3390 2828 3457 qui
2862 3401 2988 3442 vere
3017 3386 3225 3456 species
3265 3395 3320 3438 et
3349 3384 3512 3438 decor
3552 3393 3606 3438 et
3641 3384 3809 3452 gloria
3857 3388 4029 3456 ipsius

2424 3493 2534 3539 est:
2569 3493 2822 3537 caeterum
2854 3481 2926 3551 (ε)
2961 3480 3146 3534 habitu
3174 3477 3551 3547 incorporabili
3585 3477 3666 3547 (7)
3697 3477 3834 3547 apud
3865 3493 4024 3533 eum-

2421 3577 2542 3632 dem
2591 3573 2903 3645 prophetam
2934 3571 3050 3641 (Ps.
3095 3571 3238 3636 XXI,
3283 3570 3364 3638 7),
3396 3570 3576 3623 vermis
3613 3570 3776 3623 etiam
3824 3580 3874 3624 et
3917 3589 4026 3625 non

2419 3673 2590 3737 homo,
2623 3669 2901 3740 ignominia
2948 3666 3166 3720 hominis
3203 3662 3284 3733 (8)
3331 3673 3376 3717 et
3425 3662 3773 3730 nulli/icamen
3815 3664 4022 3734 populi.

2416 3762 2598 3831 Neque
2619 3761 2925 3816 interiorem
2949 3756 3258 3826 qualitatem
3281 3754 3418 3823 ejus,
3446 3752 3776 3820 ejuscemodi
3805 3768 4025 3809 annun-

2415 3854 2547 3909 tiant
2572 3853 2672 3926 (9).
2703 3853 2758 3908 Si
2792 3852 2934 3906 enim
2979 3846 3253 3920 plenitudo
3285 3848 3336 3899 in
3369 3844 3459 3899 illo
3499 3844 3721 3913 spiritus
3749 3846 4022 3913 constitit,

2413 3963 2648 4020 agnoseo
2678 3947 2880 4018 virgam
2911 3943 2981 4000 de
3019 3941 3202 3998 radice
3227 3939 3380 3996 Jesse
3411 3937 3508 3993 llos
3537 3937 3654 4008 ejus
3683 3955 3697 3993 :
3734 3952 3888 3994 meus
3919 3942 4026 3994 erit

2411 4042 2679 4107 Christus,
2699 4041 2752 4096 in
2787 4055 2886 4112 quo
2905 4036 3166 4108 requievit,
3190 4032 3484 4090 secundum
3519 4029 3862 4104 lsaiam(ls.,
3899 4031 4020 4102 XC,

1945 4164 2328 4224 LECTIONES
2365 4162 2667 4224 VARIANT
2678 4161 2775 4217 ES.

773 4278 846 4344 (l)
873 4278 1079 4344 Obrepit
1101 4283 1250 4334 Rheu.
1273 4281 1424 4334 Seml.
1453 4282 1648 4334 Oberth.

771 4343 846 4401 (2)
873 4343 923 4393 ιιι
951 4354 1027 4395 est
1047 4345 1195 4397 omitt.
1216 4344 1364 4396 Seml.

772 4405 844 4471 (5)
875 4409 1141 4471 Praeceptis
1171 4408 1321 4459 omitt.
1348 4406 1498 4459 Rhen.
1525 4407 1674 4459 Seml.
1704 4407 1900 4462 Oberth.

775 4471 842 4534 (4)
869 4471 1058 4523 Celabit
1081 4472 1231 4521 Seml.
1258 4472 1376 4534 Jun.

769 4531 842 4599 (ὅ)
869 4535 974 4585 Non
998 4535 1149 4588 thcn.
1170 4533 1318 4584 Seml.
1341 4531 1536 4585 Oberth.

2574 4348 2626 4397 lu
2650 4345 2884 4410 corporali
2910 4353 3024 4393 Jun.
3047 4339 3338 4406 incorporali
3360 4335 3466 4392 alii.

2493 4286 2523 4334 6
2569 4285 2700 4336 Ense
2717 4280 2870 4335 Rhea.
2897 4280 3048 4333 Seml.
3078 4279 3275 4332 Oberth.

2493 4285 2543 4412 7i
2564 4348 2626 4412 lu
2650 4345 2884 4412 corporali
2910 4353 3024 4412 Ju_n.
3047 4344 3275 4406 incorpor

2501 4370 2543 4412 Ι)
2574 4370 2626 4397 ιιι
2650 4370 2884 4410 CUI'PUI‘iIII
2910 4370 3024 4393 Jun.
3049 4370 3075 4392 Il

2488 4412 2540 4473 8)
2562 4410 2781 4460 Hominis
2796 4405 2926 4473 abest
2952 4410 3075 4457 Par.

2489 4461 2840 4536 93(1njusniodi
2888 4469 3148 4536 annuntias
3181 4461 3351 4536 _$eml.
3411 4463 3649 4530 ejusmodi
3715 4467 4023 4517 annuntiant

2323 4518 2377 4578 D
2405 4518 2874 4587 Fairilcodfil’ouw.
2902 4532 3152 4583 adnuntiat
3175 4528 3281 4593 Rig.

2007 4638 2568 4699 COMMENTARIUS.

773 4761 926 4815 CAP.
963 4759 1101 4814 XVI.
1133 4788 1204 4798 —
1233 4757 1309 4828 (a)
1345 4756 1533 4825 Incipit
1575 4754 1744 4810 vocari
1767 4753 1942 4808 Iesus.
1973 4755 2175 4828 Alludit
2209 4756 2277 4811 ad

699 4833 830 4889 Illud
866 4833 1049 4885 Matth.
1077 4846 1138 4883 ac
1172 4827 1324 4882 Luca3
1357 4828 1405 4882 ιε
1437 4839 1478 4880 et
1501 4827 1697 4880 vocabis
1719 4843 1898 4879 nomen
1928 4828 2036 4896 ejus
2065 4827 2274 4890 Iesum,

700 4905 878 4957 addita
903 4903 1060 4956 etiam
1080 4899 1307 4954 nmninis
1330 4900 1764 4966 interpretatione
1785 4917 1796 4951 :
1817 4900 1924 4966 ipse
1940 4900 2278 4953 enintsaltmm

698 4977 849 5044 faciet
896 4975 1120 5041 populna
1170 4988 1314 5044 suum
1350 4989 1379 5021 a
1411 4969 1988 5044 peccatis_eorunt._Hoc
2015 4972 2155 5024 enim
2181 4980 2279 5044 rest

698 5040 839 5117 quod
869 5040 994 5099 lilt'il
1026 5046 1116 5117 lib.
1142 5044 1265 5117 adv.
1293 5041 1527 5117 Praxeau
1556 5061 1566 5093 2
1603 5040 1984 5117 Nomeu_.lesus
2015 5043 2278 5111 propriant

697 5113 835 5178 esse,
869 5118 1002 5185 quod
1029 5115 1092 5168 ab
1121 5116 1298 5183 angelo
1337 5113 1627 5185 impositum
1669 5123 1758 5166 est.
1799 5113 1929 5167 Plut.

770 5193 851 5242 CA
865 5182 921 5240 P.
956 5187 1116 5242 XVII.
1140 5182 1209 5225 -4
1232 5185 1308 5252 (b)
1342 5182 1401 5236 Si
1427 5183 1695 5254 inglorius,
1721 5185 1762 5236 si
1782 5185 2034 5254 ignobilis,
2066 5184 2110 5237 si
2133 5185 2280 5237 inho-

693 5260 956 5322 norabilis,
975 5276 1108 5312 meus
1132 5259 1220 5310 erit
1242 5253 1662 5326 Christus._Bona
1682 5253 1872 5326 piaq'ue
1893 5267 2069 5310 mente
2096 5271 2280 5309 sacra-

694 5335 764 5386 vit
795 5332 1072 5385 lormolam
1093 5374 1106 5394 ,
1135 5345 1237 5397 qua
1262 5326 1451 5398 Cypris
1476 5323 1800 5394 Cupidinem
1823 5341 1975 5380 suum
2007 5327 2235 5397 vestigat
2265 5344 2278 5381 :

817 5454 860 5496 Ei
878 5471 931 5501 τις
957 5458 1006 5493 ivi.
1025 5453 1205 5505 τριόδοιηι
1227 5457 1454 5505 «lavsiqqu
1479 5447 1577 5505 ιῖδωτ
1596 5451 1711 5505 ἱρωῂη.
1725 5479 1735 5494 ,

814 5500 1037 5567 Δρατιτὶδας
1053 5500 1146 5566 ita;
1169 5521 1280 5556 tam.
1374 5500 1723 5552 lita—Credat
1738 5500 1926 5562 judaeus
1945 5500 2132 5563 Apollo.
2152 5501 2274 5554 Eoo.

764 5615 838 5684 (4')
884 5611 1693 5684 QuemadmodumAexpagescettl
1734 5609 1906 5684 multi,
1938 5619 2043 5662 etc.
2076 5606 2274 5664 Locum

689 5678 829 5738 hunc
876 5678 1086 5738 tandem
1136 5682 1306 5744 reperi
1339 5682 1405 5734 Is.
1438 5680 1554 5743 ιιι,
1592 5684 1740 5746 juxta
1774 5678 1944 5740 LXX,
1975 5693 2068 5732 seu
2101 5684 2275 5748 potius

686 5768 895 5809 veteres
921 5756 1126 5817 Patres,
1159 5751 1293 5810 ιλιι,
1320 5753 1406 5820 qui
1438 5752 1565 5805 illud
1593 5751 1850 5818 incipiunt
1875 5766 1938 5803 eo
1966 5751 2112 5804 loco:
2147 5750 2274 5806 Ecce

681 5827 946 5895 intelliget,
982 5834 1085 5880 etc.
1120 5824 1364 5895 Imitatur
1384 5837 1510 5895 vero
1541 5824 1589 5874 in
1623 5821 1724 5895 hoc
1754 5820 1814 5874 Β.
1839 5820 2105 5895 lustinum
2134 5821 2271 5895 Mar-

682 5892 883 5970 tyrem,
940 5897 1089 5966 Apol.
1131 5896 1185 5962 ‘2,
1227 5892 1368 5966 quod
1419 5892 1591 5947 locum
1621 5893 1770 5947 illum
1819 5893 1886 5947 de
1934 5894 2270 5951 contumeliis

2383 4756 2600 4813 Christo
2672 4753 2823 4808 lactis
2889 4754 2940 4808 in
2999 4752 3246 4822 passione
3313 4753 3592 4816 intelligat.
3661 4753 3855 4810 Grmcc
3925 4765 4018 4812 ρει

2382 4836 2706 4889 litationem.
2736 4824 2878 4895 quod
2908 4827 3074 4894 magis
3103 4825 3317 4894 proprie
3339 4825 3406 4878 ab
3427 4825 3547 4877 aliis
3571 4826 3795 4879 vertitur
3825 4829 4017 4880 obstu-

2387 4909 2604 4969 pescent.
2626 4913 2782 4973 quam
2801 4897 2868 4949 ab
2894 4900 3124 4973 Auctore
3151 4907 3498 4973 expavescet”,
3529 4908 3583 4973 et
3608 4897 3763 4973 unica
3789 4911 3893 4973 vos
3925 4908 4016 4953 est

2385 4966 2653 5035 ἀδιενσοιξ
2675 4984 2770 5036 pro
2797 4984 2862 5020 eo
2891 4968 3030 5036 quod
3076 4968 3161 5022 hic
3189 4977 3300 5023 est.
3352 4967 3461 5020 sine
3494 4966 3660 5035 gloria
3691 4969 3806 5020 erit.
3859 4969 4008 5024 Pus.

2458 5042 2536 5113 (d)
2563 5040 2908 5109 Tempestivus
2933 5040 3130 5092 decore.
3152 5039 3240 5092 Sic
3258 5039 3455 5107 placuit
3472 5039 3733 5113 Septimle
3754 5055 4009 5108 grzrcum

2389 5109 2846 5179 illtid'exprimere
2876 5117 3046 5179 ὡραῖος
3070 5122 3131 5178 τῷ
3159 5118 3340 5168 animi.
3370 5109 3510 5178 quod
3543 5111 3592 5162 in
3624 5110 3835 5179 vulgata
3870 5128 4007 5164 ver-

2387 5185 2554 5242 sione.
2586 5184 2841 5246 speciosus
2864 5187 3049 5252 forma.
3100 5182 3447 5250 .\llegori0attt
3479 5181 3872 5236 formositatem
3913 5183 4004 5236 in-

2389 5256 2551 5326 telligi
2597 5255 2816 5326 debere,
2866 5253 3100 5326 indicant
3151 5268 3212 5326 ea
3267 5269 3383 5320 qme
3439 5254 3487 5305 in
3534 5253 3724 5306 eodem
3781 5253 4006 5324 psalmo

2388 5324 2665 5396 leguntur:
2728 5324 3000 5394 Accingere
3042 5325 3212 5396 gladio
3266 5334 3349 5376 tuo
3401 5340 3551 5388 super
3605 5327 3772 5396 [nitur
3822 5335 4002 5377 (metu.

2388 5395 2596 5452 Etenim
2630 5396 2716 5450 hic
2757 5396 2963 5464 gladius
2993 5407 3072 5449 cst
3111 5395 3450 5463 allegoricus,
3483 5407 3536 5447 et
3564 5395 3628 5447 ad
3672 5408 4001 5450 sermoiiem

2383 5467 2574 5523 Christi
2619 5469 2867 5527 refertur.
2907 5467 3225 5536 allegoricus
3266 5466 3455 5527 decor,
3487 5466 3767 5536 allegorica
3812 5483 4003 5522 arma.

2387 5539 2526 5595 Satis
2572 5539 2850 5608 ambiguus
2899 5538 3061 5592 animi
3114 5537 3277 5590 fuisse
3331 5536 3537 5590 videtur
3587 5535 4002 5607 Hieronymus,

2381 5627 2502 5666 cum
2546 5611 2657 5663 lure
2689 5611 2996 5675 prophetica
3027 5609 3201 5678 attigit
3228 5607 3382 5677 epist.
3433 5608 3496 5661 ad
3528 5608 3856 5677 Principiam
3884 5611 4004 5663 vir-

2380 5679 2732 5752 ginemLHO.
2770 5680 2905 5734 Ptin.

2453 5752 2530 5826 (θ)
2575 5749 3193 5826 Habituincorpor-alrili.
3234 5749 3421 5826 Forma
3470 5765 3569 5817 qua
3596 5751 4000 5826 _incorpora_ri,

2379 5819 2490 5878 sive
2511 5819 2781 5880 'incarnari
2816 5819 3044 5877 habebat
3073 5822 3332 5875 Christus.
3357 5821 3468 5875 llic.
3502 5851 3570 5860 —
3596 5819 3648 5876 Id
3691 5819 3789 5876 esti
3812 5824 4002 5878 multo

2379 5899 2570 5967 petius,
2605 5903 2664 5951 ut
2694 5894 2845 5950 nobis
2874 5894 3104 5959 videtur,
3136 5893 3318 5948 habitu
3346 5893 3580 5949 informi.
3615 5891 3744 5947 Eoo.
