4268 6492
199 421 308 477 385

1308 411 1437 468 LIII.
1483 410 1548 466 III
1592 408 1956 466 ADVERSUS
1997 409 2422 466 )IAIICIONEM.

3408 411 3517 469 346

202 533 293 602 2),
326 534 538 604 spiritus
569 531 832 601 sapientia:
860 541 904 584 et
944 529 1245 592 intellectus,
1276 528 1486 599 spiritus
1524 527 1723 580 consilii
1767 537 1810 579 et
1840 526 1891 585 Α
1921 525 2072 590 ritur,
2098 526 2219 596 quia
2245 534 2301 581 et
2319 525 2452 580 alias
2473 524 2743 582 antecedit
2763 540 2942 582 rerum
2962 524 3206 595 probatio
3227 528 3512 584 rationem.

203 629 414 695 uigoris,
463 627 669 695 spiritus
711 623 987 695 agnitionis
1034 629 1080 676 et
1110 621 1332 688 pietatis,
1365 619 1577 688 spiritus
1615 620 1810 672 timoris

203 721 323 774 Dei.
363 719 545 788 Neque
571 719 713 772 enim
744 718 834 771 ulli
866 714 1143 769 hominum
1174 713 1461 768 diversitas
1490 711 1809 780 spiritalium

203 812 655 868 documentorum
697 810 1058 879 competebat,
1106 807 1208 862 nisi
1256 807 1307 861 in
1333 805 1643 860 Christum:
1692 803 1807 859 llori

202 920 236 976 q
263 905 422 959 Iidem
468 906 537 958 ob
585 905 808 974 gratiam
852 903 1072 972 spiritus
1109 900 1480 969 adaeqnatnm;
1529 913 1595 952 ex
1645 897 1813 968 stirpe

201 1010 386 1053 autem
431 997 586 1052 Iesse
629 997 961 1065 deputatum,
1009 1009 1104 1062 per
1150 992 1368 1046 Mariam
1416 989 1537 1045 inde
1583 1004 1812 1044 censen-

203 1089 330 1144 dum
374 1089 474 1161 (l).
524 1088 819 1160 EXpOSIIIIO
861 1099 1038 1141 autent
1085 1085 1154 1140 de
1196 1085 1470 1156 praposito
1504 1083 1587 1138 :si
1630 1082 1727 1136 das
1763 1084 1813 1137 ei

208 1181 390 1235 omnis
424 1182 738 1235 humilitatis
761 1190 811 1234 et
845 1179 1114 1249 patientiae
1133 1187 1188 1232 et
1215 1177 1615 1248 tranquillitatis
1638 1175 1814 1229 inten-

205 1275 256 1326 ιιι
282 1289 440 1337 nem,
475 1284 527 1328 et
567 1290 628 1328 ex
667 1272 749 1327 his
788 1272 936 1328 Isaiae
975 1272 1078 1327 erit
1107 1270 1349 1326 Christus
1386 1267 1511 1339 (Is.,
1546 1268 1678 1332 LIII,
1715 1268 1810 1340 7):

207 1367 380 1421 lloino
425 1369 477 1420 in
529 1368 716 1438 plaga,
765 1377 811 1420 et
854 1369 1015 1420 sciens
1073 1369 1206 1435 ferre
1248 1363 1683 1427 imbecillitatem;
1730 1364 1816 1430 qui

204 1472 451 1530 tanquam
493 1463 597 1514 ovis
643 1461 710 1513 ad
753 1460 1005 1513 uictimam
1049 1458 1300 1510 adductus
1343 1465 1444 1520 est,
1485 1465 1531 1510 et
1576 1467 1815 1525 tanquam

201 1568 370 1621 agnus
397 1563 515 1605 ante
541 1553 832 1606 tandentem
855 1568 954 1604 non
983 1551 1183 1620 aperuit
1211 1565 1291 1614 os;
1312 1550 1396 1620 qui
1425 1547 1549 1616 (Is.,
1576 1547 1737 1613 XLII,
1756 1548 1815 1616 2)

203 1661 369 1715 neque
393 1646 673 1709 contendit,
701 1660 860 1711 neque
881 1643 1138 1709 clamauit,
1169 1659 1258 1696 nec
1278 1642 1454 1695 audita
1476 1653 1548 1696 est
1571 1642 1697 1712 foris
1721 1657 1819 1694 ros:

203 1739 356 1808 ejus:
388 1741 473 1805 qui
521 1739 824 1791 arundinem
869 1746 1150 1798 contusam,
1205 1735 1257 1791 id
1295 1747 1399 1802 e5t,
1431 1750 1680 1807 quassam
1726 1735 1820 1791 Ju-

207 1830 455 1883 da-ornm
474 1829 655 1896 Iidem,
671 1847 772 1883 non
794 1830 1109 1884 comminuit:
1128 1830 1217 1895 qui
1232 1830 1610 1897 linumardens,
1637 1829 1687 1884 id
1710 1840 1815 1895 est,

1918 616 1992 672 De
2014 617 2196 686 Iignris
2225 617 2370 688 prius
2395 617 2658 674 edocebo.
2685 617 2751 672 Et
2772 618 2954 688 utique
2983 619 3066 674 vel
3089 621 3319 676 maxime
3338 637 3518 678 sacra-

1916 720 2154 764 mentum
2203 709 2342 766 istnd
2401 711 2618 782 ﬁgurari
2664 714 2718 766 in
2770 712 3152 782 prmdicatione
3196 715 3512 785 oportebat,

1914 811 2117 872 quanto
2160 802 2499 867 incredibile,
2545 813 2692 858 tanto
2737 805 2905 875 magis
2953 805 3207 860 seandalo
3257 806 3514 878 futurum,

1916 895 1959 950 si
1990 895 2130 951 unde
2171 894 2579 965 praedicaretur;
2612 906 2918 968 quantoque
2959 899 3320 970 magnilicum,
3367 909 3517 958 tanto

1917 989 2086 1057 magis
2131 988 2581 1056 obnmbrandum,
2631 1001 2686 1044 ιιι
2716 990 3004 1047 difﬁcultas
3048 994 3349 1049 intellectus
3388 1012 3514 1067 gra-

1918 1081 2045 1137 tiam
2096 1082 2190 1137 Dei
2229 1092 2516 1153 quzererct.
2550 1082 2733 1156 Itaque
2783 1086 2832 1139 in
2877 1087 3060 1155 primis
3102 1088 3268 1155 Isaac,
3315 1106 3439 1146 eum
3486 1107 3516 1148 a

1919 1184 2069 1244 patre
2099 1175 2150 1229 in
2193 1173 2422 1230 hostiam
2454 1175 2686 1238 deditus,
2718 1176 2916 1246 lignum
2943 1178 3043 1233 sibi
3084 1179 3197 1250 ipse
3247 1191 3506 1250 portaret,

1917 1265 2117 1321 Christi
2143 1266 2344 1322 exitum
2373 1268 2484 1338 jam
2513 1277 2639 1324 tunc
2665 1268 2975 1337 denotabat,
3008 1271 3058 1325 in
3089 1273 3356 1328 victimam
3383 1288 3516 1331 cou-

1920 1361 2062 1414 cessi
2104 1375 2135 1414 a
2166 1359 2355 1426 Patre,
2401 1370 2455 1416 et
2499 1361 2696 1432 lignum
2748 1363 3012 1433 passionis
3055 1381 3166 1420 suae
3213 1365 3517 1438 hajnlantis.

1917 1452 2117 1524 Ioseph
2160 1464 2216 1510 et
2257 1456 2368 1525 ipse
2409 1454 2461 1509 in
2505 1453 2585 1527 (6)
2613 1454 2886 1511 Christum
2942 1456 3228 1528 figuratus,
3280 1475 3379 1516 nec
3419 1460 3522 1517 hoc

1918 1546 2040 1601 solo
2085 1546 2194 1617 (ne
2238 1547 2489 1603 demorer
2529 1548 2779 1620 cursum)
2829 1551 2970 1621 quod
3021 1553 3444 1620 persecutionem
3488 1568 3520 1609 a

1920 1638 2174 1694 fratribus
2205 1655 2396 1710 passus
2420 1650 2525 1708 est,
2562 1652 2616 1696 et
2642 1641 2994 1698 venumdatus
3024 1644 3074 1697 in
3101 1642 3386 1715 Egyptutn
3415 1645 3519 1717 (7),

1922 1733 1992 1789 ob
2021 1734 2112 1787 Dei
2145 1734 2393 1803 gratiam,
2427 1735 2566 1790 sicut
2601 1745 2656 1791 et
2680 1736 2926 1791 Christus
2949 1751 2978 1790 a
3011 1736 3210 1793 Judzeis
3234 1739 3523 1795 carnaliter

1921 1824 2175 1880 fratribus
2224 1827 2582 1882 venumdatus
2602 1869 2617 1893 ,
2647 1843 2675 1881 a
2700 1827 2835 1884 Iuda
2861 1829 2939 1901 (8)
2967 1845 3087 1885 eum
3115 1830 3357 1886 traditur.
3388 1831 3520 1889 Nam

204 1931 646 1974 momentanenm
691 1921 937 1976 arderent
976 1922 1235 1991 gentium,
1286 1938 1388 1975 non
1433 1922 1669 1984 extinxit,
1717 1921 1810 1977 sed
1842 1922 1890 1984 B
1917 1929 1965 1974 ct
1992 1919 2070 1992 (9)
2093 1919 2425 1974 benedicitur
2447 1921 2561 1992 (l0)
2586 1921 2636 1975 in
2658 1920 2772 1976 haec
2806 1922 3003 1990 verba(
3031 1924 3257 1988 Deuter.,
3279 1923 3519 1991 XXXIII,

201 2011 487 2067 lucernam
516 2013 682 2081 magis
714 2011 836 2067 fecit
863 2023 984 2068 ortu
1015 2012 1228 2068 luminis
1254 2012 1358 2067 sui.
1384 2011 1499 2067 Non
1529 2023 1702 2082 potest
1729 2013 1812 2086 (ἓ)

201 2106 341 2160 alius
384 2120 524 2166 esse,
571 2121 730 2176 quant
765 2107 854 2176 qui
905 2105 1317 2175 praedicebatur.
1369 2105 1596 2175 Oportet
1633 2115 1812 2162 actum

202 2198 321 2266 ejus
366 2197 434 2251 ad
462 2198 860 2269 Scripturartnn
903 2198 1138 2268 regulam
1185 2198 1525 2269 recognosci,
1576 2198 1811 2266 duplici,

203 2291 306 2345 nisi
353 2291 531 2354 fallor,
579 2293 891 2359 operatione
933 2290 1276 2354 distinctum,
1323 2291 1715 2360 praedicationis
1761 2301 1813 2348 ct

204 2384 440 2438 \irlutis.
473 2382 579 2439 Sed
610 2385 676 2439 de
707 2394 929 2453 utroque
961 2383 1114 2438 titulo
1141 2385 1218 2438 sic
1242 2383 1548 2454 disponam,
1591 2395 1649 2438 ut
1674 2400 1810 2455 quo-

204 2490 353 2530 ntam
406 2477 578 2546 ipsum
625 2491 838 2547 quoque
896 2475 1177 2530 Marcionis
1221 2476 1570 2546 Evangelium
1619 2477 1811 2532 discuti

205 2571 428 2639 placuit,
462 2571 528 2625 de
569 2571 849 2640 speciebus
879 2570 1247 2625 doctrinarum
1291 2582 1345 2625 et
1385 2571 1660 2641 signorum
1689 2572 1813 2628 illuc

204 2661 516 2716 dim-ramus
548 2663 697 2732 quasi
723 2663 775 2718 in
805 2677 917 2718 rem
947 2672 1303 2732 prasscntem:
1339 2663 1424 2717 hic
1451 2675 1630 2719 autem
1652 2679 1814 2734 gene-

206 2756 396 2809 raliter
421 2771 786 2826 expnngamns
814 2756 1058 2811 ordinem
1085 2768 1342 2826 emptum,
1382 2757 1639 2812 docentes
1669 2773 1812 2828 pra:-

205 2849 502 2904 diratorem
549 2848 762 2904 interim
809 2850 1112 2904 amtuntiari
1157 2849 1426 2906 Christum
1472 2866 1566 2920 per
1601 2851 1813 2907 Esaiam

207 2940 337 3006 (ls.,
379 2940 442 3006 L,
478 2940 596 3011 I0):
624 2943 747 3008 Quis
760 2939 916 3003 enim,
943 2941 1140 3012 inquit,
1172 2943 1223 2996 in
1245 2942 1404 3006 vobis,
1430 2945 1515 3013 qui
1546 2942 1712 2998 Deum
1733 2945 1813 3013 (ὅ)

209 3033 386 3085 metuit
444 3032 555 3104 (a),
599 3044 644 3086 et
696 3034 930 3088 exaudiet
977 3035 1058 3102 (4)
1109 3049 1279 3088 vocem
1329 3035 1427 3102 ﬁlii
1478 3037 1629 3106 ejus?
1683 3034 1812 3091 Item

208 3127 594 3181 mctlicatorem
627 3126 752 3196 (Is..
789 3124 957 3195 LIII):
991 3125 1016 3179 1
1027 3142 1115 3194 pse
1143 3127 1297 3191 enim,
1329 3126 1518 3196 inquit,
1546 3127 1810 3183 imbecilli-

208 3228 338 3272 tutes
367 3227 566 3272 nostras
595 3217 821 3283 abstulit,
850 3227 894 3272 et
925 3217 1195 3289 languores
1225 3218 1462 3286 portavit.

786 3309 1011 3367 CAPUT
1062 3309 1250 3366 XVIII.

289 3405 362 3459 De
390 3405 534 3459 exitu
565 3403 720 3472 plane
745 3415 872 3472 puto
900 3403 1264 3458 diversitatem
1291 3403 1506 3457 tentatis
1534 3401 1809 3470 inducere,

213 3507 471 3567 negantes
525 3495 827 3565 passionem
881 3495 1054 3549 crucis
1108 3496 1158 3549 in
1217 3493 1492 3550 Christum
1542 3495 1811 3552 Creatoris

211 3589 579 3659 pradicatam,
612 3599 665 3641 et
688 3596 1122 3657 argumentantes
1151 3587 1371 3658 insuper
1408 3603 1511 3641 non
1541 3603 1662 3644 esse
1689 3604 1809 3644 cre-

207 3681 472 3746 dendum,
519 3688 576 3733 ιιι
617 3680 668 3733 in
713 3679 760 3734 id
804 3695 973 3750 genus
1015 3680 1203 3734 mortis
1252 3679 1560 3750 exposuerit
1586 3678 1813 3736 Creator

205 3773 402 3829 Filium
454 3787 644 3837 suum,
697 3772 838 3842 quod
888 3773 1001 3843 ipse
1041 3771 1422 3827 maledixerat:
1473 3771 1808 3838 Maletlictus,

203 3866 377 3935 Inqnit
421 3864 677 3934 (Denter.,
722 3864 887 3934 XXI),
917 3866 1079 3920 omnis
1119 3866 1205 3932 qui
1234 3866 1526 3936 pependerit
1571 3867 1624 3920 in
1650 3866 1808 3938 ligno.

201 3959 307 4016 Sed
349 3959 509 4028 Itnjns
551 3957 941 4013 tuachictionis
983 3973 1201 4013 sensum
1241 3957 1455 4022 diII'cro,
1488 3958 1665 4028 digna:
1695 3959 1811 4014 sola

202 4052 587 4126 pracdicatione
616 4050 808 4117 crucis,
853 4049 921 4106 de
949 4064 1052 4122 qua
1081 4064 1221 4106 nunc
1262 4049 1342 4120 (5)
1383 4050 1621 4105 maxime
1660 4065 1810 4121 qua:-

1923 2011 2044 2082 I7):
2068 2011 2225 2066 Tauri
2249 2012 2402 2066 decor
2425 2015 2532 2082 rjus
2559 2012 2661 2083 (b),
2678 2030 2871 2068 cornua
2897 2016 3152 2069 unicornis
3177 2031 3368 2069 cornua
3387 2018 3518 2086 ejus,

1919 2103 1972 2156 in
2018 2104 2089 2156 eis
2135 2103 2364 2158 nationes
2402 2104 2664 2158 ventilabit
2716 2105 2913 2175 pariter
2955 2109 3022 2158 ad
3069 2123 3320 2160 sumntum
3369 2124 3523 2178 usque

1922 2206 2106 2251 terrm:
2135 2213 2241 2252 non
2270 2199 2455 2268 utique
2481 2197 2797 2254 rhinoceros
2823 2199 3195 2256 destinabatur
3223 2202 3520 2268 nnicornis,

1921 2303 2021 2344 nec
2049 2289 2375 2344 Minotaurus
2400 2289 2666 2355 bicornis;
2697 2290 2789 2347 sed
2819 2289 3066 2347 Christus
3099 2296 3150 2346 in
3192 2293 3284 2347 illo
3316 2294 3523 2365 signiﬁ-

1919 2382 2163 2447 cabatur,
2221 2390 2404 2437 taurus
2447 2383 2517 2438 ob
2568 2393 2851 2454 utramque
2895 2383 3343 2455 dispositionem;
3399 2387 3522 2441 aliis

1919 2473 2084 2541 ferus,
2118 2485 2175 2528 ιιι
2207 2475 2400 2544 judex;
2447 2476 2568 2530 aliis
2595 2487 2930 2542 mansuetus,
2972 2489 3027 2531 ut
3065 2480 3334 2546 Salvator;
3367 2481 3523 2549 cujus

1918 2581 2116 2622 cornua
2149 2577 2331 2624 essent
2356 2571 2530 2623 crucis
2555 2571 2755 2624 extima
2787 2569 2925 2640 (It).
2958 2570 3086 2625 Nam
3119 2581 3166 2627 et
3201 2575 3249 2626 in
3284 2581 3519 2628 antenna

1921 2661 2071 2715 navis
2105 2659 2238 2732 (12),
2258 2676 2378 2732 quae
2412 2662 2585 2717 crucis
2618 2677 2740 2733 pars
2769 2673 2871 2728 est,
2909 2666 3278 2720 extremitates
3322 2681 3523 2722 cornua

1918 2763 2180 2808 vocantur
2211 2753 2319 2827 (c):
2364 2755 2636 2812 nnicornis
2676 2765 2886 2822 autem,
2920 2757 3092 2812 media
3137 2759 3253 2828 (15)
3291 2760 3521 2830 stipitis,

1920 2849 2092 2918 palus.
2138 2848 2248 2905 IIac
2288 2849 2520 2920 denique
2544 2851 2737 2905 virtute
2782 2851 2959 2906 crucis
2999 2850 3101 2922 (ιι),
3133 2861 3187 2906 et
3231 2853 3331 2908 hoc
3374 2868 3524 2910 more

1919 2950 2198 3008 cornutos,
2222 2942 2498 2998 universas
2523 2951 2712 3012 gentes
2728 2951 2939 2998 etnnnc
2964 2943 3187 2999 ventilat
3218 2961 3312 3015 per
3340 2945 3519 3010 lident,

1918 3032 2172 3088 auferens
2214 3049 2242 3087 a
2292 3043 2430 3088 terra
2480 3035 2532 3088 in
2578 3034 2810 3100 caelum;
2866 3044 2922 3090 et
2952 3043 3077 3090 tunc
3119 3051 3215 3106 per
3260 3037 3522 3105 judicium

1920 3124 2220 3188 ventilabit,
2249 3124 2514 3196 dejiciens
2541 3125 2610 3182 de
2653 3127 2793 3182 caelo
2825 3127 2876 3181 ιιι
2916 3136 3136 3182 terram.
3166 3127 3310 3184 Idem
3341 3129 3442 3183 erit
3467 3139 3524 3185 et

1927 3217 2056 3272 alibi
2085 3228 2270 3273 taurus
2295 3217 2433 3289 apud
2474 3217 2723 3274 eaoidem
2746 3219 3090 3290 scripturam,
3132 3236 3252 3275 rum
3276 3219 3441 3276 Jacoh
3470 3222 3521 3277 in

1843 3321 1888 3386 ρ
1923 3310 2228 3366 Simeonem
2276 3321 2332 3367 et
2373 3312 2497 3368 Levi
2537 3314 2890 3383 exporrigens
2921 3313 3348 3369 benedictionem
3377 3314 3519 3386 (ll),

1917 3401 1968 3458 id
1997 3411 2079 3458 est
2125 3402 2267 3474 (15),
2309 3404 2361 3458 in
2402 3402 2618 3460 Scrihas
2657 3413 2711 3459 et
2750 3402 3050 3460 I’hariszeos
3095 3406 3196 3474 (ex
3233 3405 3337 3460 illis
3375 3405 3520 3460 enim

1914 3493 2197 3551 deducitur
2237 3511 2432 3552 census
2465 3497 2728 3567 istorum)
2759 3496 3073 3566 spiritaliter
3114 3499 3516 3568 interpretatur.

1917 3584 2126 3641 Simeon
2167 3597 2214 3642 et
2246 3586 2364 3642 Levi
2407 3587 2637 3658 (σαπείη
2663 3587 2861 3654 XLIX,
2884 3589 2944 3658 6)
2974 3593 3288 3662 perfecerunt
3331 3591 3520 3663 iniqui-

1916 3687 2103 3744 tatem,
2148 3695 2214 3735 ex
2267 3695 2363 3735 sua
2410 3680 2621 3745 Ineresi,
2675 3696 2775 3750 qua
2823 3679 3029 3736 scilicet
3082 3681 3352 3737 Christum
3394 3693 3524 3739 sunt

1920 3773 2210 3843 persecuti.
2245 3772 2312 3827 lu
2342 3773 2615 3828 concilium
2645 3789 2821 3828 eorum
2851 3791 2913 3828 ne
2947 3775 3133 3830 venerit
3174 3776 3348 3830 anima
3376 3793 3485 3830 mea
3505 3819 3522 3841 ,

1913 3876 1960 3920 et
2012 3866 2062 3920 in
2115 3868 2384 3921 stationem
2429 3884 2602 3922 eorum
2657 3884 2721 3922 ne
2767 3867 3083 3922 incubuerint
3135 3869 3315 3937 jecora
3363 3885 3523 3926 mea:

1913 3959 2032 4028 quia
2066 3959 2116 4013 in
2158 3959 2511 4031 indignatione
2538 3977 2631 4015 sua
2672 3961 3032 4033 interfecerunt
3070 3960 3329 4027 homines,
3366 3960 3416 4015 id
3442 3968 3528 4015 est

1915 4052 2212 4124 PrOphetas
2230 4096 2244 4121 ,
2275 4065 2320 4110 et
2361 4057 2415 4110 in
2453 4056 2866 4126 concupiscentia
2892 4071 2987 4111 sua
3013 4055 3321 4111 cteciderunt
3349 4070 3526 4111 neruos

1424 4165 1805 4225 LECTIONES
1841 4167 2257 4228 VAIII.\N'I‘ES.

265 4289 336 4354 (Ι)
366 4285 674 4354 Censendant
698 4281 848 4338 Rhea.
875 4280 1029 4354 Seml.
1048 4284 1180 4354 grta.

267 4342 335 4417 (ι’)
362 4347 726 4417 _Extinxit.Non
752 4354 929 4412 potest,
955 4345 1077 4398 nihil
1101 4342 1630 4410 iruermediumJihen.
1657 4343 1809 4396 Setnl.

202 4412 405 4467 Obefth.
431 4416 551 4464 Jun.

264 4478 340 4542 (5)
364 4473 781 4542 _I_)omipum_alii.
813 4538 855 4542 _
957 4540 963 4542 Α
1014 4531 1068 4542 _.

264 4481 319 4538 (5
373 4481 630 4526 Dominum
674 4481 781 4526 atii.

261 4481 340 4662 (
363 4539 606 4615 Exaudiat
628 4538 780 4590 Fran.
813 4538 982 4588 Venet.
1009 4531 1118 4599 Rig.

263 4607 318 4660 (ἕ)
367 4603 485 4651 (.um
509 4601 790 4662 ("8813141.
919 4656 929 4662 _
984 4659 1027 4662 ί,

263 4601 340 4662 (εἰ)
367 4603 485 4651 (tum
509 4601 658 4652 inser.
686 4601 790 4653 Lat.

263 4668 337 4707 tm
367 4664 418 4707 In
444 4661 590 4707 οιηίιι,
621 4661 766 4707 Rhea.
794 4656 947 4707 Seml.
968 4655 1148 4707 Oberth

261 4668 338 4790 iii
366 4664 429 4778 iii
443 4656 1188 4790 iﬁﬁﬂhﬁﬁgﬁtgﬂt
1209 4718 1362 4774 Seml.

2003 4287 2052 4349 8)
2075 4287 2324 4349 Venund.,
2352 4305 2378 4341 ι
2401 4290 2527 4342 Iuda
2548 4291 2701 4342 omitt.
2727 4289 2877 4344 ιυιεη.
2895 4289 3047 4342 Seml.
3073 4288 3275 4342 Oberlh.

2002 4350 2050 4406 tl)
2082 4350 2329 4402 Traditur.
2359 4354 2474 4403 Nam
2502 4361 2570 4406 et.
2597 4353 2749 4405 omitt.
2778 4355 2927 4405 Semt.

2177 4424 2312 4488 patre
2339 4415 2511 4488 inserit
2532 4415 2686 4488 §eml.
2713 4426 2885 4488 aperte
2909 4413 3015 4468 alii.

2010 4475 2085 4549 II")
2111 4475 2327 4549 Externa
2353 4477 2507 4549 Illico.
2526 4479 2680 4549 S_eml2
2711 4475 2910 4549 (lberta.
2981 4546 2988 4549 _
3088 4537 3099 4549 ο

2010 4539 2082 4594 I2)
2112 4539 2354 4590 Antemna
2380 4540 2696 4593 Rhen.Seml.
2725 4539 2924 4594 Obertlt.
2945 4539 3156 4593 etomitt.
3182 4541 3338 4591 navis.

2014 4601 2082 4656 l3)
2115 4601 2307 4652 Medius
2329 4605 2441 4654 cod.
2476 4607 2721 4656 Wouwer.

1836 4703 1892 4769 ι)
1979 4662 2086 4788 ξη)
2112 4662 2320 4727 Εκροιτ.
2349 4667 2531 4738 ιὶρηρό.
2557 4665 2709 4718 omitl.
2737 4665 2889 4721 ιυιεη.
2919 4663 3070 4717 Seml.
3098 4662 3295 4718 Oberllt.

2007 4725 2085 4788 '5)
2111 4725 2162 4775 Id
2190 4737 2268 4780 est
2285 4735 2436 4782 amttt.
2466 4731 2620 4782 Fran.

2007 4725 2085 4791 I5)
2111 4725 2162 4775 Id
2190 4725 2268 4780 est
2285 4727 2436 4782 omitt.
2466 4731 2620 4782 Fran.

1557 4823 2112 4890 COMMENTARIUS.

272 4951 350 5022 (ιι)
387 4949 514 5016 Quis
537 4949 669 5022 enim
694 4951 747 5022 in
773 4947 929 5022 vobis,
959 4945 1142 5022 inquit,
1173 4943 1261 5014 qui
1291 4941 1455 4996 Deum
1480 4941 1804 5022 Tatuini-Ita

194 5012 343 5078 hunc
370 5012 562 5095 locum
586 5018 657 5075 Is.
692 5019 755 5086 L,
808 5020 936 5074 citat
971 5012 1036 5095 et'
1069 5012 1447 5095 interpretatur
1570 5012 1803 5095 Cyrillus

193 5097 411 5152 Comm.
446 5094 496 5148 in
543 5091 615 5147 Is.
656 5107 725 5147 ex
768 5105 874 5159 quo
913 5091 1073 5144 etiam
1123 5087 1402 5159 suppletur
1449 5087 1594 5154 prior
1643 5087 1799 5153 hujus

193 5170 483 5233 scripturae
531 5178 685 5232 pars,
725 5158 846 5231 quae
899 5161 952 5216 in
1015 5158 1340 5233 exemplari,
1391 5171 1498 5228 quo
1548 5170 1676 5233 usus
1718 5162 1801 5209 est

200 5241 264 5296 Β,
288 5229 666 5308 Hieronymus,
692 5229 796 5290 non
822 5231 1222 5309 reperiebatur.
1235 5239 1288 5284 et
1316 5239 1492 5309 tamen
1515 5229 1800 5309 genuinam

192 5326 320 5366 esse
349 5299 581 5371 consist,
615 5314 798 5376 utpote
839 5299 1071 5376 non_hic
1084 5302 1260 5376 _ntodo
1288 5304 1470 5366 citata,
1500 5299 1595 5355 sed
1637 5300 1801 5354 etiam

195 5383 292 5436 lih.
331 5381 394 5432 IV
430 5378 550 5432 adv.
586 5374 747 5431 Marc.
783 5391 902 5444 cap.
942 5374 1036 5429 22.
1082 5374 1218 5428 Pus.

264 5451 425 5508 CAP.
453 5447 634 5503 XVIII.
661 5479 731 5488 —
750 5446 828 5519 (b)
853 5440 1022 5519 Tauri
1051 5446 1204 5519 decor
1224 5445 1353 5512 ejus,
1381 5458 1573 5519 cornua
1595 5440 1802 5519 urticar-

191 5526 292 5578 nis.
337 5523 480 5577 Istud
514 5523 688 5590 ipsum
729 5511 1032 5590 d‘e'Joseph
1069 5531 1100 5570 a
1140 5511 1321 5588 Moyse
1359 5516 1633 5590 prolatum_
1661 5511 1803 5590 Deo:

193 5607 295 5650 ter.
317 5580 561 5658 XXXIII,
589 5606 694 5644 non
717 5590 876 5646 modo
895 5580 1136 5645 Iustinus
1154 5580 1373 5658 imirtyr,
1395 5603 1460 5642 ex
1488 5585 1719 5658 quatere
1736 5580 1803 5637 ad

189 5667 423 5722 verbum
453 5666 567 5719 lucc
592 5662 892 5732 desumpsit
919 5665 1145 5732 auctor.
1167 5659 1261 5732 sed
1292 5663 1454 5713 etiam
1484 5658 1544 5712 Β.
1576 5657 1803 5732 August.

189 5746 387 5804 quast.
423 5736 474 5790 in
508 5734 722 5788 Denter.
753 5723 1089 5804 cap.LVl,et
1119 5729 1405 5786 Rhabanus
1436 5732 1487 5784 in
1515 5741 1712 5786 comm.
1736 5723 1806 5780 de

196 5811 420 5864 Christo
447 5808 890 5873 interpretantur.
918 5804 1055 5859 ΡΑιι.

269 5880 344 5950 (c)
377 5869 737 5934 Extremitates
775 5893 967 5932 cornua
1008 5882 1271 5930 vocantur.
1315 5870 1405 5929 Sic
1449 5869 1590 5946 apud
1630 5869 1805 5942 Virgi-

190 5954 319 6010 lium
347 5968 364 6008 :

3287 4950 3360 5002 LF.
3384 4951 3479 5004 Ριι.

1982 5057 2062 5130 (d)
2102 5059 2212 5113 Hac
2256 5061 2471 5128 denique
2506 5062 2688 5114 virtute
2730 5060 2916 5114 crucis.
2973 5059 3261 5114 Maximam
3307 5073 3528 5131 semper

1907 5130 2069 5186 fuisse
2109 5133 2356 5186 virtutem
2385 5131 2574 5186 Crucis
2627 5142 2891 5186 testantur
2935 5131 3224 5201 cujuslibet
3267 5130 3528 5201 temporis

1908 5203 2427 5259 histori:e..lulianus
2452 5203 2650 5274 quippe
2672 5203 2825 5268 imp.,
2846 5204 2970 5257 licet
2997 5213 3237 5270 apostata
3264 5211 3317 5256 et
3341 5200 3529 5274 Chris-

1909 5275 2172 5328 tianorum
2226 5275 2429 5339 Itostis,
2474 5272 2661 5330 crucis
2716 5275 2869 5343 signo
2920 5288 2982 5328 se
3035 5274 3247 5328 munire
3315 5272 3528 5329 solebat

1906 5354 2092 5401 ccutra
2131 5359 2339 5416 spectra
2372 5357 2427 5401 et
2456 5357 2749 5401 nocturnos
2798 5356 3054 5400 terrores.
3087 5344 3143 5398 Id
3189 5343 3353 5416 refert
3383 5343 3523 5398 Cre-

1907 5419 2087 5485 gorins
2128 5414 2375 5473 Nazianz.
2418 5428 2554 5473 orat.
2597 5419 2651 5485 I,
2701 5418 2752 5472 in
2797 5416 3098 5481 Iulianum;
3147 5427 3202 5470 et
3231 5414 3520 5486 Corippus,

1908 5489 2002 5544 lib.
2039 5490 2102 5552 ll,
2130 5489 2198 5544 de
2222 5487 2433 5545 Iustino
2465 5491 2592 5561 imp.
2620 5510 2634 5545 :

2001 4950 2192 5004 Cornua
2216 4953 2485 5003 velatarum
2510 4953 2815 5004 obvertimus
2840 4959 3186 5003 antennarum.

2008 5600 2271 5664 Egreditur
2291 5615 2401 5650 cum
2428 5601 2542 5664 lege
2562 5614 2667 5658 sua,
2691 5599 3005 5664 frontemque
3046 5612 3277 5650 serenam

2004 5662 2402 5726 Armavit,saneti
2426 5662 2612 5715 faciens
2633 5663 2882 5727 signacula
2909 5662 3048 5726 ligni.

1911 5793 2132 5851 Veteres
2181 5793 2308 5850 olim
2357 5792 2692 5847 Christianos
2754 5789 3057 5861 promiscue
3122 5786 3292 5861 dictos
3347 5785 3514 5843 fuisse

1909 5865 2254 5921 Christicolas
2280 5873 2333 5918 et
2360 5864 2654 5919 crneicolas
2683 5859 3041 5917 obsnmmam
3071 5859 3244 5913 crucis
3288 5871 3514 5912 venera-

1909 5940 2109 5996 tionem
2136 5935 2606 5994 d0cetAdhehuus
2637 5935 2730 5992 Iib.
2759 5935 2826 5992 de
2845 5932 2996 6005 Virg.
3035 5946 3156 6004 cap.
3189 5931 3276 5986 I7.
3308 5928 3385 5985 LE
3409 5929 3507 5986 Pa.
