4268 6492
753 388 859 447 547

2177 388 2643 448 TERTULLIANI

3957 394 4067 450 318

755 512 925 568 tauro,
960 502 1012 560 id
1041 511 1125 560 est
1151 501 1389 572 Christo,
1417 519 1576 576 quem
1603 513 1724 576 post
1751 518 1938 561 necem
1967 503 2349 575 Prophetarum
2378 505 2432 564 Α
2458 514 2549 560 aut
2576 506 2807 578 aliquam
2852 509 3080 580 propriae
3107 509 3274 565 vestis
3319 517 3532 576 notam;
3580 509 3686 566 Sed
3718 509 3865 565 solus
3893 526 4066 566 novus

755 594 1145 653 interfecerunt
1173 596 1276 668 (I),
1306 605 1360 652 et
1389 596 1688 668 sul‘ﬁgendo
1719 612 1913 653 nervos
1941 597 2022 668 (2)
2046 596 2161 668 ejus
2190 596 2357 652 clavis

755 689 1133 746 deswvierunt.
1169 688 1466 757 Ceterum,
1512 705 1703 744 vanum
1749 690 1832 757 si,
1867 699 1986 760 post
2031 688 2351 756 homicidia,

753 784 982 854 alicujus
1024 784 1177 839 bovis
1206 785 1313 839 illis
1340 785 1630 855 exprobrat
1655 784 2041 840 carniﬁcinam.
2077 785 2194 841 Jam
2228 801 2355 842 vero

754 875 991 950 Moyses,
1015 876 1141 949 quid
1166 879 1347 949 utique
1374 888 1500 932 tunc
1525 887 1752 942 tantum,
1777 894 1897 933 cum
1920 878 2076 935 Jesus
2097 880 2356 934 adversus

758 971 1019 1027 Amalech
1066 971 1426 1041 praaliabatur,
1461 973 1718 1043 expansis
1767 973 2012 1028 manibus
2057 974 2241 1028 orabat
2277 975 2354 1048 (5)

753 1062 1020 1131 residens;
1045 1063 1262 1133 quando
1286 1063 1337 1118 in
1368 1063 1527 1119 rebus
1553 1074 1657 1117 tam
1683 1065 1945 1129 attonitis,
1977 1065 2144 1136 magis
2171 1067 2354 1136 utique

751 1164 978 1231 genibus
1007 1164 1268 1235 depositis
1296 1164 1396 1235 (ι),
1427 1174 1481 1220 et
1511 1165 1756 1220 manibus
1782 1164 2111 1222 caedentibus
2140 1175 2353 1236 pectus,

755 1264 810 1308 et
856 1254 991 1310 facie
1026 1255 1172 1309 humi
1207 1255 1498 1321 volutante,
1532 1256 1828 1311 orationem
1848 1255 2225 1311 commendare
2253 1256 2351 1311 de-

752 1345 978 1412 buisset;
1009 1349 1110 1402 nisi
1141 1348 1262 1417 quia
1296 1347 1402 1402 illic
1431 1347 1518 1403 ubi
1550 1349 1628 1419 (5)
1660 1364 1853 1404 nomen
1883 1348 2096 1402 Domini
2122 1348 2248 1402 Jesu
2271 1348 2349 1421 (6)

752 1439 1065 1507 dimicabat,
1093 1439 1395 1495 dimicaturi
1420 1442 1740 1511 quandoque
1767 1440 2028 1496 adversus
2055 1441 2348 1508 diabolum,

753 1529 930 1586 crucis
981 1547 1191 1602 quoque
1237 1543 1356 1588 erat
1395 1533 1606 1588 habitus
1655 1535 2015 1599 necessarius,
2059 1550 2152 1605 per
2193 1552 2350 1606 quam

752 1623 908 1680 Jesus
935 1625 1210 1680 victoriam
1237 1638 1380 1682 esset
1407 1628 1670 1682 relaturus
1693 1626 1715 1680 ?
1741 1627 1885 1683 Idem
1932 1645 2117 1684 rursus
2145 1630 2354 1703 Moyses

754 1714 943 1790 (Num.
958 1714 1114 1786 XXI)
1135 1727 1255 1786 post
1271 1717 1608 1772 interdictam
1631 1720 1804 1774 omnis
1824 1719 1899 1773 rei
1923 1720 2349 1787 similitudinem,

751 1825 850 1866 cur
896 1825 1095 1865 :ereum
1125 1820 1456 1881 serpentem,
1501 1811 1643 1883 ligno
1689 1814 2015 1883 impositum,
2072 1816 2354 1886 pendentis

2462 613 2554 652 rex
2585 613 2844 655 novorum
2872 617 3108 657 arvorum
3136 601 3381 658 Christus
3403 601 3582 668 JeSus,
3607 618 3758 658 nova:
3790 603 3978 674 glorim
4010 614 4064 659 ct

2461 699 2779 761 potestatem
2828 704 2882 748 et
2931 695 3312 749 sublimitatem
3358 709 3508 750 suam
3566 694 3792 751 humero
3838 697 4060 765 extulit,

2459 797 2672 838 crucem
2689 785 2913 850 scilicet,
2934 796 3013 851 ut,
3030 787 3322 843 secundum
3346 787 3676 858 superiorem
3697 789 4061 858 prophetiam,

2458 876 2650 932 exinde
2672 877 2930 933 Dominus
2959 891 3211 950 regnaret
3237 896 3265 934 a
3297 880 3458 950 ligno.
3495 880 3607 935 Hoc
3632 881 3830 950 lignum
3853 892 3910 936 et
3937 881 4064 936 Hie-

2459 970 2654 1023 remias
2695 968 2936 1041 (Jerem.,
2966 971 3058 1037 XI,
3096 971 3151 1043 9)
3185 972 3275 1027 tibi
3307 973 3562 1037 insinuat,
3610 972 3833 1027 dicturis
3861 974 4062 1043 pradi-

2459 1076 2586 1115 cans
2617 1061 2847 1118 Judzeis:
2888 1060 3080 1127 Venite,
3123 1064 3379 1117 mittamus
3421 1061 3538 1136 (12)
3571 1063 3762 1134 lignum
3787 1065 3840 1118 in
3873 1081 4058 1135 panem

2457 1155 2588 1221 ejus,
2607 1155 2787 1225 utique
2807 1155 2857 1208 in
2877 1169 3095 1225 corpus.
3113 1155 3203 1211 Sic
3224 1155 3365 1211 enim
3386 1155 3530 1210 Deus
3547 1156 3598 1210 in
3623 1155 3910 1227 Evangelio
3932 1173 4066 1224 quo-

2458 1265 2561 1320 que
2577 1259 2759 1304 vestro
2781 1251 3033 1305 revelavit
3051 1266 3239 1320 panem
3254 1263 3450 1320 corpus
3467 1265 3621 1304 suum
3654 1251 3934 1320 appellans
3956 1248 4062 1323 (a),

2458 1351 2516 1396 ut
2552 1353 2606 1398 et
2644 1342 2768 1397 hinc
2805 1343 2915 1413 jam
2959 1359 3081 1398 eum
3123 1342 3391 1414 intelligas
3435 1344 3679 1414 corporis
3717 1344 3798 1398 sui
3841 1345 4064 1414 ﬁguram

2457 1437 2579 1508 pani
2617 1435 2731 1510 (15)
2763 1437 2999 1501 dedisse,
3029 1438 3186 1507 cujus
3217 1446 3363 1493 retro
3393 1451 3591 1506 corpus
3619 1436 3669 1491 in
3702 1453 3898 1508 panem
3929 1438 4066 1491 l‘ro-

2460 1530 2648 1600 plietes
2707 1531 2978 1600 ﬁguravit,
3035 1532 3151 1600 ipso
3218 1531 3444 1586 Domino
3500 1529 3603 1586 hoc
3664 1542 4064 1586 sacramentum

2460 1633 2641 1693 postea
2697 1625 3135 1693 interpretaturo.
3205 1622 3261 1679 Si
3315 1622 3489 1678 adhuc
3533 1623 3730 1693 quzeris
3777 1622 4068 1678 dominica:

2458 1719 2637 1772 crucis
2663 1717 3124 1788 praedicationem,
3155 1717 3287 1772 satis
3309 1718 3420 1787 jam
3451 1717 3542 1772 tibi
3575 1725 3751 1786 potest
3784 1715 3962 1772 facere
3989 1718 4067 1769 vi—

2459 1811 2692 1882 gesimus
2721 1811 2924 1880 primus
2951 1811 3187 1880 psalmus
3217 1808 3317 1882 (b),
3349 1819 3516 1865 totam
3547 1809 3744 1865 Christi
3775 1811 4063 1866 continens

753 1901 938 1958 habitu
982 1903 1035 1957 in
1083 1904 1446 1972 spectaculum
1474 1904 1655 1961 Israeli
1690 1905 1767 1978 (7)
1814 1907 2046 1963 salutare
2079 1911 2353 1980 proposuit
2382 1906 2430 1966 Β
2460 1905 2783 1975 passionem,
2818 1905 3062 1960 canentis
3087 1904 3197 1974 jam
3239 1914 3365 1960 tunc
3394 1906 3618 1976 gloriam
3656 1922 3846 1962 suam:
3883 1906 4063 1961 Fode-

751 2008 818 2048 eo
850 2003 1094 2065 tempore
1120 2010 1227 2065 quo
1258 2011 1284 2049 a
1317 1997 1661 2066 serpentibus
1692 2000 2031 2055 exterminati
2065 2010 2209 2067 sunt,
2254 2003 2352 2057 uisi

751 2086 892 2158 quod
928 2084 1006 2159 (8)
1038 2096 1092 2141 et
1118 2085 1203 2142 hic
1237 2088 1520 2143 dominica:
1557 2090 1734 2144 crucis
1763 2092 1868 2145 vim
1901 2093 2217 2159 intentabat,
2250 2109 2352 2164 qua

754 2193 979 2249 serpens
1005 2179 1248 2236 diabolus
1280 2179 1668 2251 publicabatur.
1706 2192 1762 2237 et
1803 2183 1933 2237 laeso
1961 2184 2155 2254 cuique
2181 2201 2209 2239 a
2241 2187 2352 2257 spi-

753 2273 1007 2329 ritalibus
1036 2274 1294 2343 colubris,
1328 2275 1556 2331 intuenti
1590 2285 1766 2330 tamen
1798 2287 1851 2332 et
1879 2277 2116 2333 credenti
2156 2279 2206 2332 in
2235 2293 2352 2334 eam

754 2365 955 2421 sanitas
999 2373 1274 2423 moi-suum
1316 2379 1700 2440 peccatorum,
1741 2377 1794 2424 et
1838 2370 1983 2425 salus
2033 2369 2111 2444 (9)
2163 2372 2354 2428 exinde

753 2460 1169 2532 prrcdicabatur.

1343 2555 1571 2613 CAPUT
1619 2554 1762 2612 XIX.

826 2647 942 2719 Age
976 2662 1138 2718 nunc,
1171 2649 1215 2705 si
1263 2650 1434 2722 legisti
1467 2667 1630 2723 penes
1673 2651 1836 2707 David
1872 2651 1991 2725 (Ps.
2025 2653 2188 2718 XCV,
2222 2653 2350 2727 10),

755 2742 1008 2798 Dominus
1059 2744 1282 2814 regnavit
1336 2760 1367 2797 a
1412 2745 1582 2816 ligno,
1627 2754 1860 2816 expecto
1903 2745 2028 2815 quid
2069 2747 2352 2818 intelligas,

755 2836 857 2891 nisi
913 2834 1047 2892 forte
1087 2836 1366 2907 Iignariutn
1417 2837 1649 2907 aliquem
1697 2853 1877 2910 regem
1928 2839 2215 2908 signiﬁcari
2258 2840 2354 2895 Ju-

753 2929 1013 2995 dteorum,
1043 2938 1099 2984 et
1119 2946 1226 2986 non
1249 2929 1545 2995 Christum,
1578 2932 1665 3002 qui
1692 2931 1928 2987 exindea
1955 2933 2203 3002 passione
2226 2933 2353 3003 ligni

755 3032 1006 3093 superata
1045 3033 1220 3078 morte
1259 3024 1519 3094 regnavit.
1556 3023 1670 3079 Etsi
1712 3025 1855 3078 enim
1889 3039 2036 3078 mors
2085 3024 2153 3078 ab
2185 3023 2353 3078 Adam

755 3118 996 3188 regnavit
1015 3132 1183 3187 usque
1199 3117 1264 3171 ad
1283 3117 1575 3180 Christum,
1598 3133 1693 3173 cur
1705 3117 1952 3174 Christus
1975 3135 2078 3174 non
2102 3133 2357 3189 regnasse

756 3208 965 3263 dicatur
986 3224 1015 3261 a
1040 3207 1207 3279 ligno,
1231 3223 1297 3264 ex
1328 3224 1434 3280 quo
1464 3211 1637 3266 crucis
1665 3212 1808 3281 ligno
1839 3222 2104 3278 mortuus,
2131 3228 2352 3282 regnum

2457 2009 2590 2064 runt,
2620 1999 2788 2069 inquit
2816 1998 2958 2071 (Ps.,
2989 1997 3132 2064 XXI,
3167 1999 3280 2071 I7),
3309 2016 3490 2054 manus
3518 2016 3654 2055 meas
3680 2012 3726 2054 et
3747 2001 3922 2069 pedes;
3945 2017 4066 2072 qua!

2459 2091 2673 2161 proprie
2703 2092 2956 2146 atrocitas
2988 2090 3104 2162 (M)
3138 2091 3334 2146 crucis.
3389 2090 3454 2145 Et
3487 2106 3694 2156 rursus,
3731 2106 3850 2145 cum
3915 2094 4066 2147 auxi-

2459 2184 2585 2239 lium
2627 2184 2800 2240 Patris
2839 2185 3123 2254 implorat:
3169 2183 3414 2249 Salvum,
3447 2184 3618 2256 inquit
3647 2185 3807 2258 (ibid.
3836 2184 3954 2256 22),
3985 2191 4068 2256 [ac

2457 2296 2538 2333 nte
2561 2296 2624 2334 ex
2665 2295 2753 2333 ore
2795 2279 2974 2342 leonis,
3007 2279 3188 2357 utique
3217 2277 3441 2343 mortis;
3489 2288 3536 2332 et
3569 2277 3631 2333 de
3674 2279 3912 2333 cornibus
3952 2280 4069 2334 uni-

2457 2372 2624 2426 cornis
2665 2370 2780 2445 (15)
2828 2372 3201 2438 humilitatem;
3246 2371 3312 2426 de
3353 2371 3594 2442 apicibus
3620 2372 3825 2428 scilicet
3863 2373 4064 2438 crucis,

2459 2473 2516 2520 ut
2545 2479 2703 2534 supra
2748 2464 3101 2519 ostendimus.
3149 2463 3321 2532 Quam
3361 2478 3576 2518 crucem
3622 2479 3721 2520 nec
3749 2465 3865 2534 ipse
3894 2464 4063 2522 David

2457 2572 2649 2626 passus
2674 2567 2775 2622 est,
2811 2571 2907 2612 nec
2949 2557 3090 2611 ullus
3127 2570 3223 2611 rex
3261 2554 3607 2621 Judmornm;
3639 2571 3706 2612 ne
3747 2567 3901 2627 putes
3924 2559 4063 2612 altc-

2458 2650 2570 2705 rius
2607 2649 2833 2718 alicujus
2866 2648 3174 2719 prophetari
3220 2648 3546 2718 passionem,
3589 2664 3748 2718 quam
3792 2649 3908 2720 ejus
3941 2650 4061 2723 (IG)

2458 2742 2552 2812 qui
2579 2742 2725 2796 solus
2751 2756 2783 2796 a
2812 2741 3010 2811 populo
3038 2751 3142 2792 tam
3167 2739 3448 2810 insigniter
3467 2740 3757 2795 cruciﬁxus
3781 2750 3881 2794 est.
3911 2741 4064 2795 Nune

2459 2844 2514 2889 et
2541 2834 2585 2888 si
2607 2847 2797 2888 omnes
2827 2833 2958 2886 istas
2986 2829 3457 2898 interpretationes
3476 2830 3739 2901 respuerit
3761 2840 3814 2885 et
3835 2832 4067 2888 irriscrit

2461 2926 2712 2982 lueretica
2735 2925 2949 2990 duritia,
2975 2923 3269 2980 concedam
3295 2923 3367 2978 illi
3393 2924 3594 2978 nullam
3619 2923 3819 2980 Christi
3845 2940 4062 2980 crucem

2459 3021 2809 3091 signiﬁcatam
2828 3018 2943 3094 (17)
2969 3035 2995 3072 a
3016 3018 3271 3075 Creatore
3296 3035 3310 3072 :
3336 3018 3458 3089 quia
3488 3034 3585 3074 nec
3604 3035 3670 3074 ex
3691 3018 3794 3073 hoc
3817 3016 4067 3088 probabit

2459 3113 2621 3168 alium
2663 3127 2783 3168 esse
2821 3114 2910 3182 qui
2951 3112 3237 3166 cruciﬁxus
3288 3120 3391 3178 est,
3433 3111 3535 3166 nisi
3585 3109 3722 3166 forte
3767 3112 4067 3166 ostenderit

2461 3206 2603 3261 hunc
2633 3207 2835 3260 exitum
2867 3205 2982 3274 ejus
3011 3220 3040 3258 a
3083 3221 3180 3258 suo
3208 3204 3318 3259 Deo
3357 3205 3739 3274 prmdicatum;
3788 3216 3845 3259 ut
3883 3206 4067 3261 diver-

757 3302 948 3356 mortis
976 3299 1240 3355 exclusit?
1263 3300 1492 3357 Proinde
1521 3313 1572 3357 ct
1599 3301 1763 3357 Isaias
1796 3301 1923 3374 (ls.,
1959 3302 2050 3371 IX,
2081 3304 2170 3376 6):
2207 3304 2352 3372 Quo-
2381 3299 2427 3365 C
2461 3301 2592 3356 sitas
2633 3299 2962 3370 passionum,
3003 3312 3064 3351 ac
3103 3312 3196 3365 per
3241 3297 3345 3352 hoc
3380 3295 3540 3352 etiam
3573 3311 3946 3368 personarum,
4001 3314 4066 3353 ex

757 3394 916 3458 niam,
952 3393 1143 3464 inquit,
1178 3409 1302 3462 puer
1340 3403 1489 3448 natus
1527 3405 1600 3449 est
1638 3395 1801 3459 nobis,
1844 3406 1891 3451 et
1922 3398 2070 3453 datus
2115 3408 2186 3452 est
2213 3400 2358 3453 nobis

759 3485 898 3555 ﬁlius
928 3482 1067 3559 (l0).
1095 3485 1233 3552 Quid
1270 3487 1413 3552 novi,
1449 3488 1491 3542 si
1521 3502 1625 3543 non
1658 3491 1725 3543 de
1758 3487 1895 3544 Filio
1923 3489 2015 3545 Dei
2045 3490 2174 3546 dicit
2215 3489 2359 3564 (tl)?

759 3576 919 3648 Cujus
947 3579 1219 3648 imperium
1246 3581 1438 3648 factum
1467 3591 1541 3635 est
1570 3597 1724 3650 super
1750 3582 2014 3637 humerum
2042 3581 2223 3650 ipsius.
2257 3586 2358 3654 Qui

759 3670 982 3724 omnino
1027 3685 1212 3740 regum
1255 3672 1463 3743 insigne
1489 3675 1770 3742 potestatis
1799 3690 1909 3729 sua:
1953 3674 2180 3732 humero
2221 3694 2359 3748 pra:-

762 3763 885 3832 fert,
915 3773 971 3820 et
999 3780 1105 3821 non
1137 3775 1229 3821 aut
1254 3765 1430 3837 capite
1459 3766 1726 3834 diadema,
1758 3777 1850 3823 aut
1878 3783 2037 3823 manu
2067 3780 2359 3842 sceptrum,

2463 3392 2774 3449 diversitate
2813 3388 3252 3462 prtedicationum
3283 3389 3601 3450 vindicetur.
3647 3388 3938 3457 Czeterum,
3971 3408 4070 3447 nec

2464 3488 2580 3558 ipso
2628 3485 2843 3542 Christo
2889 3485 3006 3555 ejus
3065 3483 3384 3553 praedicata,
3436 3483 3630 3540 nedum
3677 3500 3836 3541 cruce
3876 3486 4067 3557 ipsius,

2462 3584 2660 3640 sufﬁcit
2701 3584 2754 3639 in
2799 3597 2977 3637 meum
3009 3580 3281 3635 Christum
3323 3582 3491 3637 solius
3536 3584 3726 3638 mortis
3763 3584 4068 3654 prophetia.

2466 3676 2546 3732 Ex
2594 3676 2696 3730 hoc
2741 3674 2884 3729 enim
2926 3671 3071 3741 quod
3120 3687 3226 3725 non
3277 3681 3361 3727 est
3401 3671 3544 3727 edita
3582 3673 3812 3744 qualitas
3855 3676 4068 3742 mortis,

2468 3770 2637 3840 potuit
2679 3777 2732 3824 et
2776 3782 2871 3838 per
2909 3779 3124 3821 crucem
3153 3765 3418 3834 evenisse,
3459 3775 3588 3822 tunc
3624 3765 3714 3823 alii
3740 3765 4068 3839 deputanda,

1992 3884 2368 3945 LECTIONES
2403 3883 2817 3944 VARIANTES.

855 4021 899 4072 1)
917 4009 1283 4072 Interleeeritnt
1303 4018 1452 4070 omitt.
1477 4016 1627 4072 Rhea.
1655 4017 1806 4070 Seml.
1829 4017 2025 4070 Obertlt.

852 4081 902 4146 2)
930 4084 988 4134 In
1010 4097 1189 4146 nervos
1213 4085 1383 4146 utique
1408 4081 1503 4146 vult
1536 4084 1725 4146 Wouw.

850 4143 899 4198 5)
927 4147 1047 4198 Orat
1069 4143 1219 4196 Rhea.
1240 4143 1391 4196 Sentl.
1413 4143 1610 4197 Obertlt.

850 4205 900 4270 4)
925 4210 1104 4272 Positis
1122 4209 1275 4272 (Fran.
1302 4205 1635 4272 dispositisal.

849 4268 899 4333 5)
919 4273 1006 4323 Est
1027 4270 1147 4321 add.
1167 4269 1318 4324 Rhea.
1337 4268 1486 4322 Seml.
1510 4268 1704 4324 Obertlt.

828 4335 894 4393 (6i
919 4335 1040 4386 Jesu
1080 4335 1227 4385 omitt.
1255 4333 1405 4385 Seml.

851 4397 902 4448 7)
932 4396 1098 4447 Israeli
1121 4397 1270 4448 0min.
1291 4394 1443 4448 Rhen.
1471 4393 1622 4447 Seml.
1645 4391 1841 4446 obertlt.

852 4455 902 4513 8)
930 4461 1229 4513 Proposuit?
1253 4473 1314 4509 an
1340 4470 1392 4511 et
1415 4461 1494 4510 hic
1515 4465 1692 4511 cetera
1712 4457 1865 4510 omitt.
1890 4455 2042 4511 Rhea.
2070 4457 2225 4513 Seml.

853 4521 903 4573 9)
929 4521 1124 4572 Sanitas
1144 4521 1295 4573 Seml.

856 4580 930 4648 10)
960 4586 1020 4639 Et
1043 4585 1185 4637 datus
1209 4594 1286 4636 est
1306 4585 1448 4635 nobis
1471 4584 1596 4635 ﬁlius
1610 4580 1760 4634 omitt.
1780 4580 1934 4635 Seml.
1958 4584 2079 4634 Jun.

827 4019 849 4332 ἑ

2554 4019 2632 4071 11)
2657 4019 2719 4071 Et
2741 4021 2886 4070 datus
2911 4023 2988 4069 est
3003 4019 3144 4068 nobis
3166 4016 3285 4068 add.
3311 4019 3463 4070 Seml.

2558 4078 2630 4146 12)
2659 4083 2935 4146 [injiciamus
2957 4080 3104 4146 _Seml.
3127 4082 3438 4143 conjiciantus
3456 4078 3525 4132 al.

2558 4141 2632 4195 15)
2664 4141 2808 4195 Panis
2832 4141 2986 4195 Seml.

2557 4204 2630 4270 14)
2658 4208 2857 4270 Pmpria
2883 4207 3063 4256 atrocia
3085 4204 3458 4270 Seml._pr_oprie
3482 4206 3662 4256 atrocia
3679 4208 3804 4258 Par.

2533 4264 2632 4333 (15)
2656 4264 3027 4320 Unieorniorum
3052 4269 3205 4319 Frun.
3233 4264 3412 4332 legitur
3431 4275 3593 4320 amem
3615 4271 3996 4322 unicornuontm
4022 4270 4072 4323 in

2463 4330 2590 4385 libro
2614 4330 2729 4384 adv.
2753 4333 2976 4386 Judwos.

2555 4399 2632 4456 16)
2653 4397 2944 4459 PrOphetari
2971 4396 3264 4460 passionem,
3293 4405 3439 4456 quam
3463 4393 3572 4456 ejus
3591 4391 3741 4446 antiit.
3763 4392 3920 4446 Seml.

2527 4398 2632 4520 217)
2659 4458 2947 4520 Signiﬁcare
2973 4471 3052 4520 me
3077 4458 3228 4508 Rhea.
3253 4456 3434 4520 spolia,
3463 4469 3549 4519 pro
3589 4470 3650 4506 eo
3668 4454 3940 4520 ,βοωτεναί

2556 4460 2632 4527 17)
2659 4456 2947 4527 Sigitiﬁeare
2972 4456 3052 4527 me
3077 4458 3228 4508 Rhea.
3253 4456 3434 4527 spolia,
3463 4469 3549 4527 pro
3589 4470 3650 4506 eo
3665 4464 3900 4527 _.uctzter_a
3920 4456 4074 4527 inter-

2465 4516 2631 4572 media
2669 4516 2819 4573 omitt.
2858 4519 3016 4573 Seml.
3055 4516 3293 4583 tanquam
3322 4516 3576 4583 desuntpta
3596 4531 3625 4572 ε
3659 4516 3784 4573 libro
3803 4520 3918 4572 adv.
3945 4522 4071 4574 Jud.

2612 4019 2632 4335 ἰ

2153 4713 2716 4777 COMMENTARIUS.

841 4828 993 4885 CAP.
1013 4827 1158 4885 XIX.
1175 4828 1321 4901 f-(a)
1343 4828 1537 4884 Panem
1549 4846 1734 4898 corpus
1747 4847 1895 4885 suum
1907 4830 2355 4901 appellans.Qnod

770 4900 856 4957 his
873 4901 1051 4957 verbis
1077 4900 1422 4961 conﬁrmetur
1450 4902 1644 4958 veritas
1669 4903 1910 4971 corporis
1939 4903 2146 4958 Domini
2172 4900 2355 4960 in’Eu-

771 4972 1223 5044 charisgtialjuxta
1253 4973 1410 5044 verba
1433 4972 1891 5044 Evangelistarum
1920 4982 1974 5029 et
1997 4975 2058 5028 Β.
2089 4974 2257 5036 Pauli,
2291 4975 2358 5030 ad

813 5059 893 5117 uie
909 5041 1099 5098 alludit
1114 5041 1337 5114 Auctor)
1370 5059 1476 5098 non
1498 5041 1888 5117 uos—modo”...
1910 5045 2002 5100 sed
2022 5055 2076 5100 et
2099 5045 2196 5115 ipsi
2218 5047 2363 5117 Mag-

815 5115 1144 5185 eburgenses
1167 5124 1509 5180 annotarunt,
1536 5115 1641 5185 hoc
1662 5117 1782 5170 loco
1804 5117 2216 5184 comprobantes
2235 5115 2363 5173 vere

774 5195 830 5242 et
853 5184 1275 5241 substantialiter
1296 5201 1491 5256 corpus
1518 5184 1713 5242 Christi
1746 5189 1796 5242 in
1832 5187 2158 5242 Eucharistia
2183 5189 2366 5242 distri-

777 5257 898 5322 bui;
948 5258 1002 5312 in
1061 5256 1162 5311 hoc
1189 5256 1446 5312 duntaxat
1491 5258 1796 5314 hallucinati
1822 5301 1836 5323 ,
1865 5260 1989 5313 dum
2021 5260 2158 5313 hunc
2189 5260 2366 5314 locum

777 5330 944 5383 citant
973 5327 1048 5400 uti
1080 5327 1306 5400 probent
1335 5344 1526 5399 panem
1557 5345 1677 5384 cum
1709 5345 1934 5400 corpore
1967 5331 2170 5385 Domini
2194 5346 2369 5386 rema-

777 5415 927 5474 nere.
972 5399 1171 5474 verum
1204 5399 1327 5454 id...
1356 5399 1850 5474 impugnavimus...
1881 5402 1965 5455 vel
1997 5417 2061 5474 eo
2088 5403 2202 5471 ipso
2227 5401 2369 5474 quod

781 5471 922 5526 dicat
951 5488 963 5523 :
999 5469 1191 5542 Panem
1219 5487 1367 5525 suum
1387 5469 1570 5541 corpus
1594 5473 1878 5542 appellans,
1899 5483 1990 5526 aut
2014 5469 2224 5541 faciens,
2245 5469 2371 5529 cum

782 5542 981 5614 alioqui
1017 5541 1194 5599 dicere
1220 5543 1514 5612 debuisset,
1536 5546 1588 5600 in
1619 5541 1748 5614 pane
1777 5545 1860 5614 vel
1880 5544 1967 5600 sub
2009 5561 2159 5614 pane.
2189 5545 2372 5614 Neque

781 5629 912 5668 vero
935 5613 1143 5678 obstat,
1173 5615 1315 5683 quod
1365 5616 1449 5674 ltic
1492 5613 1703 5670 additur
1732 5633 1744 5669 :
1777 5613 1841 5671 Ut
1878 5627 1922 5668 et
1963 5613 2077 5670 hinc
2114 5619 2226 5686 jam
2262 5613 2375 5669 eum

783 5686 1042 5760 intelligas
1068 5686 1296 5760 corporis
1320 5689 1397 5760 sui
1426 5689 1637 5760 ﬁgurant
1683 5691 1803 5756 pani
1845 5688 2038 5740 dedisse
2084 5690 2182 5753 (sic
2232 5691 2373 5740 enim

784 5755 1010 5825 legimus
1040 5773 1108 5831 ex
1145 5756 1312 5811 Vatia.
1408 5802 1420 5821 ,
1453 5755 1547 5831 pro
1575 5755 1704 5827 pune
1731 5803 1744 5822 ,
1794 5760 1930 5828 quod
1989 5760 2154 5826 magis
2204 5760 2379 5825 placet

784 5841 942 5900 quam
992 5829 1300 5896 conjectura
1341 5829 1562 5892 Latinii,
1606 5833 1808 5899 corpori
1848 5848 1938 5884 suo
1992 5832 2211 5900 ﬁguram
2249 5846 2380 5898 pune

789 5899 1046 5968 dedisse),
1085 5901 1303 5971 quia....
1338 5901 1730 5972 quodammodo
1784 5911 1840 5958 et
1894 5903 2090 5958 veritas
2138 5900 2382 5972 corporis

2460 4833 2658 4891 Christi
2685 4878 2700 4901 ,
2736 4842 2790 4890 et
2836 4834 3001 4906 ﬁgura
3029 4843 3111 4893 est
3136 4835 3191 4890 in
3222 4837 3324 4891 hoc
3348 4845 3785 4894 sacramento....
3812 4835 3906 4893 His
3934 4838 4074 4896 adde

2463 4908 2604 4975 quod
2633 4908 2825 4963 merito
2851 4908 2971 4976 quis
3005 4907 3362 4975 addubitarit,
3395 4923 3520 4963 num
3543 4908 3688 4964 dicta
3719 4910 3902 4976 verba,
3933 4921 3992 4965 ut
4026 4921 4074 4965 et

2465 4980 2582 5032 hinc
2626 4979 2765 5045 iam,
2806 4988 2935 5042 etc.,
2972 4993 3227 5049 germana
3277 4979 3386 5034 sint
3438 4980 3686 5035 Auctoris
3733 4996 3934 5045 necne,
3985 4993 4078 5038 aut

2467 5050 2654 5126 saltem
2687 5049 2864 5126 omnia
2887 5092 2902 5113 ,
2935 5065 3000 5104 eo
3028 5050 3169 5120 quod
3203 5051 3544 5126 supraﬂlibro
3569 5053 3688 5126 adu.
3710 5051 3867 5126 Jud._,
3899 5069 4078 5126 neque

2470 5122 2520 5176 in
2551 5122 2767 5176 excusis
2795 5122 3058 5192 legantur,
3086 5137 3259 5192 neque
3282 5124 3332 5175 in
3362 5120 3471 5177 MS.
3499 5123 3800 5179 codicibus.
3835 5124 3980 5180 Pan.

2543 5213 2624 5282 (b)
2667 5213 2949 5285 Vigesintus
2985 5215 3178 5283 primus
3210 5215 3436 5280 psalmus
3481 5225 3636 5270 totam
3675 5213 3868 5272 Christi
3908 5221 4081 5272 conti-

2470 5301 2594 5358 nens
2617 5302 2753 5358 pass.
2787 5285 3053 5358 Similiter
3078 5285 3137 5340 Β.
3169 5285 3408 5358 lustinus
3451 5287 3660 5341 advers.
3689 5288 4076 5358 Tryphonem:

2472 5357 2659 5421 Istum,
2691 5357 2876 5426 inquit.
2912 5372 3015 5410 non
3046 5357 3097 5411 in
3127 5357 3396 5412 Christum
3435 5367 3754 5427 conceptum
3780 5357 3903 5415 esse
3933 5365 4080 5422 aitis.

2475 5429 2815 5483 caecutientes
2845 5442 3082 5499 prorsus,
3117 5444 3291 5499 neque
3313 5429 3694 5498 intelligentes,
3722 5435 3997 5486 nemiuem
4032 5435 4080 5487 iu

2475 5508 2634 5569 gente
2649 5496 2957 5571 vestrm—qui
2982 5496 3215 5569 unquam
3253 5500 3358 5556 Rex
3389 5496 3504 5555 sive
3520 5499 3768 5556 Christus
3786 5503 3858 5555 sit
3881 5503 4081 5571 dictus,

2480 5586 2668 5624 manus
2714 5582 2767 5626 et
2817 5570 2979 5638 pedes
3019 5584 3141 5625 cum
3171 5575 3370 5627 viveret
3402 5571 3724 5641 perfossum,
3767 5589 3944 5642 neque
3990 5592 4081 5642 per

2481 5642 2788 5714 mysterium
2822 5645 3237 5714 hocmortuum,
3263 5642 3364 5697 hoc
3393 5653 3474 5697 est
3497 5643 3547 5698 in
3574 5658 3731 5698 cruce
3757 5658 4082 5714 suSpcnsum

2480 5711 2633 5775 esse,
2704 5722 2854 5766 extra
2924 5713 3063 5767 hunc
3119 5713 3292 5768 solum
3357 5714 3562 5772 Jesum.
3615 5714 3727 5782 Qua
3770 5711 4084 5772 ’tn-easwtte

2484 5783 2725 5860 proinde,
2751 5785 3123 5860 pulcherrime
3157 5786 3289 5856 psal.
3319 5783 3438 5840 XXI
3469 5787 3731 5860 integrum
3759 5789 4086 5860 interpreta-

2483 5864 2568 5910 tur
2592 5865 2643 5910 et
2673 5856 2952 5911 latissime.
2982 5855 3116 5911 ΡΑιί.
