4268 6492
214 404 322 462 549

1329 398 1457 455 LIB.
1502 397 1567 454 III
1606 393 1966 454 ADVERSUS
2002 390 2417 453 MARCIONEM.

3413 389 3520 444 550

215 522 262 577 si
306 523 357 575 in
389 519 554 575 alium
582 518 771 575 fuisset
808 517 1177 591 praedicatum,
1220 516 1321 570 nisi
1357 514 1402 568 si
1443 528 1543 569 nec
1583 522 1811 568 mortem
1842 516 1890 575 Α
1918 511 2079 564 tiones
2100 524 2214 580 qua:
2243 518 2289 563 te
2316 523 2415 562 non
2438 506 2624 570 sciunt,
2672 501 2971 559 invocabant
3000 510 3067 569 te,
3098 508 3145 556 et
3188 499 3365 573 populi
3391 516 3519 556 con-

215 616 363 671 voIet
386 614 585 671 Christi
612 614 715 669 mei
742 613 1151 685 prephetatam;
1182 625 1287 680 quo
1316 608 1485 678 magis
1510 606 1812 671 erubescat,

217 708 261 762 si
294 724 448 763 suum
481 707 695 778 quidem
727 706 1001 761 Christum
1034 712 1299 757 mortuum
1331 700 1634 757 annuntiat.
1656 713 1815 769 quem

214 811 377 872 negat
425 812 640 855 natum:
694 815 874 855 meum
918 814 1046 854 vero
1098 796 1381 851 mortalem
1430 802 1609 864 negat,
1658 808 1815 864 quem

215 895 528 950 nascibilem
551 892 857 949 conﬁtetur.
880 891 945 946 Et
965 900 1191 945 mortem
1216 899 1391 944 autem
1412 898 1466 943 et
1487 888 1817 957 sepulturam

212 999 269 1043 et
299 990 747 1043 resurrectionem
777 986 977 1041 Christi
1028 985 1152 1047 mei,
1203 999 1304 1037 una
1335 998 1466 1037 voce
1509 982 1655 1035 Isaia:
1694 981 1817 1035 volo

214 1080 505 1136 ostendere
530 1122 545 1146 ,
579 1080 805 1135 dicentis
848 1076 947 1149 (Is.
988 1075 1178 1143 LVIII,
1225 1074 1282 1147 2)
1316 1094 1328 1129 :
1384 1074 1660 1143 Sepultum
1705 1074 1816 1143 ejus

211 1174 414 1227 sublato
457 1172 519 1225 de
560 1172 722 1225 medio
753 1181 846 1225 est.
896 1169 1003 1224 Nec
1044 1169 1287 1240 sepultus
1329 1167 1472 1222 enim
1517 1175 1682 1232 esset,
1717 1165 1815 1219 nisi

214 1276 494 1331 mortuus;
531 1281 629 1319 nec
667 1264 941 1334 sepultura
972 1262 1091 1330 ejus
1120 1260 1325 1315 sublata
1364 1262 1431 1315 de
1468 1258 1666 1325 medio,
1716 1258 1818 1312 nisi

213 1374 310 1427 per
338 1356 810 1412 resurrectionem.
857 1355 1095 1422 Denique
1126 1352 1355 1422 subjecit
1384 1350 1514 1423 (ls.,
1544 1350 1673 1413 LIII,
1708 1348 1813 1422 I9):

213 1450 499 1521 Pmpterca
530 1451 637 1520 ipse
676 1450 861 1503 multos
898 1448 1184 1502 Iutrcditati
1217 1446 1414 1499 habebit
1455 1458 1501 1498 et
1545 1445 1819 1499 multorum

210 1544 405 1599 dividet
448 1546 635 1615 spolia.
670 1544 802 1611 Quis
830 1544 974 1598 enim
1002 1544 1163 1609 alius,
1194 1542 1296 1596 nisi
1324 1540 1415 1611 qui
1445 1551 1601 1595 natus
1627 1549 1726 1606 est,
1762 1549 1819 1594 ut

211 1656 375 1710 supra
422 1639 802 1694 ostendimus?
845 1636 954 1693 Pro
1008 1653 1067 1691 eo
1104 1637 1241 1706 quod
1291 1638 1479 1689 tradita
1527 1644 1601 1689 est
1647 1635 1819 1689 anima

210 1735 325 1803 ejus
352 1736 406 1788 in
430 1745 655 1788 mortem.
689 1732 914 1789 Ostensa
942 1741 1025 1787 est
1057 1731 1198 1787 enim
1216 1745 1403 1786 caussa
1426 1730 1609 1801 grati-te
1638 1730 1816 1801 hujus,

212 1840 313 1895 pro
354 1824 548 1894 injuria
580 1825 784 1879 scilicet
828 1826 1015 1879 mortis
1058 1822 1452 1894 repensandaa:
1499 1824 1699 1892 pariter
1727 1838 1817 1877 os-

214 1931 428 1973 tensum
480 1928 598 1985 est,
648 1919 760 1973 lucc
813 1917 960 1972 illum
1008 1926 1229 1988 propter
1280 1927 1509 1971 mortem
1553 1931 1817 1971 consecu-

217 2022 398 2067 tnrtun
432 2012 538 2085 (l),
588 2023 709 2083 post
758 2022 985 2067 mortem
1028 2010 1209 2080 utique
1248 2026 1342 2081 per
1369 2011 1817 2065 resurrectionem

219 2116 637 2163 consecuturum
672 2107 776 2179 (Ξ).

806 2221 1034 2281 CAPUT
1087 2222 1206 2278 XX.

288 2354 501 2411 Sufﬁcit
534 2355 811 2428 hucusque
844 2356 913 2413 de
956 2357 1037 2413 his
1081 2358 1294 2413 interim
1336 2356 1579 2412 ordinem
1623 2355 1819 2412 Christi

224 2448 629 2517 decucurrisse,
667 2464 775 2519 quo
830 2450 921 2504 tali
971 2450 1227 2520 probatus
1267 2450 1495 2520 qualiter
1534 2449 1815 2503 annuntia-

1920 605 2113 676 fugient
2139 605 2207 657 ad
2236 615 2299 657 te.
2333 601 2441 657 Nec
2467 601 2608 656 enim
2633 600 2748 655 hare
2777 599 2831 653 in
2858 596 3019 652 David
3043 594 3480 667 interpretaberis
3501 635 3518 661 ,

1919 700 2042 769 quia
2078 694 2337 767 prmmisit
2370 713 2384 749 :
2418 693 2483 747 Et
2504 694 2771 763 disponam
2801 691 2941 745 vobis
2961 688 3341 757 dispositionem
3368 696 3519 741 mter-

1922 806 2064 852 nam,
2112 789 2349 859 religiosa
2379 796 2426 841 et
2468 785 2641 854 ﬁdelia
2691 783 2877 837 David.
2930 779 3127 850 Atquin
3171 780 3295 835 hinc
3352 778 3522 848 magis

1922 882 2191 937 Clu-istum
2243 879 2542 947 intelligere
2592 874 2814 931 debebis
2863 890 2928 929 ex
2980 872 3142 927 David
3205 871 3520 941 deputatum

1919 974 2118 1029 carnali
2154 988 2372 1043 genere,
2425 972 2495 1025 ob
2525 969 2704 1023 Mariae
2756 968 2971 1037 virginis
3000 980 3257 1027 ccnsmn;
3314 962 3383 1017 de
3424 964 3524 1018 hoc

1921 1068 2067 1123 enim
2111 1063 2609 1136 promissojuratur
2638 1060 2688 1115 in
2718 1060 2926 1131 psalmo
2968 1056 3110 1130 (Ps.,
3151 1054 3386 1119 CXXXI,
3432 1052 3523 1125 II)

1920 1159 1986 1214 ad
2036 1158 2200 1214 David
2238 1175 2251 1212 :
2301 1156 2385 1211 Ex
2414 1158 2583 1227 fructu
2611 1154 2796 1207 ventris
2827 1154 2899 1206 tui
2926 1149 3179 1205 rollocabo
3200 1164 3351 1219 super
3379 1148 3523 1201 tltro-

1922 1267 2041 1304 num
2064 1261 2224 1303 tuum.
2250 1247 2381 1316 Quis
2410 1247 2510 1301 istc
2538 1254 2724 1300 venter
2749 1243 2871 1298 cSt?
2895 1242 3060 1312 ipsius
3087 1238 3291 1295 David?
3326 1237 3523 1309 Utique

1923 1359 2063 1406 non;
2118 1356 2293 1412 neque
2347 1339 2489 1394 enim
2538 1337 2805 1408 pariturus
2852 1345 2995 1390 esset
3043 1332 3229 1388 David.
3273 1329 3381 1387 Sed
3425 1344 3525 1386 nec

1922 1435 2115 1489 uxoris
2133 1434 2281 1502 ejus;
2309 1447 2413 1486 non
2441 1430 2584 1486 enim
2610 1428 2863 1483 dixisset:
2895 1424 2978 1480 Ex
3009 1428 3178 1497 fructu
3206 1423 3391 1477 ventris
3418 1422 3521 1489 tui;

1921 1530 2016 1585 sed
2050 1529 2248 1600 potius,
2282 1548 2300 1578 ι
2335 1526 2416 1581 Ex’
2457 1525 2630 1579 fructu
2670 1522 2873 1579 ventris
2915 1519 3096 1574 uxoris
3135 1528 3259 1574 tuae.
3296 1536 3315 1568 ι
3355 1515 3527 1584 Ipsius

1921 1638 2049 1693 ergo
2078 1619 2163 1693 (8)
2206 1619 2435 1675 dicendo
2474 1626 2758 1682 ventrem,
2801 1620 3050 1684 superest
3087 1619 3147 1666 ut
3185 1610 3416 1678 aliquem
3458 1607 3527 1663 de

1921 1732 2118 1787 genere
2142 1716 2261 1786 ejus
2299 1713 2633 1777 ostenderit,
2684 1709 2835 1781 cujus
2870 1707 3073 1763 ventris
3110 1704 3325 1760 futurus
3377 1710 3530 1757 esset

1922 1811 2125 1865 Iructus
2181 1824 2309 1864 caro
2344 1807 2567 1870 Christi,
2596 1820 2716 1876 quae
2755 1818 2823 1859 ex
2870 1812 3021 1857 utero
3074 1798 3256 1855 Maria:
3310 1796 3514 1852 ﬂoruit.

1924 1902 2152 1971 Ideoque
2190 1910 2245 1957 et
2295 1900 2524 1955 fructum
2586 1897 2789 1953 ventris
2837 1905 3043 1950 tantum
3094 1891 3427 1956 nominavit,
3472 1898 3529 1945 ut

1922 1994 2138 2065 prolirie
2165 1994 2404 2059 ventris;
2433 1990 2585 2063 quasi
2605 1990 2772 2045 solius
2798 1989 3021 2051 ventris,
3059 2001 3162 2041 non
3193 1984 3353 2040 etiam
3381 1982 3482 2037 viri
3511 1997 3525 2036 :

1922 2091 2165 2159 etipsmn
2199 2098 2436 2142 ventrem
2462 2084 2527 2139 ad
2562 2083 2724 2139 David
2758 2082 2987 2152 redegit,
3019 2079 3085 2134 ad
3122 2078 3415 2149 principem
3439 2090 3530 2145 ge-

1924 2184 2086 2249 neris,
2128 2192 2182 2237 et
2212 2180 2428 2235 fatnilia:
2466 2188 2694 2250 patrem.
2751 2174 2884 2230 Nam
2925 2174 3049 2244 quia
3100 2171 3216 2226 viro
3268 2170 3529 2239 deputare

1923 2290 2028 2329 non
2052 2282 2261 2345 poterat
2289 2265 2510 2343 virginis
2548 2286 2669 2326 eum
2703 2278 2944 2323 ventrem
2986 2263 3090 2337 (9),
3136 2262 3270 2334 patri
3297 2259 3529 2330 deputa-

1922 2367 2018 2422 vit.
2062 2366 2157 2430 lta,
2204 2380 2322 2434 quae
2366 2366 2427 2418 in.
2458 2363 2676 2417 Christo
2726 2374 2861 2415 nova
2912 2356 3194 2427 dispositio
3258 2352 3532 2409 invenitur

1924 2460 2108 2522 hodie,
2149 2459 2265 2514 haec
2312 2457 2415 2513 erit
2472 2472 2629 2527 quam
2690 2463 2817 2509 tunc
2866 2452 3093 2507 Creator
3139 2447 3528 2520 pollicebatur;

222 2540 396 2606 bam",
445 2557 553 2596 "0“
586 2542 724 2598 illius
765 2542 951 2599 haberi
996 2544 1211 2609 debeat.
1256 2558 1414 2613 (luam
1444 2544 1533 2613 (Ιυί
1583 2542 1703 2596 “llis
1729 2556 1825 2595 ³η·
1854 2542 1901 2601 Β
1930 2554 2178 2623 religiosa
2218 2562 2273 2609 et
2313 2551 2487 2607 ﬁdelia
2531 2549 2717 2615 David,
2757 2548 2867 2619 jam
2924 2556 3106 2601 sancta
3148 2543 3436 2614 religione,
3478 2548 3534 2596 et

221 2636 602 2700 nuntiabatur;
636 2645 692 2697 ut
716 2636 825 2707 jam
857 2651 924 2691 ex
951 2637 1049 2691 ista
1083 2636 1431 2692 consonantia
1470 2650 1647 2690 rerum
1686 2634 1822 2703 ejus,

221 2736 277 2782 et
301 2729 701 2798 Scripturarum
729 2729 1035 2794 Creatoris,
1070 2730 1174 2784 illis
1203 2729 1362 2785 etiam
1392 2726 1718 2784 restituenda
1759 2727 1827 2780 sit

225 2819 359 2875 ﬁdes
391 2837 461 2875 ex
504 2821 814 2891 praq‘udicio
862 2822 1080 2892 majoris
1112 2823 1296 2891 partis,
1339 2838 1459 2891 quae
1493 2821 1559 2875 ad
1585 2820 1827 2875 diversas

222 2916 521 2972 sententias
550 2917 635 2970 vel
674 2917 726 2970 in
768 2916 987 2969 dubium
1027 2916 1381 2980 deducuntur,
1417 2914 1499 2968 vel
1543 2923 1822 2985 negantur.

222 3008 473 3077 Amplius
521 3022 661 3061 nunc
721 3007 1141 3077 superstruimus
1186 3022 1248 3061 ea
1308 3021 1519 3077 quoque
1567 3006 1712 3075 paria
1760 3018 1824 3059 ex

223 3101 520 3170 Scripturis
553 3099 847 3167 Creatoris,
892 3116 1119 3170 qumque
1165 3110 1285 3171 post
1335 3098 1603 3153 Christum
1653 3088 1825 3153 futura

223 3195 677 3263 prxcinebamur.
706 3193 817 3249 Nec
854 3196 995 3249 enim
1024 3194 1303 3264 dispositio
1329 3204 1591 3264 expuncta
1620 3192 1826 3245 inveni-

224 3298 396 3353 retur,
424 3289 470 3342 si
490 3304 594 3343 non
618 3289 707 3345 ille
731 3289 985 3354 venisset,
1018 3299 1136 3358 post
1156 3304 1311 3358 quem
1337 3288 1563 3343 habebat
1589 3287 1825 3345 evenire.

223 3380 463 3449 Adspice
484 3381 759 3436 universas
773 3382 1015 3435 nationes
1032 3380 1097 3434 de
1115 3383 1366 3450 voragine
1382 3381 1583 3435 erroris
1611 3377 1828 3432 humani

223 3472 421 3529 exinde
459 3482 796 3543 emergentes
839 3473 907 3528 ad
953 3473 1120 3528 Deum
1160 3472 1501 3539 Creatorem,
1549 3482 1600 3526 et
1638 3470 1716 3543 (5)
1761 3470 1828 3525 ad

226 3564 399 3619 Deum
422 3564 722 3630 Christum;
751 3574 807 3619 et
843 3566 886 3619 si
918 3564 1105 3627 audes,
1140 3580 1273 3635 nega
1302 3564 1700 3635 prophetatum.
1724 3561 1829 3619 Sed

224 3660 406 3714 statim
435 3660 527 3715 tibi
555 3661 606 3713 in
633 3659 861 3715 Psalmis
890 3658 1033 3733 (Ps.,
1058 3659 1125 3727 II,
1146 3662 1201 3731 7)
1227 3662 1511 3730 promissio
1539 3661 1713 3716 Patris
1737 3675 1831 3717 oc-

224 3762 411 3807 curret
441 3752 522 3821 (4)
551 3768 565 3805 :
598 3750 767 3806 Filius
786 3770 927 3807 meus
965 3770 1017 3807 es
1070 3762 1143 3817 tu,
1176 3769 1270 3823 ego
1314 3754 1465 3808 hodie
1499 3755 1735 3825 generari
1761 3764 1828 3809 te.

230 3845 452 3900 Postulo
478 3846 541 3898 de
562 3845 640 3916 (5)
669 3862 767 3909 me,
792 3853 837 3899 et
858 3845 989 3899 dabo
1006 3845 1096 3900 tibi
1116 3858 1285 3917 gentes
1306 3848 1649 3901 [nereditatem
1667 3856 1829 3913 tuam,

1932 2645 2102 2700 ﬁdelis
2132 2661 2194 2701 ex
2221 2645 2637 2700 resurrectione.
2680 2641 2811 2696 Nam
2840 2649 2894 2695 et
2931 2637 3141 2694 Natban
3184 2635 3444 2709 propheta
3478 2636 3529 2690 in

1930 2738 2165 2793 secundo
2196 2736 2309 2810 (10)
2343 2736 2679 2801 Basiliarum,
2715 2732 3105 2804 professionem
3147 2730 3212 2785 ad
3250 2728 3415 2783 David
3455 2726 3534 2782 la-

1930 2830 2001 2885 cit
2031 2847 2044 2883 :
2079 2830 2277 2884 Semini
2322 2834 2431 2900 ejus
2477 2828 2614 2899 quod
2643 2828 2767 2889 erit,
2812 2826 3002 2895 inquit,
3049 2839 3112 2877 ea:
3159 2832 3330 2876 ventre
3369 2821 3535 2889 ipsius

1936 2924 2003 2995 (II
2036 2924 2191 2994 Περ..
2227 2924 2337 2988 VII,
2368 2923 2455 2992 I2)
2487 2923 2628 2993 (II).
2664 2920 2776 2975 Hoc
2800 2921 2843 2973 si
2873 2919 2924 2972 in
2957 2917 3301 2972 Salomonem
3324 2914 3531 2983 simpli-

1931 3017 2065 3071 citer
2103 3015 2391 3080 edisseres,
2435 3014 2601 3068 risum
2644 3011 2774 3066 mihi
2801 3009 3047 3065 incuties.
3081 3006 3362 3063 Videbitur
3388 3007 3531 3062 enim

1934 3108 2099 3163 David
2141 3109 2411 3179 peperisse
2455 3106 2822 3162 Salomouem.
2866 3105 2947 3157 An
2990 3111 3043 3157 et
3075 3100 3159 3155 hic
3186 3098 3433 3155 Christus
3462 3097 3536 3153 si-

1932 3202 2233 3271 gniﬁcatur,
2258 3200 2323 3254 ex
2366 3214 2432 3254 eo
2489 3206 2678 3251 ventre
2717 3210 2902 3251 semen
2938 3192 3124 3258 David,
3153 3193 3241 3263 qui
3286 3200 3431 3246 esset
3468 3204 3535 3245 ex

1936 3293 2119 3357 David,
2164 3292 2213 3347 id
2246 3302 2326 3346 cst
2362 3290 2580 3346 Μαιῆτιςῖ
2618 3289 2757 3358 Quin
2790 3286 2907 3360 (ἱὲ)
2951 3296 3007 3343 et
3045 3284 3214 3343 mdem
3244 3284 3335 3339 Dei
3368 3283 3538 3354 magis

1932 3385 2181 3441 Christus
2228 3385 2591 3440 :ediﬁcaturus
2632 3393 2795 3449 esset,
2839 3382 3113 3437 hominem
3162 3379 3369 3435 scilicet
3408 3392 3536 3434 San-

1933 3488 2096 3545 ctum,
2142 3479 2192 3532 in
2219 3492 2326 3547 quo
2348 3477 2555 3547 potiore
2588 3475 2787 3544 templo
2819 3472 3144 3527 inhabitaret
3174 3472 3263 3526 Dei
3304 3470 3537 3541 Spiritus

1933 3581 1989 3626 et
2046 3572 2097 3625 in
2142 3571 2232 3627 Dci
2284 3569 2473 3625 Filium
2534 3567 2702 3637 magis
2747 3564 2997 3622 Christus
3040 3562 3317 3619 habendus
3370 3570 3532 3627 esset,

1934 3681 2093 3737 quam
2144 3664 2397 3721 Salomon
2444 3661 2586 3718 ﬁlius
2614 3661 2803 3716 David.
2850 3660 3088 3729 Denique
3116 3667 3171 3713 et
3201 3656 3426 3712 thronus
3481 3655 3535 3709 in

1936 3776 2129 3823 sevum,
2171 3768 2225 3813 et
2274 3773 2496 3830 regnum
2530 3758 2581 3810 in
2610 3770 2804 3817 azvum,
2853 3754 3023 3824 magis
3048 3752 3265 3808 Christo
3284 3747 3542 3820 competit

1936 3868 2095 3920 quam
2123 3850 2713 3919 Salomoni,temporali
2743 3846 2949 3903 scilicet
2969 3846 3103 3917 regi.
3134 3844 3239 3901 Sed
3270 3852 3325 3900 et
3364 3843 3478 3914 (15)
3509 3856 3538 3894 a

225 3949 270 3991 et
299 3939 669 4008 possessionem
689 3946 828 3993 tuam
856 3940 1094 3993 terminos
1121 3950 1285 3994 ter-rte.
1325 3938 1437 3997 Nec
1478 3940 1679 4010 poteris
1712 3955 1830 3993 ma—
1858 3960 1901 4021 ρ
1934 3943 2150 4000 Christo
2200 3942 2565 3999 misericordia
2624 3942 2714 3997 Dei
2762 3956 2866 3995 non
2910 3940 3171 3995 abscessit
3205 3955 3219 4004 ;
3261 3936 3540 3994 Salomoui

226 4032 307 4102 gis
336 4030 505 4086 David
535 4031 703 4087 ﬁlium
732 4047 854 4088 eum
884 4031 963 4106 (6)
992 4032 1298 4099 vindicare,
1326 4048 1484 4103 quam
1513 4032 1822 4097 Christum;

227 4132 317 4178 aut
339 4124 601 4179 terminos
626 4132 784 4181 terra:
809 4126 971 4180 David
1019 4126 1196 4197 potius
1224 4128 1542 4198 promissos,
1574 4127 1663 4197 qui
1692 4127 1826 4182 intra

228 4216 444 4271 unicam
488 4217 798 4273 Jud.eorum
840 4227 1057 4289 gentem
1099 4220 1361 4289 regnavit,
1404 4236 1562 4289 quam
1593 4219 1828 4285 Christo,

228 4314 317 4383 qui
345 4322 518 4367 totum
542 4312 650 4380 jam
672 4313 859 4366 orbem
891 4312 1164 4381 Evangelii
1192 4312 1273 4367 sui
1319 4312 1424 4367 ﬁde
1465 4314 1627 4383 cepit.
1658 4313 1747 4370 Sic
1777 4324 1832 4371 et

230 4422 325 4474 per
353 4406 567 4460 Esaiam
597 4403 725 4476 (ls.,
757 4403 918 4471 XLII,
949 4406 980 4459 ϐ
1015 4405 1072 4474 7)
1098 4422 1110 4458 :
1151 4404 1279 4460 Ecce
1302 4405 1418 4461 dedi
1448 4418 1494 4460 te
1528 4408 1580 4460 in
1608 4408 1832 4478 disposi-

230 4500 418 4553 tionem
460 4500 654 4570 generis
690 4499 788 4553 mei
841 4500 941 4570 (7),
994 4502 1046 4553 in
1100 4499 1259 4555 lucem
1308 4500 1575 4555 nationum
1637 4503 1837 4572 aperire

231 4594 407 4646 oculos
432 4608 714 4655 carcerum;
735 4593 918 4663 utique
939 4595 1235 4648 errantium
1259 4611 1273 4660 ;
1297 4595 1553 4650 exsolvere
1580 4596 1643 4649 de
1660 4596 1833 4650 vincu-

230 4685 294 4738 lis
315 4685 508 4738 vinctos
532 4724 547 4749 ,
579 4684 627 4739 id
658 4692 741 4739 est
767 4683 835 4739 de
862 4685 1072 4740 delictis
1096 4686 1359 4751 liberare;
1406 4696 1452 4741 et
1479 4688 1542 4741 de
1568 4688 1697 4742 cella
1722 4705 1835 4742 car-

230 4776 360 4830 ceris
389 4816 405 4841 ,
442 4776 492 4831 id
520 4785 603 4831 est
646 4777 872 4843 mortis;
904 4778 1131 4833 sedentes
1157 4779 1208 4832 in
1240 4780 1476 4844 tenebris,
1520 4782 1834 4853 ignorantiae

229 4869 461 4924 scilicet.
513 4869 644 4937 Quae
695 4871 740 4925 si
783 4885 882 4942 per
930 4868 1205 4927 Christum
1269 4874 1556 4939 eveniunt,
1624 4890 1731 4929 non
1778 4874 1832 4929 in

227 4963 397 5017 alium
425 4971 583 5018 erunt
622 4961 958 5033 prOphetata,
1004 4980 1162 5033 quam
1206 4980 1303 5035 per
1341 4981 1501 5037 quem
1553 4968 1832 5022 eveniunt.

228 5053 366 5110 Item
395 5054 519 5110 alibi
551 5053 673 5128 (ls.,
703 5054 818 5122 LV,
861 5056 956 5125 4):
985 5054 1119 5111 Ecce
1145 5059 1489 5113 testimonium
1513 5076 1628 5113 cum
1670 5061 1837 5115 natio-

226 5148 381 5204 nibus
402 5148 572 5219 posui,
607 5150 890 5220 principem
919 5158 967 5204 et
1012 5150 1344 5219 imperantem
1374 5154 1679 5209 nationibus.
1716 5153 1835 5209 Na-

1927 4053 2055 4093 vero
2093 4038 2251 4093 etiam
2284 4036 2361 4091 ira
2393 4036 2485 4091 Dei
2514 4036 2744 4091 accessit
2773 4040 2895 4104 post
2929 4031 3198 4086 luxuriam
3229 4041 3285 4085 et
3314 4029 3543 4085 idolola-

1930 4134 2106 4189 triam.
2150 4132 2438 4188 Suscitavit
2484 4132 2629 4187 enim
2676 4130 2752 4187 iIIi
2806 4128 2969 4184 Satan
3016 4125 3136 4196 (Η)
3168 4125 3377 4181 hostem
3420 4124 3543 4178 idu-

1932 4241 2149 4281 mwum.
2188 4225 2319 4280 Cum
2353 4238 2483 4293 ergo
2524 4222 2654 4277 IIIIIII
2688 4222 2876 4277 borum
2915 4225 3187 4288 competat
3216 4218 3267 4270 in
3294 4214 3544 4271 Salomo-

1935 4335 2079 4386 nem,
2110 4317 2203 4373 sed
2246 4318 2295 4371 in
2334 4314 2635 4379 Christum,
2691 4322 2835 4369 certa
2880 4311 2985 4367 erit
3028 4310 3167 4364 ratio
3212 4308 3542 4378 interpreta-

1938 4412 2141 4466 tionnm
2171 4419 2496 4473 nostrarum,
2523 4408 2640 4477 ipso
2668 4406 2830 4461 etiam
2861 4404 3006 4459 exitu
3036 4418 3215 4457 rerum
3256 4401 3541 4472 probante,

1936 4517 2069 4573 quas
2100 4503 2153 4555 in
2188 4500 2459 4555 Christum
2509 4506 2730 4569 apparet
2764 4495 3122 4567 pra‘dicatas;
3164 4503 3221 4550 et
3262 4492 3331 4548 ita
3361 4492 3413 4546 in
3443 4491 3545 4546 hoc

1936 4605 2093 4650 erunt
2132 4600 2317 4648 sancta
2340 4604 2396 4647 et
2417 4590 2592 4646 ﬁdelia
2624 4589 2809 4645 David.
2836 4588 2988 4644 Hunc
3014 4588 3154 4643 Deus
3177 4584 3544 4641 testimonium

1938 4687 2244 4744 nationibus
2285 4685 2481 4756 posuit,
2526 4697 2631 4738 non
2686 4681 2896 4737 David:
2940 4680 3239 4751 principem
3271 4686 3326 4732 et
3366 4676 3538 4745 impe-

1937 4788 2144 4836 rantem
2175 4779 2478 4833 nationibus
2500 4818 2514 4841 ,
2548 4790 2658 4831 non
2686 4774 2854 4830 David
2877 4814 2890 4838 ,
2921 4773 3009 4843 qui
3036 4771 3136 4827 soli
3165 4769 3346 4825 lsraeli
3378 4769 3546 4838 impc-

1941 4874 2096 4928 ravit.
2127 4872 2399 4927 Christum
2433 4869 2590 4924 hodie
2641 4868 2897 4923 invocant
2944 4865 3222 4926 nationes,
3251 4877 3372 4934 qua:
3419 4877 3543 4916 eum

1941 4982 2046 5022 non
2078 4966 2354 5029 sciebant;
2382 4974 2435 5019 et
2474 4961 2654 5032 pqiuli
2697 4959 2764 5014 ad
2818 4958 3091 5015 Christum
3146 4956 3307 5011 hodie
3352 4953 3545 5010 conlu-

1938 5062 2111 5131 giunt,
2153 5075 2312 5130 quem
2355 5066 2500 5111 retro
2550 5054 2885 5126 ignorabant.
2916 5052 3031 5108 Non
3078 5058 3255 5122 potest
3304 5048 3542 5103 futurum

1942 5153 2071 5218 dici,
2102 5152 2247 5223 quod
2288 5149 2438 5206 vides
2466 5147 2603 5204 ﬁeri.

1469 5329 1760 5388 LECTION
1768 5332 1851 5391 ES
1886 5330 2299 5391 VARIANTES.

296 5495 368 5621 (1)
395 5492 611 5557 PrOpter
630 5497 839 5540 mortem
861 5498 1236 5541 consecuturum
1260 5488 1401 5554 rejic.
1427 5492 1547 5542 Jun.

296 5560 347 5621 (9.
395 5556 756 5621 Consecuturus
777 5552 927 5621 Serui.

293 5552 368 5621 (9.)
395 5552 756 5621 Consecuturus
777 5552 927 5621 Serui.

295 5615 369 5683 (ὅ)
396 5619 457 5683 Et
480 5615 633 5683 omiu.
659 5616 809 5683 S_emt.

292 5674 369 5770 ς
643 5677 794 5731 Rhen.
815 5674 965 5729 Seml.
994 5677 1191 5729 Oberllt.

318 5743 367 5811 5)
464 5745 616 5795 Frau.

293 5743 369 5932 la

318 5865 369 5930 7)
396 5865 493 5922 Mei
518 5867 659 5930 rejic.
685 5866 837 5918 Seml.
861 5868 984 5918 Jun.
1005 5879 1067 5917 ex
1094 5865 1235 5921 LXX.

1861 5505 1915 5563 D
2005 5488 2076 5610 (8)
2102 5490 2281 5538 Autem
2306 5483 2460 5539 Eheu.
2480 5479 2632 5535 Seml.
2661 5480 2858 5552 Oberth.

2024 5554 2075 5610 9)
2102 5552 2223 5601 Eum
2249 5558 2470 5610 ventrem
2490 5547 2689 5597 deerant
2713 5558 2763 5594 tu
2789 5544 2857 5596 Illt

2024 5542 2075 5616 9)
2094 5552 2223 5616 Eum
2249 5558 2470 5616 ventrem
2490 5547 2695 5616 deerant
2713 5542 2763 5594 in
2789 5544 2941 5596 Illten.

2003 5608 2106 5676 (III)
2136 5615 2291 5663 Prima
2314 5608 2465 5661 Scml.
2488 5612 2637 5672 primo
2654 5611 2775 5676 Pyr.

2041 5672 2112 5727 ll)
2140 5678 2322 5725 Semen
2350 5681 2541 5722 tuum...
2572 5678 2653 5717 ttto
2679 5672 2828 5718 Frttn.

2041 5679 2112 5739 ll)
2140 5679 2322 5725 Semen
2350 5681 2541 5722 tuum...
2572 5679 2653 5717 ttto
2679 5679 2828 5718 Frttn.

2038 5741 2085 5787 ιζ)
2137 5742 2256 5797 Quia
2282 5734 2434 5788 Rhea.
2456 5730 2608 5784 Seml.
2636 5732 2837 5785 Oberth.

2004 5679 2107 5859 llsl
2136 5801 2193 5850 Et
2215 5800 2363 5849 onu'tt.
2388 5794 2541 5847 Seml.

2032 5794 2107 5851 15)
2136 5794 2193 5850 Et
2215 5800 2363 5849 onu'tt.
2388 5794 2541 5847 Seml.

2003 5861 2106 5930 (l4)
2133 5863 2185 5914 Id
2211 5861 2427 5914 estadd.
2459 5862 2613 5911 Frau.
