2134 3246
355 175 405 205 ’551

650 234 763 265 CAPUT
787 235 859 264 XXI.

391 281 419 310 Si
446 289 496 310 nec
519 282 593 310 illam
619 282 789 318 injectionem
816 288 887 311 luam
904 288 980 319 potes
1005 283 1099 311 sistere
1120 283 1154 311 ad

356 326 536 356 differentiam
548 328 662 356 duorum
674 329 842 357 Christornm
852 338 860 363 ;
872 330 948 366 quasi
963 329 1089 358 Judaicus
1100 331 1156 365 qui-

357 373 418 402 dem
441 374 564 403 Christus
582 375 681 410 populo
695 376 746 403 soli
770 383 803 403 ex
819 376 987 412 dispersione
1010 376 1155 411 redigendo

355 418 506 448 destinetur
516 428 530 447 a
545 421 682 453 Creatore,
698 427 787 450 vester
801 430 866 450 vero
880 423 952 450 omni
976 422 1093 450 humano
1107 430 1154 458 ge-

355 465 416 494 neri
441 466 582 494 liberando
600 467 713 495 collatus
726 468 761 495 sit
778 476 792 495 a
816 468 870 496 Deo
885 469 1002 504 optimo;
1031 476 1093 496 cum
1109 476 1156 503 po-

355 515 459 540 stremo
471 512 577 547 priores
588 513 759 542 inveniantur
766 513 1064 548 ChristianiCrcatoris,
1075 522 1154 550 quam

354 556 514 591 Marcionis;
537 559 635 587 exinde
648 561 749 587 vocatis
767 561 893 588 omnibus
907 561 1012 596 populis
1028 561 1055 588 in
1073 569 1156 596 regno

355 602 426 638 ejus,
442 611 476 631 ex
490 611 544 639 quo
559 604 630 632 Deus
645 605 765 640 regnavit
779 613 795 633 a
809 606 891 642 ligno,
906 606 980 634 nullo
994 606 1081 634 adhuc
1091 607 1156 635 Cer-

354 649 427 677 done
437 671 445 682 ,
462 650 560 678 nedum
575 651 719 680 Marciane.
734 652 787 680 Sed
800 657 827 680 et
840 653 957 680 reviclus
970 653 1003 681 de
1019 654 1154 681 nationum

354 696 503 729 vocatione,
517 703 676 726 convertere
697 698 752 733 jam
777 699 803 725 in
818 699 976 735 prosclytos.
993 700 1096 733 Quaeris
1111 699 1156 735 qui

354 741 389 770 de
412 743 565 771 nationibus
599 749 737 773 transeant
754 745 789 773 ad
808 745 976 780 Creatorem,
1002 746 1109 782 quando
1129 751 1157 775 et

355 789 483 826 prosclyti
498 791 611 819 diversae
634 796 662 820 et
686 792 801 827 proprie
825 793 985 820 conditionis
999 801 1121 821 seorsum
1140 801 1155 820 a

355 835 487 872 Pr0pheta
501 839 673 866 nominentur
687 848 693 866 :
711 839 787 872 Ecce,
801 840 885 875 inquit
900 840 994 868 Esaias
1007 840 1070 875 (IL,
1085 840 1155 874 XVI,

353 881 396 919 4),
419 882 547 920 Proselyti
566 893 612 920 per
633 893 673 912 me
687 887 805 913 accedent
818 887 852 913 ad
864 892 907 920 te;
924 887 1071 915 ostendens
1085 887 1158 923 ipsos

1068 178 1300 207 TERTUILIANI

1959 184 2014 212 552

1170 238 1316 269 Acursuni
1332 238 1479 266 vocationis
1501 239 1528 267 itt
1550 239 1681 274 nationes,
1701 247 1718 268 τι
1738 240 1891 269 novissimis
1914 240 2013 270 diebus

1206 283 1336 312 adeuntes
1360 284 1393 311 ad
1419 284 1503 312 Dcutn
1529 291 1692 320 crcatoretn,
1716 294 1769 314 non
1795 287 1821 314 in
1847 288 2013 323 prosclytos,

1206 337 1319 365 quorum
1330 338 1345 357 a
1362 331 1455 365 pritnis
1469 334 1554 367 magis
1567 331 1663 360 diebus
1671 337 1712 360 est
1722 332 1888 368 (5)allectio.
1901 332 2014 362 Etenim

1208 375 1286 404 Iidem
1299 377 1378 404 istam
1393 377 1515 413 Apostoli
1538 378 1711 406 induxerunt.

1492 424 1605 454 CAPUT
1640 424 1725 454 XXII.

1243 469 1332 498 Habes
1345 475 1371 498 et
1392 470 1584 504 Apostolorum
1608 479 1676 507 opus
1700 471 1875 507 praedicatum
1898 479 1906 498 :
1928 470 2015 505 Qum

1207 517 1346 551 tentpestivi
1357 516 1433 552 pedes
1441 518 1668 553 euangelizandum
1679 518 1744 546 bona
1754 518 1765 545 !
1776 526 1829 545 non
1839 516 1949 552 bellum,
1964 525 2016 546 nec

1208 562 1278 589 inala
1294 562 1344 598 (6).
1362 563 1510 598 Respondit
1524 569 1550 591 ct
1573 563 1695 592 Psalnins
1716 563 1788 599 (l’r.,
1808 563 1899 597 XVIII,
1916 564 1965 600 ηε
1980 562 2017 591 In

1207 617 1306 636 omnem
1319 616 1411 637 terram
1426 611 1501 638 exivit
1511 619 1589 638 sonus
1601 619 1699 645 eorum,
1716 616 1739 638 et
1750 612 1777 638 in
1797 612 1917 638 terminos
1940 615 2017 639 terra:

1208 662 1279 683 voces
1292 663 1396 688 eorum;
1414 656 1663 685 cireuml‘erentitnn
1677 656 1780 685 scilicet
1793 656 1878 692 legem
1900 663 1933 684 ex
1948 656 2017 684 Sion

1208 701 1354 737 profectam
1376 707 1404 730 et
1427 710 1581 730 sermonem
1604 703 1708 730 Domini
1727 710 1760 730 ex
1776 702 1965 735 Hierusalem;
1988 707 2018 730 nt

1209 747 1287 776 ﬁeret
1299 749 1369 784 quod
1387 750 1516 785 scriptum
1531 754 1573 777 est
1589 749 1652 785 (ls.,
1678 748 1771 782 XLVI,
1794 748 1892 785 1243)
1906 758 1912 776 :
1927 748 2018 784 Longe

1208 795 1301 830 quique
1324 803 1340 821 a
1359 795 1461 831 justitia
1474 803 1529 822 utea
1542 795 1809 831 appropinquaverunt
1831 794 1938 829 iustitia
1952 802 2018 821 mea:

1209 845 1233 867 et
1247 840 1358 867 reritati.
1374 840 1440 868 Cum
1460 840 1523 868 huic
1539 841 1646 876 negotio
1658 841 1862 876 accingerentur
1879 840 2016 875 Apostoli,

1210 886 1434 914 renuntiaverunt
1449 887 1625 923 presbyteris,
1637 892 1664 915 et
1678 886 1864 918 archontibns,
1880 891 1907 914 et
1923 893 2018 913 sacer-

354 936 461 965 quoqtte
475 931 626 967 prosclytos
637 939 685 967 per
695 931 829 960 Christum
841 940 998 961 aceessuros
1011 934 1044 961 ad
1059 934 1154 961 Deum.
1172 940 1195 970 Β
1210 933 1317 961 dotibus
1335 932 1499 961 Iudaeorum.
1521 935 1618 961 Annon
1642 933 1683 960 vel
1698 933 1815 961 maxime
1829 953 1837 965 ,
1853 932 1940 967 inquit
1963 932 2018 968 (7),

354 974 389 1003 Et
403 976 443 1011 (l)
458 977 595 1010 nationes,
618 978 687 1013 quod
703 986 796 1007 sumus
815 987 880 1011 nos,
895 980 1007 1015 proinde
1022 988 1097 1008 suam
1111 981 1159 1007 ha-

359 1021 459 1050 hebant
471 1022 511 1057 (2)
533 1024 759 1055 nominationem.
782 1030 924 1060 sperantes
948 1026 973 1053 in
1000 1026 1158 1054 Christum:

355 1067 390 1095 Et
402 1068 428 1095 in
447 1069 556 1102 nomine,
573 1069 659 1105 inquit
671 1069 733 1105 (Is.,
752 1070 829 1103 XLII,
845 1070 883 1106 4),
901 1072 955 1106 ejus
969 1072 1085 1099 nationes
1099 1080 1159 1106 spc-

359 1115 462 1142 rabunt.
479 1116 609 1152 Proselyli
630 1123 730 1150 autem,
748 1125 816 1152 quos
831 1118 856 1144 in
874 1117 1011 1144 nationum
1029 1118 1155 1153 pricdica-

357 1161 430 1190 tione
443 1162 594 1195 substituis,
610 1170 661 1190 non
672 1164 697 1190 in
709 1163 808 1191 Christi
818 1164 927 1191 nomine
939 1172 1050 1199 sperare
1060 1164 1159 1198 solent,

355 1207 404 1235 sed
418 1208 443 1235 in
454 1207 537 1244 Moysi
550 1209 655 1241 ordine,
670 1217 686 1236 a
699 1217 752 1244 quo
768 1210 900 1237 institutio
913 1210 1019 1237 illorum
1032 1215 1084 1237 est.
1099 1210 1160 1238 Ca:-

356 1257 453 1287 tcrum,
472 1254 580 1282 allectio
600 1255 739 1283 nationum
754 1265 768 1283 a
789 1256 943 1283 novissimis
957 1256 1053 1284 diebus
1067 1262 1160 1284 exorta

355 1305 406 1329 est.
419 1301 439 1329 li
455 1300 517 1329 dem
530 1301 619 1329 verbis
634 1302 727 1329 Esaias
741 1302 804 1338 (ls.,
815 1303 845 1337 ll,
859 1303 904 1339 12)
921 1312 928 1331 :
945 1303 978 1330 Et
991 1304 1049 1337 erit,
1064 1304 1160 1339 inquit,

354 1347 383 1375 in
408 1347 549 1374 novissimis
569 1348 657 1375 diebus
670 1347 818 1382 manifestus
838 1357 910 1376 mone
933 1348 1055 1383 Domini;
1072 1349 1162 1384 utique

357 1394 508 1422 Sublimitas
535 1394 597 1427 Dei;
617 1400 640 1421 et
664 1395 731 1423 a'du
754 1395 802 1423 Dei
826 1403 903 1431 super
924 1404 1036 1423 summos
1049 1400 1162 1430 montes;

357 1440 448 1475 utique
475 1440 607 1472 Christus.
633 1441 794 1469 catholicum
819 1441 865 1469 Dei
890 1441 1031 1477 templum,
1059 1443 1085 1470 in
1109 1450 1163 1478 quo

357 1485 429 1514 Dens
451 1486 559 1520 colitur,
571 1487 745 1514 conStitntuin
767 1494 851 1523 super
864 1493 959 1515 omnes
975 1488 1014 1523 (5)
1038 1488 1161 1515 eminen-

358 1533 411 1561 tias
423 1534 549 1561 \‘irtntum
565 1538 592 1561 ct
604 1537 783 1569 potestatum:
801 1533 833 1560 Et
855 1534 954 1561 venient
976 1535 1010 1561 ad
1025 1542 1083 1561 eum
1102 1534 1161 1561 uni-

357 1587 436 1608 versae
451 1581 585 1613 nationes;
598 1586 622 1608 et
636 1581 707 1607 ibunt
733 1580 817 1612 ntulti,
837 1586 860 1608 et
881 1581 967 1608 dicent
981 1589 990 1608 :
1007 1580 1104 1613 Venite,
1118 1589 1163 1608 as-

358 1626 498 1654 cendanius
511 1626 537 1653 in
550 1631 660 1653 montem
674 1625 790 1658 Domini,
805 1631 827 1653 et
839 1626 866 1653 in
879 1626 959 1654 aedem
973 1625 1020 1653 Dei
1030 1625 1111 1653 Jacob
1121 1634 1130 1659 ;
1139 1631 1163 1654 et

358 1670 520 1699 annuntialn't
531 1671 602 1699 nobis
611 1672 677 1699 riam
689 1680 773 1704 suam,
781 1677 803 1699 et
810 1672 955 1699 incedemus
965 1673 990 1699 in
1000 1681 1040 1700 ea.
1049 1672 1090 1700 Ea:
1099 1672 1164 1700 Sion

359 1719 428 1747 enim
442 1719 520 1746 exibit
534 1718 586 1752 (ex,
600 1723 623 1746 et
636 1727 719 1746 sermo
734 1718 839 1746 Domini
857 1726 889 1746 ea:
911 1718 1082 1746 Hierusalem.
1099 1719 1163 1748 llaec

359 1767 412 1795 erit
423 1766 464 1793 \‘ia
477 1774 536 1799 sua,
555 1773 631 1794 nove:
647 1766 713 1802 legis
726 1765 912 1802 Evangelinni,
927 1772 955 1794 et
980 1767 1041 1794 novi
1061 1775 1164 1794 surmo-

361 1814 414 1847 nis,
429 1813 456 1841 ili
470 1812 578 1842 Christo
593 1813 659 1848 jam,
677 1821 731 1840 non
746 1813 773 1840 in
794 1812 895 1848 Moyse.
911 1812 944 1839 Et
960 1813 1087 1849 judicabit
1100 1813 1164 1840 inter

361 1861 492 1892 nationes;
506 1859 540 1887 de
554 1867 647 1887 errore
668 1859 773 1887 scilicet
787 1866 891 1887 earnm.
909 1858 942 1886 Et
967 1859 1095 1886 revincent
1114 1867 1164 1895 po-

361 1908 451 1945 puluin
465 1907 592 1942 amplum,
607 1907 726 1942 ipsorum
741 1907 767 1934 in
783 1905 876 1941 primis
894 1905 1048 1933 Iudaeorum
1062 1912 1089 1934 et
1102 1913 1165 1941 pro-

361 1955 521 1991 xelytorum.
539 1954 573 1981 Et
596 1954 730 1982 concident
755 1955 896 1981 uiae/imas
918 1961 977 1980 suas
991 1953 1018 1980 in
1029 1958 1127 1985 aratra,
1142 1958 1165 1980 et

362 2001 467 2037 sibyllas
480 2000 506 2027 in
520 2000 598 2036 [alces
612 1998 662 2036 (α),
686 1999 712 2027 id
725 2004 774 2032 est,
790 2000 941 2027 animorum
957 2001 1122 2032 nocentium,
1138 2003 1166 2027 et

363 2048 514 2084 linguarum
525 2048 694 2080 inl'estarum,
702 2051 728 2074 et
738 2047 826 2074 omnis
838 2047 946 2074 malitiae
954 2050 1033 2082 atque
1042 2046 1167 2081 blasphe-

363 2094 425 2123 miae
439 2094 544 2130 ingenia
559 2097 720 2121 convertant
744 2094 769 2120 iii
783 2093 870 2120 studia
886 2093 1024 2120 modestia;
1039 2097 1066 2120 et
1082 2092 1164 2127 pacis.

364 2140 400 2169 Et
412 2150 463 2169 non
478 2141 584 2176 accipiet
596 2149 658 2177 gens
678 2148 754 2174 super
771 2145 869 2176 gentem
883 2141 1036 2167 ntachwram
1049 2147 1059 2167 :
1074 2139 1167 2175 utique

365 2188 508 2217 discordiae
519 2197 526 2221 ;
538 2192 561 2215 et
574 2196 624 2215 non
634 2189 731 2215 discent
743 2188 854 2221 amplius
862 2187 967 2219 bellare,
977 2187 1003 2214 id
1015 2191 1067 2220 est,
1075 2186 1167 2214 inimi-

365 2235 443 2263 citias
458 2233 605 2270 perﬁcere;
622 2239 650 2262 ut
663 2239 690 2261 et
706 2234 748 2261 hic
764 2233 853 2262 discas
867 2233 1004 2261 Christum
1030 2241 1083 2260 non
1106 2232 1167 2260 belli

366 2287 515 2319 potentem,
529 2281 575 2309 sed
601 2280 746 2316 paciferum
766 2282 968 2316 repromissum.
991 2280 1053 2308 Han:
1067 2285 1112 2308 aut
1127 2280 1167 2316 (ι)

1213 984 1241 1007 ut
1254 980 1366 1008 alterius
1380 980 1428 1008 Dei
1452 980 1658 1015 prmdicatores?
1679 980 1777 1016 Atquin
1790 980 1830 1015 l8)
1846 980 1930 1015 ipsius
1942 980 2019 1014 ejus-

1212 1025 1285 1058 dem,
1302 1027 1379 1061 cujus
1393 1033 1554 1062 scripturam
1569 1034 1629 1054 cum
1644 1027 1760 1053 maxime
1781 1025 1938 1060 implebant.
1967 1024 2020 1051 Di-

1212 1073 1310 1105 t'rrlile,
1327 1074 1451 1106 diuertilr,
1466 1073 1593 1101 inclamat
1612 1073 1706 1101 Esaias
1721 1072 1783 1108 (ls.,
1800 1072 1854 1104 LII,
1870 1072 1927 1106 tl),
1942 1079 2020 1099 exce-

1212 1118 1265 1145 dite
1278 1118 1359 1150 illinc,
1375 1124 1397 1146 et
1412 1119 1572 1146 immundum
1595 1127 1625 1146 ne
1646 1119 1800 1154 attigeritis.’
1823 1118 2020 1152 blasphemiam

1212 1165 1315 1193 scilicet
1339 1166 1365 1195 in
1389 1165 1534 1193 Christum.
1553 1165 1674 1193 la'xcedite
1695 1166 1728 1192 de
1749 1165 1831 1192 medio
1845 1165 1910 1200 ejus,
1929 1166 2021 1200 utique

1212 1218 1373 1247 synagogm;
1387 1213 1543 1248 sepuramini
1556 1212 1596 1248 (9)
1611 1212 1655 1248 qui
1669 1211 1798 1239 dominica
1812 1211 1869 1246 (10)
1884 1219 1944 1238 uasa
1956 1219 2020 1247 por-

1213 1258 1282 1285 tatis.
1296 1257 1355 1285 Jam
1366 1259 1450 1291 enim,
1464 1258 1611 1286 secundant
1626 1266 1705 1293 supra
1721 1258 1819 1292 scripta
1836 1257 1934 1294 (lbid.,
1960 1257 2019 1293 10),

1213 1304 1366 1331 revelata-rat
1391 1304 1517 1331 Dominus
1531 1304 1635 1331 brae/tio
1658 1312 1705 1331 suo
1717 1308 1844 1337 sanctum,
1858 1303 1883 1330 id
1897 1308 1949 1335 est,
1964 1303 2021 1330 vir-

1214 1352 1269 1376 tute
1280 1357 1327 1377 sua
1342 1349 1490 1383 Christum,
1500 1358 1586 1377 coram
1600 1349 1754 1381 nationibus,
1786 1353 1813 1375 ut
1836 1348 1947 1375 viderint
1962 1348 2022 1375 unt"-

1213 1403 1292 1422 versc
1317 1396 1431 1423 nationes
1452 1402 1479 1423 et
1497 1403 1595 1422 summa
1619 1401 1693 1423 terra
1712 1395 1831 1428 salutent,
1855 1403 1913 1430 qua
1935 1399 1990 1421 erat
2003 1402 2021 1421 α

1216 1440 1278 1467 Deo.
1294 1440 1338 1469 Sic
1354 1445 1380 1468 et
1404 1441 1437 1468 ab
1453 1442 1511 1477 ipso
1524 1441 1659 1476 judaismo
1671 1441 1846 1472 divertentes,
1862 1447 1923 1468 cum
1940 1438 1962 1467 ι,
1973 1440 2022 1475 -gis

1214 1487 1393 1523 obliganienta
1406 1493 1434 1515 et
1453 1496 1536 1516 onera
1549 1487 1701 1523 evangeliea
1715 1487 1770 1523 jam
1789 1487 1912 1514 libertate
1933 1491 2023 1513 muta-

1215 1538 1285 1567 rent,
1301 1535 1433 1569 psalmum
1444 1533 1503 1569 (Ps.
1520 1534 1551 1566 Il,
1572 1535 1600 1569 5)
1611 1533 1847 1568 exsequebantur:
1865 1532 2023 1567 Disrumpo-

1215 1587 1271 1606 mns
1281 1579 1383 1607 vincula
1397 1588 1495 1613 eorum,
1504 1585 1527 1607 et
1538 1579 1689 1615 objiciuntur
1699 1587 1715 1605 α
1729 1578 1801 1606 nobis
1808 1579 1902 1614 iugum
1912 1586 2003 1606 eorum
2012 1587 2023 1606 .-

1177 1638 1199 1669 ρ
1217 1631 1310 1661 postea
1334 1630 1409 1654 certe
1431 1633 1511 1661 quant
1532 1627 1693 1653 ttunultuattz
1702 1630 1762 1652 sunt
1776 1629 1873 1661 gentes,
1884 1628 1908 1651 et
1929 1624 2021 1659 populi

1217 1675 1330 1702 meditati
1341 1679 1398 1702 sunt
1412 1674 1501 1701 inania
1513 1674 1664 1701 :astiterunt
1675 1681 1746 1708 reges
1758 1677 1843 1703 terra,
1856 1675 1881 1699 et
1889 1670 2022 1708 principes

1216 1722 1363 1756 congregati
1375 1726 1434 1748 sunt
1445 1721 1473 1747 in
1486 1728 1575 1753 sinunt,
1591 1719 1714 1747 adversus
1728 1718 1879 1752 Dominum,
1894 1723 1918 1745 et
1931 1718 2024 1745 adur-

1215 1775 1259 1794 sua
1272 1767 1401 1794 Christum
1423 1767 1490 1802 ejus.
1507 1767 1572 1800 Quae
1594 1765 1694 1793 dehinc
1709 1765 1779 1800 passi
1795 1769 1858 1792 sunt
1878 1762 2025 1799 Apostoli?

1216 1811 1341 1844 Omnem,
1356 1812 1456 1847 inquis,
1482 1811 1649 1846 iniquitatem
1669 1810 1897 1847 persecutionum,
1921 1809 1956 1836 ab
1970 1809 2022 1836 ho-

1217 1859 1335 1886 minibus
1349 1858 1451 1886 scilicet
1465 1857 1614 1891 Creatoris,
1639 1862 1667 1884 ut
1690 1855 1837 1884 adversarii
1861 1855 1921 1890 ejus
1942 1862 2025 1890 quem

1218 1905 1407 1941 pra‘dicabant.
1425 1905 1526 1941 Ecquid
1536 1904 1597 1941 (II)
1607 1904 1730 1937 Creator,
1741 1903 1764 1932 si
1778 1902 1951 1931 adversarius
1966 1906 2027 1930 crat

1217 1952 1327 1987 Christi,
1349 1959 1401 1979 non
1422 1951 1503 1980 modo
1526 1952 1655 1987 przedicat
1670 1951 1721 1978 hoc
1741 1956 1869 1986 passuros
1884 1948 2026 1985 apostolos

1217 2001 1287 2034 ejus,
1302 2006 1394 2026 verum
1409 2003 1436 2026 et
1452 1998 1618 2034 exprobrat?
1630 1997 1696 2025 Nam
1711 2003 1797 2032 neque
1809 1997 1971 2031 praedicaret
1983 1995 2026 2023 al-

1218 2046 1301 2074 terius
1312 2045 1358 2073 Dei
1372 2045 1506 2077 ordinem,
1517 2052 1596 2079 quem
1611 2043 1761 2079 ignorabat,
1778 2047 1808 2069 nt
1821 2041 1917 2074 vultis;
1937 2049 2027 2077 neque

1218 2093 1418 2128 exprobrasset,
1441 2091 1513 2127 quod
1541 2091 1598 2126 ipse
1621 2094 1753 2127 curasset.
1769 2088 1864 2116 Videte
1889 2090 2026 2122 quomodo

1220 2137 1379 2174 (ls.,LVII,
1406 2136 1434 2173 1)
1457 2139 1523 2172 perit
1539 2137 1638 2173 justus,
1663 2144 1743 2170 neque
1771 2135 1907 2171 quisquam
1931 2135 2027 2169 exeipit

1219 2186 1305 2218 corde,
1316 2190 1340 2213 et
1351 2185 1399 2212 uiri
1407 2185 1471 2221 justi
1482 2184 1646 2219 auferuntur,
1660 2192 1706 2211 nec
1715 2183 1851 2218 quisquam
1863 2181 2028 2209 animaduer-

1220 2234 1259 2261 tit.
1275 2234 1296 2260 Α
1311 2240 1419 2269 persona
1435 2233 1502 2259 enim
1521 2231 1657 2267 injustitic
1672 2231 1731 2266 (£2)
1748 2230 1862 2257 sublatus
1878 2233 1914 2256 est
1925 2229 2025 2264 justus.

1220 2280 1295 2314 Qnis,
1310 2279 1359 2306 nisi
1373 2278 1514 2306 Christus?
1533 2277 1631 2308 Venite.
1657 2277 1781 2312 inquiunt
1794 2275 1885 2312 (Sap.,
1910 2274 1946 2308 II,
1968 2273 2026 2310 12).

366 2328 527 2363 prophetata
546 2334 631 2362 nega,
652 2334 714 2356 cum
738 2334 829 2354 coram
847 2326 989 2359 videntur;
1015 2331 1061 2353 aut
1080 2326 1167 2354 adim-
1182 2338 1207 2368 ι)
1220 2328 1366 2361 auferantur
1383 2325 1493 2359 justum,
1508 2324 1568 2359 quia
1582 2323 1682 2351 inutilis
1707 2328 1743 2350 est
1759 2322 1840 2350 nobis.
1855 2321 2028 2349 Praaniittens

367 2373 455 2409 pleta.
478 2381 538 2401 cum
556 2373 691 2409 leguntur.
709 2374 760 2400 Aut
780 2373 802 2401 si
826 2380 878 2401 non
906 2380 986 2408 negas
1012 2377 1168 2408 utrumque,
1221 2372 1321 2407 inique,
1331 2377 1358 2400 et
1370 2371 1536 2406 subjungeus
1545 2370 1657 2406 proinde
1668 2377 1776 2405 passum
1786 2368 2026 2401 etiamChristum,

368 2419 396 2448 in
410 2427 443 2447 eo
456 2422 536 2447 erunt
554 2418 708 2454 adunpleta,
725 2419 751 2446 in
764 2427 843 2454 quem
865 2424 926 2446 sunt
946 2419 1113 2455 prophetata.
1127 2419 1169 2446 In-

368 2466 443 2503 spice
451 2467 522 2495 enim
530 2466 619 2494 adhuc
628 2466 708 2494 etiam
719 2468 805 2502 ipsutn
817 2468 1022 2502 introgressnm,
1030 2470 1111 2501 atquc
1120 2466 1167 2493 de-

1221 2418 1398 2453 :eqnejustos
1420 2417 1479 2452 cjns
1500 2416 1594 2445 eadem
1622 2423 1771 2451 passuros,
1797 2420 1851 2442 tam
1876 2415 2027 2450 apostolos,

1220 2473 1300 2501 quam
1316 2470 1344 2493 et
1354 2464 1483 2499 deinceps
1496 2471 1590 2492 omnes
1603 2463 1696 2491 ﬁdeles
1711 2462 1892 2498 prophetavit,
1908 2461 2030 2497 signatos

973 2534 1162 2565 LECTIONES
1182 2533 1389 2563 VARIANTES.

418 2583 439 2609 ll
450 2582 482 2608 Ut
493 2582 548 2609 cod.
566 2583 660 2608 ποιησ-

414 2612 439 2640 2i
452 2614 565 2640 Habeant
576 2612 652 2639 Senil.

415 2644 440 2677 5)
455 2646 524 2671 Enim
534 2644 595 2677 add.
608 2644 684 2671 Seml.

415 2645 440 2677 5)
455 2646 524 2671 Enim
534 2645 595 2670 add.
608 2645 684 2671 Seml.

685 2707 783 2733 allectio
792 2710 832 2733 est
842 2706 875 2733 al.
887 2706 977 2734 nolunt.

406 2739 443 2771 (ϐ)
458 2739 546 2764 Malum
557 2739 634 2765 Sani.

1268 2581 1293 2611 Τ)
1308 2581 1391 2611 lnquis
1403 2584 1459 2604 Jun.

1267 2610 1292 2643 8)
1308 2610 1388 2643 lnquit
1401 2611 1460 2635 add.
1478 2610 1552 2635 Fran.

1268 2645 1292 2675 9)
1307 2643 1459 2675 Sgparonupi
1474 2643 1548 2675 FArun.

1272 2672 1309 2705 ill)
1325 2674 1418 2698 Domini
1431 2672 1505 2698 Send.

1272 2702 1310 2736 tt)
1324 2705 1355 2730 Et
1366 2706 1406 2736 qui
1418 2706 1477 2729 Par.
1492 2705 1568 2729 Fran.
1582 2707 1609 2729 et
1620 2709 1677 2736 qua
1689 2702 1766 2729 Rhea.

1273 2735 1311 2762 iii
1322 2737 1426 2761 lustius:
1438 2735 1470 2760 al.

1018 2814 1299 2845 COMMENTARIUS.

412 2873 576 2910 CAPLXXI.
590 2874 673 2910 —(a)
687 2874 799 2910 Sibgttax
816 2874 842 2901 in
863 2874 950 2908 falces.
963 2874 1039 2910 Apud
1061 2874 1166 2902 Esaiam
1219 2869 2029 2910 Tertulliani).Suidasatadtnpsséxtmnsignillcarescribit,

374 2912 449 2947 juxta
458 2909 528 2937 LXX
534 2906 685 2947 versionem
693 2906 779 2945 griee
786 2906 890 2947 legitur,
900 2913 939 2938 ιιὶ
946 2906 1088 2944 τὰς’ςιεύνις
1093 2913 1169 2938 abem
1220 2909 1273 2937 hoe
1278 2913 1320 2937 est
1329 2908 1382 2947 tela
1386 2915 1410 2934 ιη
1418 2914 1529 2947 prorsus
1536 2906 1665 2947 ferreum,
1675 2914 1728 2934 non
1733 2907 1967 2947 mammam“
1974 2907 2029 2935 sivo

377 2946 410 2980 it,
423 2948 540 2982 ἕρὶιιηνα.
558 2946 604 2975 Est
617 2951 707 2976 autem
721 2949 801 2979 ςιεὺνιι
817 2946 939 2975 venabuli
956 2954 1042 2983 genus
1061 2951 1171 2975 auctore

1221 2948 1327 2980 σπάθην,
1342 2943 1368 2972 id
1379 2941 1556 2971 cst'lanceam
1570 2942 1612 2971 vel
1632 2950 1737 2971 ensem.
1753 2941 1843 2970 Busa.
