2134 3246
86 202 140 230 355

642 201 705 230 LIB.
727 201 759 244 Ill
779 199 960 229 ADVI‘ZRSUS
978 199 1188 229 MARCIONEM.

1688 201 1742 231 354

87 260 132 286 illa
147 263 209 287 nota
224 259 337 292 scilicet,
352 258 386 287 de
405 266 457 294 qua
473 258 596 287 Ezechiel
616 258 735 295 (Haecin,
761 258 807 290 IX,
833 258 862 293 4)
876 266 882 284 2
898 257 925 288 Α
938 265 993 287 nas.
1017 265 1049 285 ex
1074 258 1172 293 quibus
1195 256 1338 285 Dominum
1362 262 1559 291 cor0narerat;
1574 263 1597 285 et
1618 266 1667 285 non
1682 260 1743 293 jus-

88 306 156 334 Dicit
173 307 298 334 Dominus
319 306 353 333 atl
376 315 415 334 me
429 315 438 333 :
462 305 594 334 Pertrausi
617 307 656 342 (I)
672 307 754 334 medio
769 311 849 342 porta:
862 306 888 332 in

87 354 171 380 media
186 354 228 389 (2)
249 353 424 385 Hierusalem,
441 359 463 380 et
484 354 628 388 (insignum
642 352 748 388 (3)1'au
770 352 797 379 in
814 353 887 387 fron—

87 399 153 427 tibus
163 400 286 427 virorum.
303 399 360 433 Ipsa
372 400 491 427 cstenim
506 400 593 427 littera
605 399 760 428 Cratcortuu
770 398 825 425 'l‘au
836 397 885 433 ((ι),

88 451 180 473 nostra
206 451 294 473 autent
311 445 344 478 Τ,
365 446 469 481 species
488 446 586 477 crucis,
610 453 689 480 quam
711 444 889 480 portendebat

88 492 206 520 futuram
221 493 247 519 in
264 492 395 520 frontibus
420 493 520 520 nostris
535 492 605 527 apud
626 500 716 519 rerum
732 496 758 519 et
773 490 887 518 catholi-

87 546 146 566 catu
158 538 339 571 Hierusalem,
356 538 445 573 inqua
465 538 562 566 fratres
580 538 690 570 Christi,
709 538 775 565 lilios
787 537 889 565 scilicet

89 584 147 617 Dei,
160 585 274 620 gloriam
293 585 364 612 Patri
380 585 435 612 Deo
447 585 590 617 relaturos,
607 584 726 619 psalmus
743 583 889 619 vigesimus

88 631 191 665 primus
204 630 263 666 (Ps.
293 630 363 663 XXI,
383 630 430 666 ‘25)
445 631 517 658 canit
537 638 571 659 ex
582 638 695 666 persona
711 630 793 665 ipsius
807 630 886 658 Chri-

87 678 120 705 sti
133 677 167 705 ad
189 677 295 705 Patrem
309 686 316 704 :
332 677 466 705 Euarrabo
479 686 569 705 nomen
584 683 653 704 tuum
668 677 790 713 fratribus
804 678 865 704 meis
879 685 889 704 :

86 727 113 751 in
126 725 211 752 medio
224 724 335 752 ecclesia:
354 725 477 760 hymnum
497 725 542 752 tibi
564 725 656 752 dicam.
673 724 749 759 Quod
772 725 843 752 enim
862 725 888 752 in

87 771 197 798 nomine
216 775 243 798 et
258 771 353 806 spiritu
368 772 451 807 ipsius
470 771 551 799 hodie
566 772 621 799 licri
636 772 742 805 habeat,
764 772 861 800 merito
872 779 888 800 a

86 825 116 845 se
140 818 259 845 I'utunttn
280 818 451 853 praedicabat.
479 818 513 846 Et
536 819 615 854 paulo
637 818 726 846 infra:
750 820 771 846 A
789 824 812 846 le
832 820 889 846 latis

87 863 150 890 mihi
170 864 197 890 in
218 864 321 891 ecclesia
345 873 448 900 magna.
478 864 510 892 Et
535 865 559 892 in
580 865 748 900 sexagesimo
774 866 888 899 septimo

86 910 97 945 (
114 909 160 937 Ps.
187 910 292 944 LXVII,
311 911 357 946 ‘28)
379 921 385 938 :
412 911 444 938 lu
463 912 574 940 ecclesiis
588 912 726 939 benedicite
751 912 887 939 Damiuth

940 303 1031 336 titiam,
1057 305 1102 331 sed
1122 304 1259 331 clamorem
1288 312 1341 339 qtto
1364 304 1388 331 in
1410 312 1518 331 crucem
1545 312 1606 332 cum
1624 310 1744 333 extorse-

939 354 981 377 rat
994 350 1047 384 (ϐ).
1069 350 1104 377 Et
1121 350 1155 378 ita
1175 351 1319 379 subtractis
1347 352 1537 379 charismatum
1563 353 1668 380 roribus
1689 353 1740 388 ('l),

939 397 995 425 Lex
1010 403 1036 424 ct
1052 397 1193 432 Propheta:
1212 406 1296 433 usque
1323 398 1355 425 ad
1377 396 1519 426 Joannem.
1543 399 1654 432 Dehinc,
1680 408 1742 427 cum

940 451 971 471 ex
987 443 1027 480 (8)
1039 445 1237 478 perseverantia
1254 445 1362 476 furoris,
1380 450 1406 472 ct
1420 453 1516 472 nomen
1527 445 1630 472 Domini
1647 454 1694 480 per
1705 446 1745 481 ip-

940 497 985 517 sos
998 490 1230 525 blasphemarctur
1241 512 1248 523 ,
1268 491 1337 518 sicut
1350 491 1478 527 scriptum
1494 496 1535 519 est
1548 491 1599 526 (Is.
1615 491 1678 525 LII,
1693 492 1720 526 5)
1736 500 1743 519 :

942 537 1052 573 Propter
1070 546 1112 565 vos
1133 538 1326 574 blasphematur
1350 547 1442 566 nomen
1462 547 1545 565 meum
1559 540 1585 565 in
1599 538 1744 566 nationibus

943 584 995 618 (ab
1013 584 1066 611 illis
1086 585 1157 611 enim
1174 586 1256 621 ctepit
1278 585 1400 620 infamia)
1421 591 1448 613 et
1469 590 1574 621 tempus
1597 587 1713 614 mediutn
1729 593 1745 614 ει

940 630 1048 658 Tiberio
1074 639 1158 666 usque
1181 632 1214 659 ad
1240 632 1436 666 Vespasianum
1463 631 1517 669 (li),
1537 640 1589 659 non
1613 633 1746 667 perniten-

941 678 1004 705 tiam
1032 678 1228 706 intellexissent
1258 678 1316 715 (9),
1343 680 1412 714 facta
1437 685 1472 706 eu
1499 685 1566 706 terra
1592 687 1678 706 eorum
1698 679 1745 707 dc-

940 729 1007 751 scrta
1019 724 1070 760 (Is.
1084 725 1102 757 Ι,
1113 725 1152 760 7),
1164 726 1275 752 civitates
1283 734 1369 752 eorum
1377 731 1472 753 causae
1483 726 1535 761 igni
1543 726 1610 762 (10).
1619 727 1746 761 regiment

940 777 1026 796 eorum
1045 771 1092 798 sub
1109 772 1221 806 ipsorum
1238 777 1373 806 conspectu
1391 772 1506 798 extranei
1532 772 1672 805 devorant;
1697 773 1744 801 de-

940 816 1029 843 relicta
1056 822 1091 843 est
1120 817 1177 852 (Η)
1201 817 1257 851 lilia
1272 817 1353 850 Sion,
1381 817 1437 854 (12)
1456 823 1575 853 tanquam
1591 819 1695 853 specula
1718 819 1747 846 in

940 862 1011 888 vinea
1023 883 1029 894 ,
1046 863 1084 889 vel
1110 863 1136 889 in
1165 864 1341 890 cucumerario
1367 864 1456 890 casula
1472 864 1521 900 (c);
1532 873 1564 892 ex
1582 873 1632 900 quo
1649 865 1745 892 scilicet

941 907 1024 935 Israel
1047 909 1186 936 Dominum
1209 918 1259 936 non
1275 911 1408 946 cognorit,
1436 916 1460 938 et
1484 913 1595 946 populus
1619 921 1675 939 cum
1696 920 1748 940 non

87 955 192 988 Deum;
207 962 236 984 ut
250 958 350 992 pariter
362 962 536 986 concurreret
560 963 585 985 et
600 958 736 985 Malachim
749 957 889 993 prophetia
905 958 928 988 Β
943 955 1079 988 intellexit,
1101 957 1145 982 sed
1170 956 1318 991 dereliquit,
1340 962 1363 983 et
1386 958 1411 983 iu
1432 958 1632 993 imlignatiouem
1657 967 1748 993 provo-

87 1003 232 1040 (Malach.,
249 1004 269 1038 Ι,
287 1005 332 1039 10)
347 1013 354 1031 :
372 1004 432 1032 Non
445 1010 483 1032 est
503 1005 619 1032 voluntas
632 1014 698 1039 mea,
725 1006 785 1032 dicit
802 1004 891 1031 Dami-

87 1059 146 1083 nus,
176 1056 199 1077 et
226 1051 354 1085 sacriﬁcia
374 1057 457 1078 vestra
471 1060 522 1078 non
551 1052 694 1087 accipiant;
717 1052 838 1086 quoniam
860 1052 892 1079 ab

88 1101 145 1123 ortu
158 1097 222 1124 solis
235 1105 314 1132 usque
326 1098 353 1124 in
367 1106 486 1125 occasum
509 1106 600 1124 nomen
614 1106 697 1124 nteant
719 1098 891 1133 gluriﬁcatnm

88 1149 125 1170 cst
137 1144 165 1170 in
178 1144 334 1176 nationibus,
355 1149 378 1170 et
400 1145 425 1171 in
449 1145 518 1171 onmi
542 1145 597 1171 loco
615 1145 771 1178 sacri/icium
795 1145 892 1172 nomini

89 1197 144 1216 ineo
156 1189 277 1223 o/Iertur,
298 1195 322 1216 et
343 1190 499 1224 sacriﬁcium
526 1190 669 1223 mundum;
682 1191 775 1226 gloria:
790 1191 893 1219 scilicet

89 1235 198 1268 relatio,
215 1241 242 1263 et
254 1236 418 1269 benedictio,
432 1242 459 1264 et
472 1236 540 1268 laus.
556 1242 584 1264 et
605 1237 708 1272 hymni.
725 1237 790 1271 Qua:
802 1238 892 1265 omnia

90 1290 151 1310 cum
178 1282 205 1309 in
230 1287 256 1310 te
278 1290 385 1318 quoque
406 1283 653 1318 deprehendantur,
678 1288 706 1311 et
726 1285 891 1319 signaculum

91 1329 232 1362 frontium,
252 1334 279 1357 et
299 1329 473 1358 ecclesiarum
501 1335 681 1362 sacramenta,
698 1335 726 1358 ct
753 1331 891 1359 munditia:

90 1376 296 1409 sacrificiorum,
309 1376 390 1404 debes
400 1376 455 1412 jam
466 1384 609 1412 erumpere
620 1377 656 1405 uti
668 1378 752 1411 dicas,
763 1377 891 1413 Spiritum

89 1422 228 1450 Creatoris
241 1427 286 1450 luo
298 1421 405 1450 Christo
415 1422 600 1458 prophetasse.

377 1470 489 1498 CAPUT
511 1470 605 1497 XXIII.

124 1514 203 1542 Nunc
213 1516 276 1550 quia
290 1522 349 1543 cum
363 1515 463 1544 Judreis
478 1524 560 1551 negas
575 1516 682 1543 venisse
696 1516 831 1544 Christum
846 1525 892 1544 eo-

89 1569 160 1594 rum,
174 1569 338 1597 recognoscc
353 1566 379 1589 ct
389 1562 490 1589 exitum
506 1564 636 1598 ipsorum,
651 1571 730 1598 quem
747 1568 807 1598 post
818 1562 891 1590 Chri-

89 1612 160 1635 stutu
176 1607 287 1634 relaturi
299 1607 522 1643 prmdicabantur,
539 1609 574 1635 ob
585 1609 749 1643 impietatem
762 1617 812 1644 qua
828 1617 890 1637 cum

944 1002 1009 1028 cavit
1023 1001 1148 1029 Sanctum
1169 1002 1287 1030 lsraelis.
1302 1003 1348 1030 Sic
1361 1007 1389 1030 et
1404 1004 1545 1031 machaera:
1558 1005 1748 1033 comlitioualis

943 1049 1116 1076 comminatio
1127 1048 1271 1084 (Ps.l,20)
1287 1059 1293 1076 :
1309 1049 1339 1077 Si
1352 1050 1492 1083 nolueritis,
1503 1059 1547 1078 nec
1555 1052 1686 1079 audieritis
1696 1060 1747 1087 me,

945 1095 1073 1121 "iac/uera
1098 1102 1141 1122 τοι
1170 1097 1306 1127 comedet;
1339 1096 1461 1130 probavit
1489 1097 1627 1125 Christum
1654 1099 1747 1133 fuisse,

944 1148 1023 1176 quem
1036 1149 1089 1168 non
1101 1141 1245 1175 audiendo,
1258 1143 1463 1177 perierunt.Qui
1478 1149 1504 1171 et
1519 1145 1544 1171 in
1557 1145 1748 1180 psalmoquin-

944 1188 1099 1222 quagesimo
1113 1193 1207 1215 octavo
1219 1208 1226 1220 ,
1242 1188 1438 1223 dispersionem
1451 1189 1490 1217 eis
1506 1191 1622 1225 postulat
1638 1199 1652 1218 a
1669 1191 1748 1221 Patre

946 1230 1005 1267 (Ps.
1020 1232 1117 1266 LVIII,
1137 1233 1181 1269 I2)
1197 1243 1203 1260 :
1226 1233 1349 1270 Dispcrge
1375 1243 1416 1262 cos
1439 1236 1465 1262 in
1484 1237 1574 1263 virtute
1590 1242 1643 1264 tua.
1659 1237 1708 1271 Qui
1720 1242 1749 1266 et.

944 1287 1036 1306 rursus
1053 1288 1099 1315 per
1111 1280 1233 1313 Esaiam,
1250 1282 1278 1308 in
1296 1282 1464 1309 exustioncm
1482 1290 1575 1310 eorum
1591 1291 1721 1319 peroraris
1737 1294 1745 1313 :

945 1324 1055 1361 Propter
1070 1334 1108 1353 me
1120 1348 1127 1359 ,
1154 1327 1259 1362 inquit,
1277 1327 1331 1354 lucc
1346 1329 1416 1363 fatla
1430 1333 1489 1355 sunt
1502 1329 1571 1356 vobis
1587 1337 1596 1356 :
1614 1330 1641 1357 in
1655 1331 1747 1358 anxie-

945 1377 995 1400 tate
1010 1373 1151 1401 dormiens.
1169 1373 1241 1401 Satis
1262 1381 1349 1407 vane,
1362 1375 1384 1402 si
1407 1374 1465 1402 haec
1486 1383 1537 1402 non
1557 1381 1664 1411 propter
1685 1385 1746 1405 cum

944 1421 1014 1456 passi
1028 1425 1105 1454 sunt,
1120 1421 1163 1456 qui
1178 1425 1289 1456 propter
1301 1428 1331 1448 se
1345 1429 1472 1457 passuros
1488 1424 1683 1458 pronuntiarat,
1697 1424 1747 1452 sed

944 1472 1053 1503 propter
1063 1468 1197 1497 Christum
1213 1468 1259 1495 Dei
1275 1468 1393 1495 alterius.
1417 1469 1515 1503 Atquin
1534 1469 1684 1502 Christum,
1700 1471 1745 1499 iu-

943 1522 1033 1550 quam,
1049 1515 1159 1541 alterius
1174 1514 1219 1541 Dei
1233 1513 1310 1547 dicit,
1324 1521 1338 1541 a
1352 1515 1487 1542 Creatoris
1500 1515 1643 1543 virtutibus
1659 1521 1686 1543 et
1700 1524 1748 1551 po-

945 1561 1095 1591 tesla'ilnts,
1119 1564 1147 1587 ut
1160 1560 1193 1586 ab
1207 1560 1312 1587 a-tnulis
1326 1560 1352 1587 in
1365 1567 1473 1587 crucem
1490 1565 1591 1588 acttuu.
1615 1562 1668 1589 Sed
1682 1569 1746 1591 ecca

944 1608 1070 1636 defensus
1080 1607 1231 1634 ostenditur
1243 1614 1258 1634 a
1272 1605 1399 1635 Creatore
1414 1606 1465 1643 (Is.
1487 1607 1553 1640 LIII,
1568 1608 1595 1641 9)
1609 1617 1616 1638 ;
1642 1614 1664 1635 rt
1692 1609 1748 1637 dati

89 1657 115 1680 ct
131 1653 171 1688 (4)
191 1653 394 1689 despexerunt,
412 1659 439 1682 et
462 1657 666 1682 iutereltterunt.
682 1656 800 1683 l'rintum
819 1657 890 1684 enim
906 1653 928 1685 C
945 1659 1002 1681 sum
1026 1655 1127 1689 ιπεκίιηί
1149 1662 1195 1688 pro
1219 1653 1353 1687 sepullura
1364 1654 1441 1687 eius;
1461 1654 1505 1689 qui
1519 1654 1621 1683 scilicet
1633 1656 1747 1691 Subrep-

88 1707 120 1727 cx
133 1700 190 1733 die,
204 1708 257 1735 qua
274 1700 421 1728 secundum
443 1701 548 1729 Esaiam
572 1700 634 1735 (Ιε.Ι
652 1701 684 1733 Il.
704 1702 761 1737 9.0),
778 1701 891 1738 Projrcit

88 1746 166 1772 homo
177 1751 372 1782 alperuamenta
383 1756 431 1774 sua
444 1756 522 1775 aurea
536 1753 559 1774 et
571 1753 701 1783 argentea,
714 1757 770 1782 qua:
778 1751 891 1784 fecerunt

87 1791 232 1819 aderandis
258 1792 329 1819 nauis
351 1797 374 1820 et
396 1794 495 1821 noctuis
511 1794 572 1830 (5);
592 1794 682 1828 idest,
698 1803 729 1822 es
741 1803 794 1830 quo
807 1804 892 1830 genus

89 1836 241 1871 hominum,
254 1837 399 1866 dilucidam
410 1847 456 1874 per
465 1839 599 1867 Christum
612 1841 733 1874 veritate,
750 1841 819 1869 idola
830 1850 892 1877 pro-

86 1883 170 1917 jrcit;
187 1884 248 1912 vide
259 1892 293 1912 an
315 1885 384 1920 quotl
396 1886 518 1921 sequitur
531 1891 693 1921 expunctum
709 1888 743 1914 sit
759 1897 766 1915 :
782 1889 891 1916 Abstulit

87 1929 151 1964 (11.,
165 1929 209 1962 III,
225 1931 251 1963 1,
261 1929 290 1966 2)
307 1931 374 1958 enim
393 1930 519 1959 Dominus
531 1932 637 1959 saltaotlt
653 1942 669 1960 a
686 1933 790 1967 Judtza,
810 1939 834 1961 et
860 1934 891 1961 ab

91 1976 254 2004 Hierusalem
274 1978 451 2013 interemtam,
475 1984 499 2006 et
521 1980 682 2016 prop/telam,
703 1986 726 2008 et
753 1982 891 2018 capientem

88 2024 277 2057 m'chitcclum,‘
290 2023 419 2059 Spiritqu
435 2025 537 2052 scilicet
556 2026 694 2059 Sanctum,
717 2028 762 2062 qui
776 2027 891 2055 aedificat

88 2069 251 2102 Ecclesiam,
268 2070 395 2106 templum
415 2071 517 2099 scilicet
530 2076 557 2099 et
576 2072 685 2100 domum
708 2078 735 2101 et
757 2074 890 2103 civitatem

88 2115 135 2143 Dei
152 2125 159 2143 :
175 2124 237 2144 nam
251 2117 348 2144 exinde
363 2117 433 2153 apud
459 2118 519 2146 illos
544 2118 645 2146 destitit
668 2119 713 2147 Ilci
739 2121 833 2155 gratia.
858 2121 891 2149 Et

88 2161 153 2196 (13.,
174 2162 205 2194 V,
221 2163 249 2197 6)
261 2163 409 2191 mandatum
421 2170 457 2192 est
474 2164 592 2197 nubibus,
607 2174 638 2192 ne
659 2167 773 2201 pluereut
787 2168 892 2196 imbrem

87 2216 165 2243 super
187 2209 287 2236 vineam
302 2209 418 2242 Sorech;
433 2209 459 2237 id
484 2214 536 2241 est.
558 2211 715 2239 caelestibus
741 2212 888 2247 beneficiis,

88 2261 123 2282 ne
144 2254 319 2290 provenirent
345 2254 435 2283 domui
459 2255 580 2284 lsraclis.
604 2256 717 2286 Fecerat
739 2259 811 2286 enim
836 2260 891 2295 ιρί-

946 1706 1000 1729 tttm
1012 1709 1073 1729 cum
1087 1705 1305 1728 asseveraveram
1317 1710 1324 1728 :
1338 1705 1360 1727 et
1374 1701 1513 1736 locupletes
1524 1710 1570 1736 pro
1584 1708 1662 1729 morte
1671 1704 1727 1738 ejus
1735 1711 1746 1736 ,-

943 1749 987 1784 qui
1003 1748 1106 1776 scilicet
1124 1752 1151 1774 et
1174 1755 1189 1774 a
1212 1747 1279 1774 Juda
1294 1747 1464 1775 traditionem
1484 1748 1664 1781 rcdcmeraut,
1686 1756 1715 1778 et
1729 1758 1745 1779 ιι

943 1794 1072 1822 militibus
1086 1794 1181 1820 falsum
1197 1793 1379 1820 testimonium
1393 1793 1532 1821 cadaveris
1548 1796 1679 1831 subrepti.
1697 1797 1747 1832 Igi-

944 1846 997 1872 tur,
1020 1845 1067 1867 aut
1089 1847 1142 1866 non
1158 1844 1267 1874 propter
1282 1839 1355 1866 illum
1377 1840 1531 1868 acciderunt
1556 1841 1605 1868 ista
1626 1842 1745 1877 Jlllia‘is;

944 1887 991 1915 sed
1014 1886 1157 1914 revinceris
1183 1886 1356 1920 conspirante
1376 1886 1435 1922 (I5)
1450 1894 1530 1914 sensu
1546 1888 1745 1923 Scripturarum

944 1943 1003 1962 cum
1029 1934 1100 1961 exitu
1119 1942 1207 1962 rerum
1235 1937 1262 1960 ct
1276 1933 1370 1960 ordine
1387 1939 1535 1968 temporum
1551 1940 1617 1966 :ant
1629 1936 1650 1963 si
1667 1944 1747 1972 prop-

945 1985 985 2008 ter
999 1981 1072 2008 illtnn
1086 1980 1253 2011 accideruntI
1271 1986 1322 2006 non
1339 1979 1424 2013 potuit
1437 1978 1551 2007 Creator
1566 1981 1669 2015 ulcisci,
1694 1983 1746 2011 nisi

944 2033 1022 2053 suum
1037 2026 1183 2058 (Zhristnm,
1199 2030 1418 2052 remuneraturus
1432 2025 1521 2060 potius
1533 2026 1642 2061 ludam,
1658 2029 1680 2056 si
1696 2029 1745 2057 ad-

946 2072 1094 2100 versarium
1117 2070 1221 2097 ltomini
1235 2071 1274 2097 sui
1287 2070 1476 2106 perculissent.
1491 2071 1570 2100 Certe
1583 2073 1605 2100 si
1625 2079 1745 2103 nendum

944 2119 1017 2146 venit
1030 2117 1150 2145 Christus
1166 2116 1302 2143 Creatoris
1315 2138 1322 2150 ,
1350 2122 1458 2152 propter
1468 2126 1547 2152 quem
1569 2118 1626 2146 lucc
1640 2120 1746 2155 paSsuri

945 2164 1124 2201 praedicantur
1142 2184 1150 2195 ,
1172 2171 1232 2190 cum
1255 2164 1360 2191 venerit
1381 2172 1457 2199 ergo,
1475 2166 1618 2199 patientur.
1647 2167 1681 2194 Et
1700 2168 1746 2196 ubi

946 2217 1009 2240 tunc
1033 2211 1086 2238 filia
1103 2210 1167 2238 Sion
1181 2210 1401 2245 dcrclinqueuda,
1414 2218 1473 2246 qua:
1487 2211 1558 2239 nulla
1578 2211 1658 2241 hodie
1678 2218 1720 2241 est
1732 2215 1745 2242 ’ρ

946 2259 989 2287 tibi
1006 2258 1127 2286 civitates
1140 2256 1296 2290 exurendat,
1310 2264 1370 2293 qua:
1383 2257 1437 2293 jam
1452 2257 1477 2285 in
1494 2259 1621 2287 tumulis?
1635 2260 1676 2288 ubi
1689 2261 1745 2290 dis-

709 2314 895 2346 LECTIONES
917 2315 1120 2347 VARIANTES.

135 2367 159 2392 Ι)
174 2367 200 2391 In
212 2367 273 2392 add.
286 2366 360 2392 Seml.

131 2398 157 2425 2)
173 2398 252 2422 Porta!
264 2400 367 2423 mediam
380 2404 452 2425 Fran.

131 2429 157 2461 5)
170 2430 245 2461 Signa
258 2429 332 2454 Seml.

132 2461 157 2486 ι)
173 2461 201 2485 lit
212 2461 288 2485 omitt.
299 2462 372 2486 Seml.

131 2491 158 2517 5)
171 2492 269 2516 Nocn‘is
281 2491 313 2517 al.

131 2523 157 2555 6)
173 2523 389 2555 Extrosrratrotti.
403 2525 462 2549 Jun.

120 2554 157 2586 (7)
171 2554 329 2579 Cbarismatis
348 2557 470 2587 prioribus
487 2555 539 2587 al.;
561 2557 732 2584 charismatum
757 2559 890 2586 rationibus

904 2372 931 2402 D
944 2371 996 2398 alii.

987 2404 1012 2428 8)
1025 2402 1059 2427 Ea
1068 2400 1144 2428 Seml.

1021 2404 1257 2468 figi-(nitentiam
1265 2433 1279 2457 ii
1285 2432 1459 2468 neglexissent
1464 2435 1524 2461 Jun.
1532 2437 1685 2468 poenitentia:
1692 2440 1743 2466 Lat.

991 2463 1027 2496 l0)
1043 2463 1095 2496 Igni
1104 2463 1179 2489 omilt.
1189 2464 1266 2496 Rhea.
1279 2463 1356 2490 Serui.
1368 2465 1466 2491 Obertlt.

990 2500 995 2521 l
1004 2494 1025 2527 I)
1040 2494 1081 2521 Est
1093 2495 1167 2521 ontilt.
1181 2494 1257 2521 Seml.

974 2528 1024 2559 (ιε)
1037 2528 1068 2552 Et
1078 2528 1138 2552 add.
1152 2528 1227 2559 Sciat.

975 2561 1026 2593 (IS)
1040 2559 1070 2584 Iit
1081 2559 1140 2585 add.
1152 2558 1228 2583 Sentl.

783 2603 1066 2644 COMMENTARIUS.

123 2665 203 2694 CAP.
211 2665 382 2705 XXll.-—-(a)
388 2666 453 2705 pra
465 2672 500 2695 est
506 2668 574 2695 enim
582 2669 654 2705 litera
662 2669 807 2697 Cra’corum
822 2671 888 2705 Tau,

90 2707 177 2740 nostra
193 2708 288 2740 autem,
304 2708 357 2740 etc.
375 2703 431 2730 Iloc
445 2704 531 2738 ipsum
548 2704 641 2732 imitati
663 2705 787 2733 videntur
801 2703 891 2740 patres

91 2738 188 2774 nostri.
200 2737 263 2774 dum
276 2737 302 2764 in
315 2738 464 2765 Missalibus
475 2740 592 2774 Antiquis
603 2740 679 2768 initio
689 2737 832 2768 canonisin
845 2742 889 2769 lit-

90 2778 145 2800 tera
153 2772 186 2805 T,
197 2772 241 2799 ubi
250 2773 400 2809 legiturzTe
407 2774 499 2809 igitur,
507 2772 698 2803 cleiitciitissiiite
706 2775 793 2809 Pater,
802 2777 890 2805 solent

89 2808 187 2841 pictam
211 2808 341 2847 exhibere
353 2808 461 2847 crucem
477 2809 581 2847 Christi
596 2820 602 2838 :
619 2812 644 2837 in
660 2812 736 2847 cujus
751 2811 832 2840 hodie
848 2814 888 2840 lo-

88 2852 148 2883 cum
162 2843 295 2883 successit
307 2844 464 2883 ipsacrucis
477 2845 671 2883 imagopagina
686 2843 806 2882 proxime
823 2856 890 2883 pra:-

88 2879 204 2906 cedenti.
221 2879 255 2906 Et
269 2886 332 2906 vero
346 2879 541 2908 Tertullianum
562 2879 624 2909 fere
632 2883 664 2908 ad
678 2879 786 2911 rerhum
803 2879 889 2911 imitu-

88 2919 128 2953 l_us
153 2914 183 2953 β.
209 2914 393 2953 Hieronymus
415 2917 441 2943 in
456 2917 627 2944 C0mntt‘tlLt
644 2917 777 2950 Extrema,
792 2919 887 2953 inquit,

86 2949 140 2978 Tau
157 2951 232 2979 litera
254 2949 338 2979 crucis
350 2951 423 2979 habet
446 2953 637 2980 similitudinem
650 2962 707 2988 qua:
724 2954 750 2982 in
763 2949 888 2983 Cluis'tia;

943 2680 1045 2713 n'orum.
1057 2671 1185 2714 frontibus
1207 2671 1330 2705 pingitur,
1345 2678 1367 2700 et
1388 2675 1513 2709 frequenti
1529 2683 1618 2704 titanas
1633 2677 1744 2714 inser-ip.

943 2709 1010 2735 tione
1023 2707 1149 2741 signatur.
1166 2706 1233 2733 Pint.

978 2743 1052 2770 CAP.
1062 2742 1155 2770 XXIII.
1163 2757 1199 2762 --
1208 2743 1248 2777 (b)
1263 2742 1294 2770 Et
1304 2743 1528 2779 Tempnsmodiunt
1539 2754 1554 2772 a
1569 2746 1679 2779 Tiberio.
1687 2754 1741 2778 etc.

942 2779 1135 2812 Vespasianum
1147 2784 1277 2809 nominat.
1292 2787 1326 2806 eo
1338 2780 1407 2813 quod
1419 2781 1470 2807 sub
1483 2781 1528 2807 illo
1542 2788 1639 2809 vastata
1653 2786 1686 2811 sit
1697 2785 1742 2813 .Ie-

942 2815 1068 2853 rusulcm,
1086 2814 1165 2841 utiex
1183 2813 1292 2853 Josephi
1313 2820 1339 2853 et
1354 2815 1473 2853 Philonis
1489 2816 1608 2853 historiis
1626 2819 1741 2853 judaicis

941 2851 1031 2877 notius
1043 2855 1100 2886 est,
1117 2857 1197 2884 quam
1213 2854 1242 2875 ut
1254 2850 1371 2884 pluribus
1383 2852 1417 2878 sit
1430 2859 1506 2886 opus.
1524 2852 1590 2880 Pin.

977 2886 1016 2920 (ρ)
1041 2885 1073 2912 In
1096 2886 1269 2911 uinum-rario
1293 2887 1391 2913 casula.
1413 2885 1507 2915 Casum
1522 2888 1709 2920 diminutivum
1724 2899 1739 2920 τι

942 2929 1002 2948 casa
1015 2929 1073 2957 quae
1091 2919 1193 2948 Graecis
1209 2933 1292 2951 neua.
1308 2920 1346 2949 LE
1362 2922 1409 2949 Ρη.
