4268 6492
775 383 886 442 555

2207 377 2668 436 τειιτυιιιιλκι

3970 376 4082 434 556

773 501 954 574 persio
982 500 1177 573 gentis,
1207 514 1326 570 qua:
1368 497 1479 569 jam
1523 497 1799 554 extorris?
1833 496 2020 556 Redde
2045 504 2239 552 statum
2276 496 2364 550 .In-
2395 499 2439 556 Α
2475 496 2722 556 Ezechiel
2759 501 2904 556 novit
2944 499 3157 571 (Ezcclt.
3203 492 3456 565 XLVIII),
3500 503 3554 551 et
3599 497 3873 566 apostolus
3911 496 4079 552 Joan-

770 593 923 657 dma‘,
980 609 1137 662 quem
1193 591 1439 648 Christus
1490 591 1764 646 Creatoris
1817 590 2071 655 inveniat,
2121 598 2174 644 et
2203 590 2367 642 alium

771 685 1036 741 contende
1063 684 1293 740 venisse.
1326 683 1444 738 Jam
1480 698 1608 738 vero
1628 683 1786 753 quale
1815 693 1894 738 est
1917 723 1931 748 ,
1965 694 2023 736 ut
2055 697 2148 752 per
2170 683 2366 737 cmlum

769 793 924 834 suum
957 777 1249 844 admiserit,
1276 793 1432 848 quem
1467 776 1517 830 in
1551 785 1689 831 terra
1713 792 1804 830 sua
1834 785 1978 830 esset
2005 775 2360 844 interemptu-

770 885 864 926 rus
891 912 906 938 ,
941 869 1250 926 honestiore
1278 879 1330 924 et
1367 867 1687 939 gloriosiore
1721 867 1869 938 regni
1898 867 1978 920 sui
2004 867 2220 937 regione
2260 867 2371 920 vio-

769 963 904 1030 lata,
936 964 1048 1034 ipsa
1070 963 1189 1018 aula
1217 978 1310 1021 sua
1337 970 1393 1016 et
1417 976 1540 1015 arce
1567 961 1770 1016 calcata
1798 961 1820 1014 ?
1863 961 1941 1014 Au
1973 959 2075 1015 hoc
2102 959 2270 1030 magis
2288 958 2370 1012 af-

774 1053 1025 1111 fectavit?
1066 1055 1229 1112 Plane
1283 1055 1420 1110 Deus
1461 1052 1538 1124 (ι)
1571 1053 1801 1120 zelotes,
1850 1063 2027 1108 tamen
2052 1053 2195 1108 vicit.
2231 1052 2369 1106 Eru-

769 1149 948 1215 besce,
975 1150 1065 1221 qui
1093 1149 1231 1203 victo
1255 1148 1364 1203 Deo
1394 1147 1591 1202 crcdis.
1631 1144 1768 1213 Quid
1809 1145 2050 1216 sperabis
2093 1146 2160 1200 ab
2187 1159 2252 1198 co
2282 1144 2370 1213 qui

768 1255 830 1298 se
859 1250 1138 1311 protegere
1182 1255 1286 1294 nou
1315 1237 1526 1293 valuit?
1561 1238 1668 1293 Aut
1694 1236 1836 1292 enim
1867 1252 1960 1306 per
2002 1236 2370 1292 infirmitatem

769 1347 1058 1405 oppressus
1081 1343 1162 1388 est
1185 1347 1214 1388 a
1246 1331 1528 1386 virtutibus
1557 1339 1609 1384 ct
1637 1330 1943 1386 hominibus
1961 1331 2258 1394 Creatoris,
2282 1339 2374 1386 aut

769 1439 870 1498 per
887 1423 1327 1490 malitiositatem,
1362 1431 1418 1478 ut
1435 1432 1639 1477 tantum
1661 1420 1767 1477 illis
1789 1423 2007 1477 sceleris
2025 1421 2276 1492 patientia
2295 1421 2375 1477 in-

776 1516 988 1592 ﬁgeret.

1344 1609 1572 1666 CAPUT
1601 1606 1801 1664 XXIV.

841 1705 954 1761 Imo
979 1748 993 1771 ,
1017 1703 1211 1776 inquis,
1237 1718 1396 1774 spero
1423 1704 1491 1759 ab
1513 1705 1604 1758 illo
1633 1703 1775 1774 quod
1810 1711 1863 1757 et
1893 1701 2065 1772 ipsum
2103 1699 2262 1755 faciat
2307 1701 2372 1755 ad

774 1799 1143 1857 testimonium
1181 1796 1506 1852 diversitatis
1546 1812 1768 1868 regnum
1808 1795 1900 1850 Dei
1932 1806 2149 1849 aeterna:
2181 1801 2236 1848 et
2253 1809 2372 1850 etn—

2475 608 2569 645 nes
2591 593 2719 648 vidit
2752 593 2935 664 (Apoc.
2963 592 3100 663 XII),
3143 600 3194 646 et
3234 591 3322 659 qui
3348 588 3487 657 apud
3523 588 3678 642 fidem
3703 598 3939 644 nostram
3969 600 4076 655 est,

2475 701 2626 740 nova:
2660 673 2953 755 prophetia:
2977 701 3156 741 sermo
3185 691 3430 747 testatur,
3464 691 3520 735 ut
3547 682 3707 736 etiam
3736 683 3968 753 effigiem
4003 682 4079 736 ei-

2475 779 2653 833 vitatis
2695 789 2819 835 ante
2870 777 3401 850 reprtesentationem
3445 774 3563 845 ejus
3599 787 3891 846 conspectu
3938 777 4081 828 futti—

2476 887 2588 926 ram
2629 872 2681 926 itt
2721 871 2929 944 signum
2957 869 3281 943 prtedicarit.
3317 867 3401 939 (d)
3435 868 3674 938 Denique
3713 869 3956 938 proxime
3997 866 4078 939 (‘2)

2475 976 2797 1035 exptmctum
2816 977 2899 1021 est
2918 964 3166 1021 orientali
3183 962 3547 1032 expeditione.
3575 963 3642 1032 (ε)
3663 962 3887 1017 Constat
3909 965 4072 1027 enim,

2476 1057 2705 1113 etlmicis
2733 1073 2946 1129 quoque
2975 1057 3222 1120 testibus,
3260 1057 3311 1110 in
3361 1054 3542 1110 Judma
3578 1071 3672 1124 per
3700 1056 3816 1110 dies
3842 1055 4078 1125 quadra-

2475 1151 2618 1221 ginta
2671 1154 2942 1207 matutinis
2979 1152 3263 1206 momentis
3306 1152 3575 1205 civitatem
3607 1148 3674 1204 de
3703 1151 4073 1220 coelopepen-

2476 1245 2654 1310 disse,
2703 1249 2848 1300 omni
2890 1246 3212 1301 mmniorum
3243 1244 3424 1298 habitu
3457 1255 3811 1300 evanescentc
3849 1244 3918 1298 de
3950 1260 4080 1314 pro-

2477 1335 2619 1392 fectu
2645 1338 2749 1394 diei
2777 1378 2792 1404 ,
2823 1347 2878 1392 et
2907 1338 3039 1392 alias
3065 1336 3133 1391 de
3156 1335 3402 1406 proximo
3430 1336 3648 1391 nullam.
3677 1335 3824 1390 Hanc
3849 1336 4082 1391 dicimus

2477 1429 2807 1500 excipiendis
2833 1429 3225 1485 resurrectione
3263 1428 3484 1492 sanctis,
3517 1438 3566 1482 et
3621 1426 3925 1483 refovendis
3954 1443 4077 1482 unt-

2478 1525 2624 1578 nium
2655 1523 2917 1580 bonorum
2950 1523 3133 1594 utique
3154 1521 3472 1592 spiritalium
3504 1520 3656 1591 copia
3682 1521 3733 1573 in
3757 1534 4084 1589 compensa-

2479 1616 2679 1671 tionem
2736 1631 2920 1670 eorum
2965 1631 3085 1686 quae
3126 1615 3176 1669 in
3221 1615 3420 1669 saeculo
3463 1613 3544 1668 vel
3575 1613 3939 1683 despeximus,
3991 1611 4079 1667 vel

2479 1710 2776 1775 amisimus,
2807 1725 2834 1762 a
2863 1709 2972 1764 Deo
2997 1718 3354 1779 prospectant.
3388 1706 3662 1778 Siquidem
3691 1713 3746 1760 et
3772 1706 4003 1775 justum,
4028 1714 4084 1759 et

2484 1802 2592 1858 Deo
2618 1802 2858 1872 dignum,
2895 1802 3002 1856 illic
3027 1817 3242 1872 quoque
3268 1800 3510 1856 exultare
3540 1798 3769 1854 famulos
3794 1797 3912 1867 ejus
3930 1839 3945 1863 ,
3991 1797 4083 1851 ubi

773 1891 925 1948 Iestis
952 1889 1325 1959 possessionis.
1366 1887 1658 1953 Caeterum,
1712 1896 1890 1942 vester
1913 1887 2162 1943 Christus
2189 1887 2373 1956 pristi-

2482 1906 2683 1952 suntet
2710 1896 2891 1951 afﬂicti
2924 1899 2974 1950 in
3008 1897 3225 1950 nomine
3256 1895 3444 1965 ipsius.
3479 1893 3604 1947 Ilazc
3630 1893 3764 1947 ratio
3791 1892 3936 1961 regni
3970 1901 4083 1945 ter-

774 2000 901 2040 num
933 1992 1128 2038 statum
1157 1981 1357 2038 Iudicis
1387 1981 1690 2051 pollicetur,
1716 1997 1782 2034 ex
1814 1980 2153 2034 restitutione
2185 1989 2368 2046 teme,

773 2086 828 2132 et
857 2086 975 2146 p051
1005 2075 1289 2130 decursqu
1317 2076 1458 2139 vitae,
1491 2072 1628 2143 apud
1660 2071 1858 2126 inferos
1891 2071 1942 2124 iu
1976 2071 2095 2125 sinu
2137 2071 2372 2125 Abrahae

777 2166 1135 2238 refrigerium.
1166 2167 1330 2220 Deum
1359 2167 1616 2236 optimum
1645 2165 1658 2217 ι
1694 2163 1739 2218 si
1761 2162 1934 2218 reddit
1960 2160 2374 2233 placatus,quod

777 2259 1139 2315 etalistulerat
1166 2257 1351 2312 iratus.
1375 2257 1419 2312 0
1436 2257 1599 2311 Deum
1625 2267 1770 2310 tuum
1798 2257 1886 2327 qui
1904 2255 2373 2321 eterditetsanat,

785 2352 966 2406 eoudit
993 2351 1132 2405 mala
1154 2360 1206 2404 et
1236 2349 1362 2404 facit
1389 2349 1600 2420 pacem!
1645 2349 1688 2402 0
1712 2347 1874 2402 Deum
1907 2349 2067 2401 etiam
2091 2347 2155 2401 ad
2181 2347 2379 2401 inferos

779 2464 951 2518 usque
995 2445 1396 2502 misericordem
1431 2446 1444 2499 ε
1490 2447 1566 2515 (a)
1611 2443 1719 2499 Sed
1755 2443 1822 2498 de
1852 2444 1972 2497 sinu
2008 2442 2240 2496 Abrahze
2281 2457 2379 2495 suo

778 2548 1041 2610 tempore.
1084 2538 1160 2593 De
1202 2536 1540 2594 restitutione
1585 2551 1712 2591 vero
1749 2534 1982 2601 Iudaeae,
2011 2550 2169 2604 quant
2196 2543 2250 2590 et
2280 2535 2377 2603 ipsi

777 2629 970 2695 Judaei,
1001 2633 1068 2686 ita
1110 2638 1167 2685 ut
1192 2629 1530 2694 describitur,
1556 2637 1793 2697 sperant.
1832 2627 2076 2682 locorum
2104 2637 2158 2682 ct
2199 2629 2374 2698 regio-

781 2739 905 2779 num
932 2723 1234 2776 nominibus
1265 2723 1484 2787 imlucti,
1509 2720 1777 2790 quomodo
1805 2720 2092 2790 allegorica
2117 2721 2377 2790 interpre-

783 2817 911 2870 talio
935 2817 984 2868 in
1016 2813 1286 2870 Christum
1310 2825 1363 2868 et
1392 2815 1442 2867 in
1473 2814 1787 2877 Ecclesiam,
1823 2823 1876 2868 et
1903 2813 2207 2868 Itabiluutet
2236 2813 2379 2869 frue-

783 2917 895 2962 tum
915 2906 1028 2976 ejus
1049 2905 1360 2976 spiritaliter
1377 2915 1666 2975 competat,
1684 2915 1737 2959 et
1759 2907 1974 2976 longum
2001 2916 2083 2960 cst
2109 2907 2376 2976 persequi,

784 3010 837 3056 et
869 3000 946 3070 (h)
994 3000 1044 3054 in
1091 3000 1198 3054 alio
1239 3016 1400 3070 Opere
1444 2999 1729 3069 digestum,
1761 3000 2276 3071 quodinscribimus,
2304 3001 2382 3056 De

781 3113 872 3165 spe
898 3097 1128 3166 ﬁdelium
1148 3114 1166 3163 ;
1189 3105 1243 3151 ct
1266 3097 1316 3150 in
1341 3095 1590 3166 prtesemi
1620 3095 1703 3151 vel
1723 3113 1788 3151 eo
1814 3097 2043 3151 otiosmn
2067 3138 2078 3159 ,
2121 3097 2244 3166 quia
2273 3113 2378 3151 non

784 3189 851 3244 de
883 3199 1091 3244 terrena
1116 3228 1132 3255 ,
1179 3187 1273 3243 sed
1313 3187 1381 3243 de
1420 3187 1626 3242 cmlcsti
1656 3187 2009 3257 promissione
2038 3189 2108 3243 sit
2131 3189 2378 3258 quaestio.

2479 1989 2616 2055 reni,
2650 1998 2767 2059 post
2791 1988 2942 2058 cujus
2973 1987 3116 2042 mille
3136 2001 3328 2053 annos,
3363 1985 3498 2039 intra
3530 1998 3688 2054 quam
3707 1992 4070 2038 mtatemcon-

2479 2082 2714 2139 cluditur
2741 2093 3048 2138 sanctorum
3082 2081 3430 2145 resurrectio,
3457 2094 3551 2148 pro
3578 2077 3786 2132 meritis
3811 2076 4087 2130 maturius

2481 2177 2562 2231 vel
2587 2176 2794 2230 tardius
2822 2172 3379 2243 resurgentium,tune
3406 2179 3460 2224 et
3490 2169 3669 2224 mutuli
3691 2166 4084 2232 destructione,

2480 2276 2535 2322 et
2569 2267 2750 2336 judicii
2783 2269 2856 2334 (ί)
2882 2262 3299 2333 conflagratione
3351 2262 3636 2315 commissa
3661 2300 3676 2323 ,
3732 2259 3993 2314 demutati
4023 2260 4077 2313 in

2481 2367 2663 2413 atomo
2704 2359 2757 2410 in
2803 2356 3097 2427 angelicam
3144 2353 3530 2416 substantiam,
3583 2351 3784 2405 scilicet
3816 2365 3912 2420 per
3951 2349 4082 2404 illud

2483 2448 2857 2517 IDI‘OI‘I‘UPICI'rB
2887 2446 3444 2517 superindumentum,
3481 2441 3871 2498 transferentur
3893 2444 3946 2497 in
3976 2458 4088 2498 cce-

2481 2543 2612 2598 lestc
2629 2557 2869 2612 regnum,
2899 2540 2966 2595 de
2995 2554 3101 2610 quo
3133 2553 3273 2593 nunc
3298 2539 3377 2592 sic
3407 2535 3528 2592 ideo
3556 2545 3901 2601 retractatur,
3928 2536 4080 2604 quasi

2483 2648 2588 2687 non
2617 2633 2907 2702 praedicato
2937 2629 3076 2698 apud
3100 2628 3436 2693 Creatorem,
3485 2641 3548 2680 ac
3579 2641 3672 2694 per
3703 2626 3824 2691 hoc,
3858 2625 4084 2680 alterius

2487 2726 2576 2780 Dei
2600 2725 2870 2778 Christum
2903 2721 3186 2791 probante,
3220 2736 3248 2772 a
3267 2733 3376 2789 quo
3410 2719 3582 2787 primo
3606 2725 3660 2772 et
3686 2717 3804 2771 solo
3832 2717 3903 2770 sit
3931 2731 4084 2770 reve-

2485 2819 2669 2872 latum.
2704 2814 2979 2884 Disccjam
3003 2814 3125 2868 hinc
3151 2811 3279 2866 illud
3304 2822 3355 2865 et
3389 2809 3731 2880 praedicatum
3752 2824 3781 2861 a
3804 2807 4087 2873 Creatore,

2484 2919 2538 2965 et
2576 2911 2691 2964 sine
2741 2907 3122 2978 praedicatione
3168 2904 3497 2960 credendum
3555 2900 3694 2971 apud
3746 2899 4086 2956 Creatorem.

2483 3003 2621 3072 Quid
2659 3003 2751 3056 tibi
2786 3001 3017 3063 videtur,
3047 3015 3168 3054 cum
3197 2997 3427 3054 Abrahae
3463 3010 3648 3051 semen
3670 3035 3685 3060 ,
3717 3004 3836 3063 post
3863 2994 4091 3062 primam

2485 3097 2916 3166 promissionem,
2947 3110 3049 3165 qua
3081 3092 3161 3165 (5)
3186 3094 3236 3147 in
3271 3090 3662 3147 multitudinem
3693 3103 3874 3144 arena:
3906 3103 4088 3159 repro-

2486 3190 2734 3254 utittitttr,
2762 3189 2828 3244 ad
2857 3190 3023 3243 instar
3046 3202 3258 3258 quoque
3287 3185 3568 3242 stellarum
3592 3183 3928 3249 destinatur;
3963 3198 4093 3238 non-

783 3281 918 3338 Nam
945 3291 999 3338 et
1039 3282 1357 3338 confitemur
1400 3281 1452 3334 in
1485 3290 1624 3335 terra
1657 3280 1812 3334 nobis
1840 3295 2060 3351 regnum
2091 3283 2381 3350 repromis-
2411 3291 2456 3355 ο
2491 3301 2557 3341 ne
2582 3295 2636 3340 et
2667 3293 2895 3338 terrena:
2917 3290 2971 3335 et
2996 3279 3235 3334 caelestis
3263 3277 3634 3348 dispositionis
3660 3277 3898 3345 auspicia
3922 3276 4090 3330 sunt?

785 3389 902 3430 sum
929 3392 942 3439 ;
972 3373 1065 3430 sed
1093 3383 1220 3428 ante
1247 3373 1465 3440 coelum,
1494 3373 1588 3428 sed
1611 3373 1717 3428 alio
1747 3382 1915 3438 statu;
1947 3384 2128 3444 utpote
2152 3383 2270 3444 post
2297 3390 2384 3431 re-

785 3466 1176 3522 surrectionem
1217 3465 1269 3520 in
1319 3464 1469 3520 mille
1512 3479 1701 3529 annos,
1751 3464 1824 3535 (c)
1877 3467 1928 3519 in
1960 3465 2174 3522 civitate
2223 3467 2386 3522 divini

786 3559 966 3629 operis
1000 3556 1335 3613 Hierusalem
1371 3557 1510 3612 cmlo
1554 3557 1727 3612 delata
1749 3599 1762 3620 ,
1791 3573 1950 3627 quam
2003 3568 2058 3613 et
2099 3561 2386 3629 Apostolus

787 3661 1016 3706 matrem
1048 3659 1286 3704 nostram
1319 3663 1530 3704 sursum
1562 3647 1828 3718 designat,
1862 3659 1916 3704 et
1947 3650 2235 3718 politeuma
2263 3667 2387 3708 uos-

792 3755 954 3811 trum,
989 3745 1040 3800 id
1070 3754 1175 3813 est,
1204 3745 1586 3814 municipatum
1613 3745 1665 3798 in
1687 3745 1839 3798 cmlis
1863 3759 1985 3800 esse
2013 3748 2383 3815 pronuntians,

793 3839 950 3896 alicui
999 3839 1182 3910 utique
1215 3837 1421 3894 cmlesti
1460 3835 1660 3893 civitati
1707 3851 1830 3892 eum
1866 3836 2108 3908 deputat.
2157 3839 2304 3896 Hanc
2332 3852 2386 3897 et

2491 3377 2622 3432 Cum
2675 3373 2824 3428 Isaac
2863 3371 3187 3428 benedicens
3225 3369 3393 3425 Jacoh
3419 3368 3587 3422 liliutn
3619 3382 3814 3422 suum:
3858 3366 3977 3433 Det,
4011 3367 4088 3421 ait

2493 3469 2644 3541 (Gen.
2671 3464 2885 3530 XXVII,
2913 3464 3030 3535 28),
3071 3463 3158 3518 tibi
3191 3461 3329 3517 Deus
3367 3462 3430 3515 de
3459 3476 3574 3515 rore
3598 3460 3730 3520 caeli,
3752 3459 3880 3514 etde
3906 3461 4093 3528 Opimi-

2493 3573 2593 3617 tate
2608 3572 2785 3624 terrm;
2810 3573 2987 3612 nonne
3009 3557 3283 3626 utriusque
3299 3554 3638 3624 indulgentia:
3657 3553 3905 3623 exempla
3923 3552 4092 3607 sunt?

2494 3659 2730 3727 Denique
2760 3651 3228 3709 animadvertenda
3259 3658 3342 3705 est
3373 3649 3459 3704 hic
3489 3650 3650 3703 etiam
3685 3656 3960 3703 Structura
3995 3648 4092 3702 be-

2493 3747 2814 3805 nedictionis
2841 3744 3027 3814 ipsius.
3057 3741 3189 3796 Nam
3213 3741 3354 3795 circa
3376 3739 3574 3803 Iacob,
3607 3739 3696 3808 qui
3719 3737 3940 3809 quidem
3965 3752 4092 3808 poso

2497 3841 2707 3898 terioris
2729 3848 2786 3894 et
2832 3835 3148 3908 prtelatioris
3173 3831 3354 3905 populi
3383 3831 3552 3904 ﬁgura
3579 3843 3681 3902 est,
3710 3830 3762 3887 Id
3786 3842 3868 3888 est
3899 3830 4092 3898 nostri,

2007 3951 2300 4010 LECTION
2309 3955 2390 4011 ES
2429 3951 2838 4011 VARIANTES.

856 4048 927 4176 δὲ
955 4043 1528 4172 gfiiiméjiﬁwmi.
1547 4102 1697 4159 Seml.
1726 4105 1920 4159 Oberth.

2558 4047 2632 4112 (5)
2659 4046 2814 4106 Quam
2836 4038 2988 4095 Seml.

2156 4195 2709 4258 COMMENTARIUS.

864 4311 1018 4369 CAP.
1046 4309 1239 4367 XXIV.
1273 4340 1343 4351 —
1375 4307 1449 4381 (a)
1473 4307 1581 4364 Sed
1606 4309 1668 4363 de
1688 4309 2061 4381 sinuinbraltaa.
2093 4311 2294 4368 Alludit
2323 4315 2390 4371 ad

795 4382 891 4458 Iib.
913 4386 974 4458 (le
1000 4379 1790 4458 Paradito,_aut_potius_ad_lib.
1814 4379 1905 4458 lV_.
1923 4382 2052 4458 Ade.
2079 4382 2243 4458 Marc.
2269 4401 2389 4458 eap.

794 4457 852 4521 4,
886 4456 974 4509 ubi
1012 4464 1198 4508 tractat
1237 4452 1364 4508 illud
1391 4452 1550 4508 Lucae
1590 4450 1707 4507 XVI
1752 4451 1894 4524 quod
1928 4453 2122 4523 legitur
2151 4455 2219 4510 de
2272 4450 2392 4513 siriu

794 4527 1058 4588 Abrahzn,
1096 4527 1146 4578 itt
1189 4539 1296 4592 quo
1323 4524 1507 4580 Lazari
1550 4525 1915 4594 refrigerium;
1957 4535 2011 4578 et
2057 4525 2125 4579 de
2165 4526 2349 4584 inferis
2373 4571 2386 4593 ,

796 4598 884 4653 ubi
903 4598 1104 4652 directe
1124 4605 1386 4650 tormenta
1403 4595 1796 4661 describuntur,
1815 4597 2104 4650 ostendens
2115 4598 2255 4652 aliud
2274 4614 2394 4656 esse

795 4669 1024 4733 inferos,
1049 4667 1189 4720 aliud
1213 4668 1390 4720 sinum
1415 4666 1662 4720 Abrahat.
1689 4667 1823 4720 ΡΑιι.

868 4740 950 4808 (1))
985 4738 1007 4791 1
1017 4757 1048 4792 n
1073 4739 1175 4791 alio
1204 4753 1357 4802 opere
1379 4739 1634 4809 digestum
1661 4739 1795 4808 quod
1821 4739 2162 4793 inscribimus.
2212 4738 2391 4809 Despe

797 4811 1046 4891 fidelium.
1071 4808 1522 4891 HoeTertulliaui
1546 4809 2050 4891 opus_Agobar_dino
2071 4809 2254 4891 codice
2272 4826 2392 4891 cou-

798 4879 1090 4946 tinebatur,
1120 4889 1212 4934 aut
1237 4895 1302 4934 co
1319 4887 1466 4936 certe
1495 4879 1786 4947 exemplari
1813 4881 1954 4934 unde
1979 4896 2132 4936 suum
2159 4882 2387 4938 describi

799 4955 1003 5010 curavit
1029 4951 1363 5021 Agohardus.
1393 4951 1526 5005 Nam
1557 4959 1610 5023 ct
1641 4949 1798 5023 hodie
1814 4961 2088 5023 comparet
2106 4952 2388 5008 titulusiu-

800 5033 884 5080 ter
904 5020 1282 5092 libros'viginti
1314 5033 1540 5091 quatuor
1571 5020 1746 5076 indice
1771 5020 2206 5092 comprehensos.
2233 5024 2390 5080 Istius

799 5105 976 5150 autem
1010 5095 1188 5164 operis
1219 5095 1456 5147 meminit
1481 5093 1835 5159 Hieronymus
1865 5095 1915 5147 in
1945 5094 2106 5164 Papia
2136 5096 2392 5162 Ilicrapo-

801 5166 988 5228 litano,
1011 5175 1066 5219 et
1091 5180 1208 5233 cap.
1251 5165 1323 5219 36
1359 5164 1804 5227 Commentarior,
1832 5165 1884 5218 in
1919 5166 2273 5226 Ezechielcm.
2307 5177 2388 5221 at-

801 5253 907 5310 que
947 5238 1108 5292 etiam
1155 5237 1205 5290 in
1253 5236 1572 5290 Przelatione
1615 5235 1808 5290 decimi
1843 5238 2015 5291 octavi
2082 5238 2134 5310 i_n
2179 5237 2390 5293 Isaiam.

2083 5308 2203 5364 th.

875 5378 952 5452 (c)
995 5378 1059 5433 In
1089 5379 1290 5433 civitate
1316 5378 1473 5432 divini
1496 5379 1662 5452 operis
1701 5376 2014 5452 Hierusalem
2047 5379 2172 5433 cmlo
2201 5379 2393 5436 delata.

805 5449 1037 5509 Auream
1067 5461 1227 5521 atque
1254 5457 1577 5522 gemmatam
1617 5449 1873 5522 iinAterris
1901 5449 2236 5505 Ilierusalem
2276 5467 2397 5521 spe-

805 5523 996 5578 rabant
1023 5519 1180 5594 nimis
1207 5519 1407 5594 creduli
1430 5519 1668 5594 jndaieis
1683 5520 1896 5594 fabulis,
1924 5537 2056 5594 quas
2078 5521 2151 5594 illi
2181 5519 2393 5594 31')?th-

805 5603 899 5658 σᾱις
927 5593 1303 5662 appellabant,
1331 5589 1538 5662 decepti
1560 5589 2075 5662 verbisiquibuidam
2102 5589 2392 5650 Ezechielis

809 5676 861 5721 et
893 5661 1042 5720 Isaia:
1085 5678 1363 5734 perperam
1389 5661 1691 5734 intellectis.
1740 5661 1863 5716 Inde
1894 5663 2086 5733 Papias
2118 5664 2346 5733 primum
2375 5705 2389 5728 ,

806 5751 932 5792 mox
964 5744 1016 5788 ct
1040 5733 1298 5797 Justinus,
1328 5733 1416 5803 qui
1449 5737 1590 5788 \‘iros
1619 5749 1680 5788 ea
1711 5749 1804 5804 spe
1845 5736 2140 5802 gaudentes
2168 5738 2392 5806 Eph-pdi-

809 5830 952 5876 μθνας
982 5811 1103 5861 κατὰ
1125 5811 1282 5860 πέντε
1311 5812 1618 5876 Χριστιανούς
1649 5815 1797 5876 vocat
1819 5822 1832 5868 ;
1860 5816 1967 5860 tum
1989 5817 2043 5861 et
2064 5807 2318 5872 Irenants,
2341 5817 2395 5862 et

809 5875 1100 5948 Septimius
1121 5887 1322 5944 noster,
1345 5875 1398 5933 et
1430 5877 1730 5934 Victorinus
1761 5875 2103 5935 Pictaviensis
2125 5921 2140 5948 ,
2171 5887 2226 5936 et
2255 5877 2389 5936 Lac-

2496 4319 2728 4385 tantius,
2760 4327 2815 4374 et
2853 4317 2965 4374 alii.
3015 4316 3375 4388 Hieronymus
3412 4317 3464 4372 in
3507 4316 3594 4372 illa
3642 4315 3706 4372 ad
3734 4313 3926 4371 Isaiam
3963 4332 4093 4387 pra:-

2499 4389 2726 4452 fatione,
2753 4389 3112 4460 compositum
3148 4389 3311 4460 fuisse
3349 4393 3423 4443 ait
3452 4389 3520 4444 ab
3562 4389 3814 4459 Dionysio
3859 4389 4095 4443 Alexan-

2497 4461 2653 4515 drino
2680 4459 2893 4517 librum,
2918 4461 3179 4516 adversus
3225 4459 3483 4526 Irentcum
3509 4502 3525 4528 ,
3572 4475 3742 4530 coque
3771 4461 3908 4514 libro
3948 4460 4097 4514 fabu-

2499 4533 2604 4586 lam
2638 4533 2912 4603 eleganter
2937 4533 3194 4586 dcrisam.
3220 4524 3549 4601 AuguStinus
3577 4524 3674 4585 lib:
3694 4547 3758 4584 xx
3787 4531 3853 4586 de
3870 4531 4097 4586 Civitate

2417 4629 2471 4689 Ι)
2503 4603 2618 4689 Dei,
2656 4606 2961 4689 Opinionem
3009 4603 3177 4689 “fuisse
3216 4604 3289 4683 ait
3316 4614 3616 4689 utcumque
3648 4603 3985 4689 tolerabilem
4011 4642 4026 4665 ,
4054 4603 4096 4655 si

2497 4675 2689 4744 aliqua:
2713 4675 2920 4728 delicizc
2943 4675 3210 4744 Spiritalcs
3236 4676 3286 4726 in
3316 4673 3405 4727 illo
3430 4673 3674 4738 sabbato,
3709 4676 3809 4727 hoc
3839 4684 3944 4734 est,
3978 4688 4097 4742 sep.

2497 4747 2626 4802 timo
2668 4747 2972 4800 millenario
3024 4761 3287 4798 annorum
3341 4744 3587 4798 affuturae
3633 4746 3834 4799 sanctis
3875 4760 3972 4802 Der
4000 4745 4098 4798 Do-

2496 4817 2622 4870 mini
2677 4818 3016 4886 prmseutiam
3071 4815 3442 4870 crederentur.
3491 4815 3630 4882 Quin
3673 4816 3837 4871 etiam
3873 4815 4096 4885 hujusce

2494 4885 2759 4958 opinionis
2789 4889 3023 4958 seipsmn
3052 4886 3340 4957 aliquando
3367 4886 3534 4942 fuisse
3555 4885 3774 4942 fatetur.
3802 4885 3926 4941 Hic.

2565 4981 2644 5050 (d)
2680 4980 2900 5051 Denique
2942 4981 3169 5048 proxime
3193 4991 3501 5051 expunctum
3529 4990 3601 5032 est
3627 4979 3866 5051 orientali
3884 4980 4096 5048 expedi-

2494 5051 2628 5104 tione
2649 5050 2828 5107 Sevcri
2849 5095 2861 5112 .
2892 5053 3118 5113 scilicet,
3143 5051 3400 5106 adversus
3432 5050 3674 5105 Parthos.
3713 5050 3834 5107 Rto.
3862 5080 3935 5091 -—
3965 5052 4096 5106 I’ro-

2497 5123 2693 5190 digium
2729 5123 2866 5177 istud
2910 5121 3166 5176 hactenus
3216 5123 3455 5191 reperire
3485 5122 3623 5192 apud
3655 5121 3935 5186 ethnicos,
3995 5122 4099 5176 imo

2498 5209 2596 5248 nec
2651 5193 2790 5263 apud
2846 5194 3236 5247 ecclesiasticos
3292 5194 3526 5248 historia:
3590 5193 3880 5262 scriptores
3910 5196 4095 5262 potui,

2499 5281 2662 5335 quare
2699 5266 2881 5319 lectori
2919 5265 3160 5334 diligenti
3199 5265 3570 5335 inquirendum
3616 5265 3864 5332 relinquo
3890 5304 3903 5326 ,
3948 5280 4018 5319 an
4050 5265 4098 5318 in

2499 5331 2838 5404 expeditione
2861 5331 3108 5390 orieniali
3140 5331 3322 5388 Severi
3351 5331 3700 5404 lmperatOris
3726 5331 3800 5404 de
3822 5351 3927 5403 qua
3957 5335 4099 5404 loqui

2501 5402 2711 5462 videtur
2739 5410 2940 5461 Auctor
2968 5405 3165 5472 aliquid
3196 5406 3301 5459 tale
3319 5402 3605 5477 contigerit
3633 5403 3685 5460 in
3705 5402 3914 5461 Iudaea.
3963 5402 4096 5461 Plit.

2574 5498 2650 5570 (e)
2680 5500 2886 5555 Constat
2913 5500 3046 5570 enim
3076 5497 3305 5570 Ethnicis
3320 5516 3522 5570 quoque
3548 5499 3772 5570 testibus.
3797 5499 3975 5567 Atque
4005 5499 4100 5552 hoc

2499 5568 2639 5625 inter
2684 5570 2920 5640 prodigia
2967 5569 3136 5624 relato
3168 5568 3426 5625 credibile
3465 5579 3548 5625 est
3576 5569 3962 5626 Chiliastarum
3993 5573 4097 5624 sive

2498 5641 2867 5697 Milliariorum
2921 5642 3230 5711 opinionem
3283 5641 3438 5697 valde
3484 5640 3854 5696 confirmatam
3911 5641 4094 5697 fuisse.

3703 5711 3821 5768 th.

2572 5808 2648 5879 (I)
2681 5809 3092 5879 Con/Ingratione
3141 5809 3430 5880 committo.
3477 5807 3602 5880 Igne
3646 5807 3790 5864 dato.
3839 5805 4096 5863 Nimirum

2501 5896 2752 5953 suprema
2786 5882 2871 5937 illa
2899 5886 3177 5952 ἔκπυρὼπι.
3209 5879 3329 5937 th.
