4268 6492
679 3677 682 3680 ”
769 3703 820 3744 c.
851 3689 936 3743 I5.
969 3687 1050 3741 Ea:
1081 3687 1288 3749 eodem,
1316 3686 1378 3738 de
1421 3701 1631 3738 ascensu
1676 3694 1720 3737 et
1765 3687 1992 3738 oratione
2034 3693 2282 3737 nocturna
2314 3685 2369 3737 in

775 377 879 433 559
2166 377 2629 436 TER'I‘ULLIANI
3965 389 4036 442 56
4050 392 4084 441 0

851 491 1084 545 Marcion
1106 506 1276 559 suum,
1302 489 1492 546 Auctor
1511 491 1625 546 item
1653 505 1821 556 suum,
1845 490 1899 545 id
1920 501 1989 546 est
2013 488 2200 557 Lucw,
2243 494 2376 563 afﬁr-
2404 500 2454 557 Α
2482 510 2531 549 c.
2561 493 2651 548 22.
2680 491 2757 548 De
2801 496 3087 552 ostensione
3131 491 3319 553 Christi
3359 515 3475 554 cum
3527 501 3706 574 Moyse
3749 514 3796 557 et
3851 502 4005 558 IIelia
4038 507 4090 556 in

849 595 950 638 mat
1002 584 1378 649 adulteratam;
1430 584 1474 637 ei
1504 583 1762 654 pra'scribi
1804 585 2188 647 auctoritatem,
2241 584 2378 654 quod
2551 603 2747 642 secessu
2778 591 2986 652 montis,
3013 607 3075 643 ea:
3099 591 3296 645 eodem.

846 677 1104 749 antiquius
1147 676 1463 747 reperiatur,
1513 686 1560 728 et
1587 675 1664 729 illi
1692 676 2001 728 vitiationem
2046 677 2181 746 quod
2212 687 2378 745 poste-
2481 694 2530 735 c.
2558 680 2650 735 25.
2684 679 2758 735 De
2789 683 2947 736 verbis
2973 682 3181 738 Domini
3212 686 3280 738 ad
3312 684 3628 753 Pharistvos,
3660 690 3928 744 dilectione
3960 709 4088 760 par-

846 773 990 838 rius;
1013 772 1252 836 maxime,
1276 787 1390 824 cum
1422 769 1661 824 Marcion
1687 771 1951 839 aliquanto
1984 770 2249 824 catholica:
2278 769 2378 824 Ec-
2552 774 2813 841 vulorum,
2844 785 2892 829 et
2923 777 3266 847 increpatione
3287 782 3397 849 ejus
3427 783 3510 851 qui
3538 784 3736 837 dirimat
3760 801 3776 837 :
3800 785 4010 856 Sequar
4039 796 4092 840 lc

845 867 1014 923 clesitc
1040 867 1333 929 crediderit,
1363 876 1410 919 et
1434 876 1608 932 postea
1637 865 1689 918 in
1717 865 1950 918 liceresim
1976 863 2230 918 dest-ierit.
2550 882 2892 938 quocumque
2923 870 3068 934 ieris,
3105 888 3166 925 ex
3193 874 3391 926 εοιίωη,

774 976 827 1018 c.
856 961 910 1017 5.
949 961 1168 1030 Quippe,
1196 975 1310 1012 cum
1343 956 1496 1011 Luca:
1531 955 1863 1028 Evangeliuin
1901 957 2256 1009 auctoritatem
2282 955 2375 1008 ha-
2480 969 2529 1010 ο.
2553 957 2644 1011 24.
2679 957 2842 1012 Porro
2871 969 2918 1012 et
2950 977 3012 1014 ex
3039 963 3204 1030 capite
3235 962 3281 1016 Χ
3314 963 3490 1030 Luea',
3543 967 3606 1020 de
3637 968 3906 1025 allectione
3933 969 4090 1024 LXX

848 1056 958 1109 beat
987 1054 1048 1106 ab
1081 1052 1321 1108 Ecclesiis
1349 1050 1663 1120 apostolicis,
1709 1049 1847 1118 apud
1890 1067 2015 1120 quas
2042 1049 2177 1119 quod
2199 1064 2376 1102 sacro-
2551 1051 2940 1120 discipulorum,
2975 1063 3020 1106 et
3045 1065 3290 1122 potestate
3321 1058 3423 1110 illis
3451 1058 3592 1112 data.

847 1159 1075 1202 sanctum
1099 1154 1192 1210 est,
1211 1146 1272 1197 ab
1303 1143 1558 1214 Apostolis
1581 1143 1821 1196 traditunt
1840 1153 2067 1207 constat;
2098 1152 2142 1196 et
2164 1141 2376 1213 proinde
2478 1155 2527 1196 c.
2555 1142 2646 1197 25.
2677 1143 2754 1198 De
2792 1146 3022 1199 oratione
3060 1145 3265 1200 Domini
3295 1150 3362 1202 ad
3389 1151 3617 1216 Patrem,
3652 1153 3813 1207 verbis
3833 1155 3904 1207 ad
3929 1157 4086 1208 disci-

845 1240 994 1295 etiam
1020 1247 1201 1291 cratera
1236 1234 1792 1306 Evangelia,.loannis,
1823 1232 2078 1298 Matt/tari,
2110 1246 2153 1288 et
2183 1235 2375 1298 Marci;
2552 1235 2721 1304 pulos,
2754 1249 2796 1290 et
2824 1254 3066 1306 responso
3089 1240 3225 1307 [acto
3253 1242 3376 1312 legis
3405 1243 3620 1309 doctori,
3649 1263 3714 1300 ea:
3739 1249 3934 1300 eodem.

849 1335 937 1388 sed
963 1343 1008 1386 et
1037 1330 1407 1401 Apocalypsis,
1442 1345 1504 1383 ex
1533 1329 1712 1383 ordine
1745 1329 2096 1399 episcOporum
2123 1329 2188 1382 ad
2219 1327 2372 1399 origi-
2477 1339 2528 1381 c.
2553 1326 2643 1382 26.
2675 1327 2877 1382 Ifxinde
2913 1347 2974 1384 ex
3004 1333 3169 1400 capite
3213 1331 3278 1386 XI
3315 1333 3466 1388 Luca:
3486 1378 3501 1402 ,
3531 1337 3593 1390 de
3633 1335 3882 1392 Oratione
3915 1340 4089 1393 domi-

847 1443 960 1480 ηεηι
988 1441 1211 1479 rei-emo.
2550 1420 2684 1485 nica,
2715 1422 2928 1491 aliisque
2951 1425 3132 1476 orandi
3161 1428 3343 1494 formis
3369 1438 3416 1481 et
3447 1432 3711 1498 parabolis
3741 1449 3799 1485 eo
3822 1435 4089 1501 pertinen-

775 1535 826 1577 ε.
851 1520 904 1574 6.
935 1517 1098 1572 Porro
1128 1517 1196 1570 ad
1227 1517 1510 1569 institutum
1558 1514 1755 1567 veniens
1798 1513 2007 1579 Auctor,
2043 1513 2237 1567 nullam
2269 1529 2377 1567 esse
2549 1518 2711 1578 tibus;
2743 1516 2806 1570 de
2823 1517 2978 1570 surdo
3004 1517 3256 1573 dazmouio
3278 1523 3514 1590 expulso,
3543 1540 3602 1577 ac
3623 1525 3687 1579 de
3714 1529 4093 1582 exclamatione

857 1612 1048 1668 Veteris
1092 1621 1136 1664 et
1184 1608 1320 1664 Novi
1371 1608 1673 1664 Testamenti
1720 1608 2088 1674 diversitatem,
2141 1597 2216 1661 vel
2260 1609 2377 1663 inde
2550 1608 2776 1662 mulieris
2807 1609 3059 1664 deturba.

851 1706 1160 1776 prtescribit,
1205 1703 1343 1773 quod
1388 1703 1618 1757 Christus
1650 1713 1819 1754 noster
1845 1701 2123 1771 impleverit
2152 1701 2375 1772 pr0phe-
2477 1714 2528 1756 c.
2552 1703 2642 1756 27.
2668 1700 2743 1756 De
2773 1700 3052 1758 Pltaristvis
3080 1706 3278 1776 signum
3311 1709 3610 1776 petentibus,
3650 1721 3698 1764 et
3739 1711 3857 1766 aliis
3885 1729 4091 1766 corum-

848 1800 946 1852 tias
975 1795 1247 1860 Creatoris,
1274 1807 1319 1851 et
1363 1794 1797 1866 reprcvsentuverit
1845 1795 2204 1862 promissiones
2241 1795 2372 1865 ejus,
2549 1795 2663 1849 dem
2695 1796 3122 1864 increpationibus
3143 1841 3155 1862 ,
3187 1815 3248 1851 ea:
3276 1801 3472 1854 eodem,

847 1909 907 1945 ac
939 1892 1069 1962 leges
1099 1891 1370 1962 adjuverit.
2407 1897 2454 1959 Β
2482 1899 2532 1940 c.
2556 1886 2648 1940 28.
2677 1885 2760 1941 Ea:
2784 1889 2951 1957 capite
2972 1887 3061 1943 XII
3112 1888 3286 1956 Luccv,
3318 1894 3380 1945 de
3408 1892 3568 1946 verbis
3597 1891 3808 1948 Domini
3840 1898 3998 1951 variis
4018 1898 4089 1950 ad

776 1986 903 2040 0.7.
931 1985 1078 2051 Quod
1106 1985 1270 2054 ipsum
1314 1983 1531 2052 primum
1575 1981 1870 2052 comprobat
1914 1998 1976 2035 ex
1999 1982 2164 2050 capite
2188 1993 2371 2051 quarto
2554 1979 2872 2050 discipulos,
2924 1990 2970 2034 et
3025 1983 3270 2051 parabola
3315 1985 3485 2038 divitis
3533 1987 3837 2041 blandientis
3888 1991 3986 2043 sibi
4026 1993 4090 2044 de

847 2077 1001 2132 Luca:
1043 2077 1131 2132 sub
1175 2077 1346 2144 ﬁnem,
1388 2075 1450 2129 de
1479 2076 1730 2128 daemonio
1774 2075 1983 2143 expulso
2024 2074 2075 2127 in
2115 2090 2376 2144 synagoga
2555 2083 2799 2140 proventu
2825 2089 3065 2144 agrorum
3092 2092 3322 2130 suorum.

848 2171 1230 2238 Capharnaunt,
1260 2186 1318 2224 eo
1344 2170 1477 2238 quod
1507 2171 1604 2221 tria
1634 2166 1783 2222 Luca:
1810 2168 1972 2237 prima
1994 2167 2184 2235 capita,
2213 2177 2258 2219 et
2281 2168 2378 2220 iui—
2481 2178 2530 2220 c.
2556 2165 2649 2219 29.
2681 2164 2758 2218 De
2784 2183 2906 2218 cura
2952 2184 3052 2220 non
3083 2171 3282 2237 agenda
3306 2171 3491 2223 aniintv
3529 2172 3592 2223 de
3614 2173 3768 2236 victu,
3800 2185 3846 2226 et
3879 2178 4087 2244 corpori

849 2264 973 2317 tium
1001 2264 1187 2332 quarti,
1243 2272 1481 2331 tanquam
1524 2277 1631 2315 sute
1659 2262 1919 2315 sententia:
1961 2261 2217 2314 contraria
2264 2277 2375 2314 era-
2551 2264 2612 2310 de
2659 2259 2868 2322 vestitu,
2899 2261 3248 2330 succingcudis
3295 2262 3508 2329 lumbis,
3555 2282 3616 2317 ac
3645 2267 3802 2318 servis
3826 2267 4012 2334 beatis,
4038 2281 4085 2322 ct

846 2358 990 2411 sisset
1025 2355 1278 2409 Marcion.
2550 2352 2666 2422 igne
2696 2353 2848 2423 misso
2880 2353 2930 2406 in
2959 2363 3166 2421 terrant,
3197 2354 3410 2426 aliisque
3439 2359 3599 2412 verbis
3628 2358 3836 2412 Domini
3862 2380 3882 2423 ,'
3912 2378 3975 2414 ea:
3995 2379 4084 2416 eo-

773 2465 824 2507 c.
856 2451 909 2505 8.
942 2450 1020 2504 Ea:
1041 2451 1414 2519 eodemeapite,
1440 2450 1627 2518 partim
1657 2457 1794 2513 ante,
1837 2450 2022 2520 partim
2050 2458 2162 2520 post
2182 2450 2372 2505 dictam
2549 2444 2664 2496 dem
2694 2447 2880 2514 capite.

844 2545 1108 2597 historiam
1156 2542 1316 2616 (nam
1368 2544 1516 2596 etiam
1540 2544 1632 2597 hoc
1675 2553 2058 2612 transposuerat
2099 2542 2374 2614 Marcion)
2478 2551 2529 2592 c.
2556 2537 2646 2592 50.
2675 2536 2873 2593 Rursus
2900 2555 2961 2593 ex
2986 2541 3150 2612 capite
3177 2541 3294 2598 XIII
3354 2542 3529 2609 Lucas,
3575 2546 3639 2600 de
3663 2548 3932 2602 curatione
3961 2549 4084 2602 Sab-

843 2638 906 2690 de
931 2636 1161 2690 doctrina
1208 2635 1396 2690 Christi
1437 2635 1578 2705 apud
1609 2634 1870 2690 Nazareth
1922 2637 1974 2690 in
2014 2653 2296 2708 synagoga,
2325 2647 2374 2691 et
2549 2633 2664 2688 (mlo
2687 2639 2843 2707 facta,
2876 2640 3156 2707 parabolis,
3189 2641 3404 2712 aliisque
3432 2643 3596 2696 verbis
3627 2643 3858 2698 Domini.

843 2732 958 2784 aliis
989 2731 1270 2784 da'moniis.
2477 2741 2527 2781 c.
2557 2728 2646 2782 51.
2675 2728 2845 2781 Etiam
2880 2746 2943 2783 ex
2982 2733 3149 2800 capite
3186 2731 3342 2787 Luca'
3383 2735 3535 2800 XIV,
3572 2737 3745 2806 quales
3790 2739 3861 2790 ad
3887 2754 4084 2793 coenant

772 2837 823 2878 c.
851 2823 905 2879 9.
932 2821 1060 2876 Item
1084 2839 1145 2876 ex
1169 2822 1334 2889 capite
1349 2822 1523 2892 quinto
1540 2819 1713 2886 Luctv,
1749 2821 1810 2874 de
1829 2822 2090 2876 vocatione
2114 2823 2370 2892 apostolo-
2549 2821 2627 2874 vel
2663 2822 2936 2889 prandium
2979 2823 3193 2876 vocandi
3219 2826 3338 2892 sint,
3371 2843 3430 2879 ac
3458 2828 3521 2881 de
3547 2845 3688 2881 caena
3716 2830 3784 2881 ad
3810 2848 3966 2899 quam
3995 2848 4082 2884 vo-

844 2933 958 2968 rum
975 2914 1200 2969 Simonis
1219 2924 1262 2968 et
1287 2915 1511 2981 ﬁliorum
1528 2911 1782 2980 Zebedcei,
1802 2930 1861 2967 ac
1879 2914 2078 2984 leproso
2101 2915 2371 2980 mundata;
2549 2914 2678 2966 cavit
2707 2914 2912 2968 multos.

772 3024 823 3065 c.
850 3008 936 3063 10.
970 3006 1053 3062 Ex
1088 3008 1262 3061 eodem
1305 3007 1369 3060 de
1396 3008 1681 3078 paralytico
1718 3018 1921 3074 curato,
1951 3019 1996 3062 et
2027 3009 2373 3079 appellatione
2475 3019 2523 3058 (ι.
2553 3006 2640 3060 52.
2693 3004 2824 3060 Item
2868 3024 2931 3062 ex
2970 3009 3135 3079 capite
3181 3007 3270 3063 XV
3314 3009 3504 3079 Luctv,
3554 3013 3616 3066 de
3649 3029 3738 3067 ove
3776 3023 3821 3066 et
3866 3014 4083 3084 dragina

844 3101 968 3156 Filii
998 3103 1234 3157 hominis.
2551 3101 2762 3169 perditis
2789 3112 2834 3154 et
2875 3102 3108 3158 inventis.

773 3213 823 3254 c.
853 3198 938 3252 11.
973 3196 1048 3252 De
1077 3196 1346 3268 publicano
1372 3197 1555 3250 allecto
1575 3213 1606 3250 a
1636 3195 1875 3264 Domino,
1905 3207 1950 3251 et
1977 3198 2039 3251 de
2051 3198 2273 3268 jejunio,
2307 3213 2370 3250 ac
2474 3208 2524 3247 ο.
2557 3193 2646 3246 55.
2681 3192 2761 3247 Ea:
2784 3195 2949 3263 capite
2971 3196 3122 3249 etiam
3147 3194 3262 3250 XVI
3312 3195 3487 3261 Luca',
3513 3199 3575 3250 de
3595 3200 3795 3253 duobus
3828 3200 4077 3262 dominis.

843 3289 1043 3344 Christo
1087 3305 1292 3358 sponso,
1337 3299 1383 3343 et
1410 3288 1654 3358 parabola
1697 3290 1796 3342 vini
1836 3291 1950 3343 novi
1982 3306 2041 3342 ac
2079 3291 2275 3354 veteris,
2308 3305 2371 3342 ex
2396 3294 2441 3356 ρ
2546 3281 2657 3337 Deo
2696 3295 2742 3337 et
2787 3285 3116 3354 Mammona,
3157 3306 3216 3342 ac
3255 3290 3389 3343 dicto
3428 3290 3634 3344 Domini
3665 3310 3678 3345 :
3719 3291 3826 3345 Lex
3853 3303 3902 3345 et
3943 3293 4078 3346 Pro-

844 3381 1019 3435 eodcm
1049 3382 1234 3451 capite.
2549 3375 2714 3444 phetcv
2744 3393 2900 3446 usque
2928 3378 2996 3430 ad
3023 3377 3300 3433 Joannem.

2474 3481 2523 3520 ο.
2549 3466 2641 3521 5-1.
2670 3466 2744 3520 De
2765 3469 2981 3523 divortio
3008 3471 3282 3540 prohibito,
3305 3490 3363 3525 ac
3389 3474 3602 3541 proinde
3620 3476 3860 3547 conjugio
3886 3494 4079 3546 appro-

2546 3561 2660 3612 bato
2682 3601 2696 3625 ,
2727 3570 2774 3613 et
2804 3561 3003 3630 inferno
3031 3580 3090 3614 uc
3115 3564 3232 3616 sinu
3263 3564 3483 3617 Abraha:
3502 3607 3514 3629 ,
3549 3583 3611 3618 ex
3633 3568 3827 3620 eodem.

2473 3667 2524 3706 c.
2552 3653 2640 3706 55.
2672 3652 2922 3723 Deinceps
2950 3672 3014 3709 ex
3044 3672 3160 3725 cap.
3195 3655 3335 3711 XVII
3395 3656 3568 3724 Lucae,
3603 3660 3663 3712 de
3694 3661 3855 3713 verbis
3899 3660 4078 3714 Domi-

2547 3747 2599 3797 ni
2626 3745 2858 3813 diversis,
2887 3749 3100 3816 teprosis
3141 3749 3308 3802 decem
3343 3751 3565 3816 curatis,
3603 3761 3646 3804 et
3678 3752 4078 3822 interrogatione

2547 3839 2930 3893 Pharisazorum
2959 3841 3022 3894 de
3043 3857 3198 3910 regno
3227 3841 3341 3896 Dei.

2471 3948 2522 3986 ς.
2553 3933 2642 3988 56.
2670 3933 2918 3988 Similiter
2939 3950 3001 3988 ex
3022 3950 3139 4003 cap.
3167 3934 3330 3989 XVIII
3383 3935 3554 4002 Luete,
3581 3939 3642 3991 de
3661 3938 3921 4007 parabolis
3938 3940 4078 4008 judi-

2542 4030 2634 4095 cis,
2663 4045 2724 4082 ac
2769 4027 3022 4083 Pliariswi
3063 4041 3107 4083 et
3159 4030 3430 4084 I’ublicani
3465 4033 3722 4086 orantium
3770 4035 3822 4086 in
3852 4035 4071 4101 templo,

2541 4121 2701 4175 verbis
2721 4119 2925 4174 Domini
2942 4123 3009 4174 ad
3021 4122 3388 4176 adolescentem
3409 4123 3633 4189 divitem,
3649 4134 3693 4177 et
3716 4139 3852 4177 τίετο
3871 4135 4072 4177 curato.

2468 4227 2522 4268 c.
2554 4213 2644 4268 57.
2674 4211 2756 4265 Ex
2777 4213 2940 4281 capite
2960 4214 3109 4267 etiam
3135 4212 3248 4268 XIX
3285 4213 3457 4278 Luctc,
3481 4215 3544 4267 de
3564 4213 3806 4281 Zachwo,
3838 4225 3882 4268 et
3903 4231 4074 4268 servo.

2542 4321 2655 4359 rurn
2685 4305 2928 4373 parabola
2955 4307 3040 4375 qui
3067 4308 3344 4360 secundum
3365 4307 3610 4361 rationem
3633 4311 3898 4378 (miserata:
3923 4324 4074 4377 pecu-

2544 4399 2643 4452 nia:
2671 4397 3045 4467 dijudicantur.

2467 4507 2519 4548 c.
2548 4494 2637 4548 58.
2669 4491 2802 4546 Item
2847 4509 2909 4547 ex
2938 4510 3054 4563 cap.
3089 4492 3182 4547 ΧΧ
3240 4491 3395 4547 Luca:
3422 4494 3484 4547 de
3513 4494 3665 4548 variis
3699 4494 3862 4547 verbis
3895 4493 4074 4548 Domi-

2542 4587 2591 4639 ni
2615 4588 2683 4638 ad
2713 4584 3020 4653 I’haristeos,
3045 4585 3310 4658 Principes
3340 4587 3698 4651 Sacerdotum,
3726 4587 4069 4650 Saddueceos.

2393 4689 2444 4750 Ι)
2542 4689 2586 4733 et
2613 4679 2840 4734 Scribas.

772 3513 823 3554 c.
850 3497 936 3552 12.
968 3496 1098 3551 Dein
1127 3513 1189 3550 ex
1207 3497 1372 3567 capite
1398 3495 1488 3560 VI,
1519 3496 1582 3549 de
1599 3495 1863 3566 discipulis
1887 3495 2243 3567 colligentibus
2271 3497 2368 3566 spio

841 3611 947 3658 cas,
973 3609 1034 3646 ac
1059 3602 1238 3645 sanata
1268 3608 1420 3644 manu
1449 3591 1598 3645 arida
1636 3591 1688 3644 in
1715 3590 1942 3645 sabbato.

843 3791 1013 3833 monte
1034 3820 1049 3845 ,
1081 3777 1432 3844 apostolorum
1471 3775 1740 3828 duodecim
1791 3791 2000 3828 numero
2021 3817 2034 3838 ,
2083 3777 2369 3829 mutatione

841 3870 1060 3925 nominis
1087 3867 1251 3935 Petri,
1284 3884 1343 3921 ac
1369 3877 1612 3921 conventu
1639 3867 1858 3937 gentium
1889 3867 1956 3918 ad
1978 3865 2258 3921 Christum.

771 3981 821 4022 c.
850 3964 934 4020 14.
964 3962 1041 4017 De
1067 3960 1480 4028 beatitudinibus,
1511 3977 1599 4016 seu
1630 3977 1858 4015 sermone
1888 3959 2094 4015 Domini
2119 3961 2170 4014 in
2226 3977 2370 4015 mone

841 4069 907 4122 te,
941 4073 1002 4112 ex
1028 4055 1226 4111 eodem.

770 4167 819 4206 c.
848 4150 936 4206 15.
966 4149 1043 4203 De
1071 4148 1223 4202 variis
1253 4145 1707 4211 maledictionibus,
1749 4145 1931 4212 quibus
1973 4143 2059 4200 νω
2086 4144 2367 4200 Pltariscvis

840 4245 1150 4313 imprecatus
1179 4250 1272 4308 est,
1301 4257 1362 4295 ex
1382 4240 1575 4294 eodem.

769 4375 820 4414 c.
848 4357 935 4413 16.
961 4355 1040 4410 De
1084 4365 1336 4427 praecepto
1372 4353 1655 4408 dilectionis
1701 4361 1804 4407 tam
1846 4353 2170 4408 inimicorum
2216 4370 2368 4424 quam

840 4447 1082 4518 proximi,
1117 4463 1178 4501 ea:
1203 4447 1398 4501 eodem.

768 4557 817 4598 c.
849 4543 934 4597 I7.
964 4539 1040 4594 De
1061 4543 1252 4610 [tenore
1271 4540 1559 4606 interdicto,
1583 4538 1798 4607 aliisque
1820 4537 2030 4594 Domini
2053 4539 2212 4594 verbis
2241 4555 2367 4609 pene

839 4637 907 4688 ad
932 4635 1083 4702 ﬁnem
1114 4647 1268 4703 usque
1293 4632 1517 4700 ejusdem
1557 4631 1757 4701 capitis.

768 4743 817 4782 c.
852 4726 936 4782 I8.
967 4725 1049 4780 Ex
1073 4727 1236 4795 capite
1264 4725 1416 4779 etiam
1447 4721 1534 4777 VII
1571 4722 1728 4777 Luca:
1761 4724 1824 4778 de
1863 4725 1965 4793 ﬁde
2009 4725 2320 4779 centurionis
2342 4764 2356 4790 ,

838 4819 1136 4874 resuscitato
1175 4819 1282 4887 ﬁlio
1312 4817 1477 4871 vidua:
1500 4859 1513 4881 ,
1557 4814 1761 4870 Joanne
1798 4815 2033 4888 Baptista
2081 4827 2128 4871 et
2156 4817 2366 4871 muliere

838 4914 1135 4984 peccatrice.

2466 4808 2517 4849 c.
2547 4792 2638 4848 59.
2675 4792 2929 4848 Prtrterea
2961 4805 3005 4848 et
3052 4811 3116 4849 ea:
3146 4793 3263 4849 XXI
3303 4792 3459 4850 Luca:
3501 4795 3698 4865 capite,
3747 4795 3811 4849 de
3849 4798 4069 4850 venturis

2539 4879 2590 4940 in
2619 4888 2821 4940 nomine
2847 4886 3035 4941 Christi
3056 4899 3102 4940 et
3128 4890 3283 4958 signis
3306 4889 3470 4941 ultimi
3494 4890 3634 4957 ﬁnis,
3663 4905 3723 4942 ac
3746 4890 3810 4941 de
3831 4891 4069 4944 doctrina

771 5048 819 5089 Ο.
839 4979 938 5086 '19.
965 5029 1198 5083 Pomm
1225 5044 1286 5081 ex
1308 5027 1471 5096 capue
1498 5025 1608 5080 Vl"
1634 5023 1809 5091 Lam,
1834 5025 1897 5078 de
1922 5023 2164 5078 (“vilibus
2186 5024 2364 5078 mulio-
2539 4979 2726 5034 Christi
2753 4981 2802 5033 in
2831 4982 3016 5048 templo
3042 4992 3089 5034 et
3119 4997 3314 5034 secessu
3346 4983 3397 5034 in
3423 4992 3641 5035 montem
3667 4983 3936 5037 elaeonem.

837 5123 985 5182 ribus.
1020 5093 1390 5175 adluerentibus
1431 5115 1668 5184 Christo,
1717 5118 1780 5172 de
1823 5116 1984 5170 verbis
2042 5116 2250 5170 Domini
2297 5117 2365 5169 ad

2469 5111 2515 5151 c.
2541 5095 2628 5149 40.
2663 5093 2810 5149 Idem
2836 5112 2897 5149 ex
2922 5112 3038 5164 cap.
3073 5093 3218 5149 XXII
3272 5094 3447 5160 Lucw,
3474 5097 3535 5149 de
3556 5097 3637 5149 die
3666 5096 3890 5150 Pascha:
3915 5099 4067 5152 electo

2539 5188 2607 5241 ad
2639 5186 2960 5255 Passionem,
3005 5188 3289 5241 venditione
3319 5205 3377 5240 ac
3422 5189 3708 5258 proditione
3733 5188 3911 5254 Judcv,
3940 5201 3984 5245 et
4013 5193 4070 5243 de

840 5213 1133 5284 discipulos,
1167 5224 1213 5265 et
1238 5213 1300 5266 de
1331 5221 1490 5265 matre
1510 5227 1569 5263 ac
1599 5211 1838 5279 fratribus
1865 5208 2071 5263 Christi.

2541 5282 2894 5334 distributione
2919 5282 3146 5351 corporis
3172 5294 3221 5334 et
3247 5283 3512 5352 sanguinis
3541 5283 3754 5337 Christi.

771 5323 817 5364 c.
843 5307 935 5363 20.
965 5305 1040 5360 De
1063 5304 1319 5358 miraculis
1340 5303 1552 5366 Christi,
1579 5303 1758 5372 quibus
1779 5304 1936 5356 ventis
1963 5319 2022 5356 ac
2046 5303 2177 5356 mari
2199 5304 2363 5372 impe-

839 5399 988 5464 ravit,
1020 5399 1265 5467 legionem
1297 5397 1583 5450 da'monuin
1617 5396 1786 5464 ejecit,
1810 5405 1854 5450 et
1878 5397 2077 5465 ﬂuxum
2100 5397 2364 5467 sanguinis
2468 5413 2518 5452 c.
2554 5399 2641 5452 41.
2674 5397 2751 5450 De
2791 5397 3152 5466 imprecatione
3179 5397 3256 5449 illi
3288 5396 3444 5464 facta,
3479 5414 3568 5465 per
3608 5413 3755 5466 quem
3785 5399 4067 5452 traderetur

835 5493 1032 5544 curavit
1063 5492 1114 5543 in
1145 5489 1375 5554 muliere,
1406 5504 1467 5542 ea:
1494 5488 1689 5541 eodem.
2544 5489 2711 5543 Filius
2751 5490 2989 5555 hominis,
3015 5505 3072 5541 ac
3100 5488 3273 5542 osculo
3305 5489 3604 5553 traditoris;
3648 5503 3694 5542 et
3727 5491 3790 5543 de
3825 5507 4068 5561 responso

771 5623 817 5662 c.
844 5605 905 5661 21
924 5646 936 5659 .
970 5602 1050 5657 Ea:
1075 5602 1144 5657 IX
1173 5605 1291 5656 item
1318 5603 1482 5672 capite
1522 5602 1694 5666 Luem,
1744 5601 1806 5654 de
1831 5601 2098 5671 discipulis
2125 5602 2192 5654 ad
2225 5619 2362 5673 prte-

2544 5581 2751 5635 Domini
2780 5583 2845 5634 ad
2869 5582 3311 5652 interrogationem
3341 5599 3408 5635 an
3433 5583 3541 5651 ipse
3567 5592 3693 5636 esset
3723 5581 3982 5650 Christus,
4011 5603 4070 5638 ex

840 5699 1118 5756 dicandum
1150 5698 1339 5760 missis,
1368 5707 1510 5765 pasto
1553 5696 1742 5764 p0pulo
1770 5698 1823 5748 in
1852 5695 2145 5760 solitudine,
2171 5700 2370 5768 confes-
2543 5675 2716 5728 “dm”
2749 5675 2931 5743 τηρίίεε

842 5795 984 5845 sione
1017 5788 1156 5843 Petri
1180 5804 1196 5841 :
1220 5787 1300 5843 Tu
1323 5805 1381 5844 cs
1401 5788 1668 5852 Christus,
1695 5798 1741 5841 et
1759 5787 2004 5858 prazdicta
2026 5789 2370 5859 persecutione
2473 5803 2522 5842 c.
2559 5788 2642 5842 hi2.
2680 5787 2758 5840 lix
2788 5787 2950 5855 capite
2969 5805 3164 5857 quoque
3189 5787 3353 5843 XXIII
3385 5788 3552 5854 Lucce,
3584 5793 3646 5844 de
3683 5793 3839 5846 simili
3871 5811 4071 5865 respon-

847 5882 1093 5955 [idelium.
2549 5897 2602 5933 so
2633 5882 2681 5932 in
2711 5881 2858 5934 domo
2885 5880 3064 5947 Pilati,
3087 5882 3286 5950 judicio
3315 5883 3454 5950 apud
3507 5885 3738 5937 eumdem
3774 5884 4007 5940 Pilatum
4033 5901 4073 5940 et
