4268 6492
203 330 301 389 361

1230 335 1363 393 LIB.
1404 335 1469 392 IV
1529 334 1894 395 ADVERSUS
1930 332 2355 396 MARCIONEM.

3370 342 3479 399 562

269 447 547 510 Ilcrodem,
589 449 940 519 cruci/ixionc,
981 450 1143 523 signis
1165 450 1220 505 in
1250 464 1427 521 morte,
1452 453 1783 525 aspiratione,
1813 456 1863 517 Α
1892 455 1944 509 in
1974 471 2071 519 me,
2098 456 2337 523 quoniam
2366 456 2449 512 lea:
2476 458 2695 528 prodibit
2717 474 2750 512 a
2772 475 2868 523 me,
2897 470 2942 514 et
2960 460 3216 529 judicium
3243 477 3405 514 meum
3428 461 3480 514 in

266 554 311 595 ct
341 547 603 612 sepultura
634 543 859 599 Domini.

192 634 348 688 CAP.
378 634 559 689 XLIII.
589 633 813 705 Denique
842 652 905 689 ea:
941 652 1055 702 cap.
1086 635 1249 691 XXIV
1279 635 1442 704 Luca,
1470 638 1533 692 de
1558 638 1785 691 mulieri-

264 727 357 780 bus
388 727 456 779 ad
484 729 768 797 sepulcrum
800 744 913 782 cum
941 729 1153 783 odorum
1181 740 1447 797 paratum,
1476 729 1538 783 de
1562 745 1786 785 resurre-

266 822 431 873 ctione
445 831 553 889 post
576 821 802 886 biduum,
820 823 882 876 de
904 823 1308 892 apparitionibus
1323 824 1530 886 Christi,
1546 839 1658 893 qua:
1679 840 1789 877 inn-

265 913 763 982 lieribus,discipulis
777 932 834 967 ac
848 916 886 968 Α
895 916 1101 983 postolis
1115 919 1267 985 facta:
1280 924 1467 982 suut,et
1481 914 1545 969 de
1556 916 1791 969 missione

265 1006 628 1076 Apostolorum
652 1009 719 1061 ad
748 1007 1133 1078 prtcdirandum
1162 1007 1409 1063 universis
1442 1004 1751 1061 nationibus.

724 1142 955 1199 CAPUT
982 1140 1267 1199 PRIMUM.

267 1280 495 1338 Omnem
528 1283 843 1337 sententiam
877 1281 955 1354 (α)
984 1293 1037 1339 ct
1066 1298 1281 1338 onmem
1316 1291 1619 1353 paraturam
1649 1280 1796 1352 impii

192 1385 357 1446 atque
388 1375 633 1443 sacrilegi
665 1375 944 1430 Marcionis
989 1374 1054 1430 ad
1106 1375 1275 1445 ipsum
1301 1372 1412 1444 jam
1444 1373 1795 1445 Evangelium

195 1470 316 1539 ejus
350 1484 721 1539 provocamus,
768 1469 907 1539 quod
954 1468 1328 1538 interpolando
1368 1484 1525 1523 suum
1554 1467 1695 1523 l'ccit.
1729 1466 1795 1521 Et

197 1575 254 1617 ut
288 1563 452 1618 ﬁdem
498 1564 805 1624 instrueret.
855 1561 1033 1617 dotem
1080 1560 1365 1632 quauulam
1411 1568 1800 1616 commentatus

196 1667 283 1711 est
308 1658 406 1722 illi,
455 1673 589 1726 opus
624 1673 687 1711 cx
730 1656 1167 1711 contrarietatum
1214 1655 1657 1725 oppesitionibus,
1695 1654 1802 1707 An—

199 1750 405 1802 titlicscs
449 1748 878 1816 Cognomiuatum
914 1747 1015 1815 Ib),
1041 1756 1096 1801 et
1134 1746 1200 1802 ad
1221 1747 1611 1817 separationem
1642 1743 1802 1815 chis

1889 546 2351 615 luccmnationnm,
2377 564 2486 617 quo
2517 549 3023 621 jndicaveratatquc
3054 551 3359 607 decreverat
3391 566 3486 607 na-

1893 639 2065 701 tiones
2084 656 2298 711 quoque
2316 641 2694 697 illmniuamlas
2713 658 2808 712 per
2828 643 3096 711 Evangelii
3126 646 3296 715 legem
3317 656 3479 713 atque

1890 747 2214 788 sermonem.
2261 732 2386 788 llaec
2415 735 2519 789 erit
2549 734 2629 790 lex
2662 736 2742 805 (5)
2770 735 2907 803 apud
2945 736 3105 789 David
3154 736 3481 806 iuvilupera-

1892 821 2038 889 bilis,
2060 839 2159 893 qua
2182 822 2433 893 perfecta,
2450 823 3005 897 convertenslauimas,
3028 826 3205 897 utique
3236 828 3303 880 ab
3332 829 3486 883 idolis

1892 917 1958 970 ad
1991 915 2178 971 Deum.
2212 915 2307 972 llic
2332 916 2435 971 erit
2458 928 2512 973 et
2537 933 2747 982 sermo,
2770 919 2837 974 de
2863 936 2968 989 quo
3003 921 3141 975 idem
3181 920 3343 974 Isaias
3380 920 3480 985 (Is.

1892 1005 1964 1070 Χ,
1992 1005 2085 1075 23)
2107 1025 2119 1061 :
2145 1006 2416 1073 Quoniam,
2444 1009 2629 1079 inquit,
2655 1010 2879 1064 decisum
2900 1027 3174 1066 sermonem
3198 1014 3344 1082 faciet
3379 1014 3484 1066 Do-

1896 1096 2062 1151 minus
2091 1098 2146 1151 in
2174 1109 2327 1153 term.
2374 1098 2819 1167 Compendiatum
2852 1112 2932 1156 est
2958 1105 3099 1157 enim
3142 1102 3346 1158 Novum
3375 1104 3480 1159 'I‘e-

1896 1198 2245 1256 stamentum,
2281 1192 2357 1261 (c)
2384 1201 2439 1245 et
2466 1190 2548 1261 (6)
2581 1191 2713 1261 legis
2737 1193 3005 1247 laciniosis
3035 1194 3290 1249 oneribus
3320 1212 3485 1268 expe-

1897 1280 2086 1336 ditum.
2120 1282 2225 1337 Sed
2253 1284 2379 1354 quid
2414 1284 2697 1353 pluribus?
2727 1300 2850 1340 eum
2890 1286 3245 1350 manifestius,
3291 1299 3343 1343 et
3373 1290 3487 1345 luce

1899 1373 2013 1445 ipsa
2052 1375 2250 1431 clarius
2275 1377 2486 1431 novalia
2516 1376 2835 1447 praedicetur
2864 1397 2892 1431 a
2920 1378 3173 1435 Creatore
3217 1397 3309 1450 per
3335 1397 3487 1436 eum-

1899 1468 2022 1525 dem
2073 1469 2176 1539 (Is.
2224 1469 2408 1535 XLIII,
2439 1472 2529 1546 18)
2559 1487 2577 1525 :
2605 1470 2687 1525 Ne
2734 1473 3114 1528 rememiueritis
3165 1476 3412 1544 priorum,
3445 1484 3491 1529 ct

1901 1563 2111 1633 antiqua
2136 1579 2199 1617 ne
2216 1563 2572 1633 cogitaveritis.
2608 1561 2789 1617 Vetera
2812 1566 3142 1632 transierunt,
3167 1583 3293 1620 nova
3315 1569 3490 1621 orian-

1903 1663 2005 1707 tur.
2039 1650 2174 1707 Ecce
2216 1654 2348 1724 facio
2390 1670 2550 1718 nova.
2589 1670 2703 1725 qua:
2745 1671 2881 1709 nunc
2922 1658 3164 1711 orientur.
3210 1656 3353 1713 Idem
3403 1672 3495 1727 per

1906 1744 2226 1801 Hieremiam
2251 1744 2461 1815 (Ierem.
2491 1745 2580 1814 IV,
2603 1749 2658 1817 5)
2685 1764 2697 1800 :
2737 1746 2937 1803 Novate
2962 1751 3097 1803 vobis
3126 1766 3369 1804 noramcn
3401 1768 3494 1805 no-

198 1853 254 1898 ct
283 1840 562 1910 Evangelii
592 1852 859 1906 coactum,
901 1856 1002 1909 qua
1032 1839 1166 1895 duos
1202 1840 1340 1895 Deos
1369 1837 1635 1904 dividens,
1668 1852 1796 1908 pro-
1830 1849 1877 1909 Β
1905 1856 2052 1903 vum,
2085 1850 2131 1894 et
2171 1857 2234 1895 ne
2258 1843 2482 1895 scvcritis
2518 1843 2570 1895 in
2595 1843 2803 1913 spinas,
2830 1854 2877 1897 et
2914 1844 3333 1898 circmncidimiui
3362 1863 3497 1913 prce-

200 1932 330 1987 iude
351 1932 616 1997 diversos,
648 1931 875 1987 alterum
901 1929 1501 1996 alteriuslnstrumenti,
1534 1927 1615 1983 vel
1638 1927 1802 2000 (quod
1908 1930 2330 2001 putia(7)cordis
2353 1934 2538 1998 vestri;
2565 1941 2619 1988 et
2642 1934 2767 1988 alibi
2789 1934 2995 2006 (lerem.
3022 1934 3312 2005 ΧΧΧῌΞΙ)
3342 1936 3503 1990 :lz'crc

201 2026 378 2094 magis
406 2025 521 2081 usui
541 2022 617 2094 (I)
642 2034 719 2078 est
742 2020 943 2091 dicere)
962 2020 1322 2083 Tcstamcnli;
1353 2030 1407 2074 ul
1427 2018 1619 2075 exinde
1634 2019 1805 2073 Ενεηι·
1908 2023 2110 2077 veniunt
2127 2022 2208 2093 (8)
2223 2023 2353 2089 dies,
2375 2024 2497 2078 dicit
2518 2023 2790 2091 Dominus,
2814 2039 2858 2081 et
2877 2029 3325 2097 per/icimutlonmi
3341 2028 3501 2084 Jacob

202 2119 346 2188 gelio
377 2135 588 2189 quoque
615 2117 909 2172 secundum
937 2115 1231 2169 autitheses
1259 2112 1533 2169 credendo
1576 2110 1806 2185 patroci-
1910 2126 1955 2169 et
1981 2115 2153 2169 domui
2173 2113 2315 2169 Jnda
2335 2126 2685 2171 testamentum
2709 2134 2911 2183 novum,
2936 2135 3035 2171 non
3059 2120 3331 2174 secundum
3357 2132 3504 2177 testa-

206 2224 454 2267 naretur.
485 2211 588 2266 Sed
620 2220 673 2265 el
709 2210 836 2266 istas
888 2210 1102 2280 proprio
1127 2222 1415 2279 congressu
1454 2207 1719 2269 cominus,
1753 2203 1808 2260 id

206 2315 313 2368 c9,
368 2319 465 2372 per
509 2303 744 2372 singulas
796 2302 1109 2370 injectioncs
1156 2299 1357 2355 Pontici
1396 2298 1733 2365 cecidissem,
1764 2297 1809 2353 si

209 2415 318 2453 non
350 2397 521 2451 inulto
550 2395 900 2466 Opportuuius
929 2395 981 2449 in
1017 2395 1132 2463 ipso
1179 2404 1233 2449 et
1276 2408 1398 2448 cum
1428 2393 1544 2462 ipso
1572 2392 1807 2463 Evange-

209 2491 306 2553 Iio.
338 2489 425 2545 cui
477 2498 783 2558 procurant.
832 2486 1269 2541 retundereutur.
1324 2485 1654 2552 Quamquam
1706 2492 1813 2538 tam

211 2582 373 2637 facile
400 2591 485 2633 est
517 2579 879 2649 prescriplive
905 2592 1209 2641 occurrere,
1239 2586 1289 2631 et
1315 2574 1527 2646 quidem
1549 2572 1629 2646 (‘2)
1654 2584 1710 2628 ut
1728 2589 1818 2629 ac-

212 2686 373 2742 cepto
392 2689 487 2730 cas
513 2674 727 2738 faciam,
762 2683 817 2725 ut
844 2682 959 2727 rato
983 2671 1232 2738 habeam,
1258 2680 1314 2725 ut
1341 2670 1619 2726 nobiscum
1642 2667 1820 2724 facere

213 2770 413 2832 dicam,
446 2784 553 2837 quo
580 2768 747 2837 magis
768 2766 833 2821 de
860 2768 1099 2821 ca-citate
1130 2765 1365 2820 auctoris
1390 2765 1472 2820 sui
1502 2763 1823 2819 erubescant

216 2876 417 2919 nostra:
461 2864 572 2933 jam
618 2862 912 2916 antitheses
957 2860 1215 2914 adversus
1257 2857 1601 2917 Marcionem.
1649 2859 1824 2926 Atque

216 2958 486 3009 Conﬁteor
504 2955 663 3006 alium
692 2953 931 3008 ordinem
965 2950 1338 3005 decucurrisse
1355 2949 1403 3003 in
1421 2948 1826 3019 veteridisposi-

220 3050 366 3100 tione
392 3046 534 3115 apud
560 3047 892 3110 Creatorem,
924 3046 1087 3099 alium
1119 3046 1169 3097 in
1206 3035 1339 3098 nova
1364 3043 1502 3114 apud
1531 3042 1825 3098 Christum.

220 3139 337 3196 Non
373 3156 513 3206 nego
560 3139 763 3193 distare
805 3139 1125 3193 documenta
1156 3136 1381 3207 eloquii,
1432 3144 1699 3207 prmeepta
1722 3135 1828 3188 vir-

1912 2220 2137 2263 mcntum
2160 2209 2295 2280 quod
2315 2210 2542 2280 disposui
2564 2212 2789 2280 patribus
2808 2228 2984 2266 eorum
3009 2214 3059 2265 in
3078 2215 3158 2267 dic
3183 2230 3282 2281 qua
3311 2215 3507 2283 arripui

1913 2300 2295 2370 dispositionem
2316 2317 2512 2366 comm,
2534 2302 2601 2354 ad
2623 2302 2904 2355 educendos
2925 2319 3008 2357 cos
3029 2303 3091 2356 de
3110 2314 3243 2357 terra
3267 2302 3509 2374 Afgypti.

1918 2393 2069 2449 Adeo
2086 2393 2365 2464 pristinum
2388 2405 2758 2451 tcsniiiicntuui
2776 2397 3068 2466 temporale
3086 2399 3364 2468 signiﬁcat.
3384 2399 3509 2453 dum

1918 2487 2173 2543 mutabile
2212 2487 2478 2553 oetendit,
2525 2489 2685 2542 etiam
2720 2487 2845 2542 dum
2885 2500 3145 2544 mtermnu
3186 2490 3253 2545 de
3298 2500 3533 2558 postero.

1922 2580 2223 2649 pollicetur.
2268 2579 2399 2634 Nam
2443 2595 2537 2649 per
2565 2577 2753 2634 Isaiam
2781 2579 2882 2651 (Is.
2912 2580 3025 2647 LV,
3060 2582 3113 2651 ’5)
3141 2599 3154 2634 :
3190 2583 3369 2635 Audite
3412 2600 3509 2646 mc,

1922 2680 1969 2725 et
1994 2671 2184 2738 vinetis,
2230 2680 2276 2725 ct
2304 2670 2573 2739 disponam
2610 2670 2748 2726 vobis
2787 2681 3179 2736 testamentum;
3216 2672 3510 2742 adjicieus:

1925 2760 2120 2818 Sancta
2148 2773 2193 2817 et
2216 2763 2389 2830 ﬁdelia
2419 2762 2622 2827 David;
2651 2775 2703 2817 ut
2733 2763 2782 2819 id
2808 2774 3184 2821 testamentum
3216 2768 3268 2819 in
3298 2766 3513 2821 Christo

1925 2854 2276 2909 decursurum
2298 2854 2692 2910 demonsuarct
2713 2855 2818 2925 (9).
2844 2856 3104 2912 Euuulem
3129 2873 3191 2913 ex
3210 2875 3404 2928 genere
3428 2858 3521 2914 Da-

1928 2946 2013 3000 vid
2037 2945 2329 3001 sccuudum
2352 2946 2529 3001 Maria:
2549 2960 2793 3013 censum,
2812 2948 2971 3002 etiam
2998 2950 3048 3003 in
3068 2950 3213 3019 virga
3240 2966 3307 3005 ex
3343 2954 3520 3007 radice

1928 3039 2081 3095 Iesse
2120 3054 2435 3111 processura
2475 3040 2698 3107 ﬁgurate
2737 3042 3081 3110 praedicabat.
3129 3044 3291 3112 Igitur
3319 3046 3361 3098 si
3387 3045 3519 3099 alias

1934 3133 2112 3203 leges,
2152 3132 2394 3200 aliosque
2430 3146 2749 3197 sermones,
2794 3142 2847 3187 et
2877 3148 3040 3187 novas
3087 3144 3523 3196 [estmnentormu

222 3238 376 3300 tutis,
412 3236 548 3306 legis
574 3236 883 3304 disciplinas
913 3250 927 3298 ;
959 3234 1085 3287 dum
1116 3242 1292 3287 tamen
1326 3240 1431 3285 tota
1459 3230 1747 3286 diversitas
1776 3227 1828 3283 in
1856 3238 1902 3302 ο
1935 3224 2312 3295 dispositiones
2339 3241 2365 3275 a
2396 3221 2652 3279 Creatore
2678 3223 2813 3278 dixit
2843 3223 3065 3289 futuras,
3108 3236 3163 3280 ut
3189 3230 3350 3282 etiam
3384 3230 3524 3299 ipso-

224 3347 391 3384 tmum
422 3341 476 3383 et
519 3328 768 3381 eumdem
819 3327 982 3379 Deum
1024 3333 1331 3393 competat;
1376 3324 1522 3377 Ilitllll
1573 3321 1833 3377 sciliccta

226 3438 333 3491 quo
360 3428 575 3474 constat
594 3417 671 3485 (5)
698 3416 1031 3485 dispositam,
1059 3416 1189 3468 sicut
1220 3423 1274 3469 et
1305 3414 1665 3481 praedicatam.
1693 3412 1834 3467 Olim

228 3512 586 3568 concinuntur
626 3508 788 3565 Isaias
819 3505 917 3578 (Is.
950 3507 1013 3571 ll,
1046 3506 1103 3578 5)
1125 3548 1139 3571 ,
1170 3506 1488 3577 proditurum
1520 3522 1583 3559 ex
1610 3504 1738 3561 Sion
1764 3505 1838 3560 le-

231 3624 366 3676 gem,
390 3615 438 3659 et
465 3619 745 3658 sermonem
770 3600 971 3654 Domini
997 3618 1060 3654 ea;
1090 3598 1406 3654 Hierusalem
1429 3614 1446 3653 :
1469 3599 1626 3653 aliam
1656 3598 1837 3668 utique

236 3683 432 3769 legem,
469 3696 743 3764 aliumque
772 3708 1095 3747 sermonem.
1144 3690 1381 3762 Denique
1407 3708 1419 3743 :
1446 3690 1729 3757 Judicabit,
1760 3690 1838 3745 in-

236 3791 372 3859 quit,
392 3791 525 3843 inter
549 3790 797 3851 nationes,
813 3796 857 3840 et
882 3786 1109 3838 traducet
1136 3786 1381 3854 populum
1405 3784 1678 3852 plurimum
1698 3798 1716 3848 ;
1737 3785 1842 3839 sci-

244 3881 367 3937 licet
399 3898 508 3935 non
544 3878 699 3931 unius
727 3878 900 3948 gentis
925 3876 1254 3937 Jndzeorum,
1286 3874 1381 3931 sed
1409 3877 1841 3946 nationnm,qtt:n

243 3989 337 4045 per
357 3988 555 4039 novam
583 3970 751 4040 legem
780 3967 1051 4038 Evangelii
1082 3977 1347 4022 etuovum
1368 3982 1670 4023 sermonem
1705 3969 1846 4037 Apo-

246 4068 511 4122 stolorum
527 4063 899 4133 judicauturct
916 4060 1264 4115 traducuntur
1282 4059 1422 4129 apud
1445 4063 1763 4128 semetipsas
1782 4057 1851 4114 de

252 4161 483 4231 pristino
511 4172 718 4222 errore,
746 4154 905 4209 simul
933 4153 1299 4218 crediderunt,
1328 4162 1486 4222 atque
1508 4152 1701 4207 exinde
1721 4165 1852 4207 con-

254 4254 442 4307 cidant
486 4248 677 4304 macha
696 4262 784 4302 ras
834 4262 958 4301 suas
1003 4249 1054 4298 iu
1082 4255 1294 4308 aratra;
1343 4252 1397 4297 et
1421 4243 1659 4314 sibynas,
1709 4242 1853 4314 quod

256 4360 426 4417 genus
456 4343 835 4399 venabulormn
859 4350 963 4404 εει,
995 4339 1046 4393 in
1077 4338 1262 4402 falces,
1291 4337 1341 4391 id
1365 4345 1468 4403 est,
1499 4335 1643 4391 feros
1666 4345 1720 4389 ct
1747 4350 1851 4391 sa:-

258 4457 352 4494 vos
380 4436 654 4508 quondam
684 4434 892 4489 animos
919 4440 1235 4487 convertunt
1264 4432 1313 4485 in
1342 4445 1534 4485 sensus
1554 4430 1770 4501 probos,
1802 4439 1857 4486 et

260 4533 411 4588 bona:
427 4530 594 4600 frugis
614 4528 903 4599 operarios.
927 4526 994 4582 Et
1018 4542 1199 4580 rursus
1219 4522 1317 4595 (Is.
1340 4523 1426 4591 LI,
1442 4524 1502 4595 ὁ)
1524 4542 1535 4577 :
1554 4525 1737 4579 Audite
1757 4542 1855 4588 me,

1937 3330 2054 3369 rtiin
2072 3314 2459 3370 sacriﬁciorum
2480 3314 2581 3368 alia
2603 3314 2776 3369 ol‘licia
2803 3315 3029 3385 potiora,
3064 3328 3119 3371 ct
3146 3320 3358 3386 quidem
3386 3321 3526 3390 apml

1938 3408 2185 3463 nationes
2222 3407 2541 3473 destinarit,
2588 3407 2801 3463 dicente
2829 3407 3083 3464 Malachia
3116 3411 3271 3482 (illul.
3303 3413 3342 3478 I,
3376 3416 3527 3469 l0—

1942 3498 2032 3571 ιι)
2058 3515 2070 3552 :
2108 3496 2230 3552 Non
2254 3508 2327 3552 est
2348 3497 2577 3553 voluntas
2599 3515 2710 3554 mea
2736 3501 2790 3554 in
2815 3502 2970 3567 vobis,
3002 3488 3160 3568 inquit
3189 3505 3458 3571 Dominus,
3482 3522 3529 3563 et

1939 3589 2190 3659 sacri/icio
2220 3599 2379 3645 rcstra
2409 3607 2509 3645 non
2539 3592 2790 3659 excipiam
2818 3593 2881 3646 de
2905 3594 3135 3649 manibus
3164 3600 3332 3651 vestris
3354 3616 3373 3664 ;
3402 3617 3530 3669 quo.

1944 3684 2080 3737 niani
2109 3701 2141 3737 a
2164 3683 2286 3737 solis
2312 3692 2426 3736 ortu
2453 3699 2610 3753 usyue
2631 3684 2699 3737 ad
2739 3700 2975 3739 occasum
3017 3688 3355 3756 gloriﬁcatum
3385 3702 3455 3745 est
3482 3693 3534 3746 in

1946 3775 2235 3829 nationibus
2282 3789 2461 3827 nomen
2509 3775 2705 3842 meum,
2735 3786 2782 3828 et
2818 3776 2870 3829 in
2908 3778 3044 3831 omni
3073 3778 3183 3836 loco
3230 3782 3536 3848 sacri/icium

1882 3936 1885 3940 ὶ
1948 3866 2137 3919 nomini
2184 3880 2294 3918 meo
2324 3863 2554 3931 olfertur,
2583 3873 2630 3917 et
2668 3867 2980 3935 sacriﬁcium
3024 3869 3300 3936 nnaidum,
3336 3874 3541 3929 scilicet

1947 3959 2172 4029 simplex
2200 3957 2373 4012 oratio
2402 3956 2469 4012 de
2488 3957 2812 4012 conscientia
2842 3974 2973 4029 pura
3004 3976 3271 4017 successe
3297 3974 3398 4027 est.
3423 3980 3541 4019 om-

1952 4051 2035 4106 nis
2064 4048 2357 4105 demutatio
2402 4048 2621 4105 veniens
2648 4065 2714 4104 ex
2757 4050 3131 4116 innovatione,
3176 4052 3537 4111 diversitatem

1956 4149 2099 4202 ineat
2127 4161 2249 4201 cum
2281 4145 2363 4199 his
2384 4159 2609 4213 quorum
2642 4145 2721 4211 Iit,
2755 4152 2808 4199 et
2832 4146 3263 4201 contrarietatem
3286 4163 3349 4201 ex
3372 4148 3545 4203 diver-

1956 4240 2133 4295 sitate.
2162 4237 2311 4292 Sicut
2336 4236 2479 4290 enim
2514 4235 2640 4288 nihil
2674 4235 3028 4301 demutatmn,
3062 4237 3201 4307 quod
3231 4255 3334 4295 non
3364 4240 3543 4295 diver-

1958 4347 2109 4397 sum;
2138 4332 2207 4385 ita
2239 4328 2369 4384 nihil
2397 4326 2690 4395 diversum,
2715 4328 2857 4397 quod
2886 4343 2991 4382 non
3016 4330 3362 4384 contrarium.
3392 4331 3546 4401 Ejus-

1960 4428 2081 4483 dem
2112 4442 2239 4495 ergo
2271 4422 2613 4491 deputabitur
2653 4422 2810 4475 etimit
2842 4423 3191 4478 contrarietas
3218 4440 3288 4479 ex
3320 4424 3546 4481 diversi-

1963 4530 2093 4588 tate,
2125 4517 2277 4589 cujus
2306 4516 2463 4571 fuerit
2495 4515 2788 4570 demutatio
2811 4532 2875 4569 ex
2902 4515 3259 4571 inuovatidne.
3303 4516 3400 4584 Qui
3434 4518 3545 4573 disc

260 4628 433 4681 audite
456 4641 553 4686 me,
588 4621 665 4693 (li)
694 4620 911 4692 populus
954 4636 1094 4676 meus
1112 4636 1131 4686 ;
1163 4630 1208 4674 ct
1230 4635 1367 4690 reges
1395 4619 1600 4673 auribus
1619 4618 1860 4673 intendite
1887 4611 1939 4671 D
1968 4614 2145 4684 posuit
2171 4610 2610 4676 demutatioucm,
2644 4606 2744 4663 iste
2784 4608 3013 4664 instituit
3052 4618 3106 4665 et
3140 4609 3501 4667 diversitatem
3533 4628 3546 4675 ;

1498 4731 1876 4791 LECTIONES
1914 4722 2329 4789 VAIIIANTES.

330 4831 393 4895 μ)
416 4830 470 4895 te
495 4842 588 4895 “5'!
615 4828 721 4895 Lat;
810 4884 821 4895 .
2023 4819 2095 4895 ίὲὶ
2121 4814 2384 4895 ἓξὲξ).ῗὲίὲ
2400 4812 2554 4895 2‘3!!!-

343 4872 392 4955 ὲ)
416 4872 837 4955 ἓὶιῖιῖεῖοῖιῐέβηιις
2023 4872 2096 4955 ili
2121 4872 2550 4955 Ξῖτεενμξῖοηεξῖιιι·

343 4886 391 4955 2)
420 4892 663 4967 Equidem
687 4886 837 4940 Seml.
2023 4886 2099 5009 ‘7‘
2124 4886 2372 4951 Pmputio
2396 4886 2520 4927 senii

342 4958 393 5009 3)
414 4956 535 5005 ham
554 4950 673 5001 add.
702 4951 852 5002 Sciat.
2049 4948 2079 5009 8
2125 4942 2345 5009 llenient
2364 4936 2520 4989 Serui.

345 4962 374 5005 5
414 4962 535 5005 Eam
554 4962 673 5001 acta.
702 4962 852 5002 serat.
2049 4962 2099 5009 δ)
2135 4962 2345 4992 venient.
2364 4962 2520 4989 acim.

345 4962 393 5082 ti
420 5017 483 5068 Et
502 5014 625 5082 add.
649 5012 802 5082 senii.
2024 4962 2098 5071 i9)
2124 5004 2555 5056 Demonstraretur
2577 5002 2701 5052 Par.
2731 5010 2881 5053 Fran.

412 5079 478 5130 Et
498 5078 619 5129 add.
648 5073 799 5127 Sentl.

1635 5189 2192 5251 COMMENTARIUS.

328 5325 486 5383 CAP.
516 5322 538 5377 1
566 5320 719 5391 ——(a)
750 5318 812 5373 Et
833 5326 1362 5389 omnemparuturam.
1390 5314 1503 5370 lloc
1521 5323 1621 5380 est,
1645 5328 1859 5369 onmem

266 5400 564 5456 materiam,
587 5407 802 5447 onmem
828 5400 1263 5461 argumentorum
1294 5396 1626 5458 apparatum,
1659 5397 1717 5440 ut
1762 5402 1855 5440 sn-

329 5489 379 5524 a.
422 5469 603 5523 linea.

268 5488 738 5611 pnihfxiiili‘ilnises
763 5533 1195 5611 cognominatum.
1238 5530 1394 5585 Liber
1416 5536 1531 5611 erat
1554 5527 1858 5611 Marcionis,

272 5600 372 5684 quo
406 5600 594 5665 'Vetus
639 5600 1056 5684 Testamentum
1075 5619 1102 5655 a
1131 5602 1279 5683 Novo
1324 5601 1624 5684 separa-bat,
1672 5609 1728 5684 et
1758 5600 1858 5653 sibi

274 5670 501 5741 fnviccm
544 5676 891 5747 opponebat;
920 5674 1150 5747 loquitur
1188 5674 1347 5747 etiam
1386 5670 1471 5726 hic
1498 5670 1862 5747 'I‘ertullianus

276 5757 338 5809 de
387 5741 1147 5821 interpolationeIlvatigelii,
1192 5745 1259 5799 de
1302 5759 1407 5813 quo
1451 5741 1859 5821 IIO§uﬂiI0dOCtL

280 5828 471 5884 Putant
523 5813 765 5877 nolunilli
820 5813 1021 5871 librum
1058 5815 1259 5871 editum
1312 5830 1486 5872 essea
1531 5813 1864 5871 'l'crtulliauo

573 5913 1017 5975 Temenum
1063 5908 1143 5971 Il.

1969 5306 2571 5382 Aiititliesiuurnomine,
2605 5304 2672 5382 de
2698 5305 2891 5377 quibus
2937 5320 3137 5382 eorum
3152 5307 3350 5382 judicio
3379 5312 3551 5382 expli-

1965 5381 2167 5437 candus
2197 5381 2282 5434 hic
2312 5378 2481 5433 locus.
2507 5376 2660 5446 Quod
2692 5376 2725 5430 a7
2752 5392 2909 5432 sensu
2942 5377 3100 5447 hujus
3126 5379 3244 5433 libri
3274 5392 3326 5435 et
3355 5376 3556 5437 oratio-

1966 5455 2051 5509 nis
2095 5452 2352 5507 alienum.
2403 5448 2535 5504 Nam
2588 5448 2871 5503 Antii/ceses
2903 5448 3047 5503 liber
3096 5461 3212 5575 eil'at
3246 5451 3553 5575 glareanus.

3181 5537 3211 5575 ε
3288 5540 3338 5575 ιι.

3181 5537 3211 5576 Β
3246 5523 3316 5575 I’tt
3328 5565 3338 5576 .

2039 5595 2113 5665 (c)
2150 5592 2211 5647 Et
2243 5592 2365 5663 legis
2393 5592 2647 5665 laciniosis
2671 5592 2903 5645 oneribus
2927 5592 3249 5665 expeditum.
3284 5593 3558 5651 Laciniosa

1968 5663 2129 5735 opera
2164 5676 2309 5718 vocat
2338 5663 2667 5733 multiplicia,
2700 5671 2755 5735 et
2779 5677 2895 5735 quae
2925 5664 3168 5717 homines
3194 5667 3557 5733 occupationi-

1970 5733 2069 5795 bus
2112 5736 2469 5803 distinebant,
2511 5735 2648 5789 sicut
2695 5733 2916 5804 impedit
2959 5750 3202 5802 gressum
3234 5737 3394 5791 vestis
3428 5738 3559 5793 laci-

1970 5810 2141 5867 niosa.
2176 5808 2351 5862 lines.

2924 5894 3214 5975 (Dousa)
