4268 6492
743 368 847 422 365

2161 348 2623 407 TERTULLIANI

3944 349 4043 404 364

742 483 830 551 qui
860 480 1163 550 praedicavit
1190 477 1604 542 innovationcm,
1630 474 1727 528 iste
1781 468 2156 542 praenuntiavit
2195 466 2271 533 (Ι)
2297 472 2350 517 et
2381 466 2422 522 Α
2457 479 2552 532 per
2579 467 2755 520 omnia
2805 468 3055 537 congredi
3102 470 3363 523 malumus
3392 468 3498 536 (7),
3526 482 3621 523 nec
3650 467 4046 522 dissimulamus

745 583 892 628 COIlll
908 575 1207 627 arietatcm.
1227 568 1361 636 Quid
1383 566 1740 621 differentiam
1759 577 1935 617 rerum
1954 560 2018 615 ad
2042 556 2341 613 distantiam

746 662 1117 733 interpretaris
1162 658 1527 731 potestatum?
1573 657 1699 727 quid
1746 654 2041 709 antitbcses
2067 647 2344 716 exemplo-

744 774 859 812 rum
908 758 1210 823 distorques
1256 752 1512 807 adversus
1554 750 1904 814 Creatorem,
1947 759 2079 816 quas
2127 742 2178 796 iu
2214 739 2343 810 ipsis

744 864 956 918 quoque
1005 846 1251 901 sensibus
1300 853 1355 899 ct
1403 840 1775 897 affectionibus
1820 839 1935 909 ejus
1974 846 2126 907 potes
2154 847 2341 902 recog-

746 957 967 996 nOSCcre
992 942 1011 992 ’ἒ
1047 938 1177 1010 Ego,
1226 938 1395 1007 inquit
1417 934 1593 1004 (Dent.
1628 930 1988 1000 ΧΧΧ11,59),
2040 927 2338 997 percutiam,

744 1042 791 1086 et
817 1049 903 1101 ego
936 1030 1163 1084 sonabo:
1198 1025 1329 1098 Ego,
1377 1025 1549 1096 inquit
1579 1024 1619 1095 (ι
1648 1023 1776 1094 Reg.
1810 1020 1875 1087 ll,
1906 1018 1985 1093 6),
2014 1017 2263 1080 occidant,
2295 1023 2343 1069 et

744 1143 833 1197 ego
864 1124 1126 1193 viviﬁcabo
1152 1137 1170 1186 ;
1199 1120 1418 1174 condens
1446 1118 1653 1173 scilicet
1681 1114 1780 1188 (Is.
1809 1112 1971 1179 XLV,
2000 1113 2030 1166 7
2061 1110 2079 1182 )
2108 1111 2265 1175 mala,
2288 1117 2342 1164 et

745 1222 936 1291 faciens
966 1230 1178 1288 pacem;
1208 1231 1308 1283 qua
1338 1214 1499 1269 etiam
1526 1212 1669 1267 soles
1700 1210 1849 1265 illum
1878 1206 2192 1263 mobilitatis
2212 1218 2342 1274 quc-

743 1325 847 1382 que
872 1319 925 1365 et
953 1307 1325 1363 inconstantia:
1354 1304 1571 1359 nomine
1600 1299 2018 1373 reprehendere.
2043 1296 2335 1367 prohiben-

746 1411 850 1457 tem
883 1417 1000 1471 quae
1038 1399 1210 1469 jubet,
1239 1407 1293 1452 et
1340 1397 1615 1467 jubentetn
1652 1410 1771 1464 qua:
1814 1391 2057 1463 prohibet
2105 1388 2205 1460 (2).
2232 1386 2340 1442 Cur

746 1509 873 1564 ergo
897 1508 1003 1547 non
1034 1500 1087 1544 ct
1116 1488 1411 1544 antitlteses
1438 1486 1504 1541 ad
1530 1486 1787 1540 naturalia
1832 1481 2090 1553 reputasti
2127 1487 2340 1535 contra-

744 1586 805 1640 rii
836 1583 938 1639 sibi
969 1597 1183 1651 semper
1208 1578 1514 1635 Creatoris?
1554 1592 1653 1633 nec
1679 1576 1935 1631 ntundnm
1963 1575 2139 1627 saltim
2182 1585 2337 1628 reco-

745 1678 916 1748 gitare
958 1676 1200 1746 potuisti,
1246 1674 1347 1728 nisi
1380 1671 1555 1737 fallor,
1606 1671 1768 1725 etiam
1799 1668 1937 1739 apud
1968 1666 2236 1731 Ponticos,
2270 1679 2336 1719 ex

741 1768 1139 1824 diversitatibns
1185 1775 1445 1820 structum
1475 1764 1554 1834 (5)
1582 1763 1896 1817 :emularum
1936 1760 2161 1815 invicem
2205 1757 2332 1811 sub-

2448 561 2588 630 quod
2638 578 2699 616 ex
2734 572 2923 617 nostro
2972 564 3188 633 inte'ligi
3220 574 3409 632 potest.
3443 564 3574 617 Nam
3615 580 3678 618 ex
3709 564 3873 633 iis(8)
3898 578 4047 617 com-

2450 657 2847 712 ntenlaloribus
2877 673 3009 729 quos
3042 659 3320 724 habemus,
3351 658 3424 729 (lt)
3454 658 3650 713 Lucam
3681 658 3890 713 videtur
3916 656 4048 710 .‘lar—

2447 747 2563 800 cion
2595 748 2845 818 elegisse,
2878 765 3035 817 quem
3064 750 3315 805 carderct.
3346 750 3531 811 Porro,
3568 749 3737 803 Lucas
3778 764 3883 802 non
3923 762 4050 815 apo-

2446 838 2638 905 stolus,
2669 840 2762 894 sed
2808 841 3173 910 apostolicus;
3215 856 3319 894 non
3370 842 3650 911 magister,
3684 840 3774 894 sed
3809 838 4049 909 discipu-

2449 931 2568 997 lus;
2620 933 2800 1002 utique
2838 934 3094 1003 magistro
3121 934 3334 997 minor;
3365 943 3513 988 certe
3563 942 3707 986 tanto
3757 932 4047 1001 posterior,

2446 1034 2642 1093 quanto
2670 1026 2979 1092 posterioris
3002 1028 3224 1097 apostoli
3250 1036 3499 1090 sectator,
3530 1025 3674 1078 l‘auii
3705 1027 3819 1077 sine
3847 1023 4048 1076 dubio:

2448 1126 2524 1183 ut,
2559 1117 2657 1172 etsi
2690 1117 2789 1171 sub
2821 1119 2984 1188 ipsius
3016 1119 3164 1173 Pauli
3195 1120 3412 1173 nomine
3443 1118 3783 1189 Evangelium
3815 1117 4054 1171 .‘larcion

2447 1207 2737 1274 intulisset,
2768 1225 2875 1264 non
2900 1211 3171 1265 sufﬁceret
3200 1211 3264 1264 ad
3298 1210 3457 1266 fidem
3487 1211 3823 1281 singulat‘lltts
3847 1208 4055 1263 lnstru-

2444 1306 2632 1372 menti,
2665 1304 2917 1362 destituta
2947 1308 3241 1376 patrocinio
3269 1317 3674 1361 antecessornm
3703 1323 3717 1370 ;
3746 1306 4055 1374 exigeretur

2444 1401 2586 1454 enim
2615 1399 2666 1453 id
2695 1414 2905 1470 quoque
2934 1400 3284 1470 Evangelium
3312 1401 3450 1469 quod
3485 1400 3677 1454 Paulus
3700 1399 3930 1464 invenit,
3966 1396 4053 1452 cui

2444 1492 2603 1547 fidem
2633 1490 2800 1556 dedit,
2845 1494 2927 1546 cui
2962 1509 3082 1546 mox
3122 1508 3275 1548 suum
3304 1508 3599 1563 congruere
3643 1492 3846 1561 gestiit.
3869 1492 4053 1559 Siqui-

2442 1582 2563 1638 dem
2596 1582 2737 1653 (σαι.
2770 1582 2833 1645 ΙΙ,
2861 1584 2912 1653 1)
2940 1593 3221 1655 propterea
3266 1583 3678 1653 llierosolymmn
3720 1584 3954 1636 ascendit
3981 1583 4049 1635 ad

2442 1675 2815 1745 cognoscendas
2855 1676 3127 1745 Apostolos
3164 1685 3219 1729 et
3263 1675 3677 1738 consultantlos,
3732 1691 3793 1727 ne
3842 1677 3977 1744 forte
4001 1673 4057 1727 in

2442 1767 2992 1832 vacuumcttcurriuet,
3025 1767 3074 1821 id
3106 1778 3207 1831 est,
3238 1785 3303 1822 ne
3330 1784 3434 1821 non
3464 1766 3752 1820 secundum
3787 1767 3911 1819 illos
3941 1781 4057 1820 cre-

742 1860 1103 1917 stantiarum?
1132 1859 1285 1913 Prius
1309 1859 1485 1927 itaque
1506 1856 1769 1911 debueras
1793 1854 1957 1907 alium
1988 1852 2153 1906 Deum
2178 1848 2334 1904 lumi-
2364 1863 2413 1924 Β

2369 1863 2413 1924 Β
2441 1860 2685 1926 didisset,
2713 1872 2767 1915 et
2806 1876 2911 1915 non
2945 1861 3238 1916 secundum
3272 1860 3391 1913 illos
3425 1859 3841 1929 cvangelizarct.
3888 1859 4054 1912 Deni-

743 1956 847 2022 nis,
893 1954 1057 2009 alium
1107 1952 1449 2007 tenebrarum
1498 1948 1907 2012 determinasse,
1934 1954 1995 2000 ut
2043 1946 2113 1999 ita
2148 1956 2335 2015 posses

740 2049 901 2103 alium
934 2047 1115 2118 Legis,
1144 2046 1303 2099 alium
1336 2042 1616 2114 Evangelii
1644 2042 2011 2097 adseverasse.
2040 2039 2328 2102 Caeterum,

743 2142 1144 2214 praeiudicatum
1175 2148 1257 2194 est
1286 2154 1355 2194 ex
1382 2134 1700 2200 manifestis,
1735 2133 1888 2204 cujus
1917 2146 2079 2203 opera
2105 2138 2162 2185 et
2188 2132 2335 2199 inge-

741 2240 825 2292 nia
855 2253 950 2307 per
989 2234 1283 2289 antitheses
1319 2238 1591 2297 constant,
1648 2227 1836 2285 eadem
1883 2226 2053 2281 forma
2084 2231 2335 2279 constare

739 2329 898 2385 etiam
930 2333 1285 2382 sacramenta.

1374 2412 1602 2471 CAPUT
1627 2410 1692 2466 ll.

811 2512 986 2568 llabes
1030 2524 1171 2566 nunc
1218 2508 1283 2563 ad
1325 2506 1621 2562 antitbcses
1660 2503 1743 2574 (4)
1779 2501 2087 2572 expeditam
2126 2515 2157 2554 a
2182 2498 2335 2555 nobis

739 2603 1167 2673 responsionem.
1213 2599 1452 2653 Transeo
1478 2610 1619 2651 nunc
1648 2594 1714 2648 ad
1744 2592 2040 2663 Evangelii,
2071 2605 2199 2645 sane
2226 2605 2333 2643 non

736 2694 957 2764 judaiei,
987 2692 1081 2747 sed
1111 2690 1331 2762 pontiei,
1368 2688 1579 2743 interim
1611 2685 1895 2739 adulterati
1916 2682 2333 2739 demonstratio-

742 2803 885 2851 nem,
944 2792 1378 2855 praestructuram
1429 2779 1675 2835 ordinem
1743 2791 1901 2847 quem
1970 2774 2331 2845 aggredimur.

739 2878 1123 2935 Constituimus
1168 2877 1218 2930 in
1250 2874 1456 2945 primis,
1504 2869 1869 2941 evangelicum
1914 2868 2332 2922 lnstrumentum

741 2969 1027 3041 Apostolus
1056 2976 1307 3022 auctores
1335 2964 1555 3027 habere,
1582 2962 1778 3032 quibus
1810 2960 1910 3014 hoc
1939 2974 2132 3013 munus
2158 2957 2333 3011 Evan-

737 3062 862 3134 gelii
894 3057 1264 3132 promulgandi
1291 3057 1359 3111 ab
1398 3057 1514 3125 ipso
1553 3054 1780 3109 Domino
1808 3053 1878 3107 sit
1905 3052 2215 3121 impositum
2243 3067 2259 3116 ;
2286 3052 2333 3105 si

743 3164 798 3210 et
824 3152 1164 3223 Apostolicos
1189 3148 1289 3222 (a),
1323 3163 1427 3202 non
1467 3157 1643 3201 tamen
1686 3144 1850 3209 solos,
1880 3144 1975 3199 sed
2002 3159 2124 3199 eum
2156 3145 2331 3213 Apos-

2440 1968 2565 2021 que,
2596 1962 2652 2007 ut
2680 1969 2801 2007 cum
2827 1954 3133 2008 auctoribus
3160 1956 3387 2009 contulit
3410 1965 3460 2008 et
3487 1954 3737 2008 convenit
3768 1953 3835 2007 de
3860 1953 4048 2023 regula

2440 2046 2596 2113 ﬁdei;
2625 2048 2875 2104 dexteras
2902 2046 3183 2113 miscuere,
3210 2058 3262 2103 et
3292 2048 3483 2102 exinde
3510 2048 3684 2102 ofﬁcia
3718 2046 4052 2117 praedicandi

2438 2140 2799 2195 distinxerunt
2821 2181 2836 2203 ,
2872 2151 2927 2195 ut
2957 2140 3030 2194 illi
3065 2143 3114 2194 in
3144 2139 3380 2205 Judezos,
3433 2140 3623 2193 Paulus
3652 2140 3702 2191 in
3748 2137 3970 2193 Judaeos
3996 2146 4053 2192 cl

2440 2234 2492 2287 itt
2521 2233 2781 2288 nationes.
2826 2233 2990 2303 Igitur
3017 2233 3061 2287 si
3094 2234 3204 2301 ipse
3234 2232 3565 2287 illuminator
3593 2230 3773 2294 Luca,
3808 2230 4050 2285 auctori-

2439 2335 2597 2381 tatem
2641 2334 3043 2381 antecessorqu
3073 2327 3153 2396 (9)
3191 2336 3242 2380 et
3287 2325 3408 2380 ﬁdei
3436 2336 3489 2380 ct
3528 2325 3901 2395 prtedicationi
3938 2339 4049 2378 sua:

2437 2418 2657 2487 optavit,
2687 2426 2884 2489 quanto
2913 2420 3081 2485 magis
3106 2434 3222 2473 eam
3267 2418 3560 2488 Evattgclio
3596 2418 3750 2473 Lucae
3778 2428 4049 2487 exposui-

2442 2509 2569 2575 lem,
2614 2525 2737 2580 qua:
2782 2508 3073 2580 Evangelio
3109 2512 3347 2580 magistri
3393 2511 3509 2580 ejus
3552 2510 3649 2564 fuit
3695 2509 4049 2565 necessaria?

2443 2602 2600 2657 Aliud
2644 2612 2762 2668 est,
2792 2603 2835 2655 si
2894 2618 3059 2672 penes
3102 2602 3424 2656 Marcionem
3456 2620 3484 2655 a
3516 2602 3837 2671 discipulatu
3887 2602 4050 2656 Luca:

2437 2693 2603 2763 ccepit
2632 2693 2903 2763 religionis
2930 2695 3234 2747 Christianae
3280 2704 3699 2749 sacramentum.
3748 2698 4042 2761 Caeterum,

2438 2788 2481 2841 si
2502 2796 2555 2841 et
2575 2797 2718 2843 retro
2738 2786 3063 2847 decucurrit.
3096 2787 3277 2841 habuit
3300 2788 3479 2858 utique
3500 2788 3859 2843 authenticant
3891 2804 4049 2856 para-

2438 2889 2631 2945 turam,
2680 2896 2775 2951 per
2822 2896 2981 2950 quam
3012 2881 3078 2935 ad
3113 2882 3308 2935 Lucam
3355 2896 3521 2950 usque
3570 2882 3835 2951 pervenit,
3882 2881 4043 2950 cujus

2438 2972 2744 3029 teslimonio
2771 2974 3083 3037 adsistente.
3133 2975 3303 3029 Lucas
3334 2989 3545 3045 quoque
3572 2976 3737 3045 possit
3772 2974 4008 3031 admitti.

3061 3065 3287 3121 CAPUT
3328 3064 3417 3120 Ill.

2507 3155 2613 3213 Sed
2643 3157 2782 3211 enim
2818 3156 3049 3212 Marcion
3081 3165 3267 3210 nactus
3296 3155 3577 3227 epistolam
3609 3155 3759 3209 Pauli
3785 3154 3851 3209 ad
3881 3154 4046 3211 Cala-

739 3248 885 3313 tolis,
917 3256 971 3301 et
997 3255 1117 3316 post
1146 3241 1434 3313 Apostolus
1468 3239 1577 3313 (5).
1607 3238 1867 3306 Quoniam
1899 3236 2204 3305 praedicatio
2225 3236 2331 3291 dis-
2358 3251 2404 3314 ο

2358 3251 2404 3314 C
2439 3258 2539 3316 tas,
2568 3249 2727 3305 etiam
2749 3250 2891 3319 ipsos
2912 3249 3179 3319 apostolos
3202 3248 3531 3319 suggillantis
3556 3246 3697 3318 (Gal.
3726 3246 3814 3317 ll),
3843 3259 3901 3301 ut
3934 3263 4038 3303 non

740 3340 1038 3410 cipulorum
1085 3347 1334 3405 suspecta
1380 3336 1494 3390 ﬁeri
1527 3342 1709 3404 posset
1731 3332 1799 3387 de
1825 3332 2010 3402 gloria:
2053 3331 2251 3397 studio,
2287 3334 2331 3387 si

741 3449 846 3489 non
879 3432 1103 3487 adsistat
1128 3429 1202 3484 illi
1232 3427 1520 3483 auctoritas
1550 3426 1945 3497 magistrorum,
1976 3426 2081 3478 imo
2108 3423 2329 3490 Christi,

739 3528 825 3597 qui
850 3525 930 3599 (6)
949 3525 1230 3594 magistros
1252 3520 1535 3590 Apostolos
1554 3520 1697 3573 fecit.
1720 3519 1978 3589 Denique,
1997 3519 2152 3574 nobis
2174 3518 2333 3575 ﬁdem

739 3637 805 3678 ex
836 3619 1104 3691 Aposwlis
1127 3616 1365 3671 Joannes
1384 3623 1438 3668 et
1463 3612 1747 3667 Matthams
1776 3612 2081 3676 insinuant;
2105 3628 2169 3667 ex
2194 3615 2337 3683 Apo-

742 3714 966 3777 stolicis,
1016 3711 1187 3766 Lucas
1210 3718 1264 3763 et
1288 3706 1499 3761 Marcus
1538 3706 1855 3769 instaurant,
1906 3704 2093 3759 iisdem
2136 3707 2334 3776 regulis

742 3806 947 3868 exorsi.
971 3812 1228 3875 quantum
1257 3800 1323 3855 ad
1349 3800 1562 3855 unicum
1588 3799 1751 3854 Deum
1777 3798 1967 3854 attinet
1992 3798 2329 3867 Creatorem,

740 3912 795 3957 et
822 3899 1094 3955 Christum
1136 3896 1270 3963 ejus,
1320 3903 1499 3948 natum
1531 3909 1599 3948 ex
1626 3894 1851 3964 virgine,
1901 3894 2331 3965 supplementum

743 3992 899 4063 Legis
923 3999 976 4045 et
1014 3987 1418 4059 Prophetarum.
1469 3984 1677 4041 Viderit
1715 3986 1858 4040 enim
1901 3988 1943 4039 si
1972 3988 2332 4041 narrationem

742 4083 1021 4156 diSpositio
1042 4081 1298 4145 variavit,
1328 4077 1619 4133 dummodo
1643 4077 1709 4132 de
1736 4078 1911 4147 capite
1959 4077 2081 4133 ﬁdei
2127 4095 2332 4136 conve-

743 4179 877 4243 niat,
900 4175 967 4230 de
993 4186 1239 4243 quocum
1267 4168 1537 4224 Marciane
1565 4183 1670 4224 non
1690 4170 1964 4225 convenit.
1982 4169 2180 4225 Contra
2198 4171 2333 4227 Mar-

744 4272 865 4327 cion
897 4264 1204 4337 Evangelia,
1232 4262 1437 4318 scilicet
1463 4276 1582 4328 suo,
1612 4260 1815 4317 nullum
1864 4261 2120 4318 adscribit
2146 4272 2329 4319 aucto-

747 4378 862 4420 rem
889 4404 903 4428 ,
932 4362 1080 4432 quasi
1107 4374 1211 4413 non
1235 4356 1445 4412 licuerit
1474 4356 1547 4410 illi
1578 4356 1786 4410 titulum
1812 4370 2025 4427 quoque
2052 4357 2331 4429 efﬁngere,

746 4460 832 4515 cui
862 4457 1011 4513 nefas
1037 4470 1142 4509 non
1172 4452 1270 4506 fuit
1298 4452 1474 4522 ipsum
1504 4465 1701 4520 corpus
1727 4458 1991 4505 evertere.
2023 4450 2091 4505 Et
2118 4466 2329 4522 possem

745 4552 835 4606 hic
874 4549 985 4620 jam
1030 4546 1249 4617 gradum
1282 4545 1474 4613 ﬁgere,
1530 4560 1634 4598 non
1678 4544 2076 4614 agnoscendum
2104 4555 2330 4603 conten-

2438 3352 2584 3399 recto
2612 3343 2772 3413 pedes
2799 3344 3104 3398 incedentes
3136 3342 3199 3395 ad
3229 3343 3506 3395 veritatem
3536 3341 3842 3411 Evangelii,
3881 3342 4044 3397 simul

2437 3437 2817 3492 etaccnsantis
2859 3435 3301 3505 pscudaposzolos
3350 3434 3608 3505 quosdam
3661 3443 4035 3503 pet-vertentes

2438 3528 2785 3599 Evangelium
2816 3528 3035 3591 Christi,
3084 3528 3377 3582 connititur
3418 3527 3483 3580 ad
3512 3526 3901 3581 destruendum
3929 3539 4042 3582 sta-

2442 3632 2549 3675 lllm
2572 3637 2757 3676 eorum
2780 3620 3203 3691 evangeliorum,
3226 3636 3345 3689 quae
3365 3621 3601 3689 pmpria,
3622 3628 3675 3673 et
3701 3620 4037 3688 subaposto.

2439 3716 2609 3770 lorum
2637 3716 2851 3768 nomine
2881 3714 3111 3768 eduntur
3130 3755 3142 3776 ,
3177 3714 3255 3766 vel
3280 3713 3439 3767 etiam
3469 3711 3887 3781 τιροεῑιιιίουτιιιιι
3915 3729 3930 3777 ;
3980 3721 4039 3767 ut

2438 3808 2642 3863 scilicet
2664 3806 2841 3872 ﬁdem,
2872 3820 3029 3877 qnam
3060 3806 3163 3860 illis
3189 3805 3394 3871 adimit,
3426 3820 3524 3859 suo
3544 3803 3805 3859 conferat.
3846 3805 4036 3872 l’orro,

2438 3900 2539 3956 etsi
2565 3899 2923 3968 reprehensus
2947 3908 3029 3954 est
3058 3899 3243 3953 l’elrus
3264 3898 3567 3952 etJoannes
3589 3909 3641 3952 et
3666 3896 3919 3961 Jacobus,
3952 3898 4043 3968 qui

2438 3991 2880 4047 existimabantur
2920 3990 3206 4055 columnae,
3260 3989 3543 4043 manifesta
3573 4004 3733 4043 causa
3765 4000 3868 4043 est.
3902 3989 4036 4045 Pero

2437 4101 2692 4141 sonarunt
2737 4084 2879 4138 enim
2919 4092 3165 4151 respectu
3210 4081 3528 4136 videbantur
3564 4083 3772 4135 variare
3810 4084 4034 4137 convic-

2438 4187 2571 4232 tum.
2612 4176 2682 4231 Et
2728 4186 2923 4240 tamen,
2983 4190 3102 4229 eum
3151 4175 3263 4243 ipse
3308 4173 3499 4227 Paulus
3563 4173 3792 4227 omnibus
3856 4176 4033 4229 omnia

2438 4272 2600 4339 ﬁeret,
2654 4278 2707 4321 ut
2745 4284 2917 4321 omnes
2958 4267 3239 4321 lucraretur
3286 4266 3325 4337 (Ι
3351 4265 3464 4321 Cor.
3493 4265 3558 4321 IX
3581 4266 3743 4336 ,19),
3792 4268 3965 4337 potuit
3991 4275 4045 4323 et

2440 4363 2599 4417 Petro
2652 4362 2753 4415 huc
2792 4361 2843 4414 in
2901 4359 3124 4415 consilio
3156 4358 3317 4412 fuisse
3342 4400 3355 4423 ,
3405 4358 3605 4427 aliquid
3643 4360 3800 4413 aliter
3845 4360 4041 4428 agendi

2438 4470 2596 4525 quam
2636 4454 2879 4509 docebat.
2923 4450 3151 4506 Proinde
3203 4451 3246 4504 si
3279 4459 3332 4505 et
3373 4450 3763 4519 psendapostoli
3810 4448 4044 4521 irrepse-

2438 4556 2594 4613 rant,
2632 4547 2819 4601 horum
2860 4558 3073 4615 queque
3125 4544 3349 4613 qualitas
3397 4530 3547 4598 edita.
3588 4552 3707 4607 est,
3761 4544 4046 4598 circumci-

745 4642 880 4698 dens
927 4652 1081 4709 opus,
1128 4634 1270 4707 quod
1315 4650 1421 4689 non
1452 4637 1620 4705 erigat
1650 4635 1909 4701 frontem,
1958 4638 2099 4707 quod
2132 4640 2328 4695 nullam
2356 4647 2411 4707 Ῑ)
2437 4643 2641 4696 sionem
2670 4638 3050 4694 vindicantium
3075 4645 3128 4691 et
3149 4636 3389 4706 judaicos
3421 4634 3494 4708 (c)
3518 4638 3678 4689 l'astos
3712 4636 3851 4708 (l0).
3894 4637 4044 4692 Adeo

750 4734 1102 4791 constantiam
1156 4728 1437 4799 praeferat,
1483 4727 1681 4781 nullam
1716 4727 1871 4782 ﬁdem
1905 4736 2240 4800 repromittat
2265 4734 2335 4791 de

754 4822 1082 4905 plenitudine
1106 4820 1261 4887 tituli,
1293 4830 1347 4875 et
1373 4818 1707 4891 professione
1731 4817 1908 4874 debita
1934 4822 2187 4877 auctoris.
2229 4824 2332 4880 Sed

2442 4749 2545 4789 non
2576 4733 2645 4788 de
2685 4730 3079 4803 praedicatione,
3114 4727 3209 4783 sed
3234 4728 3300 4782 de
3339 4728 3768 4791 conversatione,
3806 4743 3834 4778 a
3881 4728 4045 4784 Paulo

2437 4827 2859 4888 denotabautur;
2886 4837 3037 4892 teque
3061 4821 3381 4876 denotaturo
3401 4860 3415 4885 ,
3446 4819 3489 4874 si
3518 4818 3643 4889 quid
3666 4818 3732 4874 de
3757 4818 3871 4875 Deo
3891 4834 4042 4875 crea-

1952 4938 2330 5002 LECTIONES
2366 4940 2776 5004 VARIANTES.

839 5057 881 5109 ll
907 5055 1242 5107 Pronuntiavlt
1267 5055 1387 5104 Par.
1415 5053 1534 5102 Jun.

834 5114 885 5180 2)
913 5118 1154 5170 Jubeat...
1183 5118 1438 5180 prohibeat
1457 5114 1567 5166 cod.
1598 5116 1784 5167 Wouw.

833 5176 883 5233 5i
909 5176 1241 5232 Constructu'm
1260 5176 1411 5230 Seml.

905 5244 1174 5313 Antithesis
1191 5238 1259 5290 (ιι.

836 5325 863 5356 a
905 5304 1209 5368 Apostobcos
1227 5304 1259 5353 J

833 5304 882 5368 ὅ)
905 5304 1209 5368 Apostolicos
1227 5304 1347 5355 Jun.

809 5060 830 5367 l

2514 5061 2585 5120 (6)
2610 5060 2729 5119 Qua:
2752 5054 2900 5110 Scml.

2536 5118 2585 5172 7i
2604 5118 2855 5172 Malnintus
2873 5118 3023 5171 Scml.

2534 5183 2585 5235 8)
2610 5186 2698 5234 His
2721 5183 2873 5235 Seml.

2531 5247 2582 5310 9)
2608 5250 2986 5310 Antecessorem
3012 5247 3133 5310 _P_ar.

2538 5304 2614 5372 10)
2637 5309 2811 5359 Fastus
2830 5307 2937 5359 cod.
2958 5306 3133 5359 Pitltw.
3162 5304 3311 5358 Scntl.

2511 5126 2530 5376 ξ

2121 5410 2672 5470 COMMENTARIUS.

810 5523 962 5581 CAP.
980 5522 1118 5577 ll.—
1145 5523 1222 5593 (ει)
1255 5522 1315 5575 Si
1341 5534 1385 5575 et
1409 5520 1715 5593 apostolicos
1742 5538 1841 5576 non
1868 5532 2031 5579 tamen
2060 5529 2335 5593 solos,etc.

746 5599 826 5654 Ab
857 5601 892 5651 .-\
904 5594 1123 5671 postolis
1136 5591 1365 5671 autvi_ri_s
1379 5591 1685 5671 apostolicis
1714 5593 1884 5671 solum
1914 5612 2095 5671 verum
2111 5591 2338 5671 evange-

745 5672 870 5724 lium
885 5662 1240 5734 conscriptum
1276 5663 1436 5739 fuisse
1465 5662 1557 5723 ait,
1577 5674 1633 5716 ut
1654 5664 1715 5739 iis
1734 5662 2335 5739 viamuerludatqumvex

741 5741 1113 5810 ιωιιριίουι-Ἧη
1155 5736 1417 5810 correptis
1458 5735 1859 5810 eat-inplatihns
1887 5740 2044 5807 objiei
2087 5735 2329 5810 possent,

741 5810 897 5863 veluti
927 5824 989 5861 ex
1043 5806 1432 5867 Ehionitarttm,
1485 5806 1898 5873 Encratitarum,
1948 5806 2325 5869 Nazareorum

740 5881 1191 5945 Marcionitarum,
1221 5889 1321 5933 etc.
1360 5877 1431 5930 l.t~:
1466 5877 1554 5929 Pa.

2522 5532 2602 5601 (b)
2626 5530 2818 5584 anmn
2866 5531 3062 5583 ridetur
3108 5528 3338 5582 Marcion
3379 5526 3583 5601 elegisse
3620 5541 3765 5601 quem
3804 5525 4039 5580 (ﬂ’llt’l'ﬂ.

2449 5595 2609 5657 Vides
2633 5603 2911 5655 manifeste
2929 5612 3236 5668 corruptum
3260 5597 3647 5655 l'uisseBLucac
3664 5595 4036 5665 livangeliutn,

2444 5684 2501 5728 ιιι
2547 5675 2596 5728 in
2630 5688 2846 5726 suorum
2894 5678 3137 5739 errorem
3191 5674 3537 5739 patreeiniuttt
3570 5670 3947 5735 detorqueret,
3984 5681 4040 5723 ut

2442 5727 2606 5798 multa
2650 5754 2940 5804 truncaret,
2975 5727 3215 5809 adderet,
3247 5758 3447 5810 suaque
3486 5727 3845 5807 explicatione
3891 5727 4040 5793 com.

2439 5818 2757 5877 macularet,
2791 5816 2863 5868 Lt;
2896 5816 2987 5867 l'n.

2507 5887 2661 5942 CAP.
2695 5887 2849 5940 ll|.——
2871 5886 3391 5957 (c).lndairosjoslos.
3420 5882 3721 5939 l'lieSlGal.
3744 5881 3806 5936 IV
3840 5891 3891 5935 et
3922 5882 4037 5938 dies
