4268 6492
741 377 845 433 5ῦ7

2139 368 2308 424 TER)
2329 367 2597 424 ULLIANI

3928 369 4031 427 568

753 502 963 545 tuemur
997 507 1008 542 :
1039 489 1322 545 Marcionis
1351 502 1480 543 vero
1511 487 1773 558 plcriSque
1801 501 1898 541 nec
1925 494 2142 549 nutum;
2173 485 2333 540 nullis
2361 494 2408 554 Α
2439 482 2517 537 bis
2548 482 2780 550 quotidie
2811 481 3200 554 revincuntur),
3222 493 3314 538 aut
3338 483 3653 542 erubescant
3680 485 3748 542 de
3775 487 4031 557 magism:

742 593 919 638 autem
955 583 1032 653 (Ι)
1063 590 1242 637 uotum
1275 623 1288 646 ,
1322 590 1379 636 ιιι
1416 597 1520 635 non
1557 595 1622 634 eo
1671 577 1748 650 (2)
1798 579 2126 634 damnatum.
2161 575 2330 629 llahet

741 674 900 744 plane
920 685 974 729 et
1001 673 1129 729 illud
1154 673 1407 728 ecclesias
1435 714 1450 740 ,
1475 671 1569 726 sed
1589 685 1748 736 suas;
1775 682 1878 726 tam
1908 679 2148 740 pesteras
2170 681 2326 737 quam

743 767 1048 832 adulteras;
1083 782 1305 836 quarum
1334 765 1378 820 si
1409 779 1628 820 censum
1664 764 1902 834 requiras
1926 804 1941 828 ,
1971 761 2177 817 facilius
2202 774 2332 826 apo-

738 861 987 917 staticum
1015 861 1252 916 invenias
1273 874 1431 928 quam
1476 857 1861 926 apostolicum;
1909 854 2177 909 Marcioue
2220 853 2328 906 sci-

735 953 862 1008 licet
889 952 1185 1014 Conditore,
1214 950 1300 1004 vel
1327 950 1505 1020 aliquo
1528 949 1596 1004 de
1625 947 1904 1003 Marcionis
1927 945 2199 1001 examine.
2230 943 2330 998 Fa~

736 1046 886 1100 ciunt
916 1044 1060 1099 favos
1083 1054 1137 1100 et
1166 1058 1340 1113 vespae
1362 1041 1440 1115 (a)
1469 1061 1480 1095 τ
1518 1040 1988 1096 faciuntecclcsias
2015 1047 2068 1093 et
2099 1037 2327 1091 marcio-

739 1138 887 1192 niue.
926 1136 1124 1191 Eadem
1183 1135 1478 1190 auctoritas
1515 1133 1860 1189 ecclesiarum
1917 1129 2326 1200 apostolicarum

736 1230 946 1285 cmteris
971 1243 1183 1299 quoque
1210 1225 1630 1298 patrocinabitur
1672 1224 1971 1294 Evangeliis
1995 1265 2009 1288 ,
2039 1237 2157 1292 quze
2207 1235 2330 1291 pro-

737 1321 863 1377 inde
892 1336 985 1392 per
1011 1320 1126 1375 illas
1155 1330 1208 1374 et
1251 1319 1540 1374 secumlnm
1592 1317 1708 1372 illas
1759 1316 2056 1376 habemus,
2108 1313 2328 1369 Joannis

735 1414 858 1469 dico
886 1423 939 1470 et
967 1412 1197 1468 Matthati
1233 1454 1244 1475 ,
1277 1411 1400 1467 licet
1428 1420 1482 1466 ct
1512 1410 1717 1465 Marcus
1746 1409 1886 1479 quod
1935 1409 2097 1463 edidit
2128 1450 2142 1472 ,
2187 1407 2327 1462 l‘elri

735 1506 1076 1567 afﬂrmetur,
1108 1505 1257 1573 cujus
1289 1504 1552 1572 interpres
1600 1503 1842 1556 Marcus:
1898 1517 2016 1554 nam
2068 1510 2122 1555 et
2171 1498 2328 1554 Luca:

737 1598 1008 1668 Digestum
1035 1596 1198 1650 Paulo
1219 1594 1526 1649 adscribere
1546 1593 1741 1650 solent.
1770 1591 1918 1662 Capit
1939 1591 2016 1662 (5)
2047 1591 2327 1660 magistro-

734 1704 855 1744 rum
881 1687 1086 1753 videri,
1117 1701 1235 1757 qua:
1259 1685 1504 1753 discipuli
1537 1685 1942 1754 promulgariut.
1976 1681 2159 1751 Itaque
2187 1691 2237 1735 et
2260 1679 2326 1733 de

735 1779 822 1835 his
847 1779 1076 1834 Marcion
1105 1777 1424 1848 flagitandus
1449 1816 1462 1840 ,
1510 1775 1634 1845 quid
1667 1775 1744 1846 (ιι)
1776 1773 1987 1828 onnssis
2014 1773 2092 1832 eis
2111 1814 2124 1836 ,
2167 1770 2326 1826 Luca:

2435 573 2625 643 ubique
2654 573 2925 640 traducto,
2953 589 3073 629 cum
3130 574 3398 644 Evangelii
3451 577 3730 632 veritatem
3780 595 3924 632 nunc
3967 595 4030 634 ex

2431 665 2755 720 conscientia
2784 667 3064 728 tramittit,-
3093 683 3234 724 nunc
3254 683 3321 722 ex
3349 668 3677 735 impudentia
3699 671 3913 725 evertit.
3942 670 4032 724 llis

2431 757 2542 814 fere
2595 759 2922 828 compendiis
2957 759 3188 824 utimur,
3227 775 3350 815 eum
3379 760 3445 816 de
3492 760 3760 832 Evangelii
3808 762 3915 816 [ide
3947 760 4026 832 (8)

2433 853 2688 907 adversus
2718 853 2994 908 lia-retices
3030 853 3337 924 experimur
3379 852 3456 926 (9)
3485 896 3499 917 ,
3532 853 3946 909 defendentibus
3974 864 4027 910 ct

2435 955 2730 1016 temporum
2766 947 3007 1002 ordinem
3050 940 3346 1018 posteritati
3391 947 3727 1002 falsariorum
3774 950 4028 1017 prmscri-

2435 1039 2665 1102 bentem,
2697 1050 2750 1094 ct
2779 1041 3147 1096 auctoritatem
3179 1039 3539 1096 Ecclesiarum
3583 1039 3852 1095 traditioni
3884 1041 4034 1109 Apo-

2433 1133 2690 1187 stolorum
2721 1135 3142 1203 patrocinantem
3185 1152 3198 1187 :
3230 1133 3352 1204 quia
3383 1132 3580 1189 veritas
3616 1134 3802 1187 falsum
3836 1150 4037 1198 praece-

2431 1226 2519 1280 dat
2535 1241 2752 1282 necesse
2765 1236 2880 1292 est;
2909 1235 2962 1282 ct
2987 1225 3056 1280 ab
3075 1226 3151 1280 eis
3165 1224 3688 1296 procedat,aquibus
3706 1223 3902 1279 tradita
3931 1233 4035 1279 est.

3050 1361 3132 1419 CA
3145 1363 3277 1422 PUT
3321 1363 3407 1419 Vl.

2501 1501 2606 1559 Sed
2628 1502 2791 1557 alium
2810 1502 2920 1573 jam
2949 1501 3072 1556 hinc
3095 1503 3288 1556 inimus
3305 1500 3526 1573 gradum
3549 1542 3564 1568 ,
3599 1501 3768 1570 ipsum
3802 1500 3888 1573 (ut
3918 1515 4039 1570 pro-

2431 1595 2555 1650 fessi
2586 1595 2804 1650 sumus)
2852 1593 3183 1664 evangelium
3215 1593 3495 1650 Marcionis
3527 1602 3882 1661 provocantes
3903 1634 3918 1657 ,
3960 1593 4040 1646 sic

2428 1703 2640 1757 quoque
2660 1688 2930 1757 probaturi
2951 1688 3328 1742 adulteratutn.
3355 1689 3511 1741 Certe
3535 1688 3676 1741 enim
3698 1697 3868 1742 totum
3893 1687 4038 1757 quod

2428 1781 2760 1848 elaboravit,
2809 1781 2968 1836 etiam
3029 1781 3345 1836 antitheseis
3381 1780 3750 1848 prazstruendo
3775 1822 3790 1846 ,
3843 1780 3897 1834 in
3930 1779 4034 1833 hoc

735 1874 914 1942 potius
940 1873 1228 1936 institerit;
1259 1871 1407 1941 quasi
1440 1884 1544 1924 non
1587 1879 1641 1924 ct
1671 1870 1786 1923 tunc
1830 1866 1969 1937 apud
2015 1865 2268 1922 ecclesias
2296 1881 2323 1917 ει
2354 1893 2402 1954 Β
2429 1873 2610 1942 cogit,
2640 1883 2697 1927 ut
2747 1872 2955 1927 Veteris
3002 1883 3057 1927 et
3114 1871 3245 1928 Novi
3275 1871 3599 1927 Testamenti
3665 1871 4036 1926 diversitatem

735 1966 1028 2037 primordio
1080 1965 1305 2029 fuerint,
1340 1962 1788 2033 quemadmodum
1835 1973 1888 2017 et
1920 1961 2096 2016 Lucas.
2129 1961 2326 2031 Atquin

737 2057 855 2114 haec
882 2058 1050 2128 magis
1079 2055 1369 2126 primordio
1396 2054 1558 2108 fuisse
1586 2054 1844 2109 credibile
1881 2063 1964 2108 est
1993 2095 2008 2120 ,
2043 2063 2097 2106 ut
2127 2055 2324 2121 priora,

737 2167 842 2222 qua
884 2149 1211 2219 apostolica;
1242 2157 1434 2202 utcum
1465 2147 1592 2214 ipsis
1625 2145 1876 2200 Ecclesiis
1904 2144 2165 2200 dedicata.
2211 2144 2326 2198 Cze-

734 2254 910 2298 terum
935 2283 950 2308 ,
983 2242 1140 2313 quale
1163 2250 1277 2307 est,
1307 2239 1351 2294 si
1380 2240 1510 2294 nihil
1538 2237 1781 2310 Apostoli
1813 2236 2118 2301 ediderunt,
2144 2246 2199 2289 ut
2220 2235 2330 2290 dis-

740 2337 905 2408 cipuli
933 2337 1107 2408 potius
1131 2335 1396 2391 ediderint
1423 2375 1438 2400 ,
1471 2333 1559 2403 qui
1584 2347 1682 2387 nec
1709 2331 1954 2400 discipuli
1978 2330 2214 2384 existere
2244 2344 2326 2398 po-

734 2433 963 2486 tuissent
993 2430 1108 2483 sine
1134 2429 1236 2482 ulla
1267 2427 1509 2480 doctrina
1542 2422 1961 2492 magistrorum?
1992 2420 2153 2492 Igitur
2199 2421 2326 2475 dum

738 2533 950 2580 constet
978 2522 1093 2576 lucc
1131 2535 1346 2590 quoque
1387 2517 1523 2586 apud
1565 2517 1827 2571 Ecclesias
1852 2514 2048 2578 fuisse,
2096 2530 2192 2569 cur
2222 2530 2325 2568 non

735 2615 853 2670 luce
877 2627 1090 2684 quoque
1119 2611 1349 2666 Marcion
1381 2609 1588 2678 attigit,
1632 2617 1724 2660 aut
1752 2606 2085 2662 emendanda
2116 2607 2157 2659 si
2188 2605 2330 2659 adul-

735 2716 906 2762 terata
928 2747 942 2770 ,
971 2713 1062 2758 aut
1099 2700 1432 2774 agnoscenda
1463 2702 1506 2753 si
1531 2698 1776 2769 integra?
1817 2714 1932 2750 nam
1957 2707 2010 2751 et
2035 2696 2325 2764 competit,

717 2807 796 2852 ut
830 2795 902 2869 (ιι)
930 2796 975 2852 si
1002 2795 1091 2866 qui
1121 2793 1465 2863 Evangelium
1497 2788 1866 2861 pervertebant
1899 2828 1914 2852 ,
1947 2802 2132 2841 eorum
2162 2787 2329 2854 magis

736 2897 988 2946 curarent
1018 2887 1420 2958 pcrversiooem
1447 2926 1462 2951 ,
1494 2898 1719 2953 quorum
1761 2881 2000 2935 sciebant
2045 2879 2332 2933 auctorita-

735 2991 845 3037 tem
889 2979 1239 3049 receptiorem
1265 3020 1278 3042 ,
1322 2977 1444 3030 ideo
1490 2983 1545 3028 et
1594 2973 2021 3044 pscudapostoli,
2063 2972 2203 3042 quod
2237 2988 2333 3042 per

737 3071 1230 3146 falsumApostolos
1257 3070 1611 3125 imitarentur.
1636 3068 1690 3121 lu
1719 3079 1973 3138 quantum
1996 3082 2123 3135 ergo
2149 3081 2335 3121 emen-

734 3166 918 3222 dasset
936 3181 1054 3235 qua:
1083 3163 1307 3217 fuissent
1333 3159 1665 3217 emendanda
1693 3202 1707 3225 ,
1735 3162 1778 3213 si
1809 3159 2030 3212 fuissent
2055 3151 2330 3228 corrupta,

2429 1967 2750 2031 constituat;
2785 1964 3008 2035 proinde
3024 1964 3295 2025 Christum
3322 1979 3475 2018 suum
3493 1980 3520 2016 a
3539 1965 3795 2019 Creatore
3811 1978 4036 2032 separa-

2429 2066 2538 2110 tum
2561 2056 2695 2129 (l0),
2728 2065 2787 2112 ut
2814 2056 2910 2111 Dei
2935 2055 3178 2121 alterius,
3209 2066 3264 2108 ut
3290 2054 3528 2109 alienum
3561 2053 3690 2124 legis
3713 2064 3768 2108 et
3797 2053 4037 2122 prophe-

2431 2157 2620 2202 tarum.
2659 2146 2730 2219 (c)
2759 2146 2918 2202 Certe
2945 2155 3222 2217 propterea
3264 2146 3532 2200 contraria
3562 2159 3787 2214 quaeque
3815 2153 4037 2198 sentcn-

2431 2241 2517 2294 tizc
2544 2255 2655 2295 sua:
2681 2242 2844 2295 erasit
2868 2282 2883 2307 ,
2924 2239 3291 2309 conspirantia
3315 2253 3437 2294 cum
3467 2238 3748 2303 Creatore,
3783 2237 3940 2306 quasi
3969 2238 4036 2293 ab

2430 2329 2785 2386 assertoribus
2811 2331 2928 2401 ejus
2969 2329 3170 2385 intexta
3214 2349 3227 2386 :
3273 2329 3631 2400 competentia
3680 2341 3861 2383 autem
3913 2344 4035 2382 sen-

2432 2426 2611 2480 tcntiae
2657 2441 2768 2480 sum
2820 2425 3131 2480 reservavit.
3159 2424 3283 2480 llaec
3311 2424 3711 2479 conveniemus.
3747 2421 3876 2477 llaec
3921 2437 4036 2475 am-

2434 2519 2725 2586 plectemur
2753 2561 2766 2582 ,
2798 2520 2840 2573 si
2875 2519 3152 2574 nobiscum
3203 2517 3372 2588 magis
3402 2515 3596 2572 fuerint
3625 2531 3642 2580 ;
3672 2515 3717 2569 si
3748 2515 4034 2570 Marcionis

2434 2612 2901 2679 pr:rsnniptionem
2944 2610 3343 2680 percnsserint,
3389 2620 3516 2664 tunc
3540 2617 3590 2662 et
3633 2607 3718 2661 illa
3764 2607 4038 2661 constabit

2432 2702 2621 2757 eodem
2669 2703 2796 2756 vitio
2847 2703 3110 2757 lizcreticre
3161 2701 3418 2756 caacitatis
3461 2715 3655 2766 erasa,
3686 2714 3792 2770 quo
3816 2709 3875 2755 et
3924 2699 4041 2755 huc

2434 2804 2722 2848 reservata.
2757 2792 2846 2847 Sic
2873 2792 3090 2848 habebit
3119 2791 3343 2847 intentio
3362 2801 3417 2848 et
3443 2791 3610 2846 forma
3628 2791 3880 2863 opusculi
3909 2808 4038 2844 tm;-

2434 2889 2499 2942 tri
2524 2930 2539 2951 ,
2569 2889 2667 2943 sub
2693 2888 2796 2942 .illa
2827 2889 3008 2957 utique
3037 2887 3345 2943 conditione
3368 2927 3384 2954 ,
3411 2902 3529 2956 qua:
3549 2901 3616 2940 ex
3638 2894 3866 2956 utraque
3887 2896 4042 2954 parte

2433 2980 2678 3036 condicta
2705 2981 2794 3034 sit.
2818 2980 3106 3036 Constituit
3138 2979 3370 3034 Marcion
3399 2978 3564 3032 alium
3595 2991 3714 3032 esse
3735 2975 4041 3040 Christum,

2433 3074 2523 3143 qui
2572 3073 2872 3128 Tiberianis
2925 3074 3251 3143 temporibus
3291 3085 3320 3124 a
3363 3069 3472 3126 Deo
3527 3067 3799 3139 quondam
3851 3069 4039 3138 ignoto

2435 3166 2704 3219 revelatus
2735 3166 2805 3218 sit
2826 3165 2876 3218 in
2905 3166 3129 3218 salutent
3161 3163 3396 3217 omnium
3428 3162 3662 3231 gentium
3694 3177 3709 3227 ;
3756 3160 3922 3214 aliutu
3951 3161 4045 3230 qui

736 3259 792 3313 in
825 3267 1027 3312 tantttm
1057 3254 1394 3311 confirmavit
1421 3269 1525 3306 non
1553 3252 1715 3306 fuisse
1740 3261 1989 3320 corrupta
2013 3292 2025 3314 ,
2060 3267 2179 3320 quae
2223 3268 2326 3304 non
2358 3285 2403 3346 Ο
2436 3273 2463 3309 a
2497 3257 2606 3311 Deo
2633 3267 2874 3311 creatore
2897 3257 2947 3310 in
2972 3256 3364 3310 restitutionem
3411 3253 3607 3324 judaici
3633 3261 3804 3307 status
3829 3252 3902 3307 sit
3922 3253 4047 3308 des-

737 3351 947 3421 putavit
975 3347 1329 3404 emendanda.
1362 3347 1600 3414 Denique
1641 3344 1948 3399 emendavit
1975 3383 1990 3408 ,
2021 3343 2163 3413 quod
2209 3357 2331 3398 cor-

736 3452 952 3513 ruptum
995 3441 1337 3498 existimavit.
1379 3439 1484 3495 Sed
1529 3453 1594 3493 ne
1627 3437 1727 3492 hoc
1782 3437 2009 3502 merito,
2053 3438 2174 3505 quia
2227 3452 2331 3491 non

737 3533 838 3588 fuit
864 3544 1194 3604 carrnptunt.
1219 3532 1273 3587 Si
1306 3533 1447 3588 enim
1477 3530 1766 3600 apostolica
1796 3531 1996 3599 integra
2029 3529 2108 3601 (5)
2141 3545 2332 3584 Cucur-

739 3637 928 3684 rerunt
973 3626 1092 3698 (6);
1141 3626 1296 3680 Lucae
1325 3634 1502 3679 autem
1547 3624 1688 3693 quod
1728 3633 1811 3677 est
1854 3623 2146 3677 secundum
2189 3638 2284 3676 nos
2315 3664 2330 3688 ,

741 3720 874 3775 adeo
901 3719 1146 3789 congruit
1184 3716 1380 3788 regulae
1407 3732 1592 3770 eorum
1615 3757 1628 3782 ,
1660 3724 1717 3769 nt
1743 3731 1864 3769 cum
1912 3716 2013 3770 illis
2042 3715 2182 3785 apud
2225 3716 2331 3771 Ec-

742 3812 936 3868 clesias
973 3818 1222 3874 maneat,
1244 3811 1353 3878 jam
1397 3817 1452 3862 et
1489 3807 1646 3862 Luca:
1682 3818 1890 3860 constat
1935 3809 2200 3878 integrum
2241 3807 2335 3863 de-

742 3903 1048 3960 cucurrisse
1075 3915 1241 3971 usque
1268 3900 1334 3955 ad
1365 3900 1698 3970 sacrilegium
1729 3899 2029 3955 Marcionis.
2073 3900 2333 3970 Denique,

744 3995 833 4050 ubi
865 4011 1051 4049 tnanus
1073 3994 1146 4048 illi
1169 3992 1400 4047 Marcion
1427 3992 1629 4055 intulit,
1661 4002 1782 4046 tunc
1803 3991 2071 4045 diversum
2098 4000 2152 4045 et
2171 4008 2336 4045 :emu-

746 4088 857 4144 lttm
891 4087 1083 4142 factum
1125 4096 1207 4140 est
1234 4086 1315 4157 (7)
1345 4087 1670 4156 apostolicis.
1701 4085 1864 4154 Igitur
1888 4083 2029 4139 dabo
2054 4085 2335 4140 consilium

745 4180 1025 4250 discipulis
1050 4180 1164 4250 ejus
1186 4220 1199 4244 ,
1238 4187 1294 4232 ut
1333 4187 1423 4233 aut
1447 4186 1500 4232 et
1526 4177 1613 4231 illa
1645 4187 1987 4243 convertant,
2023 4177 2147 4232 licet
2171 4193 2292 4234 sero
2319 4220 2335 4245 ,

746 4272 812 4326 ad
856 4272 1079 4328 formam
1129 4273 1209 4327 sui
1237 4312 1253 4339 ,
1299 4285 1404 4341 quo
1431 4286 1551 4324 cum
1595 4271 1904 4340 apostolicis
1941 4273 2229 4328 convenire
2266 4273 2344 4327 vi-

747 4363 974 4420 deantur
997 4362 1142 4434 (nam
1163 4372 1217 4419 et
1237 4362 1476 4434 quotidie
1503 4361 1794 4419 reformant
1816 4363 1938 4419 illud
1965 4405 1979 4431 ,
2007 4375 2162 4434 prout
2192 4381 2221 4419 a
2251 4382 2347 4419 nu-

2441 3350 2637 3405 tinatus
2665 3391 2680 3418 ,
2711 3349 3028 3417 quandoque
3057 3359 3333 3404 venturus.
3371 3346 3514 3402 Inter
3557 3347 3656 3402 hos
3709 3361 3962 3418 magnam
3993 3357 4049 3401 et

2438 3457 2654 3497 omnem
2691 3440 2770 3513 (ά)
2799 3440 3154 3496 differentiam
3179 3439 3377 3496 scindit
3407 3481 3424 3505 ,
3473 3449 3725 3509 quantam
3755 3439 3899 3495 inter
3919 3439 4044 3510 jus-

2439 3545 2549 3590 tum
2575 3545 2628 3590 ct
2657 3536 2878 3601 bonum,
2909 3545 3157 3604 quantam
3193 3534 3332 3588 inter
3360 3533 3556 3602 Legem
3581 3541 3635 3586 et
3663 3531 4046 3602 Evangelium,

2436 3637 2690 3698 quautam
2737 3628 2877 3682 inter
2924 3627 3247 3696 judaismum
3291 3636 3346 3680 et
3382 3624 3858 3679 ehristianisnnnu.
3908 3624 3952 3678 ll
3982 3640 4047 3680 nc

2437 3730 2491 3774 et
2530 3730 2710 3774 nostra
2761 3720 3112 3790 prmscriptio,
3158 3733 3259 3788 qua
3309 3716 3592 3788 deflgimus
3623 3759 3637 3783 ,
3668 3716 3795 3770 nihil
3824 3717 4048 3772 Christo

2441 3815 2533 3868 Dei
2556 3814 2773 3868 alterius
2793 3829 3078 3869 commune
3102 3827 3220 3868 esse
3240 3811 3440 3867 debere
3463 3826 3585 3866 cum
3617 3810 3907 3867 Creatore:
3935 3829 4046 3868 ca:-

2441 3915 2610 3961 terum
2633 3947 2647 3971 ,
2673 3905 2944 3962 Creatoris
2978 3903 3425 3976 pronuntiandum
3451 3943 3465 3967 ,
3493 3904 3538 3958 si
3585 3903 4047 3959 administraverit

2439 3997 2820 4068 dispOsitiones
2848 4000 2965 4068 ejus
2994 4041 3007 4059 .
3059 3998 3104 4052 si
3133 3997 3434 4067 impleverit
3461 3997 3772 4067 prophetias
3799 3997 3920 4066 ejus
3952 4037 3968 4063 ,
3997 3997 4046 4053 si

2441 4091 2702 4162 adjuverit
2744 4092 2887 4162 leges
2917 4092 3053 4163 ejus,
3086 4093 3130 4147 si
3161 4091 3627 4162 reprmsentaverit
3651 4092 4045 4163 promissiones

2444 4185 2560 4254 ejus
2589 4226 2602 4250 ,
2636 4185 2680 4239 si
2709 4188 3087 4240 restauraverit
3135 4185 3358 4239 virtutes
3387 4169 3524 4254 ejus,
3556 4185 3601 4238 si
3627 4184 3924 4238 sententias
3955 4199 4044 4240 ie-

2447 4276 2772 4342 formaverit,
2822 4278 2867 4331 si
2923 4291 3121 4341 mores,
3179 4276 3222 4330 si
3289 4276 3643 4346 proprietates
3689 4278 4043 4346 expresserit.

2451 4369 2616 4439 llnjns
2647 4371 2782 4439 pacti
2814 4379 2867 4426 et
2895 4369 3052 4440 hujus
3080 4369 3374 4440 praescripti
3400 4382 3586 4440 qutcso
3607 4377 3678 4436 te,
3707 4369 3900 4435 lector,
3932 4386 4044 4427 me-

1974 4479 2348 4538 LECTIONES
2386 4483 2688 4539 VARIAN'I‘
2696 4485 2800 4542 ES.

841 4595 886 4646 tl
908 4595 1083 4646 Autem
1100 4591 1251 4646 omiu.
1278 4593 1431 4645 Serui.

840 4653 888 4708 2)
916 4657 1097 4707 Eodem
1121 4653 1273 4708 Semf.

837 4719 887 4770 3)
907 4721 1085 4769 Autem
1109 4719 1228 4768 add.
1249 4727 1362 4770 Jun.

842 4779 887 4840 4)
914 4781 1050 4840 Quod
1075 4779 1227 4831 Semt.

837 4841 888 4906 ὅ)
915 4843 1118 4906 lutegre
1139 4841 1292 4894 Seml.

813 4595 837 4908 ἐ

866 4595 888 4910 ξ

2370 4597 2565 4658 Df6

2611 4600 2950 4666 Decnrrerunt
2986 4604 3108 4666 Par.
3137 4602 3240 4666 In'g.
3267 4609 3430 4655 Venet.

2536 4662 2586 4715 7)
2612 4664 2686 4712 Ab
2706 4662 2856 4714 mer.
2883 4665 3002 4714 Par.
3029 4665 3180 4715 Fran.

2535 4725 2584 4788 ξι)
2610 4725 2689 4788 De
2715 4727 2986 4788 evangeliis
3007 4725 3158 4788 Scfml.

2533 4785 2584 4850 9)
2609 4785 3095 4850 Expediutur'Seml.

2515 4794 2908 4899 (9))Expediutur
2929 4794 3095 4847 Seml.

2515 4851 2554 4915 (l
2603 4851 2618 4910 )
2644 4849 2973 4914 Separaturus
2993 4853 3116 4902 Par.
3141 4853 3296 4904 Fran.
3320 4858 3674 4916 sepmturum.
3700 4859 3818 4903 um.

2113 4952 2665 5013 COMMENTARIUS.

829 5067 904 5148 ς»)
938 5065 1157 5148 Faciunt
1183 5075 1227 5119 et
1255 5067 1394 5148 [auos
1424 5081 1602 5133 vespae.
1634 5063 1910 5148 Vespashin
1939 5065 2148 5148 sublimi
2176 5084 2205 5124 e
2228 5071 2337 5125 luto

755 5136 910 5194 nidos
943 5142 1143 5198 faccrc,
1176 5147 1225 5189 ct
1255 5136 1304 5189 in
1332 5136 1394 5189 iis
1421 5151 1606 5198 creas,
1640 5136 1793 5189 tradit
1829 5137 2050 5192 Plinius.
2077 5139 2188 5193 llic.

829 5208 976 5280 (li)Si
1005 5210 1085 5276 qui
1125 5208 1450 5281 Evangelimn
1491 5208 1849 5281 pcrverlrbant.
1908 5214 2062 5281 Artt-s
2096 5211 2339 5281 vulgares

760 5277 928 5349 tangit
955 5282 1322 5332 Ιηιιιϊιίροτιιιιι
1353 5279 1402 5330 in
1431 5277 1833 5346 corrumpendis
1864 5279 2150 5347 Scriptura:
2188 5277 2335 5336 codi-

759 5352 910 5404 cibns
937 5391 949 5412 ,
981 5351 1043 5404 iis
1071 5351 1398 5418 pntissimuin
1429 5351 1517 5417 qui
1561 5349 1627 5421 ab
1667 5351 1972 5404 auctoribus
2001 5354 2175 5421 magni
2209 5370 2338 5421 pon-

755 5421 900 5476 deris
932 5436 1239 5490 maguaaque
1281 5420 1609 5472 auctoritatis
1647 5423 1928 5484 eonsrripti
1956 5420 2104 5476 sunt.
2143 5420 2341 5478 ObSrr-

755 5492 926 5564 vauda
959 5496 1102 5564 venit
1132 5506 1229 5564 vox
1257 5506 1426 5559 graeca
1459 5499 1776 5564 μςταστρξψαιι
1805 5508 1922 5560 qua:
1951 5493 2169 5564 habetur
2199 5498 2334 5564 apud

757 5563 946 5629 Apost.
982 5560 1141 5633 (Gul.
1166 5560 1235 5631 l),
1268 5577 1332 5614 ex
1364 5560 1612 5633 (ultrith
1639 5563 1933 5630 desumpsit
1955 5560 2338 5632 'l‘ertnllianus;

758 5631 1024 5701 significat
1061 5632 1252 5702 quippe
1283 5647 1386 5684 non
1415 5631 1586 5685 solum
1615 5643 1961 5696 convertere,
1992 5636 2083 5689 sed
2123 5648 2176 5690 et
2216 5631 2337 5693 (οι-4

759 5718 1012 5770 rumpere
1041 5715 1094 5756 et
1125 5703 1176 5756 iu
1203 5702 1363 5754 alium
1393 5717 1607 5756 sensum
1638 5702 1868 5758 trahere.
1901 5703 1979 5758 LE
2010 5705 2098 5760 l’n.

830 5774 913 5826 CA
928 5778 983 5827 l’.
1001 5775 1090 5828 Vl.
1119 5804 1183 5814 —
1297 5771 1716 5846 Certepropteren
1729 5777 1984 5846 contraria
2005 5793 2210 5846 quaeque
2222 5797 2334 5833 scn-

760 5847 930 5901 tentia’
958 5861 1064 5902 sua:
1085 5845 1257 5900 erasit.
1287 5843 1546 5898 Omnibus
1566 5844 1830 5900 haereticis
1856 5846 1905 5900 id
1935 5843 2196 5906 Iatiiiliat'e
2219 5864 2298 5906 est
2323 5893 2339 5920 ,

2445 5080 2693 5148 utcontra
2710 5075 2784 5127 ria
2801 5089 2908 5131 suae
2930 5075 3206 5148 sententiae
3230 5074 3454 5148 eradaut
3478 5075 3529 5148 in
3557 5073 4046 5148 scripturismtque

2444 5146 2602 5197 etiam
2622 5145 2754 5198 adeo
2778 5149 2990 5198 nostris.
3021 5147 3109 5200 Sic
3137 5146 3299 5201 libros
3320 5147 3455 5200 duos
3481 5145 3907 5201 Machahasorum
3926 5145 4047 5215 reji-

2443 5216 2612 5279 ciunt,
2627 5231 2688 5265 ('0
2704 5215 2842 5284 qttod
2860 5225 3162 5271 sanctorum
3178 5226 3294 5285 post
3312 5216 3447 5270 hanc
3465 5218 3626 5271 vitam
3645 5217 3981 5272 orationibus
3995 5231 4048 5274 et

2446 5288 2718 5340 Sacriliriis
2751 5303 2845 5354 pro
2892 5287 3159 5342 defunctis
3201 5287 3590 5355 suffragantur;
3626 5287 3925 5357 Epistolatn
3957 5291 4049 5342 ,1η-

2448 5358 2565 5410 rohi
2596 5366 2649 5411 et
2673 5359 3030 5427 Apocalypsin
3058 5401 3070 5416 .
3101 5359 3241 5426 quod
3271 5360 3460 5429 Iaciant
3498 5373 3593 5427 pro
3621 5359 3888 5413 bonorum
3919 5375 4046 5429 ope-

2448 5443 2577 5498 rum
2614 5430 2846 5492 meritis;
2889 5429 3182 5498 Epistulam
3240 5427 3472 5498 denique
3519 5429 3658 5484 Petri
3711 5427 4046 5495 secundani,

2442 5497 2582 5566 quod
2623 5514 2745 5552 suas
2794 5497 3026 5554 harrcsL-s
3058 5500 3360 5556 novissimis
3387 5497 3548 5554 hisce
3591 5501 3928 5570 temporibus
3975 5503 4046 5557 ibi

2447 5570 2728 5638 praedictas
2753 5571 3197 5625 animadvertant.
3229 5570 3365 5624 PAI.

2521 5638 2598 5711 (d)
2633 5639 2981 5706 Di/ferentiam
3012 5640 3140 5695 inter
3160 5643 3367 5712 justum
3388 5651 3436 5696 et
3461 5641 3668 5696 bonum
3698 5641 3812 5697 Hoc
3841 5653 3926 5698 est
3970 5645 4047 5698 in-

2447 5721 2526 5764 ter
2553 5728 2796 5766 severum
2829 5720 2884 5766 et
2925 5713 3105 5767 mitem
3129 5711 3327 5779 ,inter
3349 5711 3680 5781 judicantem
3733 5723 3786 5766 et
3827 5716 3902 5769 mi
3935 5716 4044 5770 eri-

2446 5783 2662 5837 cortlem
2686 5825 2699 5846 ,
2732 5785 2870 5838 inter
2901 5787 3204 5851 punientem
3233 5795 3284 5837 et
3329 5795 3634 5852 parcentem
3659 5826 3675 5852 ,
3712 5785 3851 5840 inter
3878 5786 4044 5842 Crea-

2450 5866 2619 5910 torem
2645 5864 2699 5910 et
2729 5854 3164 5927 Redemptorem.
3205 5855 3326 5912 Rue.
