4268 6492
222 371 326 427 569

1313 368 1439 424 LIB.
1485 367 1547 422 IV
1587 365 1953 426 ADVERSUS
1992 367 2414 431 MARCIONEM.

3407 373 3512 429 370

223 483 444 536 mineris
467 481 661 553 ubique
686 525 700 548 ,
727 493 782 539 et
806 483 980 555 incipe
1008 498 1392 554 recognoscere
1423 493 1512 538 aut
1538 483 1818 537 Marcionis
1846 486 1895 542 Α
1922 485 2009 552 qui
2047 486 2228 539 sedetis
2256 488 2308 539 in
2346 487 2579 551 tenebris,
2622 488 2782 543 videte
2822 489 2988 543 luuteu
3023 503 3288 562 magnum;
3311 490 3393 561 qui
3424 491 3518 543 Ita-

223 575 316 629 Cln
333 576 492 630 iszum
515 617 528 641 ,
559 587 650 631 aut
676 576 966 632 Creatoris.

826 669 1051 728 CAPUT
1091 669 1204 725 VII.

292 763 442 816 Anno
466 763 836 833 quintadecimo
862 763 1174 834 principatus
1199 761 1458 844 Tiberiani
1500 762 1516 831 (
1541 760 1666 814 an.
1699 760 1765 815 IlI
1794 803 1808 827 ,

224 853 301 923 I),
334 856 580 925 proponit
607 871 728 910 eum
763 857 842 929 (I)
872 857 1187 911 descendisse
1214 857 1266 909 in
1287 856 1534 909 civitatem
1558 853 1806 919 Guliltca',

220 946 584 1016 Cap/laruaut):
638 948 782 1022 (Luc.
818 948 917 1011 IV,
949 950 1083 1019 5I);
1121 950 1305 1020 utique
1353 951 1422 1004 de
1469 949 1606 1004 caelo
1653 949 1815 1004 Crea-

219 1041 390 1101 loris,
435 1041 485 1094 in
529 1040 668 1110 quod
717 1040 798 1112 (Ξ)
856 1042 922 1094 de
975 1055 1072 1095 suo
1125 1051 1248 1097 ante
1299 1040 1666 1095 descenderat.
1714 1039 1816 1094 Ec-

218 1133 347 1201 qttid
380 1134 456 1202 (5)
486 1149 614 1204 ergo
641 1133 844 1188 ordinis
875 1133 1078 1199 fuerat,
1113 1144 1169 1188 ut
1200 1135 1342 1203 prius
1372 1135 1440 1189 de
1469 1150 1566 1188 suo
1594 1134 1732 1190 cado
1763 1137 1814 1189 in

217 1219 494 1277 Creatoris
520 1223 850 1279 descendens
877 1225 1307 1280 describerctur?
1335 1226 1440 1281 Cur
1461 1227 1602 1280 enim
1633 1242 1736 1280 non
1763 1236 1818 1281 et

217 1314 318 1369 ista
353 1316 739 1385 reprehendam
761 1359 775 1382 ,
806 1333 926 1386 qua:
957 1333 1062 1377 non
1097 1318 1315 1387 implent
1349 1317 1506 1372 fidem
1535 1319 1818 1374 ordinaria:

216 1409 577 1473 narrationis,
620 1408 922 1465 deficientis
958 1411 1008 1464 in
1055 1411 1334 1465 mendacio
1367 1410 1617 1480 semper?
1657 1411 1819 1467 Plane

215 1503 384 1556 semel
427 1502 566 1557 dicta
606 1502 737 1565 sint,
785 1517 878 1573 per
906 1518 1023 1572 (iure
1059 1502 1170 1572 jam
1210 1503 1336 1558 alibi
1377 1504 1815 1568 retractavimus,

213 1608 280 1647 an
308 1594 647 1651 descendens
672 1611 765 1666 per
793 1596 1119 1661 Creatorem,
1153 1607 1207 1652 et
1237 1598 1451 1666 quidem
1470 1598 1724 1653 adversus
1743 1600 1821 1670 ip-

211 1698 335 1739 sum
367 1688 599 1755 potuerit
627 1687 695 1743 ah
723 1701 788 1742 eo
807 1686 1035 1753 admitti,
1067 1698 1119 1744 et
1152 1688 1272 1744 inde
1303 1689 1520 1744 tramitti
1545 1689 1599 1743 in
1624 1699 1817 1743 terram

212 1793 370 1847 mque
410 1779 596 1846 ipsius.
641 1779 791 1833 Nunc
819 1787 994 1834 autem
1043 1789 1098 1833 et
1136 1781 1396 1851 reliquum
1449 1781 1690 1835 ordinem
1727 1779 1822 1835 dc-

1912 576 2081 630 bilatis
2109 590 2294 633 terram
2315 621 2328 646 ,
2362 586 2586 635 sedentes
2615 583 2667 639 in
2692 582 2871 636 umbra
2912 583 3109 648 mortis,
3150 582 3318 637 lumen
3344 592 3508 636 ortum

1913 678 1984 722 est
2020 687 2172 740 super
2201 686 2308 726 vos.
2359 673 2500 729 Bene
2530 685 2708 729 autem
2738 675 2879 746 qttod
2926 686 2981 730 et.
3025 675 3166 730 Deus
3205 674 3512 742 Marcionis,

1915 760 2240 818 illuminator
2263 764 2557 820 vindicatur
2583 767 2860 820 nationum
2888 785 2901 821 :
2929 781 3039 837 quo
3073 767 3242 837 magis
3267 767 3516 823 debuerit

1917 853 1995 906 vel
2029 853 2092 907 de
2119 853 2256 908 cmlo
2287 855 2631 921 descendere,
2673 859 2771 911 etsi
2815 860 2993 927 utique
3035 856 3150 929 (IO)
3199 839 3250 911 in
3285 850 3510 913 Pontum

1919 946 2093 1014 potius
2131 946 2478 1013 descendere,
2512 965 2669 1018 quam
2703 950 2753 1004 in
2781 949 3080 1006 Galilaeam.
3123 949 3413 1016 Caeterum,
3459 962 3516 1006 et

1919 1036 2036 1092 loco
2063 1049 2116 1092 et
2141 1038 2538 1095 ilhnninationis
2567 1057 2730 1110 opere
2755 1041 3046 1096 secundum
3077 1041 3510 1112 praedicationem

1915 1133 2320 1196 occurrentibus
2358 1133 2599 1200 Christo,
2626 1136 2734 1205 jam
2783 1150 2905 1190 eum
2961 1137 3330 1207 pr0phetatum
3377 1137 3513 1190 inci-

1919 1225 2094 1295 pimus
2135 1239 2466 1296 agnoscere,
2524 1227 2898 1282 ostendcnlem
2950 1229 3001 1281 in
3045 1227 3218 1298 primo
3271 1225 3516 1296 ingressu

1921 1313 2159 1389 (Mattlt.,
2189 1315 2254 1382 ν,
2290 1315 2379 1390 17)
2409 1317 2600 1371 venisse
2638 1333 2695 1371 se
2723 1334 2826 1371 non
2861 1328 2915 1370 ut
2947 1316 3130 1390 Legem
3155 1328 3200 1372 et
3229 1315 3518 1386 PrOpltetaa

1921 1408 2211 1464 dissolveret
2239 1408 2335 1483 (ὁ),
2363 1410 2450 1463 sed
2476 1419 2530 1463 ut
2551 1409 2715 1480 potius
2735 1409 3054 1480 adimpleret.
3081 1409 3192 1465 Hoc
3217 1411 3362 1465 enim
3387 1409 3520 1464 Mar-

1925 1503 2078 1568 cion,
2123 1513 2179 1558 ut
2222 1503 2492 1569 additum,
2540 1505 2721 1558 erasit.
2779 1502 2884 1558 Sed
2909 1503 3104 1557 frustra
3134 1504 3348 1573 negabit
3394 1503 3510 1574 (II)

1923 1596 2192 1652 Christum
2235 1596 2454 1661 dixisse,
2493 1596 2633 1666 quod
2677 1597 2854 1652 statim
2896 1596 3020 1651 fecit
3065 1611 3128 1651 ex
3175 1606 3343 1667 parte.
3385 1595 3517 1650 Pro-

1923 1686 2158 1757 phctiam
2200 1689 2342 1742 enim
2389 1689 2598 1758 interim
2647 1689 2714 1745 de
2763 1691 2877 1745 loco
2904 1688 3232 1758 adimplevit,
3274 1687 3340 1743 de
3375 1689 3517 1743 caelo

1925 1780 2103 1834 statim
2135 1778 2201 1834 ad
2231 1793 2577 1851 synagogam,
2622 1791 2677 1835 ut
2706 1779 2812 1835 dici
2843 1780 3000 1845 solet,
3032 1797 3099 1835 Αι)
3125 1794 3263 1846 quon
3292 1795 3517 1835 \‘ENIIIUS

209 1874 517 1926 scansionis
536 1874 814 1943 apostqu
841 1882 1027 1929 tenens
1050 1873 1392 1931 descendisse
1414 1874 1583 1930 illum.
1615 1874 1816 1929 Viderit
1847 1875 1894 1935 Β
1923 1888 2021 1929 uoc
2061 1888 2181 1928 ace.
2233 1872 2489 1940 Marcion,
2518 1871 2668 1926 aufer
2695 1879 2854 1928 etiam
2904 1872 3031 1927 illud
3068 1873 3136 1927 de
3184 1873 3468 1943 Evangelio
3498 1891 3512 1926 :

209 1968 360 2019 enim
385 1966 556 2020 sienhi
583 1967 891 2036 apparuisse
911 1967 1254 2037 positutnest.
1277 1968 1569 2038 Apparere,
1587 1967 1818 2021 subitum

209 2057 291 2129 (4)
322 2074 390 2112 ex
421 2059 692 2128 inopinato
713 2061 1206 2130 sapitconspcetnm
1225 2062 1334 2132 ,qni
1357 2062 1520 2116 semel
1545 2059 1822 2130 impegerit

208 2151 402 2204 oeulos
429 2151 484 2204 in
532 2150 581 2205 id
625 2151 766 2222 quod
807 2152 924 2207 sine
963 2167 1117 2206 mora
1164 2155 1428 2222 apparuit.
1473 2153 1822 2208 Descendisse

209 2251 420 2306 autem,
470 2242 594 2296 dum
648 2244 718 2296 sit
760 2242 867 2315 (5),
913 2243 1146 2307 videtur,
1203 2253 1258 2298 et
1303 2245 1443 2298 subit
1488 2245 1705 2307 oculos;
1754 2243 1822 2299 de

209 2335 357 2390 facto
404 2336 569 2392 etiam
610 2336 853 2391 ordinem
900 2337 1040 2392 facit.
1078 2341 1252 2408 Atque
1292 2343 1363 2393 ita
1406 2339 1546 2410 cogit
1585 2339 1819 2408 exigere,

210 2431 355 2500 quali
409 2430 628 2492 habitu,
679 2430 822 2499 quali
873 2441 1156 2501 suggestu,
1219 2446 1449 2502 quonam
1498 2433 1694 2502 impetu
1740 2433 1820 2486 vel

213 2532 672 2592 temperamento,
704 2523 864 2578 etiam
909 2539 1015 2592 quo
1059 2525 1110 2579 in
1158 2534 1398 2595 tempore
1439 2526 1543 2581 diei
1588 2527 1822 2582 noctisve

213 2613 596 2679 descenderit;
644 2623 907 2684 praeterea
959 2617 1078 2684 quis
1131 2616 1325 2672 viderit
1373 2617 1820 2683 descendentem,

213 2705 338 2776 quis
413 2704 680 2773 retulerit,
734 2707 854 2776 quis
903 2709 1287 2762 asseveravcrit
1339 2725 1453 2763 rem
1497 2710 1678 2779 utique
1727 2726 1825 2764 nec

215 2797 556 2851 asseveranti
608 2797 763 2853 facile
803 2797 1144 2853 credendam.
1181 2799 1457 2869 Indignum
1504 2800 1734 2870 denique
1770 2811 1826 2856 ut

217 2889 490 2944 Iliunulns
532 2889 746 2959 quidem
798 2905 1054 2946 ascensus
1099 2892 1180 2946 sui
1241 2893 1292 2946 in
1337 2893 1532 2947 caelum
1585 2893 1827 2949 hahneiit

219 2980 515 3036 Proculqu
563 2981 967 3045 aflirmaloretn,
1006 2983 1252 3037 Christus
1306 3000 1433 3039 vero
1474 2986 1564 3040 Dei
1612 2986 1689 3058 (6)
1729 2986 1824 3041 de-

218 3088 450 3128 scensus
472 3075 541 3129 de
564 3075 702 3130 ctelo
723 3089 820 3129 suo
841 3076 923 3130 sui
954 3092 1057 3131 non
1087 3078 1345 3132 invenerit
1368 3080 1824 3147 annuntiatorem;

220 3166 376 3234 quasi
408 3181 519 3219 non
542 3167 620 3220 sic
641 3177 692 3221 et
723 3167 809 3221 ille
831 3169 1132 3224 ascenderit
1155 3169 1340 3225 iisdem
1367 3172 1624 3227 mendacii
1647 3174 1826 3237 scalis,

1929 1965 2050 2020 Non
2081 1983 2193 2022 sum
2227 1967 2410 2022 minus
2447 1966 2545 2020 nisi
2583 1966 2652 2018 ad
2687 1980 2803 2018 oves
2841 1966 3065 2035 perditas
3107 1965 3287 2020 domus
3346 1963 3513 2018 Israel

1924 2063 2124 2137 (illum.
2155 2061 2267 2126 XV,
2301 2061 2410 2133 24).
2440 2071 2525 2117 et:
2559 2060 2679 2114 Non
2706 2070 2776 2115 est
2803 2059 2916 2131 (l2)
2939 2064 3139 2130 auferre
3163 2076 3346 2130 panem
3374 2059 3516 2125 ﬁliis,

1925 2167 1970 2208 et
2018 2155 2140 2207 dare
2187 2170 2300 2208 eunt
2351 2153 2558 2207 mnibus
2611 2150 2815 2224 (illam,
2864 2151 2980 2216 VII,
3023 2151 3146 2221 2'1);
3193 2167 3260 2206 ne
3310 2152 3520 2207 scilicet

1923 2245 2172 2300 Christus
2201 2245 2414 2301 Israelis
2441 2245 2735 2300 videretur.
2779 2245 3065 2299 Sufﬁciunt
3096 2243 3222 2298 mihi
3251 2243 3385 2298 facta
3422 2259 3517 2313 pro

1924 2341 2097 2403 dictis.
2132 2340 2360 2395 Detrahe
2386 2354 2544 2394 voces
2572 2337 2686 2410 (I3)
2717 2337 2914 2393 Christi
2940 2338 3065 2403 mei,
3089 2351 3176 2392 res
3203 2337 3510 2407 l0quentur.

1927 2435 2067 2490 Ecce
2109 2435 2252 2488 venit
2294 2434 2344 2488 in
2395 2447 2754 2505 synagogatn;
2797 2440 2943 2488 certe
2985 2431 3051 2485 ad
3100 2445 3232 2486 oves
3285 2430 3516 2500 perditas

1924 2528 2116 2582 domus
2152 2525 2380 2581 lsraelis.
2413 2527 2548 2581 Ecce
2585 2525 2841 2580 doctrina:
2883 2540 2992 2578 suae
3033 2538 3224 2593 panem
3252 2521 3518 2591 prioribus

1926 2618 2082 2673 offert
2125 2617 2411 2680 Israelitis;
2443 2627 2589 2672 certe
2632 2626 2688 2671 ut
2735 2617 2868 2670 filios
2929 2617 3160 2685 praefert.
3213 2614 3352 2669 Ecce
3399 2613 3518 2668 aliis

1928 2728 2048 2768 emn
2120 2711 2356 2768 nondum
2409 2713 2677 2781 impertit;
2735 2719 2882 2766 certe
2941 2720 2998 2763 ut
3053 2723 3213 2764 canes
3257 2707 3517 2776 prmterit.

1927 2805 2132 2872 Quibus
2191 2813 2369 2860 autem
2419 2804 2586 2874 magis
2635 2803 2990 2871 impcrlisset,
3044 2816 3200 2872 quam
3251 2799 3520 2854 extraneis

1928 2897 2219 2961 Creatoris,
2264 2898 2306 2950 si
2353 2898 2468 2966 ipse
2517 2896 2566 2948 in
2609 2894 2792 2964 primis
2836 2909 2942 2948 non
2994 2893 3179 2947 fuisset
3215 2890 3520 2946 Creatoris?

1936 2989 1999 3044 Et
2030 2997 2203 3042 tzuucu
2235 2987 2504 3058 quomodo
2544 2987 2594 3040 in
2625 3000 2946 3056 synagogam
2980 2984 3150 3052 potuit
3175 2981 3380 3036 admitti
3412 2990 3518 3035 tam

1930 3079 2261 3149 repentinus,
2307 3088 2412 3132 tam
2462 3079 2701 3149 ignotus;
2743 3078 2894 3145 cujus
2931 3090 3089 3130 nemo
3128 3073 3301 3128 adhuc
3343 3081 3523 3126 certus

1931 3174 1997 3228 de
2046 3174 2207 3239 trihu,
2245 3171 2310 3227 de
2352 3172 2566 3242 populo,
2598 3171 2664 3225 de
2691 3170 2873 3236 domo,
2902 3168 2974 3241 (ε)
3002 3169 3069 3224 de
3094 3183 3258 3223 censu
3289 3166 3524 3235 denique

221 3257 364 3310 sicut
393 3265 452 3311 et
484 3257 586 3312 iste
616 3257 909 3313 descendit.
942 3258 1078 3326 Quid
1117 3271 1294 3316 autem
1327 3262 1399 3316 illi
1426 3277 1543 3317 cum
1577 3264 1817 3332 Galilzea,
1848 3263 1893 3327 C
1931 3267 2173 3337 Augusti,
2220 3279 2376 3333 quem
2420 3273 2608 3320 testem
2643 3262 3008 3317 fidelissimum
3041 3260 3334 3315 dominica!
3382 3257 3526 3311 nati-

223 3350 267 3402 si
324 3364 435 3402 non
486 3358 604 3403 erat
647 3349 950 3406 Creatoris?
998 3353 1081 3406 cui
1123 3354 1220 3407 ista
1270 3355 1415 3424 regio
1461 3357 1827 3415 destinabatur

225 3440 547 3510 ingressuro
593 3443 1059 3510 prtedicationem,
1125 3446 1338 3503 dicente
1380 3449 1512 3504 Isaia
1558 3451 1686 3524 (Is.,
1734 3453 1825 3516 IX,

228 3531 383 3604 1-2):
436 3533 520 3604 (α)
576 3531 684 3588 Hoc
727 3535 947 3605 primum
993 3537 1146 3591 bibito
1193 3539 1294 3612 (7),
1330 3542 1432 3596 cito
1475 3545 1650 3613 facito,
1695 3548 1830 3617 regio

229 3622 491 3692 Zubulon,
539 3636 587 3680 et
623 3637 758 3682 terra
798 3628 1118 3700 Neptlmlim,
1159 3642 1208 3687 et
1249 3635 1415 3688 caeteri
1442 3639 1526 3705 qui
1571 3635 1650 3710 (8)
1681 3639 1834 3692 mari-

231 3719 410 3772 timam
450 3719 522 3772 ad
563 3717 841 3776 Iordanem
882 3721 986 3794 (9),
1031 3721 1246 3781 Galiltea
1284 3729 1567 3795 nationum,
1613 3730 1834 3801 populus

1934 3358 2111 3412 vitatis
2135 3371 2352 3410 romana
2375 3356 2585 3409 archiva
2611 3353 2955 3408 custodiunt?
2976 3351 3332 3406 Meminerant
3353 3358 3522 3412 certe,

1935 3451 2035 3506 nisi
2059 3450 2430 3505 circumcisum
2457 3449 2677 3511 scirent,
2707 3461 2810 3501 non
2841 3443 3230 3499 admittendum
3260 3444 3311 3496 in
3341 3449 3525 3496 sancta

1935 3554 2262 3601 sanctorum.
2305 3541 2383 3612 (τι)
2423 3540 2524 3594 Sed
2566 3540 2666 3594 etsi
2718 3539 2912 3609 passim
2949 3551 3213 3608 synagoga
3263 3534 3524 3598 adiretur,

1937 3652 2041 3692 non
2071 3644 2246 3691 tamen
2277 3634 2340 3688 ad
2367 3632 2688 3698 docendum,
2722 3630 2825 3686 nisi
2865 3629 2934 3684 ab
2977 3629 3178 3699 optime
3216 3627 3427 3697 cognito
3471 3636 3530 3679 et

1939 3733 2212 3802 explorato
2237 3739 2291 3784 et
2332 3728 2582 3799 probato,
2620 3727 2728 3798 jam
2761 3723 2964 3797 pridem
2999 3719 3051 3778 iii
3085 3722 3188 3779 hoc
3215 3725 3410 3793 ipsum,
3442 3719 3532 3775 vel

1464 3843 1847 3904 LECTIONES
1875 3843 2287 3902 VARIANTES.

300 3948 370 4015 (I)
399 3950 564 4001 Deum
589 3949 711 4000 Par.
735 3950 886 4002 Frau.

305 4013 378 4070 (2)
403 4016 516 4070 Quo
534 4009 689 4062 Seml.

399 4016 516 4127 gito
534 4009 689 4083 Seml.

447 4083 464 4124 t
488 4075 603 4127 uutd
623 4075 689 4123 Se

320 4074 351 4124 3
399 4074 464 4127 Et
488 4075 603 4138 quid
623 4074 774 4124 Seml.

320 4078 375 4202 ξι)
403 4137 582 4202 Subito
603 4136 755 4202 F_ran.

326 4136 375 4213 si.
403 4136 582 4213 suum
603 4136 755 4213 ξτοητ

324 4199 377 4261 ὃ)
405 4199 447 4248 lt
472 4201 595 4271 ξαν.
622 4199 778 4249 Frau.

325 4263 385 4387 il
403 4260 826 4374 ἓίἒῶθῖῖἔτῧε

329 4322 385 4374 ’Π
410 4322 562 4374 Obito
587 4325 707 4373 Par.
735 4322 887 4374 Rhea.

2005 3957 2075 4016 (8)
2100 3954 2341 4004 Ilabilatis
2362 3959 2557 4016 terram‘
2583 3949 2703 4001 add.
2731 3949 2880 4003 then.
2899 3963 2965 4004 ex
2988 3948 3096 4001 cod.
3120 3949 3263 4000 Gorz.

2028 4011 2079 4067 9'l
2099 4017 2162 4066 Iit
2178 4016 2396 4063 Jordanis
2421 4011 2573 4062 Seml.

2028 4018 2079 4080 9)
2099 4018 2162 4066 Iit
2178 4018 2396 4063 Jordanis
2421 4018 2573 4062 Seml.

2006 4018 2106 4202 (te)
2130 4085 2180 4149 Et
2201 4077 2260 4142 (si
2283 4077 2478 4152 utique)
2503 4082 2618 4125 Jun.

2035 4143 2109 4202 ll)
2137 4141 2349 4202 Negavit
2371 4137 2525 4202 Seml.

2035 4137 2109 4210 tt)
2134 4137 2350 4210 git-gavit
2371 4137 2522 4210 ςειῡιιΖ

2011 4201 2112 4329 ((ιιξ)
2134 4201 2322 4252 Bonum
2332 4201 2480 4252 inser.
2503 4201 2603 4250 Lat.

2046 4267 2120 4328 Io)
2143 4264 2326 4314 Vocem
2349 4262 2502 4314 Seml.

1620 4433 2176 4492 COMMENTARIUS.

321 4568 481 4624 CAP.
508 4567 781 4642 VII.—(a)
802 4568 912 4623 Hoc
929 4569 1147 4642 primum
1166 4570 1336 4642 bibito.
1355 4572 1453 4625 cito
1466 4573 1638 4641 facito.
1658 4571 1845 4627 Veram
1877 4577 1930 4636 D
1957 4573 2245 4642 scriptione
2269 4571 2496 4641 Quirini.
2525 4568 2813 4626 Prarsidem
2847 4567 3009 4642 fuisse
3027 4566 3367 4642 saturninum
3407 4578 3542 4642 cpn-

250 4642 621 4696 essearhitror
641 4640 1210 4711 prmStantissimiHug.
1234 4641 1402 4696 Grotii
1423 4640 1585 4712 super
1611 4647 1708 4698 hae
1730 4661 1845 4698 νυτ-

255 4712 445 4766 borum
483 4711 627 4766 Isaia:
669 4713 1103 4782 interpretatione
1131 4711 1520 4782 conjecturam,
1547 4715 1845 4770 annotatio-

253 4784 418 4838 nibus
462 4785 512 4852 in
556 4782 750 4852 Evang.
783 4781 990 4840 Matth..
1023 4797 1141 4852 cap.
1175 4781 1259 4845 IV,
1291 4801 1342 4837 v.
1376 4785 1460 4838 Il.
1492 4785 1612 4840 th.

330 4855 410 4920 (h)
443 4851 568 4925 _on
595 4864 657 4925 ut
682 4853 862 4925 Legem
889 4864 935 4906 et
967 4851 1252 4921 Prop/tetas
1272 4856 1580 4910 dissolveret.
1619 4855 1851 4912 Ircnauts

257 4923 402 4993 (Lib.
447 4923 537 4989 IV,
582 4924 670 4997 15)
718 4923 846 4980 dicit
895 4925 1214 4979 Mart-iuueni
1265 4927 1454 4995 legisse
1503 4931 1848 4983 Contrarium.

1470 4998 1634 5052 SEIL.

333 5068 412 5136 (ε)
457 5065 535 5120 De
574 5083 724 5120 censu
769 5066 983 5136 denique
1009 5065 1243 5138 Augusti,
1278 5075 1380 5119 etc.
1409 5069 1538 5133 Quis
1580 5070 1734 5123 fuerit
1759 5071 1854 5124 iste

262 5153 488 5198 census,
519 5147 573 5191 et
598 5141 662 5191 de
689 5153 794 5207 quo
821 5154 986 5210 censu
1018 5138 1066 5210 id
1097 5138 1488 5206 accipiendum,
1533 5155 1854 5210 magnopere

261 5218 676 5264 controversum
703 5219 805 5263 est.
852 5209 1109 5262 Baronins
1132 5211 1187 5262 in
1219 5211 1486 5277 Apparatu
1531 5211 1596 5263 ad
1627 5209 1858 5266 Annales

262 5279 519 5334 eumdem
565 5289 751 5333 censet
795 5295 915 5333 eum
956 5294 1017 5331 ac
1057 5281 1122 5333 de
1160 5295 1268 5348 quo
1310 5279 1666 5349 Evangelista.
1707 5281 1854 5348 Quod

265 5367 374 5406 non
397 5353 630 5404 alienum
659 5350 829 5403 mihia
859 5365 982 5404 vero
1007 5349 1233 5404 videtur.
1263 5351 1333 5404 De
1355 5353 1630 5407 censum-ia
1654 5355 1861 5406 ordina-

265 5427 414 5476 tLone
447 5422 500 5473 nl
529 5421 760 5490 explicat
785 5421 1125 5475 Casauhnnus
1156 5424 1204 5474 in
1232 5426 1372 5475 notis
1402 5423 1466 5474 ad
1489 5423 1854 5491 Spartianum,

267 5494 457 5548 nescio
512 5506 620 5560 quo
670 5491 914 5545 authore.
965 5493 1268 5545 Assenlircr
1320 5494 1568 5547 libentius
1622 5495 1854 5556 l’ctavio,

265 5567 359 5633 qui
390 5562 663 5634 duplicem
692 5562 896 5627 Quirini
927 5577 1147 5617 censum
1177 5561 1342 5617 fuisse
1369 5566 1571 5622 scrihit.
1607 5567 1764 5619 modo
1808 5566 1856 5618 id

267 5645 481 5688 certum
523 5643 688 5686 esset.
716 5634 770 5687 Si
799 5634 940 5687 enim
989 5636 1310 5702 conjecturae
1353 5635 1516 5690 locns-
1542 5636 1730 5704 :tliqtlis
1762 5637 1824 5688 tri

269 5707 475 5766 Imitur,
497 5704 738 5770 parijure
750 5718 810 5756 ac
832 5706 1069 5758 eruditus
1091 5704 1334 5758 Petavius
1356 5707 1688 5770 coniecturas
1715 5722 1860 5761 meas

268 5775 548 5847 silici-rear.
581 5773 851 5847 Putarenr
888 5777 1081 5844 quippe
1123 5780 1406 5844 ἀπογριρὴν
1436 5777 1449 5829 i
1475 5778 1576 5830 lzun
1608 5794 1724 5847 «pne
1762 5781 1860 5830 sul)

272 5846 466 5900 Sentio
509 5845 800 5901 Saturnino
829 5844 965 5901 facta
1011 5855 1113 5914 est,
1145 5848 1390 5902 eamdem
1431 5863 1550 5903 esse
1599 5844 1716 5904 eum
1757 5848 1854 5901 dc-

1956 4634 2100 4715 jicio,
2125 4654 2176 4699 ct
2203 4634 2478 4712 Quirinum
2506 4650 2927 4715 procuratorem.
2947 4638 3191 4715 Iustinus
3212 4637 3410 4715 quippe
3436 4634 3541 4689 hoc

1952 4709 2071 4788 eum
2096 4709 2562 4784 nominejndigitﬁrt
2581 4713 2735 4783 Apol.
2753 4709 2824 4764 II:
2851 4718 2927 4765 ἐπὶ
2947 4710 3188 4788 Kuppvtou
3205 4715 3287 4788 τοῦ
3313 4714 3546 4788 ἠμίντιρρυ

1952 4779 2207 4856 ἔν’ῙουΞειίᾳ
2225 4810 2276 4855 τρ
2286 4779 2405 4840 ὡῖτου
2429 4779 2670 4856 {eous-.5.)
2695 4790 2954 4856 ὶμτρόποη
2982 4779 3070 4835 sub
3087 4780 3302 4856 Quirino
3315 4787 3475 4856 vestro
3489 4779 3543 4828 in

1955 4859 2140 4911 ,ΙταΙίιιτι
2159 4850 2320 4926 primo
2344 4850 2685 4925 procuratore.
2711 4850 2958 4926 [dantem
2987 4867 3166 4926 parum
3192 4850 3545 4904 honorilicnm

1959 4931 2085 4983 mihi
2118 4923 2567 4996 otijiciet‘aliquis,
2603 4935 2719 4991 post
2751 4935 2828 4978 tot
2870 4923 3092 4992 adeptos
3124 4925 3394 4996 honores,
3423 4927 3544 4996 post

1958 4990 2242 5068 dignitates
2273 4990 2508 5051 summas
2536 4990 3090 5068 quilmslunetus'est.
3129 4991 3322 5045 Verum
3347 4990 3396 5043 id
3429 4990 3542 5068 fieri

1962 5065 2127 5138 po'tuit
2180 5086 2248 5124 ex
2285 5069 2468 5138 majori
2511 5065 2668 5137 quam
2713 5065 2779 5120 de
2828 5067 2948 5138 ejus
2989 5066 3184 5117 virtute
3215 5067 3548 5138 conceperat

1963 5131 2152 5194 Iidncia
2185 5131 2481 5209 Augusins,
2529 5131 3077 5209 sicquefattirnintts,
3109 5143 3167 5187 ut
3215 5131 3553 5209 imperatoris

1963 5211 2220 5265 voluntati
2266 5202 2674 5279 quodammodo
2700 5207 2900 5279 faveret
2945 5202 3314 5279 ohscquendo,
3348 5215 3547 5279 pra-ses

1966 5282 2182 5336 nomine
2215 5273 2367 5335 tenus
2409 5279 2504 5332 fuit
2533 5274 2752 5332 tantum.
2783 5278 2872 5334 Sic
2917 5278 3059 5331 enim
3097 5273 3437 5342 accipientlus
3468 5280 3550 5324 est

1970 5353 2365 5425 I‘lttSttbillS_|Ib.
2411 5351 2462 5425 I_,
2506 5365 2622 5420 cap.
2669 5352 2722 5425 5,
2780 5356 3140 5425 spumam-oi
3189 5343 3559 5425 Kueuvlou.'r7.c

1968 5433 2160 5494 Συρθις.
2215 5422 2290 5476 Ex
2334 5421 2527 5495 quibus
2568 5418 2746 5495 nescio
2775 5418 3233 5495 angverediftSSe
3276 5418 3547 5495 Petavinm

1963 5490 2086 5564 quis
2129 5490 2473 5563 pronuntiare
2518 5493 2729 5556 audeat,
2779 5493 2866 5564 qu_i
2915 5490 3088 5564 nullos
3135 5498 3259 5542 tunc
3309 5490 3555 5540 extitisse

1963 5561 2146 5622 censet
2175 5565 2376 5620 Indica:
2411 5573 2801 5630 procuratores.
2847 5561 2922 5614 Le
2961 5561 3034 5614 Ρη

2037 5638 2116 5709 (d)
2151 5636 2256 5692 Sed
2297 5647 2342 5688 et
2379 5626 2430 5709 si
2457 5634 2670 5709 passim
2708 5633 2987 5709 Sg-iiagog‘a.
3031 5630 3273 5709 adiretur.
3328 5626 3559 5709 Nempe,

1964 5698 2123 5762 etiam
2156 5725 2183 5759 a
2216 5698 2499 5778 prosclyti'sj
2525 5717 2578 5778 et
2607 5698 3055 5778 gentilibusft‘iec
3087 5701 3350 5778 improbat
3379 5698 3557 5778 Euse-

1967 5779 2084 5832 hins
2112 5779 2164 5831 in
2190 5766 2424 5834 Ecclesia
2455 5766 2740 5829 christiana
2772 5775 2930 5827 etiam
2963 5775 3123 5826 laicus
3153 5775 3358 5838 ὁμιλεῖν,
3392 5766 3557 5820 modo

2061 5850 2148 5902 [Iul
2174 5865 2230 5908 ri,
2263 5855 2344 5903 τσῦ
2382 5857 2665 5919 προεστῶτος
2696 5853 2946 5899 ἓτοτττειά.
2982 5843 3098 5897 Ιὶιο.
