4268 6492
183 424 286 480 575

1177 422 1305 479 LIB.
1343 420 1409 477 IV
1461 419 1825 477 ADVERSUS
1862 416 2279 481 MARCIONEM.

3379 428 3484 482 37L

182 552 286 593 non
321 546 497 593 tamen
545 552 642 608 per
684 537 963 602 caliginem
1009 538 1182 601 eluso,
1224 551 1342 606 quae
1387 535 1515 590 nulli
1563 535 1788 591 omnino
1814 536 1867 596 Α
1898 544 2075 592 tentus
2104 554 2133 592 a
2170 540 2379 596 turbis:
2428 540 2638 612 Oportet
2670 558 2767 608 me,
2801 541 2974 612 inquit
3007 539 3025 613 (
3045 539 3193 603 Lua,
3226 537 3314 603 IV,
3345 538 3482 606 49.),

184 632 346 689 lactui
374 632 704 697 succidisSct,
738 633 779 687 si
810 631 1013 687 fuisset.

272 768 507 831 Tangere
530 771 659 817 enim
682 776 733 817 et
754 769 885 829 tangi
910 766 1002 831 (α),
1027 768 1120 816 ulsi
1139 778 1334 829 corpus,
1356 763 1485 814 nulla
1500 770 1667 829 potest
1684 774 1785 825 res,

198 895 363 951 etiam
427 896 696 950 smcularis
739 896 1011 965 sapientiae
1059 894 1216 965 digna
1256 894 1514 949 sententia
1564 900 1661 948 est.
1706 890 1787 947 Ad

190 1001 482 1049 summam,
530 1000 583 1042 et
616 989 727 1058 ipse
764 1004 886 1044 mox
937 990 1107 1058 tetigit
1150 989 1308 1055 alios,
1359 988 1552 1058 quibus
1599 1000 1787 1041 manus

184 1079 491 1149 imponens,
524 1080 703 1150 utique
733 1080 1062 1146 sentiendas,
1098 1078 1354 1134 beneﬁcia
1396 1076 1783 1133 medicinarum

178 1169 517 1234 conferebat,
540 1178 647 1224 tam
672 1186 816 1237 vera,
848 1180 952 1224 tam
974 1188 1076 1224 non
1102 1170 1433 1240 imaginaria,
1456 1184 1614 1239 quam
1632 1176 1786 1224 erant

179 1280 277 1335 per
305 1279 443 1333 quas
468 1262 797 1318 CottIereItal.
826 1263 945 1333 Ipse
977 1264 1135 1336 igitur
1154 1272 1237 1317 est
1263 1261 1510 1317 Christus
1535 1272 1586 1316 et
1612 1260 1783 1328 Isaim,

178 1356 508 1413 remediator
529 1355 911 1411 valetudinum.
935 1354 1055 1421 llic,
1079 1355 1248 1425 inquit
1271 1353 1396 1427 (15.,
1423 1353 1555 1419 LIII,
1578 1352 1658 1426 4).
1690 1352 1785 1406 im-

181 1454 486 1508 becillitates
518 1461 716 1506 nostras
742 1455 934 1521 aufert,
967 1462 1013 1505 et
1046 1451 1313 1521 lauguores
1343 1458 1532 1520 portat.
1566 1447 1787 1503 Portare

181 1556 366 1600 autem
416 1544 588 1600 Crzci
632 1546 790 1598 etiam
820 1560 918 1616 pro
957 1561 1022 1600 eo
1052 1544 1227 1598 solent
1272 1558 1493 1611 ponere,
1523 1542 1664 1613 quod
1704 1550 1789 1597 est

184 1637 400 1691 tollere.
447 1635 654 1690 Sufﬁcit
697 1637 909 1691 interim
956 1636 1084 1690 mihi
1114 1636 1383 1704 generalis
1414 1634 1783 1704 repromissio.

182 1727 574 1798 Quodcumque
617 1729 879 1784 curaverit
910 1727 1099 1792 Iesus,
1150 1743 1303 1783 meus
1359 1738 1462 1783 cst.
1498 1726 1789 1782 Veniemus

187 1829 369 1874 tamen
403 1830 455 1873 et
482 1818 548 1872 ad
584 1820 791 1888 species
837 1821 1195 1874 curationum.
1222 1819 1508 1885 Czelerum,
1540 1829 1594 1875 et
1619 1835 1646 1872 a
1674 1818 1787 1875 du:-

1892 630 2010 683 aliis
2030 631 2313 687 civitatibus
2337 635 2642 689 amtuntiare
2658 650 2873 705 regnum
2891 632 3004 687 Dei.
3035 630 3359 688 Ostenderat
3373 630 3482 699 jam

1891 719 2087 776 alicubi
2128 722 2291 778 Deum
2324 725 2518 779 suum?
2556 724 2671 780 Non
2706 734 2833 795 puto
2861 725 3038 781 adhuc
3065 739 3254 792 usque.
3286 721 3390 777 Sed
3418 720 3486 775 tle

1891 811 1971 868 eis
2013 815 2370 885 loquebatur,
2415 818 2505 889 qui
2548 818 2709 873 alium
2748 833 2963 889 quoque
3007 817 3172 872 Deum
3205 823 3485 870 noverant.

1890 906 2001 963 Nec
2030 907 2133 963 hoc
2158 909 2339 966 credo.
2370 911 2511 983 Ergo
2530 911 2574 966 si
2597 925 2696 966 nec
2724 910 2813 966 ille
2833 910 2996 965 alium
3031 909 3195 963 Deum
3223 906 3481 972 ediderat,

1892 1014 1990 1055 nec
2033 1000 2111 1055 illi
2158 1014 2421 1057 noverant
2466 1012 2662 1073 praeter
2703 1002 3053 1071 Creatorem,
3107 998 3345 1070 ejusdem
3394 998 3486 1052 Dei

1890 1107 2115 1162 regnum
2148 1094 2532 1164 portendebat,
2564 1112 2724 1169 quem
2756 1095 2929 1153 solum
2960 1094 3164 1150 sciebat
3196 1102 3383 1149 notum
3405 1092 3487 1147 eis

1889 1184 1981 1258 qui
2010 1186 2319 1243 audiebant.

2516 1281 2746 1339 CAPUT
2791 1281 2881 1337 IX.

1961 1378 2037 1434 De
2082 1387 2159 1434 tot
2206 1378 2495 1451 generibus
2543 1392 2767 1449 operum
2795 1418 2809 1442 ,
2862 1374 2989 1447 quid
3029 1374 3216 1443 utique
3266 1370 3331 1426 ad
3385 1371 3491 1440 pis-

1890 1482 2127 1527 caturam
2175 1472 2443 1542 respexit,
2485 1480 2543 1525 ut
2584 1470 2652 1525 ab
2696 1470 2786 1525 illa
2833 1469 2885 1523 in
2928 1467 3202 1538 apostolos
3241 1474 3477 1520 sumeret

1898 1561 2169 1618 Simonem
2219 1571 2271 1617 et
2324 1562 2464 1617 ﬁlios
2510 1560 2809 1617 Zebedaei?
2880 1559 2997 1616 Non
3065 1560 3210 1614 enim
3261 1556 3485 1627 simplex

1891 1654 2088 1710 factum
2140 1654 2308 1710 videri
2368 1663 2583 1725 potest,
2638 1654 2707 1709 de
2766 1668 2874 1725 quo
2934 1662 3305 1723 argumentum
3361 1666 3487 1721 pro-

1891 1763 2167 1804 cessurum
2212 1757 2362 1813 erat,
2413 1748 2598 1802 dicens
2650 1746 2848 1817 (Luc.,
2896 1745 2965 1811 γ,
3010 1746 3115 1815 10)
3158 1745 3319 1800 Petro
3378 1753 3491 1798 tre-

1893 1842 2095 1917 pidanti
2145 1842 2213 1898 de
2274 1842 2494 1913 copiosa
2558 1841 2806 1912 indagine
2862 1839 3141 1912 piscium:
3202 1837 3285 1892 Nc
3335 1838 3494 1901 time.

185 1912 1550 1983 mouiislihet'are,Cttratioestvalettnlinis.Itaque
1573 1912 1789 1979 spiritus
1819 1933 1868 1993 Β
1895 1912 2076 1990 ξιωηηε
2116 1935 2248 1988 enim
2289 1912 2518 1987 ham-ne,
2564 1933 2665 1987 ui,
2710 1932 2934 2003 σπρεαδ,
2980 1931 3091 1985 "oc
3118 1929 3258 1985 enim
3303 1928 3490 1992 dicm,

186 2020 452 2075 nequam,
497 2006 645 2073 quasi
689 2020 752 2059 ex
796 2004 963 2058 forma
1001 2005 1108 2071 jam
1158 2006 1349 2072 prioris
1393 2003 1622 2073 exempli
1669 2018 1791 2058 cum

188 2097 506 2152 testimonio
530 2097 860 2151 excedebant
888 2097 1237 2152 vociferantes
1259 2115 1272 2151 :
1296 2095 1374 2150 Tu
1400 2113 1452 2150 es
1480 2095 1645 2150 Filius
1671 2094 1791 2151 Dei.

188 2192 358 2263 Cujus
384 2192 504 2256 Dei,
532 2191 611 2243 vel
647 2190 730 2244 hic
758 2200 957 2260 pareat.
982 2190 1084 2247 Sed
1113 2190 1334 2260 proinde
1358 2190 1790 2259 increpabantut',

190 2297 244 2338 ct
282 2283 615 2351 jubebantur
658 2292 855 2337 tacere.
890 2282 1118 2337 Proinde
1148 2283 1290 2338 enim
1322 2283 1562 2337 Christus
1591 2283 1660 2338 ab
1696 2281 1795 2336 Ito-

192 2377 456 2440 minibus,
484 2392 588 2431 non
614 2394 640 2428 a
664 2376 939 2445 Spit-itihus
965 2375 1274 2441 immundis,
1298 2375 1586 2430 volebatse
1604 2374 1795 2429 Filium

193 2472 290 2526 Dei
339 2470 581 2539 agnosci.
629 2469 725 2524 Il!e
776 2468 1021 2523 Christus
1068 2469 1345 2536 duntaxat,
1392 2468 1476 2523 cui
1526 2468 1628 2523 hoc
1670 2481 1797 2522 cou-

191 2564 460 2635 gruebat;
494 2564 621 2633 quia
670 2564 1003 2632 pranuiserat
1043 2578 1138 2632 per
1172 2577 1306 2631 quos
1337 2567 1521 2632 posset
1558 2560 1796 2632 agnosci,

193 2672 248 2715 ct
280 2661 468 2729 utique.
499 2658 770 2727 digniores
802 2658 1200 2727 praedicatores.
1244 2655 1391 2710 Illius
1422 2665 1555 2719 erat,
1590 2670 1798 2725 prmco-

195 2756 345 2808 nium
383 2751 645 2807 immundi
680 2752 898 2820 Spiritus
926 2767 1199 2820 respuere,
1232 2750 1315 2805 cui
1360 2751 1527 2805 sancti
1559 2750 1801 2804 abunda-

197 2848 352 2902 bant.
410 2845 602 2908 Porro,
652 2846 738 2914 qui
792 2860 1057 2912 nunquam
1111 2842 1281 2897 fuerat
1330 2844 1691 2905 annuutiatus.
1756 2843 1799 2898 si

198 2950 377 2994 tamen
440 2938 653 2993 volebat
708 2937 922 3007 agnosci
969 2938 1197 3007 (l'rustra
1243 2946 1421 2990 autem
1462 2944 1714 3003 venerat,
1756 2936 1802 2991 si

198 3033 477 3098 nolebat),
509 3045 612 3083 non
653 3040 795 3084 esset
839 3039 1156 3097 aspernatus
1203 3028 1568 3083 testimonium
1614 3028 1805 3082 aliena!

200 3134 257 3180 et
282 3125 677 3191 cujuscumque
700 3122 1035 3183 substantire,
1063 3121 1151 3190 qui
1180 3121 1407 3189 propriae
1422 3136 1529 3175 non
1554 3119 1800 3185 habebat,

200 3217 290 3286 qui
316 3218 367 3271 in
395 3216 571 3271 aliena
592 3214 960 3270 descenderat.
980 3214 1096 3269 .Iam
1122 3229 1263 3270 nunc
1285 3222 1339 3269 et
1358 3229 1461 3285 qua
1504 3213 1808 3270 destructor

1900 2028 2229 2085 intellectum
2284 2026 2393 2083 illis
2438 2026 2761 2099 suggerebat
2806 2024 3110 2095 adimpletzc
3160 2022 3491 2093 praphetiae,

1900 2137 1959 2177 se
2024 2135 2147 2177 eum
2210 2134 2374 2185 esse,
2434 2118 2523 2187 qui
2583 2133 2679 2188 per
2737 2116 3059 2181 Hieremiam
3120 2114 3497 2187 prouuntiarat

1904 2212 2143 2285 (Jerem.,
2167 2210 2309 2277 XVI,
2336 2210 2427 2281 16)
2456 2229 2468 2266 :
2504 2209 2637 2265 Ecce
2662 2226 2754 2281 ego
2775 2211 2969 2263 mittam
2992 2210 3264 2279 piscatores
3285 2208 3490 2272 multos,

1901 2318 1949 2362 et
1976 2305 2304 2377 piscabuntur
2331 2305 2485 2369 illos;
2517 2304 2767 2361 homines
2806 2304 3033 2359 scilicet.
3062 2302 3303 2373 Denique
3333 2301 3494 2356 relic-

1902 2402 1972 2455 tis
2011 2399 2270 2454 naviculis
2298 2398 2469 2454 secuti
2512 2406 2638 2453 sunt
2673 2412 2828 2464 eum;
2878 2399 3052 2469 ipsum
3096 2396 3496 2467 intelligentes,

1903 2492 1995 2563 qui
2036 2502 2276 2561 coeperat
2317 2491 2490 2546 facere
2514 2490 2657 2563 quod
2686 2490 2950 2546 edixerat.
2994 2488 3150 2544 Aliud
3179 2498 3282 2553 est,
3322 2489 3365 2541 si
3397 2486 3497 2541 ad-

1906 2584 2123 2641 fectavit
2159 2585 2227 2639 de
2272 2585 2716 2639 naviculariorum
2765 2584 2999 2656 collegio
3047 2584 3300 2653 allcgere,
3344 2580 3495 2637 habi-

1906 2687 2061 2732 turus
2104 2677 2409 2747 apostolum
2445 2676 2771 2747 quandoque
2810 2677 3119 2731 nauclerum
3153 2675 3499 2729 Marcionem.

1906 2771 2323 2827 Prtestruximus
2345 2770 2559 2841 quidem
2589 2770 2848 2825 adversus
2876 2769 3182 2834 Autitheses,
3209 2766 3341 2821 nihil
3377 2781 3501 2833 pro-

1908 2866 2069 2921 ﬁcere
2097 2866 2373 2934 proposito
2401 2864 2688 2921 Marcionis
2708 2907 2722 2931 ,
2752 2880 2910 2936 quam
2937 2872 3105 2933 putat,
3134 2861 3498 2917 diversitatem

1908 2958 2065 3029 Legis
2090 2968 2145 3013 et
2173 2958 2538 3028 Evangelii.ut
2561 2968 2611 3014 et
2650 2957 2789 3013 hanc
2817 2972 2844 3011 a
2876 2955 3129 3013 Creatore
3160 2952 3499 3026 dispositam,

1910 3050 2142 3121 denique
2171 3049 2514 3121 przedicatam
2558 3049 2610 3103 in
2648 3049 3069 3119 repromissione
3108 3062 3261 3101 nova:
3294 3045 3423 3114 legis
3446 3053 3502 3098 et

1909 3143 2033 3198 novi
2070 3141 2339 3197 sermonis
2368 3148 2423 3195 et
2448 3139 2579 3194 Novi
2609 3138 2964 3197 Testamenti.
2995 3138 3100 3195 Sed
3139 3136 3392 3208 quoniam
3420 3144 3505 3187 at—

1910 3232 2107 3289 tentius
2154 3241 2559 3305 argumentatur
2599 3229 2681 3305 (b)
2733 3231 2873 3302 apud
2927 3231 3075 3288 illum
3118 3244 3273 3287 suutn
3320 3226 3503 3281 nescio

202 3309 505 3373 Creatoris,
560 3307 689 3362 nihil
735 3307 901 3375 magis
944 3308 1214 3377 gestisset,
1256 3320 1418 3377 quam
1458 3321 1488 3360 a
1533 3304 1807 3377 spiritibus
1833 3329 1879 3395 ρ
1910 3346 2071 3404 quem
2102 3304 2519 3397 «maidwp’w,
2557 3325 2607 3381 id
2638 3337 2716 3382 es,
2745 3326 3212 3388 commiseronem.
3240 3339 3295 3384 οι
3326 3353 3505 3396 “MP

205 3404 376 3474 ipsius
405 3403 658 3474 agnosci,
702 3411 757 3457 et
801 3400 1061 3471 divulgari
1109 3416 1216 3470 pra:
1270 3399 1483 3465 timore,
1522 3399 1624 3454 nisi
1662 3400 1807 3470 quod

204 3496 447 3552 Marcion
478 3496 640 3548 Deum
669 3509 822 3547 suum
854 3494 1026 3547 timeri
1058 3502 1236 3563 negat,
1278 3492 1576 3548 defendens
1606 3491 1807 3547 bonum

206 3608 317 3657 non
368 3590 567 3653 timeri,
616 3587 710 3643 sed
752 3587 1007 3655 indicem,
1046 3586 1186 3655 apud
1223 3600 1383 3655 quem
1424 3585 1533 3639 sint
1573 3584 1810 3640 materia:

207 3685 444 3748 timoris,
481 3684 581 3749 ira,
614 3681 838 3742 saevitia.
862 3680 1079 3751 judicia,
1102 3679 1357 3746 vindicta,
1384 3679 1677 3735 damnatio.
1704 3678 1810 3735 Sed

208 3787 267 3834 et
297 3775 572 3831 dzcmonia
620 3774 812 3829 timore
856 3772 1038 3843 utique
1075 3771 1360 3827 cedebant.
1408 3770 1549 3839 Ergo
1594 3769 1813 3826 timendi

208 3869 306 3925 Dei
340 3868 541 3924 Filium
588 3864 1004 3929 conﬁtebantur,
1050 3864 1389 3919 Occasionem
1420 3862 1664 3917 habitura
1708 3876 1812 3916 non

209 3959 465 4020 cedendi,
498 3959 542 4011 si
574 3972 678 4012 non
711 3955 951 4011 timendi.
986 3954 1051 4009 Et
1092 3954 1181 4009 ille
1203 3953 1355 4025 jussu
1384 3963 1437 4009 et
1467 3954 1726 4024 increpitu
1752 3968 1815 4009 ea

212 4050 518 4122 expellens,
552 4064 656 4103 nun
697 4062 856 4101 suasu
894 4061 996 4116 qua
1027 4045 1219 4109 bonus,
1255 4045 1549 4101 timendum
1580 4060 1638 4100 se
1663 4044 1817 4099 exhi-

212 4145 399 4202 bebat.
433 4147 537 4197 Aut
575 4139 833 4211 numquid
874 4139 993 4195 ideo
1022 4139 1349 4209 increpabat,
1382 4139 1502 4207 quia
1535 4137 1820 4193 timebatur

214 4236 411 4292 nolens
464 4234 680 4289 timeri?
730 4232 797 4288 Et
840 4231 1113 4303 quomodo
1161 4247 1225 4287 ea
1274 4230 1486 4286 volebat
1530 4230 1817 4296 excedere,

214 4326 362 4399 quod
418 4325 520 4380 nisi
579 4326 772 4380 timore
832 4339 943 4378 non
997 4321 1279 4379 facerent?
1330 4320 1536 4377 Cecidit
1593 4338 1721 4393 ergo
1767 4323 1822 4379 in

216 4417 601 4476 necessitatem
623 4458 637 4479 ,
678 4430 782 4487 qua
810 4414 1082 4487 disparem
1130 4430 1190 4471 se
1233 4424 1439 4471 natura:
1464 4431 1577 4473 sum
1604 4426 1819 4488 ageret:

216 4528 345 4569 eum
371 4519 558 4582 posset
582 4518 641 4565 ut
667 4510 837 4563 bonus
870 4508 1039 4565 semel
1075 4509 1155 4565 eis
1180 4524 1420 4577 parcere.
1461 4508 1667 4567 Cecidit
1695 4510 1822 4566 etin

220 4605 383 4660 aliam
399 4601 853 4671 praevaricationis
873 4608 1054 4655 notam
1077 4618 1091 4667 ;
1110 4616 1231 4658 cum
1250 4616 1308 4655 se
1325 4617 1355 4655 a
1379 4601 1659 4657 dmmoniis
1674 4603 1826 4673 quasi

1911 3430 2156 3495 «opm»,
2186 3423 2235 3477 ill
2264 3430 2367 3488 est,
2399 3419 2743 3487 coudibilem,
2773 3421 2824 3474 in
2857 3420 3055 3490 leprosi
3088 3421 3458 3491 purgationem
3486 3461 3500 3482 ,

1912 3533 2020 3573 non
2064 3514 2267 3586 pigebit
2295 3513 2344 3569 ei
2382 3526 2689 3578 occurrere,
2721 3522 2774 3566 et
2800 3512 2852 3567 in
2884 3512 3072 3583 primis
3102 3512 3341 3583 ﬁgurata:
3372 3512 3506 3581 legis

1912 3610 2020 3664 vim
2056 3606 2380 3669 ostendere;
2416 3620 2535 3673 qua:
2563 3605 2617 3658 in
2654 3604 2902 3675 exemplo
2926 3603 3126 3675 leprosi
3155 3619 3259 3659 non
3292 3605 3518 3659 contin-.

1913 3701 2093 3773 gendi,
2122 3701 2231 3754 imo
2267 3698 2336 3754 ab
2363 3698 2509 3754 omni
2541 3699 2872 3754 commercio
2918 3695 3272 3753 submovendi
3298 3738 3313 3762 ,
3357 3710 3505 3751 com-

1916 3794 2334 3852 municationem
2376 3791 2695 3866 prohibebat
2736 3792 2970 3847 hominis
3013 3791 3225 3847 delictis
3266 3804 3507 3846 comma-

1917 3885 2113 3951 culati;
2162 3900 2281 3939 cum
2328 3884 2574 3954 qualibus
2621 3891 2677 3939 et
2722 3883 3011 3954 Apostolus
3054 3883 3107 3954 (l
3144 3882 3287 3948 Cor.,
3318 3881 3508 3953 v.11)

1918 3977 2085 4032 cibum
2132 3989 2346 4045 quoque
2388 3983 2532 4030 vetat
2575 3991 2809 4031 sumere:
2856 3974 3163 4045 participari
3201 3975 3344 4028 enim
3380 3976 3511 4041 stig-

1921 4081 2063 4127 mata
2091 4068 2432 4133 delictorum,
2455 4068 2606 4136 quasi
2631 4081 2697 4123 ex
2724 4068 3061 4139 contagione,
3091 4069 3136 4123 si
3162 4067 3283 4137 quis
3304 4082 3363 4122 se
3388 4081 3508 4122 cum

1922 4174 2207 4235 peccatore
2250 4160 2548 4218 miscuerit.
2591 4162 2777 4231 Itaque
2812 4161 3073 4218 Dominus
3116 4160 3306 4217 volens
3351 4159 3514 4215 altius

1924 4257 2146 4328 intelligi
2169 4256 2391 4327 Legem,
2421 4272 2516 4325 per
2538 4256 2773 4312 carnalia
2802 4256 3060 4328 spiritalia
3086 4256 3476 4326 signiﬁcantem
3498 4294 3513 4316 ,

1924 4351 2110 4408 ethoc
2134 4350 2349 4406 nomine
2388 4364 2496 4404 non
2532 4349 2851 4415 destrttens,
2879 4348 2974 4404 sed
3014 4349 3183 4419 magis
3234 4355 3516 4402 exstruens

1925 4461 2085 4518 quam
2112 4445 2471 4516 pertinentius
2497 4444 2712 4500 volebat
2741 4443 2957 4515 agnosci
2978 4486 2993 4511 ,
3023 4444 3196 4515 tetigit
3220 4444 3513 4514 leprosum,

1927 4552 1957 4593 a
1980 4552 2086 4609 quo
2113 4536 2213 4593 etsi
2240 4536 2404 4593 homo
2430 4536 2696 4609 inquinari
2719 4535 3002 4605 potuisset,
3032 4535 3175 4591 Deus
3201 4534 3386 4605 utique
3408 4546 3517 4587 non

1930 4630 2329 4701 inquinaretur,
2363 4627 2851 4686 incontaminabilis
2874 4627 3099 4684 scilicet.
3137 4627 3208 4682 Ita
3240 4642 3346 4681 non
3374 4639 3519 4695 pnes

220 4696 420 4792 pinu"?
476 4693 747 4748 creatoris
812 4694 1123 4792 susﬁmre‘.
1155 4694 1363 4792 umeri'
1430 4704 1506 4792 Μ,
1547 4694 1825 4792 ianum"
1852 4729 1906 4791 Ι)
1931 4693 2198 4778 scribetur
2228 4693 2469 4791 illiquod
2501 4720 2749 4777 debuerit
2774 4720 2946 4792 legem
2972 4719 3297 4783 observare,
3330 4693 3389 4770 et
3411 4730 3519 4770 non

220 4788 443 4859 propria
471 4794 739 4855 potestate
768 4784 1063 4853 erpelleret
1092 4782 1383 4848 dmmonia,
1416 4784 1507 4839 sed
1539 4800 1637 4855 per
1663 4784 1827 4841 Crea-

220 4881 360 4935 toris
378 4878 777 4933 auctoritatem.
810 4876 864 4930 In
897 4874 1240 4931 solitudinem
1272 4876 1529 4946 procedit.
1560 4878 1827 4935 Solemnis

223 4982 279 5028 et
327 4968 639 5040 huiusmodi
678 4969 823 5039 regio
853 4968 1143 5023 Creatoris.
1197 4969 1493 5040 Oportebat
1515 4986 1824 5028 sermonem

226 5066 343 5120 illic
368 5078 587 5133 quoque
625 5061 792 5116 videri
826 5062 877 5116 in
907 5078 1159 5133 corpore,
1196 5062 1283 5117 ubi
1320 5072 1503 5133 egerat
1536 5064 1827 5135 aliquando

224 5167 282 5215 et
326 5158 379 5211 in
421 5156 586 5210 nnhc.
637 5154 989 5223 (Zompetebat
1022 5164 1077 5211 et
1116 5157 1410 5228 Evangelia
1448 5157 1661 5214 habitus
1692 5161 1827 5229 loci,

225 5251 317 5321 qui
369 5251 652 5318 placuerat
696 5258 750 5303 et
808 5246 955 5319 Legi.
1002 5247 1188 5317 Capiet
1238 5253 1419 5323 itaque
1456 5252 1831 5321 jncuuditatem

221 5344 474 5405 solitudo,
506 5340 607 5395 hoc
648 5339 817 5397 Isaias
856 5339 994 5411 (13.,
1024 5339 1243 5409 XXXV,
1276 5342 1337 5414 1)
1364 5344 1705 5414 promiserat.
1739 5348 1837 5401 De—

1929 4814 2242 4884 coutingcre
2294 4812 2667 4876 immundum.
2713 4826 2873 4883 quem
2925 4819 3207 4866 contactus
3259 4807 3523 4864 immundi

1934 4919 2039 4959 non
2069 4914 2185 4959 erat
2212 4904 2607 4973 inquinaturus.
2642 4903 2754 4959 IIoc
2784 4902 2954 4973 magis
2978 4915 3102 4957 meo
3126 4900 3348 4957 Chri5to
3376 4914 3523 4954 com-

1936 5005 2117 5067 petere
2139 4996 2216 5052 sic
2235 4996 2425 5061 doceo,
2450 4995 2577 5050 dum
2608 5004 2701 5050 tuo
2722 5010 2829 5049 non
2851 5002 3159 5062 competere
3184 4992 3520 5046 demonstro.

1934 5089 1993 5145 Si
2022 5088 2165 5144 enim
2197 5098 2255 5143 ut
2278 5088 2507 5143 tantulus
2536 5087 2673 5158 legis
2705 5086 2878 5155 tetigit
2922 5085 3191 5154 leprosum
3214 5126 3229 5148 ,
3280 5083 3409 5137 nihil
3442 5082 3522 5135 l‘a—

1936 5184 2086 5242 ciens
2128 5192 2455 5254 prteceptum
2509 5182 2672 5251 legis,
2722 5196 2818 5253 per
2859 5188 3225 5246 contemptum
3272 5176 3523 5246 inquina-

1940 5278 2141 5343 menti,
2184 5274 2452 5347 quomodo
2495 5284 2679 5345 posset
2718 5272 3007 5343 inquinari,
3050 5271 3140 5341 qui
3186 5283 3383 5338 corpus
3419 5283 3527 5320 nou

1952 5368 2183 5426 habebat
2219 5366 2361 5440 quod
2388 5366 2795 5436 inquinaretur?
2833 5361 3145 5434 phantasma
3185 5360 3329 5415 enim
3354 5356 3531 5429 inqui-

1611 5537 2176 5599 COMMENTARIUS.

298 5692 758 5767 C.\I".VIII.—-(a)
776 5692 1141 5767 Tnugercentm
1154 5704 1200 5749 et
1221 5697 1376 5767 tangi,
1395 5704 1497 5750 rte.
1520 5697 1646 5751 Illud
1663 5697 1821 5763 idem,

226 5782 280 5820 c.
310 5766 346 5819 5
376 5768 447 5819 de
487 5766 676 5818 Anima
696 5766 866 5818 attulit
904 5776 1279 5835 utcorpoream
1305 5770 1373 5821 ibt
1394 5769 1709 5824 adstrueret.
1730 5770 1829 5823 lla-

228 5838 389 5893 bctur
412 5846 601 5909 autem
635 5835 1103 5909 apudULueretium
1134 5837 1240 5909 (de
1273 5856 1439 5893 rerum
1472 5839 1597 5894 Nat.
1630 5840 1717 5897 lib.
1757 5840 1827 5903 Ι).

229 5910 493 5963 adversus
523 5908 675 5977 cujus
704 5906 887 5963 deliria
922 5906 1156 5980 disputat
1207 5909 1541 5979 Lactantius,
1602 5912 1691 5966 (ib.
1738 5911 1828 5966 VII

1932 5698 2109 5755 lustit.
2142 5696 2258 5752 Div.
2292 5697 2368 5752 Le
2402 5697 2495 5752 Ρη.

2003 5770 2157 5825 CAP.
2175 5768 2433 5834 lX.—(h)
2464 5768 2617 5838 Apud
2649 5768 2795 5824 illum
2824 5783 2970 5822 suum
3009 5766 3177 5820 nescio
3201 5780 3383 5838 quem,
3421 5770 3529 5818 etc.

1935 5842 1976 5897 Ε
2004 5857 2243 5911 margine
2261 5857 2309 5895 tn
2331 5835 2527 5912 teritum
2551 5842 2883 5912 irrepserunt
2909 5835 3373 5908 interpretationes
3394 5849 3540 5906 grae-

1937 5929 2121 5970 carum
2138 5910 2360 5968 vocum.
2387 5910 2461 5967 Ltt
2484 5912 2578 5967 Pn.
