2134 3246
390 207 443 234 575

1100 207 1332 236 TERTULLIANI

1985 208 2041 237 376

392 265 448 292 nari
465 272 517 292 non
534 270 634 300 posset.
657 265 705 300 Qui
725 273 790 301 ergo
811 265 944 301 inquinari
961 272 1014 292 non
1031 270 1137 300 Peterat
1158 270 1187 292 tit
1201 267 1223 296 Α
1239 270 1295 292 ιιιιιι
1308 271 1396 293 autetn
1410 265 1443 293 ad
1458 266 1568 294 tutelam
1584 267 1667 302 legis,
1680 267 1759 302 jussit
1773 266 1894 295 ordinem
1911 268 2017 302 impleri
2032 276 2040 295 :

392 314 565 344 phantasma,
585 312 639 346 jam
662 319 714 339 non
730 312 827 340 virtute
842 312 931 339 divina
944 311 1188 340 incontaminabilis

391 358 452 387 erit.
467 358 513 385 sed
530 358 723 393 pbantasmatis
745 358 872 386 inanitate
888 367 894 385 :
921 366 971 386 nrc
992 359 1188 393 contempsisse

391 403 475 431 videri
500 408 586 438 potest
609 405 858 439 inquinamentum,
874 404 953 439 cujus
972 405 1111 432 materiam
1134 412 1187 432 non

391 449 505 476 habebat
517 458 523 476 :
541 450 576 477 ita
591 458 640 478 nec
654 450 738 485 legem
753 450 930 483 destruxisse,
942 451 987 486 qui
1001 451 1188 486 inquinamen-

393 500 447 522 tum
462 504 494 523 ex
510 497 652 524 occasione
669 497 874 531 phantasmatis,
891 505 943 524 non
957 505 989 525 ex
1009 499 1189 527 ostentatione

391 544 496 571 virtutis
509 549 640 572 evaserat.
649 544 676 573 Si
692 549 781 573 autem
798 544 936 578 Helismus,
947 545 1092 581 prophetes
1104 545 1188 575 Crea-

391 590 466 621 toris,
480 590 588 617 unicum
604 590 737 626 leprosum
754 590 872 618 Naatuan
887 598 979 627 Syrum
995 599 1027 619 cx
1048 596 1087 619 tot
1102 592 1190 628 lepro-

391 637 428 664 εἰς
452 637 579 665 israehtis
605 637 758 665 emendavit
775 637 824 673 (IV
840 638 915 674 Reg.,
939 637 972 670 ν,
994 638 1058 675 M),
1072 647 1122 667 nec
1138 640 1189 668 hoc

395 683 428 710 ad
442 683 626 710 diversitatem
649 684 711 711 facit
729 683 829 711 Christi
841 704 849 714 ,
871 684 948 719 quasi
968 683 1020 712 huc
1034 684 1115 711 modo
1130 693 1188 712 me-

391 728 477 762 lioris,
488 728 551 756 dttm
571 729 715 757 israelitetu
728 730 865 764 leprosum
877 730 1032 757 emundavit
1043 730 1083 767 (Ι)
1098 736 1188 759 estra-

390 782 474 806 netts,
495 782 574 808 quem
594 782 659 802 suus
678 775 803 803 dominus
816 777 962 804 emundare
976 784 1029 804 non
1049 777 1187 810 valuerat;

390 828 454 856 syro
482 820 584 849 [acilius
607 822 763 855 emunduto,
788 822 939 857 signiﬁcato
953 823 993 859 (ε)
1008 831 1055 859 per
1066 825 1188 852 nationes

391 867 591 895 emundationis
610 869 635 895 in
649 868 758 896 Christo
773 868 873 896 ltttninc
884 876 987 903 earnm,
999 878 1059 905 quae
1073 869 1111 907 (ιι)
1123 878 1188 907 sep-

391 919 443 942 tcm
457 915 568 942 maculis
578 915 731 949 capitalium
742 915 901 943 delictorum
910 916 1090 949 inhorrerent,
1102 917 1188 945 idolo-

1247 312 1324 344 lee,
1338 314 1442 341 ostende
1454 318 1478 340 te
1489 314 1633 346 sacerdoti,
1656 319 1679 341 et
1700 313 1765 347 o/[er
1780 323 1870 341 mtmtts
1884 315 1954 350 quod
1972 323 2042 350 prte-

1239 359 1304 393 cepit
1326 358 1438 394 Moyses.
1464 362 1627 395 Argumenta
1654 361 1725 387 enim
1751 361 1862 395 ﬁgurata
1884 366 1978 396 utpote
2001 361 2041 396 (7)

1241 404 1406 440 prophetale:
1427 405 1468 440 (8)
1490 406 1556 441 legis
1574 407 1662 434 adhuc
1680 407 1706 434 in
1729 407 1786 434 suis
1808 408 1969 443 imaginibus
1985 414 2042 436 tuc-

1240 448 1335 481 batur,
1357 456 1417 484 quae
1440 449 1624 484 signiticabant
1644 449 1781 477 hominem
1795 451 1929 485 quondam
1948 459 2043 485 perca-

1240 486 1326 522 torern
1340 516 1347 526 ,
1370 495 1452 523 verbo
1472 503 1534 522 mox
1556 495 1602 523 Dei
1622 496 1813 529 etnaculatum,
1827 496 1925 524 olferre
1938 497 2041 525 debere

1240 549 1340 569 munus
1363 541 1419 570 Deo
1436 542 1507 578 apud
1522 542 1652 578 templum
1677 543 1825 570 orationem
1840 543 1943 570 scilicet
1957 548 1985 570 et
1998 551 2043 569 ac-

1241 587 1340 614 tionem
1364 588 1509 622 gratiarum
1539 588 1610 620 apttd
1635 588 1800 621 Ecclesium,
1828 596 1877 623 per
1901 588 2042 616 Christum

1240 632 1330 660 Jcsum
1342 632 1503 661 catholicum
1518 633 1605 661 Patris
1618 634 1800 663 sacerdotem.
1816 634 1908 670 Itaque
1922 635 2041 670 adjecit:

1242 679 1276 707 Ut
1290 680 1323 708 sit
1335 680 1403 707 vobis
1416 680 1443 707 in
1456 680 1646 714 testimonium;
1670 682 1728 709 sine
1741 682 1838 714 dubio,
1855 690 1909 717 quo
1923 683 2043 710 testaba-

1240 731 1284 754 tttr
1305 734 1335 755 se
1356 727 1441 762 legem
1462 735 1516 755 non
1538 727 1700 761 dissolvere,
1723 728 1771 756 sed
1794 728 1965 764 adimplere;
1989 736 2044 764 quo

1240 774 1387 801 testabatur
1408 774 1527 807 seipsum
1547 782 1616 806 esse,
1634 775 1678 810 qtti
1695 775 1805 803 morbos
1824 781 1851 803 et
1867 775 2040 803 valetudines

1239 826 1333 847 eorum
1360 824 1535 855 suscepturus
1561 821 1780 849 annuntiabatur.
1811 821 1886 849 lianc
1913 827 1967 849 tam
2000 821 2040 855 (9)

1239 872 1430 900 congruentem
1445 871 1472 894 et
1491 866 1607 894 debitam
1622 869 1870 903 interpretationem
1887 869 2041 895 testimonii

1239 911 1364 940 adulator
1376 912 1477 940 Christi
1498 913 1540 940 sui
1559 913 1677 941 Marcion
1689 935 1696 946 ,
1713 914 1764 942 sub
1783 914 1894 942 obtentu
1911 922 2044 957 mansne:

391 961 477 994 latria,
490 961 666 996 blasphemia,
681 961 834 994 homicidio,
850 961 993 995 adulterio,
1006 967 1110 998 stupro,
1121 963 1188 991 falso
1203 963 1227 993 B
1241 957 1340 985 tudinis
1353 963 1378 986 et
1395 958 1513 986 lenitatis
1527 959 1787 994 tttmritexciudcre-
1805 959 1870 987 Nam
1892 966 1919 987 ct
1934 961 2040 992 bonus.

391 1007 544 1034 testimonio
556 1028 563 1040 ,
578 1007 682 1034 fraude.
695 1007 863 1043 Quapropter
872 1008 971 1043 septies
986 1009 1062 1044 quasi
1078 1016 1125 1044 per
1133 1009 1187 1036 sin-

388 1053 466 1088 gulos
485 1053 576 1080 titulos
592 1053 619 1080 in
633 1053 748 1081 Jordane
767 1053 849 1086 lavit,
866 1054 946 1081 simul
965 1060 991 1082 et
1006 1059 1034 1082 ut
1050 1055 1130 1082 totius
1145 1055 1188 1090 (5)

390 1098 567 1126 hebdomadis
584 1104 691 1134 caperet
709 1099 750 1134 (4)
768 1100 948 1134 expiationem
962 1100 1018 1136 (5);
1034 1100 1095 1135 quia
1110 1101 1188 1128 unius

391 1144 493 1171 lavacri
515 1145 556 1171 vis
577 1149 604 1171 et
619 1145 756 1179 plenitudo
769 1144 878 1172 Christo
896 1146 945 1172 soli
965 1145 1114 1179 dicabatur,
1132 1145 1187 1174 fac-

391 1196 451 1218 turo
467 1191 492 1217 in
510 1191 598 1222 terris,
614 1191 682 1218 sicut
697 1198 851 1218 sermonem
866 1190 1096 1226 compendiatum,
1112 1192 1147 1219 ita
1162 1197 1189 1219 ct

391 1237 538 1265 lavacrum.
563 1237 628 1264 Nam
652 1242 680 1264 et
701 1237 751 1264 hoc
770 1237 1027 1273 opponitMareion,
1044 1237 1188 1265 "elisa-um

390 1282 496 1317 quidem
514 1283 623 1310 materia
640 1283 763 1318 eguisse,
782 1290 877 1318 aquam
891 1283 1062 1317 adhibuisse,
1083 1289 1111 1311 et
1128 1292 1187 1311 eam

390 1328 514 1363 septies;
534 1328 669 1356 Christum
692 1336 757 1356 vero
778 1329 861 1357 verbo
882 1329 958 1363 solo,
982 1334 1009 1358 et
1032 1330 1083 1357 hoc
1102 1331 1188 1358 semel

391 1374 509 1402 tunctum
524 1374 582 1410 (6),
593 1375 758 1402 curationem
770 1375 859 1402 statim
873 1380 1093 1410 repraesentasse.
1107 1376 1188 1410 Quasi

391 1427 445 1448 non
468 1421 580 1448 attdcant
599 1425 626 1448 ct
645 1420 756 1447 verbum
772 1421 859 1455 ipsum
874 1421 899 1448 iu
915 1422 1092 1449 substantiam
1108 1422 1190 1450 Crea-

393 1466 460 1494 toris
471 1467 617 1495 vindieare.
630 1466 735 1495 Nullius
745 1468 782 1495 rei
796 1475 848 1495 non
862 1467 906 1495 ille
922 1468 1010 1503 potior
1022 1474 1127 1501 auctor,
1143 1469 1188 1504 qtti

392 1513 476 1548 prior.
494 1513 655 1542 Incredibile
669 1514 764 1549 plane,
780 1519 806 1542 ut
825 1520 942 1550 potestas
956 1516 1093 1543 Creatoris
1107 1516 1190 1544 verbo

391 1558 541 1587 remedium
558 1560 612 1587 vitii
630 1561 707 1596 unius
722 1565 833 1596 operata
849 1561 883 1588 sit
894 1582 900 1592 .
916 1569 976 1596 qua:
991 1561 1075 1589 verbo
1088 1566 1188 1589 tantam

391 1603 484 1631 mundi
506 1604 603 1632 molem
626 1595 710 1633 semel
727 1595 847 1640 protulit.
865 1595 941 1634 Unde
956 1607 1040 1641 magis
1053 1607 1190 1642 dignosci-

391 1656 435 1677 tur
457 1650 579 1678 Christus
600 1651 753 1685 Creatoris,
776 1659 857 1686 quam
880 1659 913 1680 ex
937 1652 1012 1680 verbi
1038 1654 1189 1688 potestate?

393 1696 447 1724 Sed
469 1696 530 1723 ideo
544 1696 611 1723 alius
624 1696 748 1725 Christus
759 1718 766 1730 ,
781 1697 841 1733 quia
856 1697 935 1726 aliter
949 1705 1029 1733 quam
1043 1698 1189 1733 Helisteus,

390 1741 452 1777 quia
468 1743 601 1776 potentior
615 1743 740 1771 dotniuus
753 1743 853 1771 famulo
866 1751 925 1772 suo.
945 1744 1014 1779 Quid
1031 1745 1171 1773 constituis
1181 1766 1189 1777 .

391 1788 519 1822 Marcion,
539 1789 651 1825 proinde
667 1798 710 1818 res
725 1791 766 1826 agi
779 1799 794 1818 a
809 1791 905 1823 servis,
921 1792 1145 1826 quemadmodutn
1156 1793 1191 1822 ab

390 1836 456 1870 ipsis
468 1836 602 1865 dominis?
621 1837 678 1865 Non
699 1838 779 1865 times
799 1845 832 1865 ne
852 1839 878 1865 in
893 1838 1011 1866 dedecus
1024 1839 1070 1867 tibi
1085 1844 1189 1873 vertat,

391 1883 412 1909 si
438 1882 499 1912 ideo
523 1883 659 1911 Christum
682 1892 763 1920 negas
790 1883 944 1918 Creatoris,
967 1884 1028 1920 quia
1056 1886 1191 1920 potentior

392 1928 474 1956 fuerit
496 1929 594 1957 famulo
615 1930 750 1957 Creatoris
761 1948 769 1964 ,
786 1930 831 1966 qtti
846 1931 878 1957 ad
895 1930 1002 1959 Helistei
1017 1932 1189 1967 pusillitatem

392 1975 479 2008 tnajnr
489 1977 653 2011 agnoscitur,
668 1978 689 2004 si
702 1982 791 2005 tamen
804 1978 911 2013 major?
925 1979 976 2006 Par
989 1980 1061 2007 enim
1074 1981 1187 2013 curatio,

392 2022 455 2049 licet
481 2022 563 2050 dtstet
589 2025 720 2058 operatio.
746 2024 814 2058 Quid
839 2025 954 2060 amplius
978 2027 1102 2061 praestitit
1129 2033 1189 2055 tuus

392 2066 518 2095 Christus
529 2088 535 2098 ,
558 2075 638 2102 qttatu
654 2076 730 2096 meus
746 2069 895 2097 llelismns?
909 2070 975 2104 ltno,
989 2071 1052 2106 quid
1064 2080 1188 2107 magnum

392 2114 518 2151 praestitit
546 2114 584 2141 tui
611 2114 712 2144 ChriSti
738 2116 868 2143 verbum?
894 2124 955 2144 cum
984 2116 1011 2145 id
1035 2119 1190 2152 pratstiterit

393 2160 463 2194 quod
479 2159 575 2187 ﬂuvius
587 2159 735 2188 Creatoris.
752 2160 903 2190 Secundum
919 2162 992 2195 lucc,
1008 2167 1104 2191 ett-tera
1119 2172 1189 2200 quo-

391 2212 443 2239 que
466 2212 621 2233 occurrunt.
642 2208 776 2240 Quantum
801 2208 873 2236 enim
894 2208 927 2236 ad
949 2209 1041 2244 glorite
1064 2210 1189 2239 humana:

391 2252 558 2280 aversiouem
576 2253 742 2287 pertinebat,
756 2255 841 2282 vetuit
854 2262 916 2283 eutn
931 2255 1088 2291 divulgare:
1104 2265 1189 2293 quan-

1240 1003 1343 1041 inqttit,
1360 1009 1488 1039 praeterea
1508 1005 1597 1033 sciens
1608 1006 1780 1041 omnem,qtti
1796 1006 1867 1040 lepra
1883 1012 1958 1034 esset
1974 1006 2043 1034 libe-

1240 1055 1314 1077 ratus
1324 1071 1331 1082 ,
1345 1049 1476 1078 solemnia
1488 1051 1554 1085 legis
1566 1057 1752 1084 executurum,
1771 1052 1831 1080 ideo
1846 1053 1880 1079 ita
1898 1053 2043 1087 prmeepit.

1239 1095 1309 1130 Quid
1325 1096 1402 1123 tum?
1421 1096 1642 1125 Perseveravitne
1654 1097 1679 1124 iu
1695 1098 1814 1125 bonitate
1825 1119 1831 1129 .
1853 1098 1878 1125 id
1899 1104 1941 1125 est
1952 1120 1960 1131 ,
1983 1107 2045 1134 per-

1241 1142 1369 1170 missiouc
1385 1143 1462 1178 legis,
1479 1150 1513 1170 an
1528 1151 1580 1171 non
1594 1143 1651 1179 (l0)
1663 1144 1675 1170 ?
1685 1144 1711 1171 Si
1728 1144 1799 1171 enitn
1814 1145 1899 1171 bonus
1913 1152 2045 1179 persevc-

1241 1189 1325 1221 ravit,
1350 1196 1485 1223 nunquam
1501 1188 1557 1225 (ll)
1579 1190 1733 1217 destructor
1752 1190 1802 1217 erit
1823 1190 1899 1225 legis.
1921 1198 1973 1218 nec
1995 1192 2041 1218 liei

1240 1234 1351 1262 alterius
1373 1234 1531 1268 habebitur,
1546 1240 1669 1264 cessante
1693 1236 1758 1271 legis
1782 1237 1973 1264 destructione
1997 1245 2044 1271 per

1239 1289 1318 1318 quam
1338 1282 1449 1310 alterius
1471 1282 1517 1310 Dei
1541 1283 1701 1310 vindicatur.
1726 1283 1754 1310 Si
1780 1291 1831 1310 non
1857 1284 2045 1319 perseveravit

1240 1328 1325 1357 bonus
1339 1328 1502 1356 destruendo
1514 1333 1604 1364 postea
1619 1329 1715 1364 legem,
1730 1329 1825 1357 falsum
1841 1336 1905 1364 ergo
1920 1330 2043 1357 testimo-

1245 1375 1319 1402 nittm
1345 1380 1439 1410 postea
1462 1375 1603 1403 collocavit
1626 1375 1696 1410 apud
1717 1376 1777 1403 illos
1797 1376 1822 1403 in
1843 1376 1984 1404 curatione
2005 1376 2045 1403 le-

1241 1420 1312 1455 prosi
1325 1429 1331 1447 :
1346 1420 1466 1448 deservit
1478 1421 1550 1447 cuitu
1565 1421 1722 1452 bonitatem,
1738 1421 1801 1448 dttm
1815 1421 1932 1448 destruit
1946 1422 2043 1457 legem.

1240 1466 1325 1494 Malus
1338 1466 1405 1502 jatn,
1420 1466 1527 1502 quando
1543 1466 1610 1502 legis
1620 1474 1741 1499 eversor,
1755 1468 1776 1495 si
1790 1467 1885 1500 bonus,
1901 1475 1963 1495 ctttn
1979 1468 2046 1503 legis

1241 1512 1368 1541 iudultor.
1392 1513 1445 1540 Sed
1468 1517 1496 1540 ct
1515 1520 1548 1540 eo
1565 1513 1636 1548 quod
1660 1513 1769 1541 indulsit
1792 1514 1842 1549 legi
1863 1514 2044 1549 obsequium,

1241 1559 1338 1587 bonant
1353 1559 1438 1594 legem
1454 1558 1632 1587 conﬁrmavit.
1655 1559 1738 1587 Nemo
1753 1559 1824 1587 enim
1846 1561 1917 1587 male
1932 1561 2044 1595 obsequi

1242 1606 1351 1640 patitur.
1376 1605 1447 1640 Ergo
1465 1609 1493 1633 et
1507 1605 1545 1632 sic
1560 1605 1657 1637 malus,
1672 1605 1694 1632 si
1709 1605 1866 1640 obsequium
1890 1606 1969 1633 malae
1994 1606 2045 1641 legi

1202 1657 1224 1689 ο
1242 1651 1351 1679 indulsit
1363 1659 1371 1684 ;
1385 1655 1412 1678 et
1422 1651 1461 1678 sic
1474 1650 1602 1684 deterior,
1616 1650 1639 1678 si
1658 1650 1735 1678 bona:
1751 1651 1817 1686 legis
1831 1651 1988 1678 desuuetor
1999 1652 2044 1679 ad-

1243 1698 1326 1724 venit.
1345 1696 1460 1724 Proinde
1471 1697 1493 1724 si
1506 1702 1534 1724 ttt
1546 1697 1635 1724 sciens
1646 1704 1753 1724 onutetn
1766 1698 1809 1732 qui
1824 1697 1896 1733 lepra
1914 1697 2045 1725 liberatus

1241 1747 1315 1771 esset
1338 1743 1371 1770 ita
1397 1743 1545 1776 iacturum,
1571 1743 1632 1770 ideo
1653 1743 1780 1779 pra-cepit
1806 1751 1903 1771 munus
1932 1744 2043 1778 ωηιξη-ο,

1242 1790 1328 1826 potuit
1341 1795 1369 1817 et
1382 1797 1435 1817 non
1448 1789 1608 1824 praecepisse
1620 1789 1693 1825 quod
1708 1790 1808 1817 sciebat
1824 1790 1894 1817 ultro
1910 1790 2043 1819 futurum.

1242 1836 1272 1863 ln
1288 1843 1385 1863 vanum
1399 1842 1464 1870 ergo
1483 1834 1624 1862 descendit
1638 1836 1715 1870 quasi
1731 1836 1817 1870 legem
1837 1835 2044 1870 destructurus,

1241 1891 1303 1912 cum
1323 1883 1395 1911 cedit
1413 1883 1619 1911 obsecutoribus
1638 1882 1715 1918 legis.
1737 1883 1836 1918 Atquin
1855 1883 1931 1918 quasi
1955 1883 2044 1911 sciens

1241 1929 1354 1957 formam
1373 1937 1483 1963 eorum,
1511 1929 1595 1965 magis
1615 1928 1650 1957 ab
1665 1937 1694 1956 ea
1710 1928 1869 1956 avertendos
1889 1929 2044 1964 prtvenire

1240 1976 1381 2010 debuerat,
1397 1977 1419 2004 si
1433 1977 1459 2004 in
1473 1976 1524 2004 hoc
1538 1976 1720 2004 venerat.Cur
1728 1983 1793 2011 ergo
1805 1975 1863 2012 (12)
1875 1983 1928 2003 non
1943 1977 2043 2010 tacuit,

1241 2027 1271 2051 ut
1291 2023 1372 2051 ltomo
1388 2023 1446 2050 solo
1464 2030 1514 2050 suo
1534 2022 1645 2050 arbitrio
1661 2022 1711 2056 legi
1725 2022 1865 2050 obediret'!
1887 2027 1952 2049 tunc
1970 2023 2042 2050 enim

1240 2071 1411 2105 aliquatenus
1436 2074 1527 2104 posset
1550 2068 1633 2096 videri
1649 2068 1784 2103 patientia:
1798 2075 1855 2095 sua:
1871 2069 2040 2103 pratslilisse.

1240 2115 1292 2144 Sed
1317 2115 1408 2150 adjicit
1430 2116 1511 2142 etiam
1536 2114 1724 2142 auctoritatem
1749 2121 1826 2141 suam
1851 2119 2040 2149 exaggeratam

1242 2162 1387 2190 testimonii
1404 2161 1532 2197 pondere.
1554 2159 1637 2195 Cujus
1654 2159 1711 2195 jam
1725 2159 1872 2187 testimonii
1884 2179 1893 2193 ,
1909 2159 1963 2188 nisi
1976 2160 2042 2195 legis

1242 2208 1375 2236 asserttc?
1399 2208 1479 2235 Certe
1503 2206 1572 2235 nihil
1596 2207 1708 2234 interest
1734 2204 1869 2241 quomodo
1892 2204 2042 2233 limaverit

1242 2256 1328 2292 legem
1340 2276 1347 2287 .
1369 2255 1427 2283 sive
1441 2262 1491 2291 qua
1512 2255 1597 2282 bonus
1609 2273 1616 2288 ,
1630 2253 1687 2282 sive
1701 2261 1752 2289 qua
1766 2260 1951 2289 supervacuus
1960 2272 1969 2285 ,
1985 2253 2041 2280 sive

1004 2311 1195 2342 LECTIONES
1213 2312 1422 2341 VARIANTES.

421 2375 458 2405 (l)
469 2376 588 2401 Emundat
606 2375 681 2401 Seml.

424 2407 460 2436 (2t
472 2407 596 2438 Significat
612 2408 688 2433 Seml.

434 2439 458 2469 3)
468 2438 553 2470 'l‘oties
565 2438 625 2470 Itin.
635 2442 713 2464 I'em’t.

434 2470 459 2502 ι)
469 2469 577 2502 gangret
596 2469 659 2502 ltig.»
666 2471 750 2496 Venet.

435 2501 460 2529 ὕ)
470 2500 501 2525 Et
518 2500 585 2526 inser
591 2500 668 2526 Seiul.

434 2532 458 2564 ϐ)
473 2531 568 2557 ιεύιιοιυ
586 2531 662 2558 Sani.

1198 2381 1225 2412 'D
1269 2381 1303 2412 (7)
1318 2381 1408 2413 Utputa
1427 2382 1503 2407 Seml.

1283 2414 1307 2468 Β)
1318 2411 1440 2444 Propheta
1458 2414 1534 2439 Seml.
1548 2411 1673 2446 prophetze
1690 2415 1749 2438 Jun.

1283 2444 1297 2467 9
1318 2444 1404 2468 Totam
1425 2446 1494 2468 Por.‘

1282 2444 1305 2468 ﬂl
1318 2444 1404 2469 Totam
1424 2446 1494 2469 Por.‘

1284 2476 1321 2502 l0)
1332 2476 1380 2500 Aut
1390 2482 1437 2500 non
1445 2475 1521 2502 Seml.

1270 2476 1311 2506 (lt)
1332 2476 1380 2500 Aut
1390 2476 1521 2502 nonSentl.

1270 2476 1454 2571 (llilﬁusquam
1474 2507 1550 2533 Seml.

1270 2538 1310 2569 (12
1331 2538 1400 2563 Itium
1422 2540 1497 2565 Seml.

1268 2538 1320 2569 (12)
1331 2538 1400 2563 Enini
1422 2540 1497 2565 Seml.

1073 2587 1352 2621 COMMENTARIUS.

428 2657 466 2691 (a)
487 2655 589 2690 Septem
613 2655 720 2682 maculis
742 2655 890 2691 capitalium
913 2655 1074 2692 delictorum.
1092 2656 1183 2692 Longe

391 2694 469 2722 aliam
485 2692 568 2718 habes
588 2698 667 2725 quatn
681 2698 741 2725 quze
755 2693 934 2719 communiter
947 2691 1060 2719 traditur
1079 2691 1181 2727 septem

393 2727 546 2763 capitalium
564 2726 980 2763 delictorquenumerationem,
1002 2731 1096 2762 utpote
1112 2726 1182 2757 reum

392 2761 433 2792 hic
446 2766 634 2791 enumerentnr
643 2761 803 2798 idololatria,
812 2763 986 2798 blasphemia,
996 2761 1179 2797 homicidium,

393 2798 570 2829 adulterium,
587 2803 720 2831 stuprum.
737 2797 832 2825 falsum
845 2797 1039 2831 testimonium,
1055 2803 1080 2826 et
1096 2798 1180 2827 fraus.

391 2836 510 2870 Quorum
521 2832 672 2870 idololatria
685 2837 715 2870 et
729 2833 890 2870 blasphemia
911 2839 1024 2870 possunt
1036 2834 1070 2862 ad
1083 2842 1181 2869 super-

393 2867 462 2900 lnam
485 2868 597 2900 referri,
620 2867 793 2896 homicidium
818 2868 851 2896 ad
875 2867 960 2902 irain,
982 2867 1141 2897 adulterium
1155 2876 1183 2898 et

391 2913 512 2941 stuprum
535 2903 566 2931 ad
589 2903 718 2941 luxuriam
730 2903 854 2941 ,Vfalsnm
871 2905 1051 2933 testimonium
1065 2910 1093 2933 ct
1108 2905 1180 2935 fraus

390 2940 423 2970 ad
438 2938 596 2972 avaritiam;
610 2938 657 2967 sed
672 2940 809 2967 restabant
822 2945 963 2976 prmterea,
979 2941 1087 2975 invidia,
1103 2941 1176 2977 gula,

1235 2664 1263 2696 et
1278 2661 1379 2696 aeedia.
1392 2660 1454 2688 Tris
1468 2665 1556 2688 autem
1574 2668 1608 2688 ex
1623 2660 1665 2688 his
1678 2661 1841 2689 enumeratis
1853 2660 2036 2696 adulterium,

1235 2694 1365 2733 fraudem,
1383 2696 1568 2733 homicidium,
1582 2696 1730 2733 Cyprianus
1751 2697 1832 2724 etiam
1845 2697 1916 2723 inter
1931 2702 2021 2733 murta

1235 2730 1268 2758 lia
1282 2731 1393 2759 crimina
1409 2732 1493 2766 ponit,
1511 2732 1548 2759 lib
1568 2730 1686 2759 dc'liouo
1699 2732 1847 2760 Patientia.
1866 2733 1968 2760 Auctor
1990 2732 2038 2760 de-

1234 2766 1315 2801 niqtte
1341 2766 1387 2794 lib.
1401 2768 1433 2795 de
1449 2767 1578 2794 Pudicitia
1588 2788 1595 2798 .
1611 2769 1705 2796 eadem
1719 2768 1770 2794 ista
1784 2768 1855 2795 inter
1867 2768 2035 2802 gravioraet

1233 2803 1360 2836 exitiosa,
1383 2803 1436 2830 ituu
1459 2808 1487 2831 et
1508 2804 1629 2831 mortalia
1653 2808 1790 2834 numemt,
1812 2810 1913 2838 praeter
1937 2803 2034 2831 ialstttl

1235 2839 1431 2866 testimonium.
1446 2839 1522 2873 cujus
1536 2839 1595 2866 loco
1612 2839 1647 2866 ibi
1661 2839 1831 2873 negationem
1845 2838 1931 2870 addit,
1950 2839 2034 2866 torui-

1233 2874 1365 2910 cationetn
1393 2874 1446 2902 ittic
1465 2874 1622 2910 appellans,
1643 2882 1722 2910 quam
1744 2874 1787 2902 hic
1807 2879 1931 2909 stuprum
1960 2881 2033 2901 more

1232 2916 1291 2937 suo.
1307 2909 1375 2937 Pu.
