4268 6492
267 408 370 464 377

1344 406 1473 463 LIB.
1515 405 1584 464 IV
1634 405 1991 464 ADVERSUS
2029 409 2454 472 MARCIONEM.

3453 418 3560 477 578

268 519 367 571 qua
389 502 620 571 patiens,
649 503 763 558 sive
781 503 1230 572 quaiueoustaus,
1263 501 1387 559 dum
1409 512 1479 565 te,
1501 502 1756 568 Marcion,
1788 503 1857 556 de
1888 504 1935 560 Α
1968 506 2258 574 primordio
2299 511 2407 581 egit
2453 510 2503 563 iu
2559 509 2730 565 Patris
2777 509 3005 568 nomine.
3063 511 3208 582 Lego
3253 520 3307 568 et
3348 513 3558 570 Nathan

267 595 434 665 gradu
467 597 656 664 pellam
683 597 782 664 (α).
816 595 956 650 Ecce
985 596 1237 667 prmct-pit
1260 594 1429 666 legem
1455 594 1682 664 impleri.
1706 596 1861 661 Quo-

270 702 502 758 cumque
529 688 686 742 modo
712 690 964 760 praecepit
995 688 1098 760 (l),
1132 688 1320 744 eodem
1352 689 1692 758 potnitetiam
1717 689 1860 744 illam

267 775 601 847 praimisisse
649 780 910 850 (Matth,
945 782 1005 846 γ,
1050 780 1131 850 l7)
1177 783 1536 836 sententiam:
1591 781 1706 836 Non
1753 783 1864 837 ueni

269 873 431 942 legem
463 873 753 934 dissolvere,
784 875 870 926 sed
903 874 1201 945 adimplere.
1234 873 1368 940 Quid
1398 889 1525 944 ergo
1555 875 1644 929 tibi
1677 875 1774 931 fuit
1797 876 1864 932 de

273 966 568 1035 Evangelio
615 969 843 1021 erasisse
886 967 1026 1036 quod
1074 966 1280 1020 salvum
1321 966 1441 1022 est?
1486 967 1763 1022 confessus
1805 984 1863 1024 es

268 1059 413 1111 enim
449 1075 556 1128 prae
581 1059 820 1113 bonitate
849 1057 1043 1114 fecisse
1075 1059 1248 1126 illum,
1279 1061 1419 1128 quod
1454 1076 1614 1130 negas
1640 1060 1860 1115 dixisse.

270 1153 487 1204 Constat
524 1168 650 1222 ergo
678 1152 875 1207 dixisse
909 1153 1078 1218 ilhtm,
1109 1154 1228 1222 quia
1252 1161 1303 1207 et
1331 1153 1488 1217 fecit;
1527 1162 1581 1208 et
1608 1163 1660 1207 te
1691 1155 1864 1222 potius

269 1256 456 1296 vorem
504 1244 710 1296 Domini
755 1244 828 1313 (ὁ)
863 1243 929 1298 dc
961 1243 1249 1315 Evangelio
1288 1246 1522 1301 erasisse
1557 1245 1670 1316 (2),
1704 1263 1862 1317 quam

267 1345 485 1390 nostros
527 1337 788 1406 injecisse.

891 1430 1116 1487 CAPUT
1155 1429 1226 1485 Χ.

339 1518 569 1573 Curatur
623 1531 675 1573 et
730 1523 1048 1595 paralyticos
1112 1523 1304 1593 (ιλιι-η
1361 1523 1482 1594 ν),
1535 1533 1590 1579 et
1647 1523 1864 1596 quidem

267 1612 320 1662 in
382 1622 522 1665 emtu
579 1624 851 1682 spectante
915 1617 1132 1686 populo.
1201 1614 1396 1669 Videbit
1455 1617 1627 1681 enim,
1697 1617 1866 1688 inquit

269 1703 459 1759 Fsaias
504 1704 647 1776 (Is.,
678 1705 872 1761 XXXV
897 1743 910 1765 ν
955 1709 990 1762 2
1012 1709 1028 1777 )
1051 1751 1064 1772 ,
1115 1712 1336 1779 papulas
1375 1710 1730 1766 sublimitatem
1762 1711 1865 1765 Do-

267 1797 435 1861 mini,
484 1808 529 1849 et
575 1797 789 1868 gloriam
835 1799 947 1852 Dei.
992 1801 1161 1868 Quam
1192 1801 1570 1856 sublimitatem
1605 1811 1658 1856 et
1704 1818 1861 1873 quant

1968 600 2280 669 prophetam
2307 605 2616 672 aguoscenti
2642 605 2807 660 David
2831 605 3085 662 delictum
3107 621 3263 662 suum
3293 608 3344 662 in
3374 607 3556 664 Uriam

1967 691 2168 746 dixisse
2205 693 2290 759 (Il
2317 693 2471 765 Κεφ,
2506 695 2586 760 Χ,
2623 697 2754 764 13)ε
2811 695 2878 750 Et
2921 696 3172 752 Dominus
3220 698 3561 753 circumduxit

1967 784 2205 838 delictum
2225 795 2388 847 tuum,
2407 797 2453 840 et
2475 805 2574 842 non
2594 788 2855 853 morieris;
2882 789 3105 858 proinde
3121 790 3227 861 ct(|
3253 789 3556 860 Reg.,XXl)

1968 877 2153 932 Achab
2184 894 2385 947 regem,
2412 881 2661 934 maritum
2686 881 2924 946 Iezabel,
2969 899 3117 938 reum
3149 883 3461 940 idololatriae
3505 891 3562 939 et

1968 971 2244 1041 sanguinis
2272 969 2556 1038 Nabuthae,
2574 974 2782 1028 veniam
2806 975 3086 1040 meruisse,
3113 975 3436 1045 paenitentiae
3463 991 3563 1030 no-

1969 1065 2110 1118 mine
2139 1062 2256 1134 ;(tt)
2305 1063 2612 1129 Jonatham,
2657 1066 2818 1120 lilium
2855 1066 3063 1130 Saulis,
3093 1067 3345 1137 resignati
3369 1066 3562 1137 jcjunii

1967 1157 2177 1227 culpam
2219 1156 2593 1221 deprecatione
2639 1157 2847 1216 delesse
2873 1158 2932 1227 (l
2964 1159 3089 1231 Reg.
3119 1159 3283 1224 XIV).
3319 1160 3454 1227 Quid
3485 1161 3554 1216 de

1969 1243 2084 1312 ipsi)
2119 1242 2313 1312 populo
2341 1251 2616 1306 retexam,
2652 1244 2846 1298 totiens
2877 1243 3194 1299 delictorum
3230 1245 3558 1312 indulgentia

1970 1334 2214 1388 restituto
2239 1333 2262 1386 ?
2292 1335 2448 1389 abeo
2488 1335 2691 1390 scilicet
2736 1335 2844 1390 Deo
2867 1377 2883 1403 ,
2915 1336 3003 1406 qui
3043 1335 3260 1405 (Ezeclt.
3291 1335 3555 1403 XXXIII,

1973 1426 2062 1494 II)
2103 1424 2302 1479 mavult
2331 1425 2750 1481 misericordiam
2779 1442 2936 1497 quam
2968 1427 3285 1482 sacriﬁcium
3307 1471 3322 1489 ,
3351 1438 3404 1483 et
3430 1445 3559 1499 pec—

1969 1519 2166 1572 caloris
2199 1519 2562 1586 pestilentiam
2609 1535 2766 1590 quam
2807 1528 3056 1576 mortem.
3090 1521 3243 1578 Prius
3268 1533 3349 1576 est
3377 1522 3558 1593 igitur,

1970 1627 2132 1681 neges
2155 1609 2462 1666 Creatorem
2514 1612 2804 1669 indulsisse
2850 1614 3139 1684 aliquando
3163 1615 3353 1670 delicta
3388 1630 3561 1679 ;con-

1969 1717 2200 1774 sequens
2227 1703 2306 1774 (9)
2332 1745 2346 1768 ,
2381 1713 2443 1758 ut
2469 1705 2719 1760 ostendas
2754 1721 2852 1762 nec
2883 1706 2933 1761 in
2963 1706 3234 1762 Christum
3272 1722 3426 1762 suum
3454 1708 3562 1766 tale

1969 1797 2092 1866 quid
2123 1811 2242 1850 eum
2286 1797 2727 1866 pt-zrdicassezet
2773 1800 2840 1854 ita
2888 1799 3139 1869 probabis
3171 1817 3358 1855 novam
3404 1799 3559 1857 istam

267 1892 491 1957 gloriam
522 1893 545 1943 ?
615 1893 952 1947 Convalescitc
1013 1913 1190 1948 mmm;
1249 1896 1476 1948 dimissa:
1505 1938 1519 1960 ,
1588 1906 1634 1950 et
1701 1912 1863 1966 genua
1893 1898 1939 1956 B
1977 1889 2172 1944 (ἰιινίδιί
2240 1890 2358 1944 llOVi
2419 1891 2624 1945 SClilCCl
2674 1891 3094 1962 benignitatem,
3128 1894 3173 1948 εἰ
3211 1893 3558 1963 probaveris,

267 1983 538 2035 tlissolttltt.
583 1982 692 2036 Iloc
732 1985 831 2038 erit
885 1987 1166 2057 paralysis.
1219 1985 1601 2053 Cunvolesrite,
1654 2003 1743 2040 nec
1795 1988 1862 2040 ti-

267 2084 414 2127 mete.
468 2072 579 2130 Non
631 2075 802 2130 otiose
857 2076 1097 2141 iterans,
1147 2077 1525 2145 Caut'alescitt;
1577 2095 1676 2134 nec
1730 2092 1863 2135 vane

264 2167 622 2236 Subjuugens,
676 2167 784 2222 Nec
829 2171 1034 2226 timete:
1078 2171 1328 2241 quoniam
1377 2188 1497 2226 eum
1533 2173 1864 2244 redintegra-

266 2260 413 2314 tione
446 2261 830 2322 membrorum,
865 2263 1056 2317 virium
1089 2279 1298 2334 quoque
1328 2269 1860 2335 reprteseutatitmem

265 2351 618 2419 pollicebatur
640 2371 649 2403 :
678 2352 928 2424 Exsurge,
948 2365 992 2408 et
1015 2355 1135 2410 tolle
1153 2359 1418 2427 grabatum
1443 2369 1604 2422 lttttttt,‘
1624 2369 1674 2412 et
1697 2361 1861 2416 animi

263 2443 532 2509 vigerem,
584 2444 647 2497 ad
693 2459 794 2497 non
839 2447 1104 2501 timendos
1145 2450 1232 2517 qui
1271 2449 1462 2504 dieturi
1494 2462 1683 2506 erant:
1737 2452 1861 2518 Quis

268 2533 488 2584 dimittet
523 2545 728 2598 precata
753 2576 764 2596 ,
809 2537 905 2588 nisi
937 2539 1074 2591 solus
1117 2535 1301 2592 Deus?
1343 2539 1518 2594 Habes
1550 2543 1725 2611 itaque
1750 2543 1859 2614 jam

266 2635 320 2675 et
369 2626 618 2694 specialis
667 2627 944 2681 medicinae
995 2630 1328 2698 dispunctam
1380 2631 1750 2701 prophetiam,
1808 2646 1860 2690 et

262 2729 452 2767 eorum
482 2732 600 2785 tgna?
626 2719 944 2805 medicinam
973 2731 1096 2774 sunt
1121 2733 1326 2776 secuta.
1362 2723 1569 2780 Pariter
1588 2735 1641 2780 et
1668 2728 1860 2782 dimis-

265 2823 445 2862 sm-em
471 2809 787 2866 delictorum
808 2811 1080 2867 Christum
1107 2832 1432 2885 recognosce
1453 2819 1589 2888 apud
1613 2821 1858 2876 eumdem

263 2905 580 2975 prophetam
607 2925 618 2960 τ
656 2906 908 2972 Quoniam
937 2910 1040 2980 (3),
1076 2911 1244 2982 inquit
1276 2910 1400 2981 (Is.,
1430 2912 1586 2983 LIII),
1612 2917 1663 2967 in
1692 2916 1858 2984 pluri-

262 2998 358 3049 mis
383 2999 596 3052 dimittet
625 3000 806 3053 delicta
831 3019 1021 3066 eorum,
1053 3014 1098 3055 et
1123 3004 1306 3057 delicta
1337 3015 1512 3059 nostra
1531 3007 1642 3074 ipse
1664 3008 1852 3076 aufert.

260 3086 394 3144 Nam
425 3100 475 3142 et
511 3091 560 3144 in
593 3091 766 3158 priore
817 3093 896 3163 (l)
951 3092 1078 3164 (ls.,
1105 3094 1122 3147 Ι
1145 3135 1159 3160 ,
1194 3097 1318 3163 18),
1361 3113 1424 3150 ex
1456 3097 1620 3166 ipsius
1653 3099 1856 3153 Domini

264 3195 495 3248 persona
525 3200 535 3234 :
587 3181 696 3236 Etsi
734 3184 922 3252 fuerint
951 3186 1134 3239 delicta
1166 3197 1332 3242 vestra
1370 3199 1608 3259 tanquam
1635 3207 1855 3257 roseum,

1971 1998 2070 2039 nec
2093 1998 2274 2053 parem
2296 1982 2542 2038 Creatori
2565 2026 2578 2047 ,
2615 1999 2710 2038 nec
2735 1985 3070 2053 praedicatam
3099 2000 3127 2038 a
3159 1985 3430 2040 Creatorc.
3453 1985 3560 2042 Sed

1969 2087 2022 2130 et
2053 2088 2270 2146 peccata
2295 2075 2567 2131 dimittere
2607 2091 2672 2130 an
2701 2076 2816 2145 ejus
2844 2076 3013 2146 possit
3041 2092 3182 2143 esse,
3215 2077 3305 2146 qui
3339 2086 3562 2147 negetur

1974 2181 2160 2226 tenere
2187 2187 2202 2236 ;
2237 2182 2290 2226 et
2319 2187 2384 2226 an
2417 2171 2533 2238 ejus
2559 2171 2628 2224 sit
2657 2170 2935 2226 absolvere
2956 2213 2970 2231 .
3004 2171 3154 2240 cujus
3177 2186 3287 2226 non.
3309 2171 3378 2226 sit
3403 2172 3561 2226 etiam

1967 2265 2264 2330 damnare;
2297 2275 2350 2318 et
2373 2306 2386 2328 ,
2414 2279 2480 2318 an
2511 2272 2770 2334 congruat
2806 2279 2928 2330 eum
2978 2265 3254 2334 ignoscere
3278 2307 3293 2333 ,
3325 2269 3376 2318 in
3403 2279 3561 2334 quem

1968 2358 2099 2413 nihil
2149 2358 2218 2413 sit
2263 2356 2553 2412 admissum
2589 2375 2602 2411 :
2647 2357 2768 2412 alibi
2803 2357 2872 2426 (ε)
2898 2357 3006 2425 jam
3051 2357 3347 2424 congressi,
3386 2357 3561 2411 malu-

1967 2465 2086 2506 mus
2122 2448 2236 2520 (IO)
2272 2447 2585 2510 admonere,
2619 2461 2777 2517 quam
2800 2455 3111 2502 retractare.
3147 2447 3220 2502 De
3251 2447 3358 2502 lilio
3386 2448 3562 2502 homi-

1966 2544 2049 2597 nis
2101 2541 2296 2610 duplex
2356 2549 2435 2594 est
2487 2548 2662 2593 nostra
2712 2538 3085 2609 pNBSt'l'ipllt),
3133 2553 3304 2609 neque
3348 2538 3563 2594 mentiri

1969 2651 2124 2706 posse
2144 2634 2416 2689 Christum
2440 2675 2454 2698 ,
2492 2642 2546 2686 ut
2577 2647 2634 2686 se
2681 2632 2844 2686 lilium
2890 2631 3120 2685 hominis
3152 2631 3560 2700 pronuntiaret,

1965 2728 2147 2782 sinon
2194 2741 2318 2781 vere
2364 2735 2517 2789 erat;
2547 2738 2718 2793 neque
2769 2723 2934 2777 lilium
2987 2722 3218 2778 hominis
3267 2723 3561 2789 constitui,

1963 2819 2052 2890 qui
2097 2834 2202 2874 non
2239 2819 2308 2873 sit
2338 2829 2492 2871 natus
2521 2833 2584 2872 ex
2619 2814 2836 2870 homine
2859 2859 2871 2879 ,
2905 2815 2986 2869 vel
3030 2825 3178 2885 patre
3223 2815 3306 2870 vel
3351 2825 3559 2873 matre:

1964 2921 2122 2982 atque
2167 2912 2234 2965 ita
2280 2909 2709 2974 discutiendum,
2747 2909 2900 2977 cuius
2947 2907 3176 2963 hominis
3223 2908 3366 2964 [ilius
3392 2908 3562 2978 accipi

1965 3004 2186 3070 debeat,
2217 3005 2382 3073 patris
2417 3018 2482 3056 an
2514 3003 2718 3057 matris.
2748 3002 2802 3057 Si
2835 3017 2898 3057 es
2926 3002 3034 3056 Deo
3062 3011 3211 3070 patre
3240 3011 3350 3057 est.
3379 3002 3561 3071 utique

1965 3116 2070 3155 non
2104 3099 2220 3171 (ll)
2249 3114 2310 3153 ex
2351 3097 2568 3151 homine
2593 3116 2605 3152 :
2635 3097 2678 3150 si
2711 3112 2815 3149 non
2846 3105 2901 3150 et
2941 3110 3004 3148 ex
3037 3093 3251 3148 homine
3271 3136 3286 3155 .
3316 3101 3564 3162 superest

1964 3203 2019 3246 ttt
2050 3207 2116 3245 cx
2150 3189 2363 3243 homine
2408 3189 2475 3242 sit
2515 3196 2684 3242 matre
2709 3205 2723 3240 :
2752 3187 2794 3240 si
2823 3201 2888 3240 ex
2931 3184 3181 3250 homine,
3205 3184 3314 3254 jam
3343 3194 3564 3254 apparet

260 3276 394 3327 relnt
435 3277 599 3328 niuem
639 3279 922 3342 eautbubo;
963 3290 1009 3333 et
1048 3281 1088 3333 si
1129 3290 1369 3352 tanquam
1406 3285 1697 3347 coccinum,
1724 3286 1854 3338 velut
1881 3288 1926 3349 C
1960 3283 2079 3354 quia
2107 3297 2172 3336 ex
2204 3281 2424 3352 virgine.
2450 3277 2543 3334 Cui
2573 3279 2714 3334 enim
2735 3277 2896 3333 homo
2923 3276 3041 3346 (19.)
3071 3285 3219 3345 pater
3248 3291 3352 3330 non
3383 3274 3559 3343 datur,

260 3370 434 3423 loriam
474 3373 739 3425 exutbubo.
785 3373 839 3426 In
878 3389 1036 3428 roseo
1065 3376 1381 3444 sanguinem
1415 3379 1708 3433 ostendens
1736 3393 1860 3448 pro-

268 3463 583 3527 phetarum;
627 3464 679 3517 iu
711 3467 932 3519 coccino
979 3467 1219 3531 Domini,
1257 3477 1312 3521 ut
1351 3468 1648 3524 clariorem.
1684 3470 1854 3524 Etiam

263 3553 516 3607 Micha'as
550 3554 760 3622 (Mida,
795 3555 904 3621 νη,
931 3559 996 3613 18
1024 3568 1074 3611 et
1104 3560 1194 3624 l9)
1223 3559 1287 3612 de
1320 3562 1470 3612 venia
1503 3561 1856 3616 delictorum:

265 3646 392 3713 Quis
419 3645 556 3702 Deus
585 3649 836 3714 quomodo
866 3659 918 3703 tu
938 3693 953 3717 ,
982 3653 1204 3704 eximens
1254 3652 1540 3719 iniquitates
1565 3695 1578 3718 ,
1630 3663 1674 3706 ct
1728 3671 1856 3723 pra:-

260 3739 448 3793 teriens
491 3741 764 3811 injustitias
809 3742 1024 3796 residuis
1075 3743 1152 3815 (5)
1223 3744 1531 3799 Itatreditatis
1582 3755 1682 3797 tua:
1737 3746 1855 3815 (6)?

262 3831 387 3885 Non
433 3834 686 3888 teuuit.in
711 3835 1051 3890 testimonium
1085 3835 1156 3909 (ε)
1190 3838 1320 3891 iram
1355 3855 1518 3901 suam,
1550 3840 1670 3909 quia
1699 3839 1856 3893 uo’uit

261 3924 660 3978 misericordiam
714 3926 811 3998 (7).
867 3926 1066 3981 Atrei-tet
1122 3929 1222 3997 (8),
1259 3939 1304 3982 et
1334 3930 1648 3984 miserebitur
1677 3931 1854 3986 nostri.

261 4015 530 4082 Demcrget
552 4018 734 4072 delicta
760 4031 952 4083 nostra,
985 4031 1032 4075 et
1058 4023 1310 4093 demerget
1331 4024 1384 4076 in
1415 4026 1675 4095 profunda
1704 4027 1859 4080 maris

258 4121 468 4180 peccatu
500 4121 691 4163 nostra.
716 4111 822 4166 Sed
856 4113 954 4168 etsi
988 4114 1120 4168 nihil
1156 4114 1257 4169 tale
1285 4115 1337 4168 iu
1369 4114 1640 4170 Christum
1670 4117 1856 4170 fuisset

261 4203 630 4276 prmdicatum,
665 4203 916 4260 haberem
937 4205 1105 4278 hujus
1139 4205 1483 4277 benignitatis
1524 4209 1765 4277 exempla
1800 4209 1852 4262 in

258 4297 550 4364 Creatore,
582 4298 947 4368 promittentia
991 4299 1120 4352 mihi
1163 4310 1218 4353 et
1266 4299 1316 4353 in
1351 4299 1487 4355 Filio
1527 4301 1698 4356 Patris
1728 4300 1856 4356 alie-

256 4401 402 4444 ctus.
439 4387 607 4443 Video
636 4388 899 4444 Ninivitas
938 4391 1206 4446 scelerum
1243 4392 1450 4446 veniam
1483 4403 1798 4448 censecutos
1824 4410 1853 4448 a

255 4482 549 4546 Crcatore,
581 4496 649 4536 ne
673 4480 898 4536 dixerim
937 4493 1059 4540 tunc
1095 4498 1307 4554 quoque
1347 4499 1376 4539 a
1401 4482 1639 4550 Christo,
1672 4487 1794 4554 quia
1824 4501 1854 4539 a

1961 3389 2062 3430 nec
2091 3375 2172 3428 vir
2201 3373 2351 3426 matri
2375 3372 2490 3442 ejus
2515 3371 2888 3442 deputabitur;
2917 3385 3096 3440 porro,
3116 3369 3202 3424 cui
3232 3370 3310 3423 vir
3337 3383 3441 3423 non
3465 3367 3563 3424 de-

1964 3468 2254 3538 putabitur,
2285 3467 2430 3537 virgo
2459 3475 2559 3521 est.
2595 3465 2885 3530 (Steterunt,
2916 3463 3024 3519 duo
3045 3464 3158 3534 jam
3183 3471 3360 3534 patres
3391 3461 3560 3517 habe-

1963 3560 2178 3624 buntur,
2212 3559 2352 3613 Deus
2379 3567 2432 3612 et
2460 3557 2654 3622 homo,
2689 3557 2732 3610 si
2767 3571 2876 3610 non
2925 3556 3074 3626 virgo
3117 3556 3188 3611 sit
3231 3565 3420 3610 mater.
3453 3555 3562 3610 Ha-

1965 3651 2110 3706 bebit
2143 3651 2286 3707 enim
2330 3652 2502 3704 virum
2528 3691 2543 3714 ,
2579 3660 2632 3703 ut
2663 3651 2811 3721 virgo
2841 3665 2945 3703 non
2973 3649 3042 3703 sit
3068 3665 3082 3712 ;
3115 3657 3170 3704 et
3199 3648 3447 3703 habendo
3475 3649 3560 3703 vi-

1965 3761 2116 3809 rum,
2147 3744 2282 3800 duos
2330 3754 2508 3812 patres
2539 3741 2693 3797 faciet
2721 3785 2735 3808 ,
2775 3743 2937 3799 Deum
2967 3750 3020 3795 et
3061 3741 3328 3796 hominem
3351 3785 3365 3808 ,
3392 3742 3439 3796 ei
3471 3742 3563 3813 qui

1963 3847 2017 3892 et
2076 3837 2168 3891 Dei
2219 3847 2272 3891 et
2317 3835 2548 3890 hominis
2591 3843 2736 3888 esset
2787 3833 2944 3888 tilias.
3005 3833 3228 3900 Talem,
3279 3835 3321 3888 si
3372 3833 3508 3890 forte
3543 3876 3562 3903 ,

1963 3931 2167 3987 Castori
2190 3943 2276 3984 aut
2309 3929 2516 3984 Ilerculi
2551 3926 2619 4000 (Ῑ)
2651 3927 2980 3982 nativitatem
3029 3929 3244 3980 tradunt
3269 3925 3478 3980 fabulae.
3506 3926 3564 3984 Si

1964 4026 2078 4082 haec
2125 4025 2192 4078 ita
2238 4023 2665 4092 distinguuntur,
2703 4019 2894 4085 idest,
2925 4019 2969 4073 si
3016 4035 3080 4074 ex
3115 4029 3282 4074 matre
3313 4017 3453 4074 Illius
3481 4029 3566 4074 est

1964 4117 2226 4182 hominis,
2245 4115 2364 4185 quia
2392 4129 2453 4167 ex
2487 4121 2636 4182 patre
2666 4127 2769 4165 non
2801 4121 2883 4166 est
2909 4128 2923 4177 ;
2955 4127 3021 4166 ex
3048 4122 3216 4164 matre
3243 4121 3421 4165 autem
3449 4111 3565 4166 vir-

1959 4207 2266 4278 ginc,-quia
2321 4220 2425 4260 non
2476 4220 2541 4259 ex
2586 4211 2734 4273 patre
2781 4202 3041 4265 homine;
3073 4202 3158 4256 hic
3187 4202 3287 4256 erit
3317 4201 3562 4258 Christus

1959 4302 2143 4368 Isaiae,
2204 4315 2362 4372 quem
2403 4307 2780 4366 ctmcepturam
2825 4297 3084 4367 virginem
3135 4294 3404 4366 praedicat.
3451 4295 3565 4362 Qua

1959 4396 2117 4466 igitur
2144 4394 2350 4452 ratione
2381 4392 2630 4445 admittas
2662 4390 2826 4444 liliutn
2854 4389 3083 4445 hominis
3105 4431 3118 4453 ,
3155 4387 3388 4442 Marcion
3414 4428 3429 4451 ,
3454 4389 3564 4443 cir-

1957 4487 2292 4556 cumspicere
2343 4500 2448 4539 nou
2499 4499 2741 4554 possum.
2793 4483 2849 4540 Si
2902 4482 3067 4554 patris
3095 4481 3368 4549 hominis,
3398 4494 3563 4552 negas

1510 4573 1888 4632 LECTIONES
1927 4575 2342 4633 VARIANTES.

319 4667 337 4729 (
349 4669 395 4730 ι)
415 4667 646 4730 Prteclpit
680 4666 747 4718 al.

327 4727 396 4787 (2)
422 4727 702 4780 Ersdieasse
738 4727 887 4781 Sensi.

343 4789 397 4850 ὅ)
423 4795 672 4850 Quomodo
710 4789 860 4843 Seutl.

346 4854 397 4904 ll
420 4855 642 4904 Primore
679 4854 746 4904 al.

347 4915 400 4966 5)
423 4915 659 4966 Residuas
700 4919 825 4966 Par.

345 4978 397 5028 6)
418 4979 477 5028 Et
509 4979 659 5028 inser.
677 4978 829 5028 Seml.

319 5040 396 5106 (7)
417 5040 612 5092 Voluit:
637 5047 690 5092 et
707 5040 1080 5092 misericordem
1116 5042 1267 5094 Scml.
1300 5045 1431 5108 quod
1454 5057 1541 5098 nec
1559 5059 1753 5099 sensum
1774 5045 1860 5096 ha-

1881 4671 1930 4732 D
1956 4671 2047 4727 bet.
2066 4683 2157 4722 nec
2179 4684 2290 4720 cum
2314 4670 2446 4720 ιΠ
2465 4667 2698 4722 convenit.

2042 4735 2094 4794 8)
2115 4733 2355 4783 Advertet
2373 4734 2495 4782 Jun.
2510 4736 2829 4794 revertetur,
2850 4731 3116 4782 secundum
3138 4728 3290 4779 LIX.

2042 4738 2072 4785 8
2115 4735 2355 4783 Advertet
2373 4735 2495 4782 Jun.
2525 4736 2762 4782 revertett

2040 4735 2104 4910 9i
2121 4796 2206 4846 Est
2226 4794 2347 4846 add.
2383 4793 2537 4846 Seml.
2564 4793 2762 4846 Oberth.

2047 4862 2063 4910 l
2108 4857 2124 4910 l
2151 4857 2408 4908 Maluimus
2429 4860 2593 4907 Venet.
2619 4857 2762 4907 Obert

2047 4855 2124 4910 l0)
2151 4857 2408 4908 Maluimus
2429 4860 2593 4907 Venet.
2619 4855 2816 4907 Obertlt.

2048 4917 2132 4972 tt)
2153 4921 2239 4971 Est
2261 4921 2410 4972 inser.
2433 4918 2584 4971 Seml.
2611 4917 2808 4970 obertlt.

2051 4978 2127 5036 12)
2148 4983 2304 5034 Homo
2322 4984 2476 5036 omitt.
2501 4978 2652 5034 Seml.
2676 4978 2872 5033 Obertlt.

2020 4735 2042 5047 ἓ

1615 5126 2179 5186 COMMENTARIUS.

330 5214 407 5287 (ο)
451 5214 527 5270 De
554 5217 718 5288 gradu
749 5217 957 5286 peltam.
987 5215 1355 5288 Objectionem
1388 5230 1530 5274 tuam
1560 5220 1704 5276 illam
1731 5222 1846 5277 dis-

253 5289 484 5354 solvam,
523 5302 628 5360 qua
659 5287 854 5360 bonum
885 5289 1051 5360 Deum
1072 5287 1261 5360 legem
1294 5290 1576 5346 indulsisse
1606 5293 1762 5358 dicis,
1792 5303 1846 5348 et

255 5361 455 5413 malum
510 5357 828 5424 abstulisse;
879 5357 1302 5428 diSputat'enim
1351 5362 1614 5419 acerrime
1657 5374 1843 5419 contra

253 5433 354 5486 has
395 5432 753 5485 immanitates
788 5431 875 5486 hic
904 5433 1157 5502 scriptor.
1185 5432 1262 5490 La
1293 5433 1388 5488 Pa.

328 5520 408 5598 (l3)
453 5520 526 5575 De
561 5521 853 5598 Evangelia
915 5525 1169 5598 erexisse,
1235 5535 1339 5581 etc.
1399 5524 1480 5580 0b
1535 5537 1846 5598 corruptum

253 5593 318 5648 Β.
359 5593 527 5667 Lacte
559 5595 611 5647 in
637 5595 891 5667 omnibus
925 5594 1036 5650 fere
1064 5596 1408 5667 Evangelium
1432 5613 1446 5664 ;
1473 5607 1526 5653 et
1557 5593 1850 5667 inter'alia,

252 5680 373 5736 cap.
410 5664 473 5718 IV
497 5663 566 5720 de
588 5681 694 5736 quo
725 5665 812 5720 hic
842 5667 1086 5735 qumsuo.
1110 5666 1188 5722 Ls
1217 5669 1312 5722 Pa.

326 5779 480 5834 CAP.
498 5778 732 5848 X.—’c)
751 5777 871 5832 Non
899 5781 1120 5833 tenuitin
1136 5783 1498 5837 testimonium.
1527 5783 1641 5848 llic,
1668 5784 1854 5840 utaliis

253 5852 307 5904 in
325 5851 717 5926 locis,sequitur
730 5849 1093 5926 Tertullianus
1104 5855 1406 5926 versionem
1429 5854 1569 5908 LXX
1585 5853 1853 5926 Interpre-

255 5931 390 5988 tum,
421 5922 532 5992 qui,
557 5916 681 5977 cum
704 5921 958 5992 legissent
986 5921 1245 5992 perte/ted
1267 5939 1448 5982 vocem
1467 5916 1858 5986 hebra‘am'Wb

1949 5236 2068 5292 qua:
2103 5235 2200 5290 per
2226 5219 2376 5274 leliad
2416 5218 2539 5292 legi
2571 5217 2846 5292 debuisset
2867 5258 2881 5284 ,
2913 5215 3252 5292 scripserunt
3281 5213 3382 5292 hoc
3413 5214 3552 5282 loco,

1949 5287 2014 5355 sic
2042 5287 2301 5363 μέρτῦριιν
2331 5292 2408 5358 (in
2429 5287 2792 5363 testimonium)
2813 5330 2828 5353 ,
2877 5287 2965 5342 ubi
2990 5292 3059 5363 ές
3091 5291 3243 5344 αἰῶνα.
3283 5287 3358 5358 (in
3398 5295 3557 5342 teter-

1955 5359 2381 5433 num)'scribere
2412 5361 2612 5433 rectius
2643 5362 2961 5433 potuissent.
2989 5359 3123 5433 Eoo.

2023 5429 2101 5504 (tl)
2144 5433 2406 5487 lauat/tan
2455 5431 2618 5504 ﬁlium
2648 5429 2895 5504 διιιιιίᾳ,Δ
2926 5429 3412 5504 resignatijejuuii,
3446 5437 3551 5504 etc.

1959 5500 2302 5570 Resiguatum
2332 5512 2484 5556 vocat
2507 5502 2767 5570 jejunium
2817 5500 3133 5566 infractum;
3163 5500 3385 5556 dederat
3407 5501 3552 5555 enim

1957 5575 2217 5630 Jonathas
2245 5576 2583 5699 occziifionem
2607 5573 2834 5627 violandi
2857 5573 3064 5642 jcjunii,
3081 5587 3201 5626 cum
3222 5573 3327 5627 mel
3345 5571 3424 5626 ori
3452 5585 3552 5626 suo

1959 5647 2213 5699 admovit.
2250 5647 2323 5699 Ls
2391 5662 2442 5699 κ.

1959 5647 2213 5700 admovit.
2250 5647 2323 5699 Ls
2348 5647 2442 5699 Ρη.

2057 5717 2110 5788 e)
2149 5717 2286 5788 Alibi
2306 5717 2419 5786 jam
2449 5716 2722 5788 congressi.
2758 5713 2856 5788 Est
2898 5713 3182 5788 lOCIIS‘Lt'b.
3217 5711 3280 5788 ξε
3311 5729 3356 5767 c.

2057 5718 2110 5788 e)
2154 5718 2286 5769 Alibi
2306 5718 2419 5786 jam
2449 5718 2722 5787 congressi.
2758 5718 2856 5768 Est
2898 5718 3042 5767 locus
3068 5718 3182 5769 Lib.
3217 5718 3278 5779 ι,
3311 5729 3356 5767 c.
3384 5718 3476 5767 26.

2032 5718 2098 5859 if)
2127 5785 2321 5843 Castori
2347 5797 2454 5859 gat
2485 5785 2738 5859 Herculi:
2764 5785 3000 5859 Uterque
3037 5785 3182 5859 Jovis
3212 5784 3385 5859 ﬁlius:
3417 5783 3549 5837 Cas-

1963 5853 2154 5925 tor,'ex
2181 5859 2320 5914 Leda
2345 5857 2578 5930 Tyndari
2605 5872 2863 5930 conjuge;
2892 5855 3142 5912 Hercules
3163 5895 3179 5927 ,
3206 5870 3270 5910 es
3299 5853 3551 5909 Alcmena

1963 5931 2389 6002 Amphitryonis.
2407 5928 2580 5983 Busa.
