4268 6492
723 387 829 444 579

2127 381 2593 437 TERTULLIANI

3920 386 4025 443 380

727 500 818 555 Dei
845 499 1009 554 lilium
1037 517 1051 566 ;
1082 500 1126 554 si
1158 507 1211 555 et
1244 501 1332 555 Dei
1360 542 1374 565 ,
1399 497 1677 553 Herculem
1700 494 1767 549 de
1795 492 1971 549 fabula
2007 495 2133 550 lacis
2159 495 2310 550 Chri-
2344 499 2391 555 Α
2423 497 2624 552 scilicet
2668 496 2877 553 Domini
2925 498 3384 570 interpretatione.
3415 499 3546 556 Nam
3575 515 3695 556 cum
3725 499 3898 557 Judaei
3931 516 4022 556 so-

725 603 864 648 stum
892 610 907 655 ;
937 595 980 647 si
1024 595 1210 648 matris
1241 603 1440 648 tantum
1493 589 1724 646 hominis
1745 630 1760 655 ,
1798 605 1975 643 meum
2024 591 2278 646 concedis
2306 608 2318 655 ;

725 687 772 744 si
798 702 971 757 neque
995 688 1179 742 matris
1202 687 1281 759 (l)
1318 686 1551 742 hominis
1568 727 1582 750 ,
1605 700 1734 753 ergo
1762 683 1958 736 nullius
1991 685 2221 741 hominis
2241 696 2324 741 est

729 779 869 834 ﬁlius
892 822 906 846 ,
937 789 990 835 et
1031 794 1251 835 necesse
1291 791 1374 835 est
1418 778 1754 834 mendacium
1801 779 2114 844 admiserit,
2148 782 2235 849 qui
2265 795 2323 833 se

729 873 870 944 quod
923 889 1026 926 non
1086 883 1202 927 erat
1259 873 1412 928 dixit.
1463 874 1638 930 Unum
1686 884 1860 944 potest
1908 873 2166 942 angustiis
2221 873 2324 927 tuis

726 964 1044 1031 subvenire,
1075 966 1117 1019 si
1150 968 1350 1020 audeas
1381 978 1474 1021 aut
1515 967 1679 1021 Deum
1715 976 1859 1020 tuutn
1890 976 2094 1036 patrem
2127 964 2322 1019 Christi

729 1055 1000 1112 hominem
1043 1073 1255 1129 quoque
1302 1061 1680 1128 cognominare
1706 1103 1719 1126 ,
1751 1063 1890 1133 quod
1937 1063 2002 1117 de
2042 1064 2218 1120 Eone
2248 1060 2323 1132 (εὶ)

727 1150 852 1206 fecit
883 1151 1190 1207 Valentinus
1221 1150 1298 1225 (a)
1331 1170 1343 1216 ;
1388 1163 1480 1207 aut
1511 1154 1762 1224 virginem
1793 1157 2061 1212 hominem
2091 1172 2284 1226 negare
2307 1197 2322 1224 ,

727 1242 869 1312 quod
901 1242 1067 1315 nc(3)
1105 1243 1416 1299 Valentinus
1462 1246 1671 1315 quidem
1721 1247 1864 1304 fecit.
1896 1251 2030 1318 Quid
2080 1266 2237 1316 nunc,
2280 1251 2324 1304 si

730 1336 846 1402 ipso
889 1337 1043 1389 titulo
1088 1337 1178 1389 lilii
1226 1337 1455 1392 hominis
1505 1349 1752 1395 censetur
1782 1341 2031 1397 Christus
2059 1342 2195 1412 apud
2228 1343 2325 1397 Da-

729 1426 923 1480 nielem
952 1426 975 1479 ?
1006 1443 1181 1480 nonne
1212 1426 1442 1484 Sufﬁciet
1475 1430 1552 1502 (ι)
1578 1431 1642 1485 ad
1682 1432 2050 1501 probationem
2098 1434 2327 1502 prophe-

729 1517 819 1571 tici
846 1515 1084 1572 Christi?
1111 1517 1244 1573 Cum
1275 1522 1415 1575 enim
1458 1522 1507 1575 id
1549 1539 1608 1577 se
1638 1525 1869 1593 appellat
1902 1525 2040 1595 quod
2087 1526 2138 1580 itt
2167 1525 2322 1581 Chri-

731 1622 873 1666 stum
932 1612 1321 1682 prmdicabatttr
1368 1613 1638 1672 Creatoris
1664 1659 1675 1680 ,
1706 1621 1822 1672 sine
1866 1617 2027 1671 dubio
2069 1621 2238 1688 ipsum
2269 1635 2326 1674 se

733 1711 952 1771 prmstat
1000 1704 1256 1775 intelligi,
1291 1706 1339 1759 in
1372 1722 1531 1776 quem
1586 1710 1990 1777 przediCabalnr.
2037 1711 2322 1765 Nomiuum

731 1795 1040 1848 communio
1097 1796 1321 1864 simplex
1357 1797 1436 1868 (5)
1467 1840 1481 1862 ,
1514 1799 1557 1852 si
1602 1798 1776 1862 forte,
1809 1802 1976 1856 videri
2029 1813 2239 1872 potest,
2273 1814 2326 1858 et

2429 591 2700 645 lummodo
2729 591 2997 648 hominem
3025 595 3142 662 ejus
3182 595 3480 659 intuentes,
3512 596 3738 651 necdum
3768 606 3821 651 et
3856 596 4022 650 Deum

2427 687 2592 748 certi,
2626 701 2727 756 qua
2781 687 2872 741 Dei
2918 704 3129 758 qttoque
3179 688 3368 742 Filium
3394 732 3408 756 ,
3439 692 3630 744 merito
3673 698 4027 745 retractarent

2429 793 2533 832 non
2562 793 2718 847 posse
2749 779 3018 833 hominem
3047 779 3240 835 delicta
3266 781 3541 836 dimittere
3564 823 3579 849 ,
3614 781 3709 837 sed
3741 783 3908 836 Deum
3937 799 4024 835 so-

2430 871 2568 936 Itnn,
2601 887 2698 925 cur
2736 886 2839 925 non
2882 872 3177 927 secundum
3229 872 3581 928 intentionem
3608 890 3792 928 eorum
3825 873 3895 928 de
3927 874 4027 927 ho~

2429 963 2570 1016 ntinc
2611 962 2692 1016 eis
2736 962 3014 1031 respondit.
3061 962 3216 1031 (Luc.
3250 963 3319 1030 ν,
3371 964 3464 1036 24)
3505 965 3625 1036 (9),
3659 964 3865 1019 [Iabere
3908 983 4028 1020 eum

2431 1067 2725 1125 polestatcm
2765 1059 3048 1112 dimittendi
3073 1061 3259 1113 delicta
3284 1101 3297 1124 ,
3333 1061 3548 1129 quando
3579 1070 3632 1117 et
3662 1063 3831 1130 ﬁlium
3861 1062 4028 1115 Ιιοιιιί-

2430 1151 2507 1203 nis
2539 1153 2821 1204 nominans
2844 1194 2856 1214 ,
2893 1151 3164 1206 hominem
3209 1153 3555 1208 nominaret?
3587 1154 3686 1208 nisi
3732 1155 3856 1225 quia
3907 1155 4030 1208 ideo

2430 1243 2541 1311 ipsa
2574 1241 2740 1296 voluit
2778 1258 2872 1296 eos
2920 1244 3280 1314 appellatione
3328 1246 3418 1299 lilii
3469 1246 3700 1301 hominis
3729 1263 3793 1300 ex
3825 1246 4028 1300 instru-

2429 1344 2611 1388 mento
2637 1335 2869 1389 Danielis
2892 1345 3232 1405 repercutere
3259 1377 3272 1401 ,
3304 1349 3359 1390 ut
3385 1336 3695 1392 ostenderet
3722 1337 3890 1391 Deum
3915 1336 4030 1408 (t0)

2430 1434 2483 1479 et
2515 1425 2784 1480 hominem
2814 1427 2901 1496 qui
2929 1426 3124 1481 delicta
3155 1426 3489 1492 dimitteret;
3519 1429 3670 1482 illum
3704 1428 3918 1483 scilicet
3939 1443 4030 1480 so-

2430 1518 2537 1572 lum
2573 1517 2737 1572 ﬁlium
2786 1520 3038 1586 hominis,
3071 1520 3211 1589 apud
3255 1521 3489 1575 Danielis
3525 1521 3863 1590 prophetiam
3897 1535 4031 1573 con-

2431 1619 2670 1664 secutum
2698 1610 2972 1680 judicandi
3007 1622 3364 1681 potestatem,
3399 1627 3461 1666 ac
3494 1628 3589 1681 per
3615 1627 3733 1666 eam
3769 1616 3957 1680 ntiqnc
3980 1620 4034 1664 et

2431 1704 2731 1758 dimittendi
2755 1705 2946 1759 delicta
2978 1724 2991 1759 :
3023 1708 3109 1775 qui
3137 1706 3282 1761 enim
3311 1706 3536 1775 jttdirat,
3568 1715 3621 1760 et
3649 1705 3882 1760 absolvit
3912 1722 3926 1758 :
3951 1715 4028 1769 nt,

2433 1799 2687 1852 seandalo
2718 1799 2823 1854 isto
2866 1799 3107 1854 discusso
3139 1816 3234 1870 per
3258 1800 3547 1870 Scriptura:
3578 1799 4028 1860 recordationem,

732 1897 908 1943 tamen
965 1905 1064 1944 nec
1107 1890 1376 1946 Christum
1399 1933 1412 1952 ,
1446 1910 1543 1947 nec
1600 1893 1782 1948 Jestnn
1829 1898 2003 1950 vocari
2065 1897 2317 1951 debuisse
2353 1893 2399 1952 B
2431 1888 2639 1949 facilius
2667 1908 2788 1946 cum
2821 1902 3172 1962 agnoscerent
3216 1893 3387 1962 ipsum
3410 1907 3538 1946 esse
3569 1890 3734 1944 ﬁlium
3767 1889 4026 1955 hominis,

731 1982 1092 2049 defendimus,
1131 1984 1455 2040 tliversitatis
1501 1988 1860 2042 conditionem
1909 1998 2170 2043 tenentes.
2221 1993 2326 2060 Ap-

734 2079 956 2148 pellatio
996 2089 1174 2134 autem
1221 2080 1361 2150 quod
1394 2091 1474 2135 est
1507 2080 1644 2136 ﬁlius
1687 2081 1952 2148 hominis,
1989 2084 2040 2136 in
2069 2093 2323 2153 quantum

733 2190 796 2228 ex
836 2173 1096 2228 accidenti
1123 2173 1356 2239 obvenit,
1388 2173 1440 2228 in
1467 2184 1665 2228 tantum
1695 2175 1913 2231 difﬁcile
1938 2187 2020 2230 est
2049 2188 2102 2230 ut
2133 2187 2184 2231 ct
2214 2179 2324 2247 ipsa

733 2274 1019 2320 concurrat
1039 2280 1201 2334 super
1223 2267 1452 2320 nominis
1475 2269 1930 2321 communionem.
1958 2268 2037 2322 Ex
2061 2270 2324 2324 accidenti

734 2358 876 2413 enim
908 2360 1122 2429 preprio
1151 2358 1346 2430 (6)est,
1367 2361 1597 2415 maxime
1611 2376 1728 2414 cum
1744 2375 1928 2416 caussa
1958 2363 2207 2416 convenit
2236 2379 2326 2418 ea-

735 2450 894 2516 dem,
925 2467 1020 2522 per
1062 2468 1220 2521 quam
1270 2453 1518 2508 deveniat
1564 2454 1615 2507 in
1663 2455 2115 2508 communionem.
2161 2459 2332 2525 Atque

735 2541 870 2596 adeo
901 2543 944 2596 si
972 2553 1025 2597 et
1051 2543 1296 2598 Christus
1328 2544 1612 2600 Marcionis
1657 2555 1811 2600 natus
1842 2561 1906 2602 ex
1938 2547 2160 2602 homine
2188 2547 2332 2602 dice-

737 2643 910 2703 retur,
943 2643 1067 2691 tunc
1095 2645 1147 2691 et
1176 2636 1291 2705 ipse
1317 2650 1534 2708 caperet
1574 2639 1954 2709 appellationis
1999 2647 2332 2696 communio—

739 2744 860 2784 nem
891 2770 905 2794 ,
938 2740 992 2784 et
1015 2738 1195 2785 essent
1233 2731 1343 2787 duo
1375 2732 1466 2787 ﬁlii
1498 2733 1728 2789 hominis
1754 2777 1767 2800 ,
1799 2736 1937 2790 sicut
1959 2745 2013 2790 et
2041 2736 2148 2789 duo
2175 2736 2330 2791 Chri-

739 2823 845 2887 sti,
877 2832 931 2877 et
969 2823 1076 2877 duo
1119 2823 1297 2880 Iesus.
1351 2825 1493 2896 Ergo
1532 2843 1651 2882 cum
1697 2830 1985 2898 appellatio
2013 2846 2165 2900 prnpt
2182 2831 2227 2885 ia
2255 2843 2335 2886 est

740 2914 896 2982 ejus,
932 2916 982 2969 in
1010 2931 1113 2986 quo
1146 2916 1308 2972 habet
1351 2934 1593 2974 caussam
1623 2962 1637 2986 ,
1672 2922 1712 2978 si
1745 2922 1822 2993 (7)
1878 2922 1965 2976 alii
2015 2923 2330 2990 vindicetur,

742 3006 796 3060 in
825 3023 930 3073 quo
962 3018 1045 3062 est
1065 3012 1372 3067 communio
1401 3014 1632 3069 nominis
1653 3058 1666 3080 ,
1701 3032 1805 3069 non
1837 3019 1996 3071 etiam
2024 3019 2336 3088 appellatio-

743 3100 825 3154 nis
849 3139 864 3166 ,
895 3112 1140 3170 suspecta
1177 3105 1284 3173 jam
1320 3103 1378 3159 ﬁt
1407 3109 1712 3161 communio
1760 3109 1990 3162 nominis
2044 3126 2254 3181 quoque
2287 3113 2337 3166 in

743 3204 831 3258 eo,
862 3195 946 3247 cui
998 3193 1296 3251 vindicatur
1326 3197 1442 3251 sine
1468 3213 1655 3252 caussa
1685 3201 1992 3255 communio
2020 3204 2336 3270 appellatio-

2431 2006 2493 2044 ex
2544 1989 2656 2058 ipsa
2710 1996 3054 2055 peccatorum
3105 1984 3425 2039 remissione
3452 1983 3548 2054 (b).
3603 1983 4033 2052 l)enique,nus-

2439 2097 2598 2152 quam
2643 2079 2818 2133 adhuc
2863 2077 3139 2148 prolessus
3166 2088 3246 2132 est
3287 2092 3345 2130 se
3375 2076 3538 2130 ﬁlium
3569 2075 3801 2129 hominis
3824 2116 3840 2139 ,
3874 2090 4030 2145 quam

2433 2177 2485 2230 in
2514 2177 2616 2229 isto
2644 2174 2764 2228 loco
2798 2173 3025 2241 primum
3052 2215 3064 2234 ,
3096 2173 3147 2225 in
3178 2185 3282 2239 quo
3307 2169 3535 2239 primum
3565 2176 3778 2239 peccata
3807 2168 4032 2232 dimisit,

2434 2272 2483 2327 id
2515 2281 2628 2336 est,
2661 2270 2712 2324 in
2754 2285 2858 2339 quo
2887 2269 3113 2336 prinntm
3155 2266 3448 2336 judicavit,
3475 2266 3601 2319 dum
3647 2264 3898 2318 absolvit.
3954 2264 4031 2316 Ad

2437 2367 2549 2419 haec
2587 2362 2959 2434 quodcumque
3005 2359 3214 2412 diversa
3262 2373 3386 2427 pars
3434 2356 3598 2412 fuerit
3621 2364 4032 2426 argutnentata,

2436 2456 2592 2526 qttale
2613 2458 2700 2520 sit,
2717 2455 2918 2523 dispice
2942 2453 2990 2525 (l
3011 2455 3078 2520 l).
3105 2450 3232 2504 Nam
3258 2451 3308 2503 in
3341 2449 3486 2503 illam
3516 2462 3735 2503 necesse
3756 2458 3838 2502 est
3863 2461 4043 2499 amen-

2437 2550 2562 2603 tiam
2594 2547 2805 2610 tendat,
2834 2555 2889 2598 ut
2911 2555 2962 2599 et
2994 2543 3160 2598 ﬁlitttn
3187 2541 3421 2595 hominis
3444 2539 3696 2595 defendat
3716 2583 3728 2603 ,
3762 2553 3861 2592 nec
3885 2553 4037 2591 mens

2437 2643 2623 2697 dacem
2674 2656 2794 2694 cum
2829 2637 2987 2693 iaciat
3016 2655 3030 2701 ;
3063 2647 3115 2691 et
3157 2651 3221 2690 cx
3279 2633 3495 2689 homine
3526 2642 3682 2703 neget
3713 2640 3900 2685 natum
3927 2673 3941 2693 ,
3977 2645 4041 2683 ne

2440 2735 2603 2789 ﬁlium
2631 2731 2847 2802 virginis
2874 2728 3151 2784 concedat.
3178 2725 3331 2792 Quod
3362 2726 3406 2780 si
3433 2737 3481 2780 et
3515 2724 3804 2780 auctoritas
3829 2722 4039 2785 divina,

2439 2840 2492 2884 et
2521 2841 2700 2884 rerum
2735 2834 2920 2879 natura
2945 2864 2958 2884 ,
2991 2830 3043 2875 et
3073 2819 3376 2874 connnnnis
3405 2816 3664 2887 sapientia
3708 2830 3814 2869 non
3844 2813 4044 2872 admit-

2443 2930 2556 2976 tant
2584 2918 2701 2991 (I2)
2739 2916 3001 2969 insaniam
3029 2913 3356 2974 ha‘reticam,
3387 2910 3598 2963 occasio
3637 2919 3716 2963 est
3746 2919 3801 2961 et
3841 2906 3933 2961 hic
3963 2907 4045 2958 in-

2444 3008 2758 3081 terpellandi
2807 3022 2964 3077 quam
3018 3005 3332 3059 brevissime
3360 3001 3428 3055 de
3455 2999 3754 3056 substantia
3799 2998 4049 3068 corporis

2442 3105 2698 3159 adversus
2731 3101 3100 3171 phantasmata
3126 3095 3430 3151 Marcionis.
3474 3093 3530 3148 Si
3559 3103 3715 3146 natus
3735 3106 3800 3146 ex
3830 3091 4050 3144 homine

2445 3209 2556 3264 cst,
2597 3206 2645 3250 ut
2681 3195 2821 3250 ﬁlius
2854 3193 3087 3246 hominis
3108 3234 3120 3257 ,
3155 3203 3351 3258 corpus
3380 3203 3447 3244 ex
3493 3199 3720 3255 corpore
3747 3191 3849 3236 est.
3882 3181 4051 3238 I‘Ianc

746 3283 829 3344 nis
856 3300 870 3349 ;
901 3293 953 3339 et
998 3287 1237 3356 sequitur
1280 3299 1336 3343 ut
1383 3304 1519 3342 unus
1566 3288 1814 3360 idemque
1861 3292 2130 3359 credatur,
2163 3295 2253 3364 qui
2286 3306 2336 3349 et
2365 3287 2408 3348 C
2443 3294 2650 3348 facilius
2677 3289 2920 3343 invenias
2951 3287 3221 3339 hominem
3251 3293 3432 3336 natum
3461 3296 3557 3334 cor
3585 3293 3691 3333 non
3722 3277 3928 3331 habere
3962 3275 4048 3329 vel

746 3382 982 3439 nominis
1020 3381 1402 3452 appellationis
1446 3382 1695 3452 capacior
1727 3385 2016 3453 invenitur,
2051 3387 2176 3440 dum
2206 3388 2340 3441 alter

745 3474 1066 3540 excluditur,
1095 3474 1185 3544 qni
1233 3489 1335 3528 non
1386 3473 1544 3528 habet
1588 3476 1960 3545 appellationis
2001 3480 2337 3534 eomtnunio-

746 3583 892 3632 nem,
923 3579 1118 3622 carens
1146 3581 1334 3620 caussa
1361 3583 1375 3632 ;
1407 3581 1508 3622 nec
1561 3567 1695 3623 alios
1736 3568 1836 3623 erit
1862 3571 2109 3639 capacior
2140 3571 2340 3624 utrius-

746 3676 850 3730 que
871 3702 886 3726 ,
918 3672 1078 3729 quam
1108 3660 1194 3726 qui
1231 3659 1401 3728 prior,
1432 3668 1486 3714 et
1518 3675 1714 3715 nomen
1746 3662 1965 3714 sortitus
1993 3672 2075 3716 est
2101 3661 2295 3716 Christi
2323 3705 2336 3728 ,

747 3762 803 3809 et
853 3752 1267 3824 appellationem
1314 3753 1405 3807 lilii
1457 3754 1728 3820 hominis;
1763 3755 1919 3811 Jesus
1951 3757 2152 3813 scilicet
2175 3759 2339 3813 Crea-

749 3846 906 3901 toris.
961 3844 1056 3900 lIic
1098 3853 1212 3900 erat
1260 3846 1404 3900 visus
1449 3844 1743 3917 Babylonio
1796 3849 1901 3917 regi
1950 3846 2112 3919 (Dan.
2168 3849 2256 3921 111)
2290 3852 2340 3904 in

749 3939 969 3994 fornace
1022 3955 1142 3994 cum
1193 3939 1518 4011 martyribus
1564 3940 1673 3994 suis
1711 3950 1966 4009 quartus,
1997 3953 2246 4014 tanquam
2279 3945 2339 3998 ﬁ-

749 4030 853 4086 lius
894 4031 1164 4097 hominis;
1200 4031 1337 4086 idem
1384 4031 1484 4101 ipsi
1530 4032 1608 4103 (8)
1667 4034 1867 4089 Danieli
1919 4035 2076 4107 (Dan.
2115 4037 2224 4109 VII)
2256 4054 2342 4095 re-

750 4123 957 4179 velatus
997 4123 1202 4179 directo
1248 4124 1384 4192 ﬁlius
1424 4124 1677 4189 hominis,
1720 4128 1920 4181 veniens
1961 4145 2074 4181 cum
2104 4131 2217 4183 rwli
2245 4148 2342 4184 mt-

753 4217 892 4271 bibus
912 4217 1110 4286 jmlex,
1142 4218 1281 4272 sicut
1306 4227 1360 4274 et
1389 4218 1663 4289 Scriptura
1703 4220 2054 4276 demonstrat.
2090 4224 2203 4279 Hoc
2232 4225 2340 4280 dixi

751 4308 999 4364 sufﬁcere
1024 4311 1260 4379 potuisse
1291 4310 1356 4366 de
1387 4313 1752 4367 nominatione
1786 4313 2094 4384 prophetica
2124 4318 2262 4372 circa
2288 4319 2344 4372 li-

752 4399 879 4456 lium
909 4401 1158 4457 hominis.
1186 4402 1294 4459 Sed
1319 4403 1436 4475 plus
1463 4405 1589 4458 mibi
1610 4406 1882 4477 Scriptura
1904 4408 2136 4474 confert,
2172 4410 2340 4479 ipsius

2445 3386 2764 3449 cerebrtnn,
2810 3382 2946 3436 sicut
2995 3380 3167 3449 ipsum
3217 3375 3579 3439 Marcionem,
3608 3387 3766 3442 quam
3815 3384 4049 3438 corpus,

2446 3491 2505 3536 ut
2537 3479 2802 3534 Christum
2847 3473 3148 3528 Marcionis.
3186 3472 3358 3541 Atque
3396 3467 3531 3523 adeo
3560 3466 3765 3537 inspice
3787 3464 4050 3519 corl’on-

2447 3573 2535 3629 tici
2565 3582 2652 3625 aut
2681 3569 2979 3624 cerebrum.

3063 3657 3288 3714 CAPUT
3327 3656 3418 3711 XI.

2519 3757 2868 3813 Publicanum
2919 3753 3167 3807 allectum
3226 3765 3254 3802 a
3295 3743 3521 3801 Domino
3578 3746 3631 3799 in
3674 3753 4051 3814 argumentum

2447 3852 2700 3918 deducit,
2735 3850 2883 3920 quasi
2911 3847 2977 3902 ab
3003 3843 3310 3900 adversario
3340 3840 3474 3911 legis
3512 3839 3764 3894 allectum
3786 3879 3800 3904 ,
3832 3836 3909 3906 (c)
3956 3852 4053 3892 ex-

2449 3958 2688 4002 traneum
2722 3943 2910 4012 Legis,
2954 3949 3006 3994 et
3044 3937 3292 4008 jndaismi
3340 3933 3694 4006 praphanum.
3750 3929 3965 3986 Excidit
4003 3931 4054 3986 ei

2449 4039 2533 4094 vel
2564 4039 2630 4093 de
2660 4037 2820 4092 Petro
2840 4077 2855 4102 ,
2885 4034 3040 4102 Legis
3074 4031 3290 4085 homine
3310 4072 3324 4094 ,
3357 4037 3411 4084 et
3453 4036 3632 4082 tamen
3683 4041 3787 4080 non
3841 4032 4052 4080 tantum

2451 4132 2643 4187 allecto
2665 4172 2678 4194 ,
2725 4128 2817 4184 sed
2847 4129 3005 4182 etiam
3038 4124 3398 4180 testimonium
3430 4128 3722 4176 consecuto
3763 4116 4055 4188 agnitionis

2452 4225 2702 4296 praestita:
2731 4238 2760 4276 a
2793 4222 2947 4276 Patre
2972 4217 3186 4290 (Matth.
3223 4213 3367 4281 XVI,
3403 4214 3512 4283 I7).
3547 4211 3818 4282 Nusquam
3853 4211 4058 4281 legerat

2451 4318 2629 4372 lumen
2652 4357 2664 4378 ,
2698 4324 2752 4370 et
2799 4328 2948 4384 spem
2973 4355 2986 4378 ,
3018 4322 3071 4366 et
3106 4306 3539 4380 expectationem
3585 4306 3858 4370 nationum
3913 4318 4053 4375 pre-

2451 4410 2614 4465 dieari
2645 4407 2940 4463 Christum.
2971 4404 3167 4475 Atquin
3210 4400 3456 4475 probavit
3483 4398 3658 4472 patius
3685 4396 3938 4463 Iudaeos,
3969 4395 4056 4451 di-

1999 4521 2290 4579 LECTION
2296 4525 2375 4582 ES
2415 4521 2824 4581 VARIANTES.

815 4630 888 4690 (1)
912 4632 1072 4681 Patris
1112 4638 1270 4682 Venet.
1294 4629 1446 4683 Seml.
1471 4632 1638 4683 obert.

839 4694 884 4745 2)
915 4695 992 4744 De
1012 4709 1074 4744 co
1094 4707 1185 4743 nec
1221 4694 1288 4745 al.

840 4755 892 4808 ὅ)
917 4757 1019 4805 Nec
1058 4755 1206 4808 Seml.
1229 4757 1373 4807 Ober.

821 4817 894 4873 ('4)
923 4818 1107 4869 Suﬂicit
1129 4817 1280 4870 Seml.
1307 4819 1446 4871 ober.

821 4880 896 4944 (5)
921 4880 1118 4944 Duplex
1162 4891 1277 4933 Jun.

823 4943 896 5008 (6)
918 4943 1123 5008 Pr0prie
1159 4951 1272 4995 Jun.

2544 4637 2595 4702 Ἰ)
2620 4639 2682 4702 Et
2717 4634 2864 4687 inser.
2889 4634 3038 4702 Seml.

2546 4695 2590 4749 8'
2622 4700 2746 4749 Item
2772 4701 2876 4761 ipse
2901 4695 3050 4748 Seml.
3079 4695 3240 4745 Obert.

2546 4705 2594 4826 9)
2619 4762 2956 4826 Respondebit
3004 4765 3165 4809 Venet.
3193 4757 3248 4807 Ri

2519 4761 2594 4884 (9)
2619 4762 2956 4823 Respondebit
3004 4765 3165 4809 Venet.
3193 4761 3299 4822 ltig.

2550 4826 2627 4884 10)
2656 4824 2776 4873 Ευηι
2817 4820 2880 4872 al.
2991 4878 3001 4884 Α
3091 4881 3100 4884 _

2527 4820 2627 4886 (10)
2656 4820 2776 4873 Eunt
2817 4820 2880 4872 al.

2527 4887 2630 4950 (ll)
2654 4887 2842 4950 Inspice
2867 4878 3207 4950 Seml._0berl.

2523 4946 2628 5014 (1'2)
2654 4949 2706 4998 In
2729 4947 2882 5000 inser.
2902 4946 3052 4997 Seml.
3079 4946 3240 4998 oberl.

2108 5051 2670 5109 COMMENTARIUS.

833 5166 910 5242 (a)
944 5166 1194 5242 Quod_de
1223 5165 1395 5242 {Eone
1442 5169 1559 5242 fecit
1614 5167 1934 5242 Valentinus.
1985 5167 2052 5242 In_
2081 5169 2354 5242 angustias
2379 5172 2433 5232 D
2461 5169 2632 5224 Filius
2675 5179 2844 5224 autem
2888 5168 3108 5242 hominis
3161 5167 3464 5242 non___liab§_t
3503 5165 3590 5222 ubi
3632 5165 3842 5219 recline!
3867 5208 3881 5230 ,
3916 5166 4060 5242 quod

760 5237 1000 5296 summas
1020 5237 1294 5293 redactum
1319 5238 1639 5294 Marcionem
1668 5240 1949 5296 sublevare
1971 5237 2199 5305 videtur,
2224 5241 2352 5294 sub-

763 5311 1155 5380 terfuginmque
1185 5310 1260 5363 illi
1295 5311 1632 5380 suppeditat,
1662 5311 1813 5380 quasi
1847 5311 1985 5365 idem
2017 5329 2078 5365 ae
2105 5310 2347 5366 Valenti-

762 5399 864 5437 nus
893 5381 1153 5449 sentiret,
1186 5381 1277 5452 qui
1308 5380 1491 5436 Jesum
1534 5398 1695 5451 quem
1727 5393 1780 5436 et
1806 5381 2076 5437 Christum
2125 5383 2348 5436 vocabat

763 5469 830 5510 ex
859 5452 1099 5507 :eonibus
1125 5455 1479 5522 compositura
1511 5453 1705 5509 aiebat.
1736 5456 1802 5522 At
1838 5470 1903 5509 ex
1935 5453 2023 5508 illo
2050 5454 2166 5509 loco
2198 5455 2348 5510 illum

763 5533 947 5597 postea
972 5524 1170 5597 acriter
1194 5517 1392 5594 dejicit.
1424 5525 1501 5580 Le
1542 5526 1637 5582 Pa.
1784 5517 1798 5532 ’

836 5594 916 5667 (b)
959 5594 1184 5668 Denique
1221 5612 1473 5668 nusquam
1499 5598 1667 5650 adhuc
1694 5598 1949 5668 professus
1979 5606 2072 5659 est,
2103 5605 2206 5650 etc.
2238 5596 2344 5650 Lo-

761 5666 942 5738 quitur
959 5666 1160 5739 Attctor
1178 5668 1244 5722 de
1265 5667 1553 5739 Etangelio
1583 5666 1736 5724 Lucio
1767 5668 2124 5733 solummodo,
2155 5683 2320 5721 secun

761 5737 887 5794 dum
917 5737 1140 5810 quodin
1171 5739 1272 5792 isto
1298 5737 1666 5810 loco’primum
1696 5742 1966 5809 professus
1987 5749 2067 5792 est
2094 5755 2151 5792 sc
2179 5740 2342 5793 ﬁlium

763 5810 1017 5867 hominis.
1037 5809 1167 5863 Nam
1188 5810 1230 5862 si
1249 5810 1313 5864 dc
1330 5809 1623 5881 Evangeliis
1642 5812 1888 5862 omnibus
1905 5811 2203 5878 loquamur,
2221 5821 2344 5866 autc

766 5883 867 5936 hoc
900 5882 1211 5942 miraculum
1246 5895 1483 5938 recenset
1528 5885 1585 5937 l).
1637 5884 1911 5938 Mattheus
1941 5882 2066 5936 illud
2099 5882 2292 5936 Christi
2327 5901 2338 5937 :

2459 5243 2686 5312 primum
2739 5239 3202 5312 repetitnrJLuete
3238 5236 3353 5312 IX.
3417 5236 3605 5293 Utrum
3634 5308 3647 5312 _
3673 5246 3852 5312 autem
3898 5239 4059 5312 prius

2459 5308 2976 5383 contigerintverba
3009 5310 3094 5383 illa
3124 5308 3322 5383 Christi
3355 5322 3481 5383 ante
3511 5308 3648 5383 istud
3691 5309 4009 5362 miraculum
4041 5351 4055 5375 ,

2451 5380 2970 5439 sicuti'conteudunt
2996 5382 3084 5450 qui
3123 5380 3479 5435 Concordiam
3522 5381 3858 5447 scripserunt
3887 5396 4057 5434 evan-

2449 5458 2672 5525 gelicam
2694 5498 2708 5520 ,
2729 5471 2795 5508 an
2827 5455 3130 5525 posterius,
3156 5452 3560 5525 quodindicare
3581 5451 3787 5505 videtur
3815 5451 4049 5515 Auctor,

2456 5523 2576 5582 aliis
2603 5523 2983 5587 disputandum
3017 5523 3281 5594 relinquo.
3309 5523 3446 5577 Pan.

2523 5598 2677 5654 CAP.
2695 5596 2939 5668 XL—(c)
2963 5594 3274 5649 Extraneum
3293 5594 3438 5665 Legi:
3455 5603 3498 5668 el
3523 5593 3787 5658 iudaismi,
3812 5602 3920 5668 etc.
3951 5593 4053 5668 Iis-

2454 5680 2695 5725 trauemn
2728 5678 2783 5723 ut
2818 5664 2976 5735 supra
3015 5682 3133 5720 cum
3168 5664 3400 5733 genitivo
3426 5666 3544 5734 plus
3565 5668 3727 5719 semel
3757 5664 4053 5734 conjunxit.

2451 5741 2548 5796 llic
2575 5743 2732 5795 etiam
2760 5741 2912 5801 dixit,
2936 5740 3186 5806 judaismi
3222 5737 3495 5806 profanum
3520 5778 3534 5798 ,
3568 5737 3870 5806 intelligens
3897 5752 3926 5789 a
3956 5735 4052 5791 ,ιιι-

2449 5814 2580 5868 αωὶε
2610 5812 2863 5881 reiectum
2893 5814 3032 5864 velut
3079 5809 3450 5865 execrabilem.
3499 5808 3670 5863 lines.
