4268 6492
290 343 389 399 581

1390 338 1515 394 LIH.
1562 335 1624 391 IV
1672 331 2032 391 ADVERSUS
2072 333 2492 392 MARCIONEM.

3482 335 3589 397 382

290 456 461 512 tendi:
498 456 648 527 (Luc.
686 454 747 521 V,
777 457 871 524 51)
895 498 907 516 ,
939 456 1184 508 medicum
1227 455 1364 507 suois
1403 468 1500 506 non
1533 468 1638 504 esse
1668 465 1894 503 necessu-
1920 450 1972 507 Α
2001 449 2292 516 prehen-os
2319 466 2333 514 ;
2367 464 2464 505 nec
2492 449 2712 505 Joannis
2742 450 2924 521 rejecit
2952 449 3324 523 disciplinam,
3353 452 3445 508 sed
3477 470 3589 507 ma-

294 552 462 613 r.‘um,
519 548 606 601 3rd
652 547 784 601 ntule
828 546 1137 600 habentibus,
1193 546 1249 599 Si
1295 545 1435 599 enim
1485 544 1621 597 male
1655 542 1889 595 valentes

288 643 460 696 voluit
494 641 711 709 intelligi
739 639 984 694 ethnicos
1002 650 1055 694 et
1079 639 1389 706 publicanos
1417 652 1549 705 quos
1582 634 1847 704 allegebat
1872 676 1884 696 ,

288 750 451 790 sanos
473 735 682 803 jinlzeos
710 732 1059 787 continuabat
1082 775 1096 797 ,
1121 733 1311 802 quibus
1341 729 1603 784 medicum
1637 742 1887 781 necessa-

290 829 430 881 rium
464 825 707 893 negabat.
744 825 854 877 liae
887 825 928 877 si
961 825 1027 877 ita
1056 833 1137 877 est
1159 865 1173 887 ,
1206 822 1344 876 male
1388 819 1656 875 descendi:
1687 819 1751 873 ad
1783 818 1887 872 Le-

286 934 410 988 gem
451 914 865 978 destruendam,
901 915 1052 985 quasi
1080 913 1143 966 ad
1177 912 1369 966 malam
1404 910 1756 965 valetudinem
1799 924 1887 963 rc-

287 1008 631 1064 ιιιηιιΠηιιεΙςιιιι
665 1049 679 1072 ,
724 1008 773 1059 in
826 1022 926 1077 qua
973 1008 1061 1076 qui
1113 1006 1380 1076 agebant,
1424 1003 1557 1057 bene
1608 1002 1881 1067 valebant,

286 1104 485 1173 quilms
526 1101 763 1154 medii-us
806 1104 1139 1154 necessarius
1187 1115 1290 1152 non
1319 1109 1451 1153 erat.
1483 1098 1649 1165 Quale
1678 1106 1758 1151 est
1787 1112 1884 1149 au-

289 1206 394 1248 tem
427 1239 439 1253 .
469 1206 525 1247 ut
573 1192 974 1247 similitudinem
1028 1194 1215 1247 medici
1261 1192 1634 1261 proposuerit,
1667 1205 1763 1244 nec
1791 1191 1888 1242 itit-

286 1288 560 1356 pieverit‘.’
589 1286 719 1341 Nam
752 1288 889 1340 sicut
932 1287 1078 1341 sanis
1122 1287 1384 1341 medicum
1434 1302 1593 1339 nemo
1619 1284 1837 1337 adhibet
1870 1301 1883 1349 ;

286 1382 355 1432 ita
392 1396 488 1433 nec
521 1384 570 1433 in
603 1389 799 1433 tantum
835 1380 915 1449 (I)
941 1380 1211 1435 extraneis
1237 1420 1250 1442 ,
1280 1388 1535 1448 quantum
1562 1385 1642 1430 est.
1669 1376 1829 1429 homo
1856 1391 1883 1429 a

287 1472 398 1528 Ilco
447 1474 571 1527 Sir.
595 1474 765 1539 iouis,
795 1490 950 1527 suum
998 1473 1200 1526 habens
1232 1481 1282 1524 et
1324 1484 1594 1525 anetorem
1626 1480 1678 1523 et
1708 1478 1858 1537 protc

284 1579 531 1631 ctorem,
565 1568 711 1621 etab
757 1568 846 1620 illo
895 1568 1071 1635 potius
1120 1566 1383 1619 medicam
1437 1563 1728 1618 Christum.
1776 1560 1887 1615 Iloc

282 1658 577 1710 similitudo
624 1657 972 1726 pra-iudicat,
1035 1657 1099 1711 ah
1131 1672 1195 1711 eo
1234 1656 1402 1726 magis
1430 1655 1668 1724 ωτι-διεινί
1721 1652 1886 1707 medi-

282 1764 407 1801 cum
437 1791 452 1813 ,
487 1749 551 1801 ad
581 1765 736 1818 quem
783 1750 1050 1818 pertinent
1092 1748 1182 1818 qui
1233 1750 1295 1801 la:
1320 1758 1500 1816 gnem.
1532 1746 1683 1801 Ilude
1709 1756 1883 1801 autem

1993 541 2073 607 gis
2097 542 2361 595 concessit
2382 582 2395 605 ,
2432 543 2656 611 tempori
2688 542 2910 598 Joannis
2940 558 3059 598 eam
3106 552 3397 612 praestans,
3423 554 3480 598 ut
3505 543 3585 616 (5)

1994 635 2217 702 tempori
2247 635 2327 702 (.i)
2369 650 2467 689 suo
2505 651 2621 689 eam
2664 635 2977 700 destinatis;
3010 636 3309 706 rejeeturus
3349 637 3585 707 alioquin

1989 738 2181 781 cantet
2199 726 2749 784 defensurusienmlos
2768 729 2882 798 ejus
2903 728 3004 799 (5),
3028 730 3070 782 si
3092 743 3195 782 non
3212 729 3377 796 ipsius
3398 728 3583 782 fuisset

1986 818 2094 887 jam
2128 836 2245 889 ane
2276 830 2410 874 erat.
2442 820 2622 876 'I‘eueo
2656 820 2733 893 (6)
2778 836 2954 875 metm:
2997 820 3265 875 Christum
3296 862 3309 883 ,
3341 821 3500 875 etiam
3531 823 3583 877 in

1990 917 2205 975 tnuuiue
2234 916 2438 985 sponsi,
2463 915 2655 985 dequo
2681 915 2921 969 l‘saluuts
2948 914 3068 979 (Ps.
3096 913 3295 980 XVIII,
3329 916 3383 982 5)
3420 933 3432 968 :
3462 914 3586 983 Ipse

1990 1015 2231 1076 tauquam
2279 1023 2493 1076 sponsus
2541 1007 2797 1075 egrediens
2824 1006 2886 1058 de
2924 1006 3148 1060 llnilumo
3177 1022 3267 1060 suo
3291 1022 3310 1061 :
3336 1023 3366 1059 α
3387 1022 3583 1060 summa

1989 1098 2102 1151 εωιὶ
2130 1099 2373 1167 profectio
2394 1101 2527 1169 ejus,
2557 1098 2629 1168 (a)
2671 1109 2717 1151 et
2743 1098 2967 1152 deversio
2997 1099 3106 1167 ejus
3131 1097 3197 1151 ad
3224 1113 3474 1151 summum
3499 1115 3584 1152 nso

1989 1208 2085 1258 quo
2116 1193 2242 1259 ejus.
2276 1192 2375 1259 Qui
2413 1193 2571 1244 etiam
2604 1207 2697 1260 per
2725 1191 2912 1245 Isaiam
2942 1190 3182 1261 gaudens
3211 1191 3274 1244 ad
3305 1190 3517 1246 Patrem
3562 1207 3576 1243 :

1991 1282 2232 1349 Exultat,
2269 1284 2438 1354 inquit
2466 1282 2564 1354 (Is.
2596 1282 2711 1337 LXI
2731 1325 2745 1347 ,
2780 1283 2861 1353 I0)
2887 1323 2901 1347 ,
2924 1284 3095 1336 anima
3124 1299 3232 1336 mea
3254 1283 3304 1335 in
3329 1280 3584 1350 Domino;

1988 1378 2154 1430 induit
2196 1378 2328 1431 enim
2376 1394 2453 1430 me
2487 1377 2835 1429 indumentum
2874 1376 3148 1436 salutaris,
3177 1386 3222 1429 ct
3251 1379 3471 1429 tunicam
3492 1377 3584 1447 ju-

1990 1470 2263 1524 cunditutis
2301 1470 2431 1523 velut
2460 1486 2645 1537 sponso
2673 1486 2690 1524 :
2721 1470 3081 1541 circumposuit
3104 1469 3227 1522 milii
3255 1470 3455 1522 mitram
3481 1466 3583 1522 vel-

1989 1576 2041 1615 ut
2082 1578 2282 1633 sponsa:
2310 1562 2407 1634 (7).
2442 1560 2495 1614 In
2527 1576 2586 1615 se
2618 1562 2760 1616 enim
2810 1561 2887 1632 (8)
2923 1572 2975 1615 et
3004 1560 3298 1616 Eetzlesiam
3339 1560 3580 1631 deputat,

1988 1656 2057 1711 de
2087 1673 2185 1723 qua
2219 1657 2354 1710 idem
2382 1656 2615 1727 Spiritus
2652 1656 2717 1709 ad
2764 1656 2937 1725 ipsum
2969 1655 3068 1727 (Is.
3103 1654 3267 1710 XLIX
3297 1697 3311 1719 ,
3347 1654 3435 1720 I8)
3466 1674 3479 1709 :
3516 1652 3583 1709 Et

1989 1749 2339 1815 circumpones
2378 1749 2471 1801 tibi
2520 1764 2691 1801 omnes
2734 1764 2817 1802 eos
2842 1789 2854 1811 ,
2884 1748 3015 1801 velut
3047 1758 3398 1801 ornamentum
3425 1764 3581 1817 spon-

283 1851 332 1893 et
363 1841 599 1896 Joannes
649 1845 793 1894 venit
844 1843 893 1893 in
948 1842 1179 1895 medium
1206 1844 1229 1895 Υ
1256 1842 1445 1896 Subito
1470 1840 1717 1895 Christus
1743 1882 1756 1901 ,
1792 1856 1878 1894 su-
1910 1839 1958 1900 B
1987 1856 2055 1893 ste
2107 1839 2204 1909 (9).
2262 1839 2407 1894 llattc
2452 1854 2703 1907 sponsam
2752 1838 2995 1894 Christus
3020 1839 3120 1893 sibi
3152 1840 3312 1894 etiam
3345 1840 3458 1910 (I0)
3489 1856 3584 1908 p-‘r

284 1932 397 1985 bito
445 1944 496 1987 et
544 1933 795 1988 Joannes.
853 1934 941 1987 Sic
986 1945 1107 1987 sunt
1135 1934 1311 1987 otnnia
1352 1933 1490 2004 apud
1521 1931 1840 1987 Marrimcm
1866 1975 1881 1995 .

283 2042 405 2096 qua:
433 2041 586 2079 smnu
619 2039 668 2079 et
706 2027 919 2095 plenum
965 2026 1163 2080 habent
1209 2027 1449 2080 ordinem
1496 2025 1632 2095 apud
1665 2026 1883 2079 Creato-

285 2133 421 2170 t'ctn.
476 2117 578 2170 Sed
629 2118 696 2170 de
748 2118 951 2173 Joanne
1000 2129 1189 2173 czetera
1245 2118 1424 2181 alibi;
1481 2118 1544 2171 ad
1593 2128 1884 2187 praesentes

283 2214 427 2263 cnim
458 2210 535 2277 (Ξ)
568 2228 806 2278 quosque
837 2213 1093 2265 articulos
1135 2211 1565 2279 respondendum
1599 2222 1700 2264 est.
1735 2210 1883 2265 Nunc

283 2302 416 2355 illud
451 2303 659 2365 tuebor,
690 2317 740 2356 ut
777 2303 1144 2357 demonswem
1175 2313 1227 2356 et
1257 2302 1517 2356 Joannem
1550 2300 1800 2367 Christo,
1829 2313 1884 2356 et

280 2392 556 2447 Christum
585 2394 776 2449 Joauni
808 2397 1091 2450 eumenire
1118 2438 1131 2461 ,
1159 2396 1338 2466 utique
1363 2395 1633 2465 prophetie
1660 2395 1880 2450 Creato-

282 2485 358 2538 ris
379 2526 393 2548 ,
428 2500 530 2553 qua
562 2484 830 2540 Christum
857 2486 1158 2550 Creatoris;
1190 2498 1348 2557 atque
1380 2489 1447 2541 ita
1476 2490 1755 2543 erubeSCat
1784 2489 1883 2542 ha:-

282 2580 484 2630 rcticus
509 2620 522 2642 ,
556 2578 777 2633 Joannis
805 2580 1046 2635 ordinem
1082 2580 1276 2634 frustra
1307 2584 1621 2636 frustratus.
1654 2582 1706 2637 Si
1738 2584 1878 2637 enim

286 2669 418 2721 nihil
480 2672 701 2723 onntino
766 2673 1193 2728 administrasset
1259 2673 1536 2739 Joannes,
1586 2678 1878 2729 secundum

282 2760 497 2814 Esaiam
534 2762 636 2830 (Is.
672 2763 796 2827 XL.
827 2766 880 2832 5)
926 2765 1248 2819 voeiferator
1296 2768 1343 2819 in
1396 2768 1773 2835 Solitudinem,
1827 2780 1881 2823 et

281 2870 613 2925 pra-paratur
638 2861 839 2913 viarum
865 2861 1251 2916 dominicarum
1270 2906 1283 2928 ,
1309 2882 1400 2930 per
1420 2864 1877 2920 denuntiationem

276 2958 332 3001 et
360 2949 719 3005 laudationem
772 2955 1101 3019 pmniteutia:
1129 2972 1143 3019 ;
1176 2958 1216 3007 si
1253 2974 1355 3008 non
1388 2960 1548 3010 etiam
1586 2961 1755 3027 ipsum
1804 2962 1881 3013 in-

277 3052 357 3093 ter
386 3053 613 3097 ci-teros
644 3045 906 3110 tinvissct,
938 3062 1094 3099 ll:'ltttt
1143 3047 1437 3116 discipulos
1476 3050 1693 3116 Christi,
1730 3067 1880 3105 man-

273 3134 605 3188 dncaatcsct
625 3136 710 3189 hih
747 3137 965 3201 n:cs,ad
990 3137 1213 3191 fortnam
1243 3138 1572 3207 discipulum
1600 3161 1628 3193 ιι
1655 3142 1877 3195 Joannis

1992 1933 2334 1987 Salomoncm
2363 1948 2426 1986 ex
2453 1933 2732 1987 vocatione
2761 1934 2994 2001 gentium
3023 1934 3268 1988 accersit.
3301 1932 3580 2003 Siquidem

1989 2025 2158 2096 legisti
2191 2024 2360 2093 (Cant.
2392 2023 2480 2090 IV,
2523 2022 2577 2096 8)
2610 2043 2620 2078 :
2667 2023 2828 2089 Veni,
2856 2041 3044 2095 sponsa
3070 2068 3083 2086 ,
3114 2025 3177 2080 de
3214 2024 3428 2080 Librum.
3462 2025 3585 2080 Ele-

1988 2128 2174 2187 ganter
2213 2117 2398 2172 Libani
2454 2119 2635 2187 utique.
2676 2118 2872 2172 montis
2916 2119 3185 2173 mentione
3226 2118 3436 2189 injecta,
3489 2120 3576 2189 qui

1990 2212 2159 2265 thuris
2198 2210 2512 2265 vocabulum
2542 2220 2623 2265 est
2653 2225 2815 2280 penes
2857 2210 3075 2266 Graecos
3127 2210 3225 2283 (ὁ),
3250 2211 3317 2265 de
3363 2210 3583 2265 idolola-

1991 2305 2087 2357 tria
2116 2306 2257 2359 enim
2289 2305 2387 2360 sibi
2420 2305 2699 2376 sponsabit
2732 2305 3051 2360 ECCI05I3HI.
3073 2304 3216 2375 Nega
3246 2314 3296 2360 te
3324 2320 3464 2359 nunc
3490 2304 3583 2363 dc—

1989 2398 2374 2451 mentissinnun
2402 2440 2415 2461 ,
2452 2397 2709 2453 Marcion.
2746 2398 2884 2453 Ecce
2915 2398 3086 2468 legem
3120 2399 3193 2452 tui
3234 2413 3446 2469 quoque
3489 2398 3582 2452 Dei

1988 2492 2555 2562 impugnaszNuptias
2610 2510 2712 2546 non
2762 2492 3067 2562 conjungit,
3111 2492 3425 2561 conjnnCIas
3475 2506 3579 2546 non

1986 2584 2248 2649 admittit,
2280 2584 2545 2639 neminem
2573 2584 2762 2653 tinguit
2786 2584 2834 2656 (I
2855 2585 2903 2655 1)
2940 2585 3039 2638 nisi
3068 2586 3314 2640 cu-lihcm
3343 2595 3433 2640 aut
3460 2600 3581 2654 sp:-

1987 2677 2177 2732 douczu
2206 2720 2220 2743 ,
2255 2678 2411 2731 morti
2462 2687 2553 2731 aut
2601 2677 2823 2747 repudio
2878 2678 3139 2745 baptisma
3185 2687 3387 2732 servat.
3435 2679 3574 2747 Quid

1987 2769 2162 2841 itaque
2196 2771 2464 2825 Christum
2496 2770 2614 2840 ejus
2652 2785 2905 2839 sponsum
2957 2768 3134 2825 facis?
3172 2770 3322 2825 Illius
3356 2769 3457 2825 hoc
3484 2788 3581 2826 no-

1985 2876 2107 2917 men
2140 2874 2219 2917 est
2244 2906 2258 2930 ,
2291 2864 2378 2932 qui
2406 2862 2699 2918 masculum
2729 2873 2781 2919 et
2813 2863 3083 2917 Imminam
3116 2864 3397 2932 eoujuuxit
3425 2907 3440 2927 ,
3474 2880 3578 2919 non

1986 2956 2073 3023 qui
2107 2957 2392 3021 separavit.
2430 2955 2631 3009 Errasti
2684 2955 2732 3007 in
2766 2953 2853 3008 illa
2885 2956 3047 3009 ethun
3093 2955 3299 3009 Domini
3330 2971 3572 3026 pronun-

1986 3048 2250 3109 lialione,
2296 3062 2397 3116 qua
2451 3047 2657 3101 videtur
2711 3061 2846 3100 nova
2892 3055 2946 3100 et
2998 3054 3177 3101 vetera
3243 3047 3575 3105 discernere.

1985 3138 2202 3193 Iulianis
2252 3155 2311 3193 es
2364 3139 2569 3193 utribus
2617 3140 2885 3194 veteriluu
2919 3181 2933 3201 ,
2978 3147 3032 3194 et
3084 3141 3466 3195 excerebratus
3513 3158 3574 3199 es

272 3225 490 3280 assidue
532 3226 888 3296 jejunantimn
928 3238 981 3284 et
1022 3231 1286 3285 0::ittlittttl
1336 3248 1465 3301 prov
1491 3245 1672 3288 .easset
1708 3253 1720 3289 :
1752 3238 1873 3306 quia
1902 3233 1947 3294 C
1982 3247 2120 3287 novo
2172 3233 2335 3295 vino;
2376 3243 2533 3301 atque
2564 3233 2631 3287 ita
2679 3231 2881 3298 veteri,
2930 3230 2979 3285 id
3028 3240 3138 3298 est,
3182 3232 3343 3301 priori
3395 3233 3573 3288 Evan-

270 3318 315 3372 εἰ
360 3335 461 3387 qua
507 3320 787 3376 diversitas
814 3334 978 3377 staret
1022 3325 1159 3379 inter
1186 3325 1451 3381 Chr'stuai
1481 3341 1535 3384 et
1564 3328 1824 3383 Joannem
1855 3373 1867 3392 ,

270 3419 321 3461 ct
360 3425 574 3479 gregem
614 3413 928 3481 utriusque,
964 3416 1106 3467 nulla
1148 3427 1288 3469 esset
1335 3421 1748 3486 comparationis
1778 3437 1869 3475 ex-

268 3503 438 3566 actio,
470 3514 680 3558 vacaret
713 3506 1102 3573 provecmionis
1135 3508 1377 3561 intentio.
1406 3508 1571 3561 Nonio
1593 3511 1733 3564 enim
1764 3513 1863 3564 mis

268 3608 483 3649 rarctur
506 3638 520 3660 ,
552 3608 603 3651 ct
633 3613 790 3651 nemo
821 3607 1188 3668 torqueretur,
1226 3602 1268 3653 si
1311 3601 1535 3655 diiersae
1574 3604 1866 3658 divinitatis

266 3686 476 3740 minute
512 3690 914 3757 prsrdicationes
938 3732 953 3757 ,
983 3691 1050 3744 tle
1078 3692 1375 3762 disciplinis
1404 3709 1616 3765 quoque
1647 3696 1784 3749 inter
1806 3710 1864 3751 se

266 3796 373 3833 non
416 3784 799 3848 convenirent,
832 3798 935 3837 non
980 3785 1361 3840 convenientes
1409 3787 1555 3855 prius
1583 3787 1649 3841 de
1679 3798 1860 3843 aucto-

263 3873 511 3926 ritatibus
538 3872 936 3941 disciplinarum
968 3894 981 3927 :
1014 3876 1149 3929 adeo
1175 3876 1395 3931 Joannis
1439 3891 1549 3933 erat
1581 3880 1825 3935 Christus
1846 3926 1858 3945 ,

262 3976 312 4016 ct
342 3962 577 4019 Joannes
604 3964 698 4020 Cln
717 3969 799 4020 isti
823 3984 836 4031 ;
862 3968 1020 4022 ambo
1046 3967 1341 4030 Creatoris,
1373 3980 1426 4023 rt
1452 3973 1609 4025 ambo
1629 3972 1695 4025 de
1720 3972 1861 4041 Lege

260 4068 315 4110 ct
345 4057 657 4126 I'r0phetis,
690 4060 1067 4130 prmdieatores
1106 4072 1159 4115 et
1208 4062 1464 4132 magistri.
1493 4064 1596 4118 Sed
1624 4074 1677 4119 et
1702 4067 1857 4120 CIn-i-

258 4160 377 4203 stos
408 4152 685 4217 reiecisset
721 4152 944 4207 Joannis
973 4154 1309 4222 disciplinam
1332 4196 1344 4218 ,
1378 4165 1436 4209 ut
1470 4156 1559 4209 Dei
1590 4157 1812 4213 alterius
1842 4178 1855 4224 ;

257 4251 307 4294 ct
344 4241 635 4310 discipulos
674 4242 887 4301 defendi
921 4254 1038 4312 set,
1073 4255 1128 4298 ut
1161 4248 1350 4301 merito
1392 4248 1549 4302 aliter
1600 4249 1853 4305 inceden-

257 4343 341 4387 tes
368 4375 384 4400 ,
414 4334 568 4387 aliam
611 4336 813 4389 scilicet
858 4347 909 4391 et
954 4339 1276 4391 contrariam
1329 4338 1561 4393 initiatos
1602 4341 1850 4398 divinita-

254 4433 391 4479 tetn.
422 4432 487 4479 At
517 4444 654 4481 nunc
690 4426 962 4482 lnuniliter
990 4429 1222 4483 reldens
1254 4431 1545 4496 rationem,
1578 4433 1716 4502 quod
1749 4451 1851 4489 nun

255 4529 477 4587 possent
504 4520 744 4589 jejunarc
778 4522 868 4575 IIIII
918 4522 1132 4591 sponsi,
1161 4523 1415 4590 quamdiu
1456 4538 1576 4577 cum
1608 4526 1684 4579 eis
1710 4538 1854 4581 esset

1976 3327 2120 3396 gelio
2151 3340 2383 3394 panntnu
2417 3324 2683 3379 haereticm
2711 3325 2960 3378 novitatis
2981 3324 3214 3379 assnisti.
3240 3324 3297 3379 In
3314 3340 3437 3395 quo.
3463 3326 3574 3398 ([2)

1974 3419 2111 3471 alter
2136 3418 2249 3489 (l5)
2271 3427 2481 3471 creator
2513 3417 2692 3487 (velim
2720 3415 2947 3486 discere)
2975 3430 3093 3471 cum
3123 3431 3219 3486 per
3250 3415 3570 3472 Hieremiam

1973 3509 2185 3579 (Jerem.
2231 3508 2316 3569 IV,
2358 3508 2415 3575 4)
2460 3508 2742 3579 prtreepit:
2794 3506 2991 3561 Novate
3017 3507 3153 3562 vobis
3187 3524 3431 3563 novnmeu
3475 3527 3567 3563 no-

1970 3620 2134 3663 mnu;
2192 3616 2367 3655 nonne
2407 3615 2435 3652 a
2486 3599 2754 3654 veteribus
2791 3598 3023 3653 avertit?
3065 3613 3186 3653 cum
3233 3614 3326 3669 per
3376 3598 3566 3655 Isaiam

1970 3696 2070 3767 (Is.
2105 3694 2299 3761 XLIII,
2332 3695 2413 3764 l8)
2453 3693 2649 3749 edicit:
2697 3691 2873 3747 Vetera
2911 3694 3255 3759 transierunt;
3285 3710 3398 3748 ecce
3441 3712 3569 3749 nova

1966 3806 2079 3860 qua:
2104 3806 2193 3861 ego
2224 3790 2394 3861 facio;
2420 3804 2597 3843 nonne
2648 3787 2712 3841 ad
2767 3803 2901 3842 nova
2935 3788 3196 3842 convertit
3225 3786 3405 3843 ?Olim
3432 3788 3567 3845 hanc

1966 3883 2248 3937 statuimus
2267 3882 2675 3938 destinationem
2702 3883 3043 3952 pristinarum
3060 3898 3089 3937 ει
3107 3880 3362 3940 Creatore
3392 3885 3567 3953 potius

1965 3978 2379 4044 reprozoissain,
2415 3993 2443 4030 a
2483 3975 2696 4031 Christo
2736 3974 2996 4041 exhiberi,
3029 3976 3130 4032 sub
3156 3976 3311 4030 unius
3338 3988 3392 4031 et
3417 3977 3563 4047 ejus-

1962 4070 2083 4123 dem
2115 4071 2204 4125 Dei
2233 4072 2566 4133 auctoritate,
2590 4069 2743 4138 cujus
2766 4068 2870 4122 sin’t
2891 4080 2942 4122 et
2963 4077 3210 4123 veteraet
3238 4085 3394 4125 nova.
3420 4070 3560 4125 Nam

1964 4170 2018 4216 et
2056 4162 2234 4216 vinum
2283 4178 2475 4216 novum
2523 4164 2565 4215 is
2594 4176 2698 4215 nou
2729 4161 3014 4215 committit.
3045 4162 3096 4214 in
3129 4170 3345 4216 veteres
3374 4172 3522 4217 utres
3542 4205 3556 4228 ,

1962 4254 2049 4322 qui
2089 4264 2143 4309 et
2186 4266 2395 4309 veteres
2422 4263 2566 4309 utres
2599 4270 2702 4307 non
2738 4253 3015 4317 habuerit;
3048 4266 3100 4309 et
3126 4270 3320 4309 novum
3352 4255 3560 4311 addita-

1962 4358 2202 4403 mentum
2234 4365 2394 4403 neuto
2421 4349 2587 4418 injicit
2617 4347 2783 4403 veteri
2816 4349 3178 4413 vestimento,
3210 4350 3311 4405 nisi
3339 4350 3423 4405 cui
3450 4367 3555 4405 nua

1958 4442 2183 4497 defuerit
2213 4452 2266 4497 et
2295 4452 2444 4496 vetns
2471 4441 2872 4497 vestimentum.
2907 4442 2996 4497 Ille
3019 4457 3123 4497 non
3155 4444 3282 4499 facit
3311 4443 3436 4513 quid
3461 4485 3477 4511 ,
3510 4444 3553 4498 si

1960 4534 2255 4591 faciendum
2290 4553 2392 4590 non
2439 4546 2555 4601 est,
2592 4536 2677 4605 qui
2722 4552 2825 4590 non
2876 4535 3069 4591 habeat
3103 4537 3240 4593 unde
3284 4536 3478 4602 faciat,
3508 4539 3552 4592 si

252 4625 525 4678 ειηηιειιες
559 4622 738 4680 P0510:|
790 4628 916 4668 VCI'O
955 4614 1291 4683 jt‘jlzllﬂltll‘tts
1339 4617 1653 4683 ttl'mllillctth‘
1677 4660 1691 4681 ν
1726 4635 1845 4673 (Tum
1872 4644 1925 4703 [ι
1954 4628 2250 4682 faciendqu
2276 4627 3011 4701 esset.ltaque(|4)siiuhoe
3032 4629 3554 4701 dirigebatsimilitu-

250 4704 465 4758 ablatus
507 4706 574 4756 ab
609 4706 686 4759 eis
727 4721 954 4774 Sponats
1001 4718 1144 4762 esset
1172 4725 1185 4773 ;
1218 4723 1318 4762 nec
1342 4708 1632 4779 discipulos
1659 4710 1844 4767 defen-

250 4796 331 4851 dit
356 4838 371 4865 ,
398 4798 491 4852 sed
525 4800 698 4869 potius
730 4803 1034 4867 excusavit,
1061 4804 1209 4871 quasi
1244 4817 1348 4856 non
1377 4801 1496 4858 sine
1525 4803 1729 4858 ratione
1760 4821 1844 4860 re-

1953 4718 2158 4782 dinem.
2182 4731 2237 4774 ut
2260 4720 2564 4775 ostenderet
2598 4735 2655 4775 se
2685 4721 2957 4791 Evangelii
2987 4722 3271 4776 novitatem
3303 4737 3552 4792 separare

1949 4824 1979 4863 a
2008 4810 2162 4882 chis
2192 4820 2474 4878 vetustate,
2505 4826 2656 4865 suam
2687 4811 3114 4882 demonstrabat,
3145 4822 3200 4869 et
3229 4812 3371 4869 illam
3403 4829 3548 4886 aqua

1493 4894 1876 4956 LECTIONES
1917 4902 2333 4960 VARIAN'I‘ES.

315 4983 390 5049 (I)
412 4984 466 5049 [ιι
487 4991 720 5049 quantum
752 4994 867 5049 Jun.

412 5042 549 5115 Enim
583 5049 716 5101 abest
738 5047 842 5115 Itig.
873 5050 1029 5101 Fra'n.

315 5109 392 5165 (3)
416 5109 478 5159 Et
516 5119 629 5161 Jun.

310 5172 389 5247 (ᾗ)
413 5172 669 5247 Temporis
707 5173 852 5247 Rhea.
1014 5243 1024 5247 _
1088 5234 1099 5247 ⁸
1363 5235 1375 5247 ,

317 5232 390 5300 (ξ)
416 5232 688 5300 pestiiians
720 5241 761 5286 st
795 5250 907 5295 non.
935 5234 1123 5300 eiciaris
1144 5251 1245 5290 eoo.
1272 5235 1483 5300 omissis,
1508 5240 1659 5292 Semt.
1685 5240 1841 5293 olim.

337 5295 385 5357 6)
413 5295 619 5361 Jamque
647 5306 797 5348 teneo
834 5298 1000 5350 Paris.
1023 5302 1177 5352 Frun.

334 5361 387 5423 7)
411 5358 472 5410 Et
496 5358 631 5412 velut
652 5373 878 5426 sponsam
897 5366 1087 5413 ornavit
1104 5376 1185 5413 me
1208 5371 1383 5415 ornatu
1400 5365 1550 5416 Fran.
1572 5377 1669 5417 sec.
1690 5365 1839 5419 LII.

2037 5061 2088 5121 9)
2112 5060 2298 5125 Sponsa
2340 5063 2493 5125 Frrnt.

2015 5120 2099 5179 (10
2148 5120 2293 5174 Etiam
2312 5121 2460 5175 omitt.
2486 5122 2637 5175 Seml.
2661 5120 2821 5174 obert.

2015 5122 2125 5311 (Ηξ
2145 5186 2313 5249 Tingit
2336 5184 2487 5239 Seml.
2511 5186 2674 5236 obert.

2015 5248 2097 5311 (12
2141 5248 2297 5310 Inque
2326 5256 2524 5311 Venet.“

2014 5248 2119 5311 (12)
2141 5248 2297 5310 Inque
2326 5256 2484 5300 Venet.

2014 5310 2113 5373 (15)
2137 5311 2293 5361 Aliter
2312 5308 2542 5373 nonmtlli.

2014 5322 2094 5373 (ιδ
2137 5322 2293 5361 Aliter
2312 5322 2542 5362 nonmun.

2012 5322 2117 5439 (Hi
2137 5381 2189 5423 Et
2203 5374 2351 5427 inser.
2377 5372 2526 5425 Serui.
2549 5370 2739 5424 oberttt.

2014 4996 2091 5179 (8)
2120 4998 2257 5048 [inim
2302 4996 2451 5050 ontitt.
2478 4994 2632 5049 Seml.
2654 4996 2819 5049 Obert.

2037 5061 2088 5121 9)
2114 5060 2298 5125 Sponsa
2340 5063 2493 5112 Frrnt.

2041 5122 2125 5179 10)
2148 5128 2293 5174 Etiam
2312 5121 2460 5175 omitt.
2486 5122 2637 5175 Seml.
2661 5120 2819 5174 obert.

2145 5186 2313 5249 Tingit
2336 5184 2487 5239 Seml.
2511 5186 2674 5236 obert.

2141 5248 2297 5310 Inque
2326 5256 2484 5300 Venet.

1591 5448 2159 5515 COMMENTARIUS.

316 5561 398 5631 (a)
441 5559 508 5616 Et
537 5565 760 5619 deversia
784 5566 893 5635 ejus
913 5607 927 5630 ,
959 5573 1064 5621 etc.
1108 5565 1393 5625 Devenere
1423 5579 1474 5623 ct
1518 5569 1789 5626 deversari
1812 5613 1828 5635 .

240 5648 403 5698 supra
430 5649 640 5707 quoque
671 5635 914 5704 legimus.
954 5636 1117 5691 Paulo
1148 5649 1264 5707 post
1294 5640 1608 5707 scripsimus
1637 5660 1648 5693 :
1683 5640 1830 5698 Hunc

238 5721 480 5778 sponsum
505 5702 733 5778 Christus
762 5709 860 5761 sibi
888 5710 1037 5761 etiam
1080 5702 1167 5778 per
1199 5702 1544 5764 Salouto'nem.
1578 5712 1752 5768 Βιιιῑκ.

317 5775 397 5845 (1»)
442 5775 539 5841 Qui
585 5780 747 5832 t'inris
790 5775 1087 5853 rocabulnni
1125 5790 1195 5834 rst
1237 5797 1387 5851 penes
1425 5779 1648 5837 Crtecos.
1680 5786 1829 5853 Apud

239 5846 669 5918 TtieOpbrastum
693 5859 746 5905 et
788 5852 1148 5906 Ilioscoritlem
1192 5846 1287 5923 pro
1339 5853 1491 5908 tlnne
1536 5866 1589 5909 et
1639 5846 1828 5913 arb-ore

1940 5576 2220 5633 thurifera.
2251 5579 2404 5647 Apud
2432 5580 2628 5646 Diosc,
2662 5581 2755 5636 lib.
2786 5581 2846 5646 I,
2874 5595 2924 5636 c.
2970 5580 3039 5635 58
3073 5597 3087 5633 :
3125 5584 3283 5649 plotae
3311 5587 3532 5644 λιϐάνῡυ.

1939 5659 2112 5703 cortex
2151 5650 2412 5721 tlmriferte
2437 5651 2652 5708 arboris.
2696 5652 2799 5707 Sed
2831 5664 2884 5707 et
2918 5651 3057 5722 apud
3102 5651 3355 5707 Hebraeos
3408 5655 3532 5709 thus

1939 5758 1967 5795 a
1999 5744 2231 5831 cpndere
2269 5723 2651 5828 dieitur-ngf),
2698 5754 2751 5798 et
2796 5744 3210 5831 ttt‘tttti'IdItflnlIS
3234 5722 3375 5831 (1:15
3458 5758 3479 5813 r;

1937 5814 2113 5868 Cedris
2139 5816 2414 5871 altissimis
2446 5818 2664 5889 insignis
2702 5827 2800 5873 est.
2836 5816 2910 5871 LE
2953 5816 3047 5871 I’n.
