4268 6492
199 388 305 448 385

1327 389 1453 447 LIB.
1489 385 1549 441 IV
1599 389 1958 447 ADVERSUS
1995 388 2414 448 MAIiCIONEM.

3379 379 3484 445 386

196 507 578 563 necessitatem
624 506 779 577 quasi
825 504 1245 577 deprecatricem
1276 522 1290 572 ;
1341 509 1589 578 quoniam
1619 508 1784 578 potio-
1813 510 1866 568 Α
1893 520 2024 576 gens
2063 522 2167 560 non
2209 507 2414 570 corde;
2455 503 2568 560 suis
2607 502 2864 570 sabbatis,
2909 501 2960 558 id
2999 510 3104 569 est,
3129 519 3478 576 quaacnmqne

196 614 314 657 rein
347 600 608 656 honorem
639 597 845 654 sabbati
874 607 1048 652 servat
1081 613 1185 652 non
1216 600 1587 663 contristandi,
1630 613 1788 670 quam

197 693 458 758 vacandi;
502 691 755 763 quoniam
790 689 977 756 David,
1009 690 1340 762 comitesque
1366 692 1502 763 ejus,
1534 707 1654 746 cum
1680 691 1790 746 dis-

197 785 393 856 cipulis
417 785 531 840 suis
550 793 725 855 aequat
751 783 802 838 in
830 783 984 851 culpa
1007 791 1058 837 et
1085 782 1137 836 in
1167 783 1322 838 venia
1353 799 1368 848 ;
1401 784 1652 854 quoniam
1676 787 1789 852 pta-

201 889 287 934 cet
318 879 417 944 illi,
446 878 567 949 quia
619 876 846 932 Creator
871 874 1094 930 indulsit
1122 893 1136 941 ;
1176 877 1426 946 quoniam
1455 877 1520 931 de
1545 874 1792 944 exemplo

198 971 336 1042 ejus,
363 971 446 1040 (I)
475 972 586 1040 ipse
614 981 718 1024 tam
747 968 920 1025 bonos
937 978 1023 1024 est
1048 986 1061 1030 ;
1087 969 1209 1025 ideo
1228 971 1438 1026 alienus
1464 980 1548 1026 est
1575 986 1604 1023 a
1621 969 1788 1024 Crea-

200 1073 337 1119 tore.
373 1062 616 1132 Εεὸιιιιε(
649 1060 778 1116 Luc.
813 1060 900 1128 VI,
934 1061 988 1129 7)
1018 1062 1280 1117 observant
1307 1063 1565 1132 ρΙιανὶιωὶ,
1592 1064 1636 1117 si
1681 1078 1791 1116 nte-

198 1155 398 1210 dicinas
421 1154 642 1210 sabbatis
663 1164 850 1225 ageret,
899 1165 952 1208 ut
981 1165 1273 1209 accusarent
1305 1171 1418 1209 eum
1438 1172 1456 1209 :
1503 1166 1648 1210 certe
1688 1170 1790 1226 qua

195 1249 404 1307 sabbati
428 1248 835 1312 destructoretn,
860 1263 966 1302 non
994 1263 1096 1318 qua
1121 1247 1242 1302 novi
1277 1247 1366 1302 Dei
1391 1248 1746 1318 professorem
1775 1263 1790 1314 ;

198 1339 432 1396 fortasse
459 1343 600 1396 enim
631 1339 772 1393 hunc
799 1338 972 1394 solum
1004 1337 1284 1392 articulum
1308 1338 1502 1408 ubique
1529 1339 1790 1409 ingeram,

196 1433 362 1488 alium
405 1430 675 1488 Christum
723 1446 982 1501 nusquam
1015 1429 1376 1500 praedicatum.
1411 1429 1466 1485 In
1507 1441 1673 1486 totum
1700 1447 1795 1488 au-

197 1534 305 1580 tem
336 1523 589 1580 errabant
615 1521 697 1594 (2)
721 1523 966 1591 pliarisan
1012 1523 1154 1576 circa
1183 1521 1390 1576 sabbati
1415 1521 1586 1592 legem
1616 1565 1632 1590 ,
1685 1538 1792 1578 non

196 1615 686 1671 animadvertentes
726 1614 1158 1670 conditionaliter
1199 1630 1318 1669 eam
1359 1613 1681 1670 indicentem
1713 1631 1794 1671 te-

197 1707 308 1763 rias
353 1723 575 1778 operum
620 1709 720 1762 sub
747 1715 894 1762 certa
941 1707 1123 1774 specie
1147 1723 1355 1762 eorum.
1389 1706 1519 1762 Nam
1565 1724 1686 1764 cum
1727 1709 1795 1764 de

196 1800 286 1857 die
309 1801 514 1856 sabbati
538 1799 672 1857 dicit
693 1798 870 1869 (Exod
915 1797 1034 1862 XX.
1065 1799 1185 1870 I0):
1213 1802 1290 1868 (a)
1315 1799 1476 1854 Omne
1507 1812 1794 1871 opustunm

1894 598 2174 670 disciplina
2214 599 2333 669 ejus
2371 607 2692 668 agerentur,
2737 597 2899 652 alium
2941 606 3140 652 statum
3180 598 3321 666 fecit,
3363 615 3485 670 qua:

1894 705 1990 760 per
2028 690 2259 746 eundem
2304 700 2484 762 postea
2527 691 2820 759 propheten
2871 688 2972 759 (Is.
3000 688 3180 756 LVIII,
3216 691 3308 762 I5)
3337 707 3484 757 rcra,

1892 794 1946 837 et
1974 783 2229 851 delicata,
2270 795 2457 839 etnon
2491 784 2820 853 profananda
2867 785 3196 854 pronuntiat.
3249 784 3326 840 Ita
3379 802 3479 842 nec

1893 875 2138 931 Cltrislus
2167 877 2387 932 oninino
2415 877 2695 931 sabbatum
2725 876 2999 943 rescindit,
3033 877 3184 948 cujus
3215 877 3383 950 legent
3416 891 3484 933 ιθο

1894 969 2006 1022 nuit
2035 978 2089 1024 et
2127 984 2284 1040 supra
2315 969 2366 1024 in
2398 984 2589 1023 caussa
2616 967 2998 1038 discipulorum
3027 984 3122 1039 pro
3149 969 3324 1024 anima
3351 985 3484 1040 ope-

1894 1073 2043 1119 ratus
2076 1081 2090 1130 ;
2138 1064 2494 1120 esurientibus
2531 1065 2673 1118 enim
2715 1063 2962 1118 solatium
3003 1064 3106 1118 cibi
3149 1063 3398 1130 indulsit;
3431 1073 3487 1120 et

1895 1172 2037 1212 nunc
2087 1173 2302 1211 manuni
2353 1157 2556 1212 aridam
2590 1171 2807 1223 curans,
2838 1157 2994 1212 factis
3017 1156 3212 1227 ubique
3238 1157 3484 1228 ingerens

1895 1246 2068 1320 (Matt.
2107 1249 2169 1316 V,
2213 1250 2303 1320 l7)
2333 1266 2345 1302 :
2382 1247 2502 1303 Non
2540 1249 2650 1303 veni
2677 1248 2950 1303 dissolvere
2988 1249 3020 1302 ιι
3033 1265 3169 1319 gem,
3210 1250 3298 1303 sed
3323 1249 3488 1302 adim-

1894 1341 2034 1411 plere
2057 1357 2076 1405 ;
2107 1355 2204 1396 nec
2235 1341 2317 1411 (6)
2344 1339 2578 1395 Marcion
2617 1338 2718 1394 bac
2745 1354 2879 1394 voce
2906 1355 2968 1394 os
2992 1340 3042 1395 ei
3058 1339 3342 1394 obstruxit.
3375 1341 3483 1395 Ad-

1896 1432 2135 1503 implevit
2173 1435 2316 1488 enim
2344 1442 2397 1489 et
2425 1433 2511 1488 bie
2533 1434 2699 1504 legem
2730 1474 2746 1500 ,
2777 1432 2903 1488 dum
2933 1432 3292 1489 conditionem
3323 1434 3488 1490 inter-

1895 1533 2133 1592 pretatur
2162 1525 2280 1594 ejus
2304 1567 2318 1589 ,
2371 1524 2496 1579 dum
2538 1539 2761 1594 operum
2783 1523 3137 1589 differentiam
3169 1526 3436 1581 illuminat
3464 1567 3480 1595 ,

1895 1622 2020 1674 dum
2049 1619 2174 1674 facit
2197 1635 2315 1690 qua:
2345 1621 2427 1675 lex
2455 1619 2523 1675 de
2548 1619 2755 1675 sabbati
2785 1620 2930 1674 feriis
2966 1619 3181 1690 excipit,
3234 1619 3360 1674 dum
3405 1621 3485 1690 ip-

1895 1730 2012 1770 sum
2055 1714 2259 1770 sabbati
2299 1714 2438 1768 diem
2483 1713 2855 1769 benedictione
2920 1713 3094 1767 Patris
3123 1729 3153 1766 a
3185 1714 3481 1782 primordio

1895 1816 2161 1873 sani-tum,
2197 1805 2568 1861 benefactione
2592 1822 2688 1861 sua
2717 1805 2881 1861 efficit
2905 1806 3261 1871 sanetiorem;
3296 1804 3348 1860 in
3381 1819 3488 1874 quo

199 1912 302 1950 non
331 1897 488 1966 [acies
513 1895 563 1948 in
585 1911 686 1959 ea;
720 1893 969 1958 dicendo,
995 1904 1156 1959 tuum,
1186 1893 1254 1949 de
1275 1893 1506 1949 bumano
1527 1910 1690 1964 opere
1710 1895 1794 1950 de-
1823 1901 1871 1960 B
1900 1899 2107 1953 scilicet
2151 1899 2327 1952 divina
2370 1899 2617 1968 prmsidia
2660 1897 3017 1962 ministrabat,
3057 1898 3200 1968 quod
3238 1896 3492 1952 adversa-

200 1990 338 2044 Iiniit
361 2031 377 2055 ,
405 1989 546 2058 quod
577 1988 802 2058 quisque
827 2003 892 2043 ex
920 1985 1166 2053 artificio,
1200 1987 1283 2042 vel
1313 1988 1523 2056 negotio
1546 2003 1645 2042 suo
1669 2004 1792 2044 exe-

197 2083 380 2152 quitur
401 2121 416 2146 ,
447 2095 552 2134 non
583 2079 648 2135 de
680 2078 878 2133 divino.
919 2077 1067 2148 Opus
1096 2087 1272 2133 autem
1299 2080 1485 2134 salutis
1505 2089 1560 2135 et
1588 2080 1794 2134 incolu-

199 2174 423 2240 unitatis,
457 2188 563 2227 non
591 2180 674 2228 est
696 2171 949 2236 hominis,
983 2170 1077 2226 sed
1112 2171 1202 2225 Dei
1237 2172 1534 2241 proprium.
1564 2171 1714 2226 Sient
1743 2181 1798 2228 et

200 2282 388 2322 rursus
429 2267 480 2319 in
535 2264 688 2336 lege:
741 2262 861 2318 Non
888 2264 1078 2333 facies,
1122 2263 1794 2336 inquit(b.‘xod.XlI,IG),

201 2376 352 2414 omne
381 2375 508 2430 apus
544 2359 596 2412 in
624 2375 683 2412 ea
705 2400 721 2423 ,
761 2358 861 2412 nisi
881 2359 1015 2427 quod
1040 2357 1126 2426 ﬁet
1155 2358 1290 2412 omni
1321 2359 1506 2412 anima:
1530 2360 1606 2428 (b)
1636 2359 1684 2413 id
1715 2370 1799 2415 est

201 2453 255 2507 in
280 2465 471 2506 caussa
495 2449 686 2504 animm
716 2448 1008 2504 liberanda!
1032 2466 1046 2513 ;
1071 2449 1191 2518 quia
1221 2463 1356 2518 epos
1390 2450 1480 2504 Dei
1511 2451 1670 2505 etiam
1702 2467 1799 2521 per

204 2544 480 2600 hominem
511 2543 624 2597 fieri
649 2551 822 2613 potest
847 2543 898 2596 in
924 2548 1150 2596 salutem
1175 2540 1252 2612 (ὃ)
1284 2540 1498 2609 animae,
1531 2559 1558 2594 a
1593 2542 1700 2598 Deo
1727 2555 1800 2597 ta-

203 2653 350 2707 men,
382 2637 522 2710 quod
551 2637 786 2692 facturus
829 2637 1001 2690 fuerat
1025 2644 1076 2689 et
1103 2633 1352 2689 Christus
1378 2633 1561 2700 homo,
1593 2636 1713 2704 quia
1745 2647 1799 2692 et

203 2732 369 2789 Deus.
399 2731 455 2786 In
485 2730 625 2786 bune
643 2744 770 2800 ergo
800 2744 1015 2784 sensum
1042 2728 1172 2798 legis
1203 2727 1456 2784 inducere
1481 2730 1800 2787 volensillos

203 2841 301 2898 per
316 2839 508 2880 manus
522 2823 772 2880 arefacta:
797 2823 1211 2886 restitutionem,
1245 2823 1536 2893 interrogat
1557 2842 1570 2878 :
1597 2823 1803 2880 Licetne

203 2917 426 2974 sabbatis
441 2917 752 2987 benefacere,
774 2932 945 2968 annon
967 2915 993 2968 .’
1015 2916 1236 2968 animam
1259 2915 1490 2980 liberare,
1511 2933 1577 2970 an
1615 2918 1794 2985 perde-

206 3012 296 3067 re!
309 3011 379 3068 Ut
394 3010 444 3066 id
461 3009 641 3080 operis
656 3009 990 3076 promittens,
1014 3007 1089 3077 (ι)
1107 3009 1247 3077 quod
1269 3024 1362 3078 pro
1374 3009 1547 3061 anima
1567 3008 1802 3064 facturus

207 3111 392 3170 esset,
425 3101 744 3156 admoneret
763 3115 858 3156 eos
883 3140 898 3166 ,
928 3115 1047 3170 qua:
1071 3114 1235 3169 epera
1267 3099 1472 3154 sabbati
1506 3101 1586 3154 les
1620 3102 1800 3170 prohi-

205 3197 379 3263 beret,
432 3195 665 3250 humana
715 3195 952 3258 scilicet;
985 3205 1038 3250 et
1065 3211 1181 3264 qua:
1229 3195 1581 3266 prarciperet,
1623 3197 1800 3252 divina

1901 1993 2012 2046 rius
2039 1993 2122 2061 (7)
2160 1991 2278 2046 aliis
2303 1991 2495 2046 diebus
2545 1990 2898 2060 priestilisset,
2929 2006 2996 2044 ne
3023 1989 3303 2044 sabbatum
3328 1989 3493 2045 Crea-

1902 2083 2030 2137 toris
2056 2092 2291 2146 ornaret,
2337 2098 2404 2137 ne
2449 2097 2610 2152 opera
2645 2082 2822 2137 debita
2866 2081 3086 2136 sabbato
3114 2081 3364 2137 redderet
3433 2081 3490 2136 In

1900 2191 2007 2246 quo
2029 2177 2134 2242 die,
2175 2177 2219 2230 si
2252 2186 2307 2231 ct
2339 2176 2612 2231 Helisaeus
2641 2176 2927 2246 prophetes
2952 2174 3299 2231 Sunamitidis
3327 2174 3492 2231 filium

1901 2277 2171 2323 mortuum
2203 2267 2437 2322 restituit
2465 2269 2515 2321 in
2543 2267 2705 2321 vitam
2753 2265 2842 2338 (IV
2874 2265 3002 2338 Reg.
3033 2265 3124 2332 IV,
3161 2265 3280 2338 25),
3320 2267 3490 2334 vides,

1903 2359 2182 2428 pharisare,
2214 2369 2376 2428 tuque
2405 2359 2658 2425 Marcion,
2688 2359 2816 2412 olim
2848 2358 3116 2413 Creatoris
3146 2373 3266 2414 esse
3299 2359 3490 2414 sabba-

1905 2451 1972 2504 tis
2000 2449 2335 2516 bcnefacere,
2364 2451 2597 2504 animam
2629 2449 2877 2516 liberare,
2921 2464 3026 2504 non
3068 2449 3329 2519 perdere;
3363 2450 3495 2506 nihil

1901 2541 2172 2598 Clu-istum
2205 2545 2326 2598 novi
2358 2541 2775 2612 intulisse,quod
2805 2557 2907 2596 non
2929 2541 2998 2596 sit
3023 2557 3086 2596 ex
3116 2541 3307 2610 forma,
3338 2557 3400 2598 es
3427 2543 3496 2599 lc-

1907 2637 2092 2702 nitate,
2125 2651 2191 2690 ex
2247 2634 2633 2700 misericordia,
2687 2649 2750 2689 ex
2811 2632 2891 2706 (8)
2945 2633 3326 2704 prazdicatioue
3352 2651 3488 2706 quo-

1903 2745 2008 2799 que
2046 2729 2336 2783 Creatoris.
2380 2727 2513 2782 Nam
2552 2734 2605 2782 et
2644 2727 2730 2782 bic
2766 2726 3014 2796 specialis
3055 2729 3334 2784 medicina:
3373 2744 3497 2799 pro-

1905 2820 2138 2893 phetiam
2169 2829 2536 2890 reprwsentat.
2577 2818 2916 2874 Inralescunt
2966 2835 3153 2875 manus
3179 2820 3454 2878 dissoluta:
3474 2864 3492 2893 ,

1905 2919 2042 2972 sicut
2067 2927 2114 2972 et
2139 2931 2312 2988 genua
2341 2914 2600 2970 dissoluta
2621 2916 2671 2968 in
2706 2914 3024 2984 paralytico.

2473 3004 2698 3061 CAPUT
2747 3005 2883 3060 XIII.

1974 3100 2132 3156 Certe
2171 3099 2518 3170 Evangelizat
2567 3099 2696 3153 Sion
2745 3108 2801 3153 et
2840 3098 3170 3154 llierosalem
3218 3114 3400 3170 pacem
3441 3112 3496 3159 et

1907 3194 2042 3250 bona
2070 3194 2249 3248 omnia
2285 3209 2298 3247 :
2327 3203 2473 3248 certe
2510 3190 2753 3247 ascendit
2776 3190 2832 3246 in
2863 3199 3121 3256 montem,
3151 3203 3203 3248 ct
3236 3194 3342 3248 illic
3372 3212 3492 3263 per-

205 3289 415 3346 scilieet
445 3331 462 3357 ,
501 3305 621 3360 qua:
653 3289 840 3343 flerent
872 3287 1064 3342 anima:
1090 3288 1237 3342 omni
1263 3305 1278 3352 ;
1310 3288 1562 3342 dominus
1588 3289 1794 3344 sabbati
1826 3295 1870 3357 ρ
1906 3297 2084 3343 noctat
2124 3289 2175 3340 in
2203 3287 2484 3352 oratione;
2530 3295 2584 3341 et
2620 3286 2802 3357 utique
2826 3286 3086 3341 auditura
3121 3287 3296 3342 Patre.
3331 3287 3497 3348 Evol-

203 3384 382 3439 dictus
405 3424 420 3447 ,
445 3383 567 3453 quia
591 3381 893 3448 sabbatum,
925 3390 981 3434 ut
1011 3396 1126 3435 rem
1155 3396 1327 3445 suam,
1355 3381 1620 3435 tuebatur.
1647 3381 1798 3450 Quod

205 3477 370 3532 etiam
401 3476 444 3529 si
475 3474 849 3538 destruxisset,
873 3475 1086 3537 merito,
1110 3490 1212 3544 qua
1243 3473 1493 3529 dominus
1522 3477 1690 3546 magis
1709 3475 1798 3531 ille

204 3568 295 3638 qui
329 3567 582 3622 instituit.
627 3565 732 3621 Sed
780 3580 886 3620 non
928 3565 1151 3620 omnino
1176 3565 1464 3633 destruxit,
1497 3583 1597 3638 qua
1625 3567 1799 3622 domi-

207 3675 309 3715 nus
337 3676 356 3725 ;
389 3668 446 3713 ut
473 3658 596 3714 hinc
620 3657 732 3729 jam
758 3673 1015 3728 apparere
1045 3658 1234 3727 possit,
1268 3674 1333 3713 ne
1365 3667 1475 3714 tum
1504 3659 1717 3730 quidem
1746 3661 1798 3716 in

205 3767 346 3808 arcte
367 3751 776 3806 circumlatione
801 3750 940 3820 apud
975 3748 1374 3805 Iliericbuntem
1396 3792 1409 3815 ,
1458 3752 1737 3807 sabbatum
1769 3767 1799 3808 τι

205 3843 468 3902 Creatnre
513 3843 865 3899 deStroctum.
915 3841 1045 3896 Nam
1095 3851 1150 3896 et
1194 3843 1322 3896 illud
1360 3857 1494 3912 opus
1524 3843 1612 3898 Dei
1641 3855 1757 3900 erat
1786 3886 1799 3909 ,

207 3937 352 4009 quod
387 3938 500 4007 ipse
531 3945 896 4005 praeceperat,
942 3943 997 3989 et
1040 3933 1181 4004 quod
1209 3943 1432 4004 propter
1455 3936 1664 3991 animas
1693 3937 1803 3992 dis-

207 4037 470 4102 posuerat
496 4027 788 4083 hominum.
813 4041 1032 4082 suorum
1064 4067 1080 4091 ,
1110 4027 1160 4080 in
1191 4026 1499 4082 discrimine
1528 4027 1652 4083 belli
1675 4044 1803 4084 ron-

210 4121 449 4177 stitutas.
499 4119 604 4176 Sed
631 4131 686 4176 et
713 4121 757 4174 si
781 4119 961 4174 odium
991 4119 1186 4174 alicubi
1215 4120 1560 4175 sabbatorum
1602 4121 1806 4192 profes-

210 4231 306 4271 sus
344 4224 449 4280 est,
490 4223 656 4269 vestra
704 4212 914 4268 sabbata
976 4211 1206 4267 dicendo
1245 4211 1345 4285 (Is.
1375 4212 1412 4276 l,
1460 4212 1583 4282 I5),
1628 4214 1804 4270 bomi-

1907 3396 1972 3436 ve
2003 3380 2160 3451 igitur
2183 3379 2492 3450 prophetas,
2515 3389 2570 3434 et
2589 3379 2833 3434 ordinem
2863 3389 3031 3434 totum
3057 3395 3396 3450 recognosce.
3431 3382 3496 3437 In

1903 3484 2121 3528 utentem
2140 3473 2390 3526 excelsum
2412 3472 2505 3542 (τ),
2522 3471 2686 3541 inquit
2711 3470 2927 3540 Esaias(
2938 3469 3010 3526 Is.
3035 3471 3147 3536 XL,
3163 3472 3240 3539 9),
3261 3476 3496 3540 ascende,

1901 3565 1988 3634 qui
2013 3563 2329 3635 evangelizas
2359 3563 2487 3618 Sion
2515 3580 2534 3629 ;
2583 3564 2768 3618 extollo
2791 3580 2905 3617 cum
2943 3566 3113 3634 vigore
3141 3581 3308 3618 vocem
3332 3562 3495 3635 (nam,

1901 3660 1988 3730 qui
2027 3659 2338 3730 euangelizas
2382 3656 2725 3712 Hierusalem.
2773 3657 2960 3713 Adhuc
2997 3658 3050 3711 in
3081 3658 3270 3727 vigore.
3315 3659 3502 3714 Obstu-

1907 3751 2170 3822 pescebant
2197 3753 2248 3804 in
2269 3751 2499 3804 doctrina
2527 3751 2671 3821 ejus;
2702 3759 2810 3804 erat
2835 3751 2968 3804 enim
2997 3750 3181 3805 docens
3203 3793 3218 3817 ,
3256 3762 3500 3822 tanquam

1902 3844 2132 3898 virtutem
2159 3841 2346 3896 habens
2383 3840 2532 3910 (an.
2563 3837 2654 3904 IV,
2688 3839 2802 3909 3‘2).
2831 3838 2896 3894 Et
2921 3855 3106 3896 rursus
3132 3840 3232 3912 (Is.
3262 3842 3372 3910 LII,
3398 3843 3454 3913 ϐ)
3482 3862 3495 3898 :

1907 3937 2186 4009 Propterea
2216 3944 2482 4006 cognoscet
2527 3933 2744 4002 pOpttIns
2784 3950 2966 3988 nomen
3010 3951 3176 3989 meum
3200 3935 3251 3990 in
3283 3936 3372 3990 illa
3395 3939 3498 3992 die.

1905 4029 2058 4096 Quod
2085 4045 2277 4083 nomen
2300 4069 2315 4092 ,
2351 4027 2448 4082 nisi
2474 4025 2717 4081 Clu-isti“?
2743 4027 2895 4097 Quod
2927 4045 3017 4099 ego
3045 4045 3154 4082 sum
3186 4029 3398 4100 ipsequi
3423 4033 3504 4086 lo-

1909 4123 2096 4195 quebar
2129 4122 2229 4194 (9).
2272 4122 2312 4175 Τ
2318 4137 2421 4176 unc
2447 4121 2590 4175 enim
2620 4121 2733 4190 ipse
2771 4129 2886 4178 erat
2922 4121 3009 4192 qni
3040 4121 3090 4176 in
3118 4121 3399 4193 Propbetis
3426 4125 3502 4179 lo-

1911 4217 2207 4286 qnebatur,
2254 4214 2476 4277 Sermo,
2509 4210 2671 4266 Filius
2697 4212 3001 4267 Creatoris:
3059 4213 3288 4269 «Adsum
3313 4257 3326 4277 .
3370 4215 3498 4272 dtttll

211 4322 342 4365 num
379 4306 456 4379 (5)
486 4323 546 4362 ea
569 4307 868 4376 deputans,
895 4322 1001 4360 non
1027 4321 1122 4360 sua
1150 4346 1165 4370 ,
1197 4307 1315 4375 qua:
1349 4305 1464 4360 sine
1494 4305 1585 4360 Dei
1616 4308 1810 4364 timore
1911 4307 2041 4362 liora
2071 4314 2153 4359 est
2176 4346 2189 4368 ,
2234 4307 2284 4358 in
2313 4303 2611 4368 montibus,
2657 4313 2711 4356 ut
2751 4305 3123 4374 evangelizans
3173 4309 3498 4368 auditionem

213 4399 453 4457 celebrat
499 4397 726 4470 populus
779 4397 968 4470 plenus
1005 4396 1217 4453 delictis
1245 4439 1260 4462 ,
1305 4396 1457 4452 labiis
1500 4399 1666 4452 lleuni
1693 4400 1806 4453 dili-

1912 4399 2079 4470 pacis,
2097 4397 2471 4466 evangelizans
2493 4395 2652 4451 bona.
2676 4415 2693 4448 ι
2717 4395 2798 4467 (d)
2824 4396 2951 4453 Item
2969 4397 3136 4454 Naum
3157 4399 3323 4474 (Nalt.
3349 4402 3388 4468 I,
3408 4405 3500 4477 I5)

1456 4512 1836 4574 LECTIONES
1878 4510 2284 4570 VAIiIANTES.

277 4613 357 4726 lii
377 4609 792 4726 33.3.1

304 4679 336 4726 2
380 4679 624 4726 Errabant
658 4679 809 4724 Stant.

305 4742 334 4789 5
378 4737 538 4788 Salute
557 4739 682 4787 Par.
704 4737 858 4786 Fran.

280 4679 358 4863 IlI
381 4800 678 4863 Eermitteos
711 4797 821 4848 cod.
853 4801 858 4811 ‘

282 4797 358 4864 (4)
381 4800 678 4850 Permitteos
711 4797 821 4848 cod.
853 4798 1040 4849 Wouw.

282 4864 358 4928 (5)
379 4862 636 4913 Hominem
680 4867 841 4912 Venet.

1833 4611 1886 4672 D

1976 4607 2048 4717 (ϐ)
2069 4607 2119 4654 Si
2158 4607 2345 4684 Sen-tl.”

1977 4670 2024 4717 t7
2074 4668 2376 4716 Adversarns
2413 4667 2567 4717 Fran.

1975 4673 2048 4792 ιιι
2073 4673 2326 4778 eam?

1997 4607 2027 4654 ϐ
2069 4606 2119 4654 Si
2158 4603 2306 4654 Seml.

1999 4670 2024 4717 7
2074 4668 2306 4716 Adversa:

1997 4607 2048 4794 8i
2073 4729 2134 4794 Iit.
2176 4730 2306 4777 Fratt

1977 4790 2048 4859 (9⁷)
2075 4790 2272 4854 Loquor
2289 4790 2487 4840 obertlt.

1594 4935 2146 4996 COMMENTARIUS.

293 5062 372 5192 εἰ)
403 5062 567 5118 Omne
591 5079 718 5134 opus
740 5071 880 5124 tuum
904 5076 1003 5116 non
1017 5061 1180 5185 {acies
1205 5060 1256 5114 in
1279 5075 1358 5113 ea.
1387 5058 1520 5114 Cum
1544 5072 1806 5127 nusquam

397 5135 635 5192 reperire
662 5133 992 5192 potuerimus
1046 5149 1075 5185 ιι
1109 5133 1224 5192 lege
1245 5129 1441 5192 Moysis
1471 5172 1484 5185 .
1535 5145 1694 5192 quam
1725 5129 1806 5184 liic

216 5129 365 5193 istud
397 5129 635 5204 reperire
662 5133 992 5204 potuerimus
1017 5129 1075 5185 in
1109 5133 1224 5204 lege
1245 5129 1484 5204 Moysis‘.
1512 5145 1694 5204 quam
1725 5129 1810 5204 liie

218 5198 828 5276 allegat,suspiciirolim
844 5204 892 5258 id
910 5204 1104 5276 lectum
1134 5198 1300 5276 fuisse
1319 5198 1484 5256 Exodi
1509 5198 1698 5276 χχιιι,
1720 5202 1806 5276 ubi

221 5272 386 5334 hodie
413 5272 604 5344 legitur
628 5292 642 5332 :
677 5276 854 5329 Omnis
879 5275 964 5341 qui
989 5275 1138 5340 faciet
1166 5275 1216 5326 in
1239 5289 1295 5326 eo
1317 5290 1462 5344 opus,
1488 5272 1675 5344 peribit
1692 5273 1805 5344 anis

220 5368 308 5404 sua
334 5347 428 5402 illa
454 5341 517 5401 de
545 5347 708 5402 medio
725 5346 901 5416 populi
914 5347 991 5398 sui
1010 5355 1136 5416 ,{aut
1157 5345 1330 5414 potius
1360 5343 1486 5398 Lev.
1518 5341 1703 5416 XXIII,
1723 5342 1808 5396 ubi

220 5420 659 5491 frequentissime
682 5414 946 5491 reperitur
976 5434 988 5470 :
1018 5414 1162 5485 Opus
1189 5416 1506 5491 servile_non
1521 5414 1731 5491 facietis
1757 5417 1808 5491 in

221 5507 307 5552 eo;
323 5484 398 5553 et,
423 5486 602 5543 Omnis
624 5490 708 5557 qui
730 5489 878 5558 faciet
907 5489 959 5540 in
980 5503 1038 5540 eo
1058 5484 1206 5558 Opus,
1236 5486 1414 5558 peribit
1443 5486 1616 5558 animo
1635 5484 1732 5558 illa
1753 5485 1816 5538 de

219 5561 390 5616 medio
421 5560 598 5631 populi
622 5554 744 5624 sui;
781 5559 1008 5612 ntaxime
1033 5554 1152 5631 cqu
1179 5554 1424 5612 eumdem
1455 5556 1596 5631 liu_nc
1635 5554 1812 5631 locum

220 5635 356 5689 citet
379 5623 541 5687 eiiain
569 5623 751 5700 supra,
785 5631 874 5684 lib.
907 5631 1022 5681 adv.
1043 5627 1277 5692 Judleos,
1299 5643 1416 5698 cap.
1447 5628 1496 5681 4.
1516 5626 1631 5681 Ρη
1682 5623 1814 5700 Eor-

219 5720 320 5760 Sun
344 5713 486 5756 tuum
514 5716 611 5770 pro
638 5694 692 5754 ιιι
717 5694 745 5763 ,⁷
763 5711 817 5756 et
841 5703 890 5770 in
913 5715 1090 5770 graeco
1120 5706 1201 5754 acii
1225 5715 1318 5770 pro
1343 5694 1400 5751 ἐὺ
1419 5739 1433 5759 ,
1466 5694 1814 5770 legerat'I‘cr-

221 5775 478 5829 tullianus
494 5765 560 5827 ad
585 5787 640 5826 ν.
667 5770 734 5826 10
775 5786 822 5825 c.
845 5769 944 5826 XX
968 5769 1144 5824 Exod.
1171 5765 1386 5824 inibunt:
1411 5768 1625 5822 modum
1653 5787 1664 5820 :
1690 5765 1812 5821 Non

218 5847 380 5921 facies
417 5860 566 5901 ouans
602 5859 732 5917 apsts
767 5843 822 5898 in
858 5859 916 5899 eo
952 5856 1137 5908 TUUI;
1181 5847 1237 5897 οὗ
1263 5851 1478 5902 ποιησεις
1507 5847 1552 5896 tv
1577 5844 1697 5911 enim)
1717 5845 1814 5892 ’πᾶν

1913 5063 2052 5127 ἔργα
2072 5061 2187 5127 Σρῒ
2206 5054 2334 5127 (pro
2361 5064 2420 5108 σὺ
2451 5064 2506 5108 ιιι
2531 5055 2582 5109 in
2614 5054 2800 5126 LXX).
2836 5053 2966 5127 Enn.

1987 5125 2065 5250 (ἓ)
2098 5124 2215 5178 Nisi
2235 5127 2371 5194 quod
2399 5127 2484 5192 ﬁet
2505 5127 2642 5180 omni
2663 5124 2864 5182 annuae.
2891 5125 3109 5196 Legitur
3127 5128 3340 5199 quidem
3361 5136 3500 5204 apud

1987 5197 2028 5250 [ι
2085 5215 2096 5250 z
2139 5206 2261 5250 ali-iv
2297 5204 2385 5250 6η
2420 5200 2731 5250 πθιὶοτίσετειι
2765 5205 2894 5250 πίση
2938 5209 3104 5250 ψυγιζ
3147 5200 3239 5250 sed
3280 5217 3500 5250 ωηιξη-ιι-

1915 5197 2054 5252 LXX
2085 5215 2096 5250 :
2139 5206 2261 5272 itit-iv
2297 5204 2385 5250 ὃη
2420 5200 2731 5272 ςπθιῇοτςσεται
2765 5205 2894 5268 πάσῃ
2938 5209 3062 5272 ψυχῇ
3091 5215 3104 5263 ;
3146 5197 3239 5255 Sed
3280 5197 3502 5272 praeier-

1913 5285 2070 5338 qumn
2091 5268 2431 5342 optingererti
2461 5279 2678 5342 possem
2708 5272 2936 5342 exceptis
2951 5268 3348 5342 iisqnwcumqne
3376 5276 3503 5342 [iant

1913 5343 1976 5393 ab
2005 5340 2143 5392 onmi
2169 5339 2347 5412 anima
2367 5356 2384 5403 ;
2418 5338 2574 5412 lectio
2597 5339 2845 5392 bebraica
2887 5341 3085 5396 diserte
3129 5338 3412 5412 signi’licai,
3442 5365 3503 5400 ea

1913 5420 2106 5463 tantum
2151 5425 2264 5477 qua:
2314 5411 2685 5462 manducantur
2714 5411 2775 5462 ab
2825 5412 2960 5464 omni
2992 5411 3199 5480 vivente,
3250 5414 3416 5472 ferme
3445 5429 3505 5472 ut

1921 5483 2080 5537 Vertit
2109 5480 2366 5546 Vttlgaltts
2395 5493 2596 5534 noster.
2657 5481 2789 5536 Eon.

1990 5551 2143 5625 CAP.
2174 5547 2465 5625 Xlll.—f(c)r
2491 5549 2554 5603 In
2579 5553 3082 5625 utonteurexcefsnm,
3108 5554 3267 5624 inquit
3295 5555 3500 5625 Esaias,

1917 5635 2021 5678 etc.
2050 5623 2196 5676 lIanc
2229 5621 2558 5692 prophetiam
2582 5622 2728 5676 Isaiae
2742 5622 2834 5676 XL
2857 5626 3042 5679 eodem
3073 5621 3232 5680 modo
3253 5629 3318 5682 de
3345 5621 3502 5684 fibri;

1919 5705 1972 5748 to
1999 5694 2049 5748 in
2075 5701 2452 5746 monteorante
2481 5693 2858 5762 interpretatur
2885 5695 2944 5748 Β.
2978 5696 3409 5761 Ambrosius.l.V
3448 5706 3500 5756 in

1916 5765 2136 5834 Lucam,
2161 5780 2276 5834 cap.
2309 5762 2391 5817 VI.
2422 5763 2556 5818 Ριιιι.

1993 5836 2072 5908 (d)
2110 5833 2242 5890 Item
2273 5835 2440 5889 Νιιιιιιι
2483 5851 2545 5889 ex
2574 5836 2861 5904 duodecim,
2891 5845 2998 5894 etc.
3027 5835 3227 5912 Nempe
3272 5842 3502 5912 prophe-
