4268 6492
764 383 869 439 587

2188 379 2645 438 TERTULLIANI

3946 386 4058 445 388

770 514 835 553 cx
882 495 1160 551 duodecim
1189 512 1200 548 :
1260 497 1511 564 Quoniam
1563 516 1672 553 ecce
1712 499 1899 554 veloces
1930 497 2077 562 poles
2106 497 2157 549 in
2190 507 2353 549 monte
2384 497 2434 553 Α
2463 496 2589 547 dicet
2620 494 2804 561 Immo;
2837 507 2881 548 et
2906 497 3053 549 homo
3078 501 3242 567 {actus
3273 508 3343 551 est
3372 500 3420 552 in
3464 500 3554 553 illa
3600 500 3883 572 (quoniam
3914 502 4059 558 Deus

769 589 1158 659 euangelizanti:
1182 605 1375 659 pacem.
1406 590 1477 645 De
1506 607 1634 646 voce
1655 604 1832 646 autem
1864 601 2135 643 nocturna-
2156 588 2325 640 oratio

770 681 852 735 nis
904 669 968 734 ad
1024 680 1232 735 Patrem
1263 723 1277 745 ,
1331 682 1612 737 manifeste
1644 684 1885 738 Psahnus
1928 679 2047 749 (Ps.
2079 678 2218 740 XXI,
2253 677 2310 749 εὶ)
2343 695 2354 731 :

778 770 911 826 Deus
966 788 1141 836 mens,
1196 772 1423 826 clamabo
1470 791 1555 843 per
1577 776 1744 839 diem,
1774 784 1819 827 et
1858 774 2131 834 exaudies;
2175 780 2360 822 σξηοε-

770 874 818 918 te
836 907 850 929 ,
875 877 919 917 et
947 865 1112 918 nonin
1138 866 1404 920 ranitatem
1437 868 1598 932 nti/ti;
1636 878 1690 923 et
1710 868 1831 921 alibi
1876 908 1890 930 ,
1917 866 1983 921 de
2011 867 2127 920 loco
2147 877 2201 918 et
2230 880 2358 917 voce

769 955 987 1019 eadem,
1026 956 1262 1009 l’sahnns
1312 955 1443 1028 (l’s.
1473 958 1537 1013 lll
1570 1000 1584 1021 ,
1614 958 1647 1013 4
1674 959 1695 1028 )
1742 978 1754 1011 :
1795 957 1925 1012 Voce
1950 974 2059 1010 mea
2088 959 2155 1009 ad
2180 955 2358 1009 Domi-

770 1064 889 1100 num
926 1047 1202 1101 exclamaui
1228 1089 1241 1112 ,
1275 1060 1319 1101 et
1347 1052 1602 1104 exaudivit
1658 1067 1735 1103 me
1766 1052 1827 1104 de
1853 1060 2019 1103 monte
2048 1058 2220 1101 sancto
2247 1063 2357 1100 suo.

779 1140 955 1193 llabcs
998 1140 1226 1194 nominis
1272 1144 1832 1210 repra-sentationem,
1881 1143 2044 1197 habes
2088 1152 2259 1195 actum
2284 1140 2360 1209 (l)

776 1231 1194 1301 evmgel-zantis
1220 1273 1232 1293 ,
1263 1232 1426 1288 habes
1449 1234 1622 1291 locum
1653 1236 1845 1288 tuentis
1874 1276 1887 1299 ,
1917 1243 1971 1287 et
1998 1244 2204 1302 tempus
2231 1246 2359 1285 noc-

767 1324 856 1389 tis,
885 1334 939 1379 et
959 1338 1145 1379 sonum
1171 1326 1333 1391 vocis,
1353 1336 1408 1382 et
1432 1328 1668 1381 auditum
1690 1329 1801 1383 Pati
1819 1330 1859 1381 is
1879 1326 1976 1397 (9.);
2006 1326 2167 1380 habes
2188 1325 2283 1378 Cln
2301 1326 2364 1377 i;-

772 1424 880 1470 tom
936 1415 1346 1486 Prophetarum.
1380 1418 1488 1473 Cur
1531 1430 1707 1473 autem
1753 1418 2031 1473 duodecim
2078 1417 2361 1485 Apostolos

767 1507 930 1577 elegit
958 1549 974 1573 ,
1006 1516 1059 1563 et
1085 1524 1189 1563 non
1218 1509 1379 1564 alium
1410 1511 1700 1580 quemlibet
1731 1511 2048 1564 munerum?
2075 1506 2166 1562 Na:
2195 1519 2249 1561 et
2296 1524 2360 1562 ex

769 1598 873 1655 hoc
906 1617 1079 1655 meum
1110 1602 1383 1657 Christum
1434 1605 1771 1674 interpretari
1798 1619 2007 1674 possem
2032 1644 2044 1666 ,
2101 1619 2205 1656 non
2241 1612 2358 1655 tan-

768 1701 879 1747 ttnn
911 1695 1127 1749 vocibus
1150 1694 1543 1764 PrOphctarum
1572 1737 1587 1761 ,
1620 1697 1711 1751 sed
1744 1708 1794 1751 et
1826 1698 2155 1766 atgumenlis
2181 1710 2359 1749 rerum

767 1785 1108 1855 praedicatum
1134 1787 1156 1840 ?
1184 1786 1351 1855 llujus
1372 1789 1512 1843 enim
1552 1791 1756 1845 muneri
1793 1791 1983 1860 figuras
2014 1790 2151 1858 apud
2195 1790 2359 1842 Crea-

767 1887 936 1931 torem
980 1878 1322 1947 deprehendo
1360 1899 1372 1934 :
1408 1880 1689 1936 Duodrcim
1733 1886 1897 1954 fontes
1950 1882 2082 1935 litim
2126 1881 2311 1947 (Num.
2343 1923 2353 1943 ,
2387 1884 2436 1944 Β

767 1968 1004 2041 LXXIII)
1039 1987 1052 2035 ;
1102 1980 1188 2035 et,
1238 1970 1517 2027 Duodecim
1563 1991 1786 2043 gemmas
1817 1976 1868 2026 in
1896 1973 2068 2026 tunica
2109 1972 2351 2025 sacerdo-

769 2064 859 2116 tali
892 2063 1108 2117 Aaronis
1147 2064 1344 2134 (Ifxcd.
1372 2106 1387 2129 ,
1436 2064 1674 2136 XXVIII)
1700 2084 1713 2128 ;
1743 2076 1814 2131 et,
1847 2065 2117 2119 Duodecim
2162 2066 2357 2135 lapides

766 2156 829 2206 ab
859 2153 985 2209 Jesu
1031 2157 1093 2210 de
1118 2155 1348 2211 Jordane
1392 2159 1573 2212 electos
1628 2157 1792 2229 (10s..
1829 2157 1933 2229 IV)
1988 2168 2042 2210 et
2092 2158 2143 2212 in
2175 2176 2352 2211 arcam

770 2249 1069 2303 testamenti
1110 2250 1373 2304 conditos.
1418 2250 1661 2307 Totidem
1699 2252 1840 2306 enim
1872 2251 2107 2320 Apostoli
2143 2260 2356 2320 porten-

766 2337 1032 2394 debantur
1059 2355 1073 2406 ;
1105 2342 1326 2409 proinde
1350 2352 1405 2396 ul
1435 2341 1607 2397 futiles
1636 2352 1691 2397 et
1719 2358 1904 2395 amnes
1930 2384 1944 2405 ,
1976 2341 2191 2410 rigaturi
2246 2342 2351 2393 ari-

764 2431 889 2484 dum
923 2442 1064 2486 retro
1088 2443 1139 2486 et
1161 2432 1429 2488 desertum
1453 2451 1479 2486 a
1608 2435 1792 2488 notitia
1825 2434 2009 2488 orbem
2038 2433 2350 2497 Notionem;

764 2527 902 2576 sicut
931 2534 983 2577 et
1009 2539 1101 2594 per
1130 2524 1338 2578 ESaiam
1366 2524 1497 2595 (ls.,
1534 2525 1689 2580 XLIII
1715 2568 1727 2589 ,
1763 2525 1834 2581 9.0
1861 2524 1879 2597 )
1910 2545 1921 2579 :
1950 2524 2147 2579 Ponant
2180 2528 2229 2579 in
2262 2536 2355 2579 ter-

764 2633 823 2668 ra
854 2616 1095 2684 inaquosa
1146 2618 1403 2687 ﬂtttttina;
1436 2619 1659 2688 proinde
1687 2630 1741 2673 ιιι
1788 2634 2012 2691 gemma:
2038 2661 2051 2682 ,
2086 2620 2350 2672 illumina-

766 2712 867 2763 ιιιίί
896 2725 1098 2763 sacram
1132 2710 1383 2765 Ecclesia:
1413 2724 1611 2768 vestem
1638 2754 1653 2779 ,
1706 2730 1862 2781 quam
1890 2712 2059 2766 induit
2106 2712 2352 2766 Christus

765 2802 998 2870 pontifex
1034 2802 1241 2867 Patris;
1297 2803 1514 2872 proinde
1560 2817 1609 2859 ιιι
1644 2815 1696 2859 et
1728 2804 1964 2872 lapides,
2012 2803 2166 2858 solidi
2199 2802 2301 2856 lide
2333 2844 2350 2870 ,

764 2908 895 2962 quos
917 2893 982 2947 de
1013 2894 1221 2948 lavacro
1243 2893 1491 2949 .lordanis
1516 2895 1671 2950 Jrsus
1702 2909 1860 2948 verus
1884 2895 2063 2961 elegit,
2088 2904 2140 2948 et
2170 2894 2219 2946 in
2266 2912 2351 2947 sa-

768 2986 1000 3039 crarium
1033 2986 1333 3039 testamenti
1379 2987 1457 3040 sui
1483 2988 1701 3055 recepit.
1735 2986 1871 3050 Quid
1928 2986 2031 3039 tale
2054 2985 2119 3039 de
2145 2985 2349 3039 muneri

762 3074 1073 3131 defensione
1117 3078 1375 3144 competit
1428 3077 1643 3132 Christo
1664 3078 1980 3131 Marcionis?
2006 3078 2121 3131 Non
2176 3087 2352 3146 potest

763 3168 1076 3237 simpliciter
1100 3165 1294 3221 factum
1323 3168 1389 3223 ab
1416 3168 1506 3222 illo
1528 3170 1651 3238 quid
1677 3168 1840 3223 videri
1864 3210 1877 3233 ,
1907 3169 2045 3238 quod
2080 3179 2251 3237 potest
2281 3172 2352 3221 vi-

2466 586 2623 642 hotuo
2651 597 2803 641 natus
2826 590 3014 658 est),ct
3042 592 3307 655 wdiﬁcavit
3334 610 3440 644 eam
3471 595 3723 649 roluntate
3751 595 3925 651 Patris
3957 615 3970 651 :
4001 608 4057 650 ut

2462 678 2597 731 scias
2649 679 2711 731 ad
2758 696 2877 733 eum
2917 690 3040 734 tunc
3069 684 3291 751 gentiles
3342 688 3659 740 convenisse
3714 730 3725 747 .
3756 692 3875 757 quia
3915 691 4053 743 Deus

2465 768 2624 823 homo
2649 779 2766 824 erat
2810 782 2994 835 natus,
3039 772 3399 827 mdilicaturus
3452 777 3830 833 Ecclesiamex
3861 781 4055 835 ιὀἳιιηο

2463 870 2569 915 tate
2588 861 2757 916 Patris
2778 904 2793 927 ,
2824 879 2888 918 ex
2938 864 3216 935 allophylis
3247 884 3477 936 quoque.
3526 870 3611 923 Sic
3638 880 3692 924 et
3719 870 3905 925 Esaias
3977 872 4052 927 Is.

2463 952 2627 1008 XLIX
2654 997 2667 1021 ,
2700 955 2797 1019 12)
2831 976 2841 1008 :
2878 954 3012 1010 Ecce
3038 959 3119 1010 isti
3140 960 3340 1012 veniunt
3373 960 3436 1013 tle
3477 961 3792 1032 longinquo;
3848 967 3933 1015 isti
3965 982 4055 1017 au-

2464 1058 2561 1101 tem
2591 1050 2791 1102 veniunt
2817 1050 2879 1102 ab
2929 1051 3164 1119 aquilone
3203 1065 3246 1103 et
3296 1054 3462 1117 muri;
3492 1056 3580 1106 alii
3630 1068 3796 1108 autem
3823 1056 3887 1109 de
3925 1066 4061 1110 terra

2468 1138 2759 1194 Persarum.
2794 1142 2865 1198 De
2887 1144 3079 1211 quibus
3108 1156 3158 1198 et
3191 1162 3373 1202 rursus
3397 1145 3542 1217 (Ibid.
3572 1147 3635 1202 13
3666 1148 3679 1210 ι
3707 1168 3718 1200 :
3751 1148 3944 1202 Attolle
3972 1166 4060 1217 per

2464 1233 2725 1285 circuitum
2754 1235 2929 1287 oculos
2959 1246 3089 1299 tuos,
3125 1249 3169 1288 et
3194 1238 3333 1302 ride,
3368 1255 3538 1292 orntus
3588 1243 3877 1310 congregati
3915 1251 4057 1296 sunt.

2466 1322 2542 1377 De
2569 1323 2765 1392 quibus
2794 1332 2848 1379 ιι
2878 1325 3009 1377 infra
3045 1327 3062 1397 (
3094 1328 3215 1379 ibid.
3248 1328 3308 1382 9.1
3353 1330 3369 1398 )
3396 1349 3408 1381 :
3455 1330 3601 1384 Vides
3634 1332 3711 1401 ((ι)
3758 1334 3958 1404 ignotos
4017 1344 4063 1386 ct

2466 1425 2728 1469 extraneos
2752 1433 2769 1469 :
2789 1430 2833 1468 ct
2863 1416 2999 1473 dices
3045 1420 3187 1471 cordi
3216 1431 3300 1472 tuo
3332 1438 3349 1474 :
3378 1423 3502 1488 Quis
3529 1424 3647 1476 istos
3668 1427 3836 1491 genuit
3888 1427 4015 1478 milii
4040 1427 4063 1479 ?

2471 1504 2634 1559 l’orro
2664 1550 2676 1572 ,
2708 1509 2799 1561 ltus
2821 1511 2931 1578 quis
2984 1510 3107 1563 milii
3144 1511 3370 1565 educavit
3394 1514 3418 1565 ?
3446 1516 3507 1566 ,ιι
3539 1515 3590 1566 lii
3639 1516 3761 1567 milii
3812 1516 3895 1569 ubi
3952 1516 4065 1584 [ue-

2465 1611 2580 1652 runt
2614 1601 2638 1653 ἴ)
2664 1601 2756 1655 Hie
2783 1602 3027 1656 Christus
3077 1620 3181 1657 non
3231 1605 3610 1675 Prophetarum
3636 1610 3658 1661 ?
3717 1610 3779 1661 Iit
3806 1612 3926 1679 quis
3953 1611 4057 1665 erit

2465 1691 2710 1745 Christus
2734 1691 3163 1747 Marcienitarmn
3208 1738 3222 1760 ,
3272 1698 3315 1751 si
3352 1700 3668 1767 perversitas
3694 1701 3907 1769 placd,
3969 1702 4059 1771 qui

2467 1798 2570 1837 non
2605 1782 2762 1839 fuerit
2797 1785 3180 1854 l’rolilzetarum
3212 1788 3235 1840 2’

3043 1877 3268 1935 CAPUT
3324 1879 3462 1933 XIV.

2536 1964 2701 2020 Venio
2761 1984 2899 2022 nunc
2951 1969 3015 2022 ad
3068 1971 3366 2024 onlinarias
3388 1974 3683 2027 sententias
3733 1975 3895 2044 ejus,
3962 1992 4056 2045 per

2460 2073 2591 2126 quas
2621 2061 2995 2127 praq-rietatem
3025 2060 3281 2115 doctrinae
3331 2078 3441 2115 sum
3475 2064 3678 2119 inducit
3721 2067 3788 2120 ad
3817 2068 4057 2122 edictum

2463 2149 2481 2220 (
2513 2161 2567 2202 nt
2589 2151 2656 2203 ita
2686 2151 2911 2205 dixerim
2938 2153 2956 2221 )
2988 2153 3185 2206 Christi
3221 2173 3231 2204 :
3261 2154 3335 2225 (b)
3365 2155 3507 2209 Beati
3533 2160 3747 2227 mendici
3770 2160 3881 2227 (sic
3912 2161 4057 2215 enim

2458 2241 2621 2309 exigit
2669 2241 3041 2310 interpretatio
3076 2245 3309 2300 vocabuli
3370 2249 3510 2315 quod
3542 2226 3602 2301 in
3654 2226 3830 2318 glarea
3870 2262 3953 2304 est
3988 2253 4003 2318 )
4036 2292 4051 2317 ,

2457 2333 2696 2400 quoniam
2726 2335 2931 2386 illorum
2962 2346 3033 2389 est
3060 2354 3267 2406 regnum
3290 2338 3525 2392 (telorum
3558 2338 3657 2412 (7).
3689 2340 3804 2396 Jam
3836 2341 3941 2398 huc
3974 2347 4056 2413 ip-

2459 2442 2577 2477 sum
2631 2426 2770 2495 qurid
2818 2443 2845 2479 τι
2879 2428 3348 2485 benedictionibus
3379 2434 3541 2503 C(Bpit
3564 2476 3577 2496 ,
3626 2435 3901 2489 Creatoris
3928 2447 4009 2491 est
4034 2480 4052 2505 ,

2456 2517 2545 2583 qui
2581 2520 2821 2572 universa
2853 2533 3007 2589 prout
3038 2522 3205 2577 edidit
3228 2566 3241 2589 ,
3273 2526 3412 2579 nulla
3454 2529 3552 2581 alia
3585 2543 3715 2584 voce
3764 2547 3923 2599 quam
3957 2532 4052 2587 be-

2456 2609 2772 2664 nedictionis
2805 2608 2883 2682 (8)
2911 2612 3195 2668 dedicavit.
3230 2614 3490 2670 Eructavit
3510 2620 3659 2681 enim,
3686 2619 3859 2689 inquit
3890 2621 4006 2691 (Ps.
4034 2663 4051 2688 ,

2456 2698 2653 2765 XLIV,
2704 2702 2764 2768 l)
2842 2720 2928 2756 ear
2972 2721 3137 2756 meum
3162 2722 3444 2761 sermonem
3494 2711 3759 2778 optimum.
3815 2713 3911 2765 llic
3952 2716 4054 2769 erit

2454 2807 2632 2846 scuno
2681 2795 2912 2861 «quimus
2939 2838 2951 2859 ,
2989 2797 3377 2853 benedictionis
3426 2802 3624 2856 scilicet
3655 2845 3669 2867 ,
3724 2806 3813 2873 qui
3848 2817 3902 2859 ‹·ι
3928 2808 4051 2861 novi

2454 2899 2664 2953 quoque
2698 2884 3023 2941 Testameoti
3057 2889 3293 2944 initiator
3324 2895 3629 2960 agnosuitor
3651 2895 3718 2950 de
3773 2899 3944 2951 veteri
3972 2900 4051 2966 (9;

2453 2976 2720 3046 exemplo.
2755 2979 2886 3043 Quid
2919 2996 3011 3049 erg
3035 3001 3044 3028 ι
3068 2982 3261 3035 mirttm
3308 2995 3390 3038 est
3424 2986 3561 3055 (10),
3594 2988 3637 3040 si
3670 3000 3723 3043 et
3746 2990 3812 3041 ab
3842 2990 4052 3046 affecti-

2454 3067 2551 3122 bus
2578 3070 2845 3125 Creatoris
2865 3074 3135 3142 ingressus
3161 3085 3242 3130 est
3268 3093 3361 3145 per
3388 3076 3689 3147 hujusmudi
3721 3082 4041 3150 dictionem,

2455 3176 2670 3231 semper
2693 3164 2987 3229 mendicos,
3019 3178 3072 3221 et
3096 3184 3351 3238 pauperes
3377 3211 3391 3234 ,
3432 3180 3487 3225 et
3509 3171 3735 3229 humiles
3756 3192 3816 3229 ac
3841 3178 4049 3243 viduas,

768 3259 882 3314 deri
914 3275 1019 3314 non
1051 3259 1366 3331 simpliciter
1417 3262 1612 3315 factum
1642 3277 1669 3312 a
1698 3276 1838 3314 meo.
1895 3260 2024 3329 Ejus
2050 3261 2148 3314 erit
2207 3276 2292 3313 res
2330 3302 2342 3322 ,
2374 3272 2420 3335 C
2454 3262 2507 3308 et
2536 3256 2759 3324 prp'llos
2791 3273 2956 3325 usque
2983 3258 3287 3329 diligentis,
3318 3263 3646 3319 consolantis
3671 3308 3683 3329 ,
3715 3270 4012 3323 asserentis
4033 3310 4048 3334 ,

762 3353 900 3423 apud
931 3369 1091 3425 quem
1123 3354 1388 3409 invenitur
1420 3355 1494 3409 rei
1528 3364 1913 3424 pra-paratum.
1964 3353 2128 3407 Mutat
2157 3362 2212 3406 et
2241 3352 2342 3407 Pe-

764 3458 846 3503 tro
876 3463 1070 3503 nomen
1125 3447 1192 3503 de
1219 3447 1470 3512 Simone;
1521 3448 1642 3519 quia
1669 3459 1722 3502 et
1750 3448 1973 3503 Creator
1999 3446 2225 3501 Abralne
2248 3488 2260 3509 ,
2296 3456 2351 3501 et

760 3540 906 3596 Sara:
928 3583 941 3607 ,
971 3548 1027 3596 et
1050 3542 1239 3596 Auseze
1271 3542 1483 3595 nomina
1517 3540 1823 3596 reformavit
1843 3580 1858 3605 ,
1914 3539 2055 3594 hunc
2104 3542 2347 3593 vocando

762 3632 943 3687 Jesum
963 3629 1059 3705 (η),
1086 3632 1186 3687 illis
1209 3633 1442 3703 syllabas
1457 3631 1777 3701 adiiciendo.
1792 3631 1895 3686 Sed
1909 3643 1961 3685 et
1987 3645 2081 3685 cur
2107 3630 2349 3685 Petrum?

760 3723 817 3778 Si
841 3724 909 3778 ob
938 3722 1172 3793 vigorem
1232 3723 1387 3788 tidei,
1419 3724 1597 3777 multa)
1646 3724 1881 3776 materia:
1928 3722 2220 3792 solidaeque
2249 3737 2346 3776 no-

763 3832 887 3870 tncn
919 3815 985 3869 de
1014 3830 1112 3871 suo
1139 3816 1631 3871 accommodarent.
1666 3816 1747 3870 An
1779 3815 1899 3885 quia
1933 3824 1986 3871 et
2018 3824 2166 3885 petra
2195 3825 2248 3871 ct
2274 3816 2347 3869 la-

761 3910 842 3979 pis
872 3908 1150 3965 Christus?
1172 3908 1443 3979 Siquidem
1479 3918 1533 3963 et
1563 3909 1786 3978 legimus
1822 3906 1923 3979 (Is.
1958 3949 1972 3973 ,
2023 3908 2134 3962 Vill
2161 3949 2174 3970 .
2232 3909 2343 3968 H;

758 4000 779 4055 Ι
826 4000 969 4056 Petr.
992 4042 1007 4069 ,
1036 4001 1079 4056 ll
1107 4043 1121 4066 ,
1150 4000 1209 4071 8)
1258 4002 1483 4071 positum
1520 4017 1642 4055 cum
1666 4002 1716 4054 in
1751 4002 1973 4070 lapidem
2001 4000 2293 4067 oﬂ'endiculi
2329 4043 2343 4066 ,

757 4111 801 4148 et
824 4096 877 4149 in
904 4106 1097 4165 petram
1125 4095 1374 4149 scandali.
1406 4094 1605 4149 Omitto
1634 4103 1846 4149 czntera.
1893 4094 2071 4164 itaque
2124 4094 2343 4150 allecta-

757 4189 835 4243 vit
858 4187 1137 4243 carissimo
1177 4186 1558 4257 discipulorum
1585 4187 1651 4241 de
1679 4185 1861 4255 liguris
1900 4188 2009 4241 suis
2056 4187 2341 4256 peculiari-

758 4290 840 4337 ter
866 4296 1057 4336 nomen
1088 4284 1485 4337 communicare
1504 4323 1518 4345 ,
1552 4290 1676 4349 puto
1701 4282 1948 4350 prOprius
1976 4280 2054 4350 (4)
2085 4296 2240 4350 quam
2270 4281 2341 4336 de

756 4390 863 4430 non
894 4374 1025 4428 suis.
1082 4372 1391 4427 Conveniunt
1421 4390 1452 4426 a
1509 4372 1678 4444 Tyro,
1703 4382 1749 4425 et
1772 4389 1833 4426 ea:
1894 4372 2009 4426 aliis
2053 4372 2339 4443 regionibus

756 4468 1028 4522 multitudo
1054 4468 1204 4520 etiam
1232 4467 1590 4519 transmarina.
1620 4464 1729 4519 Hoc
1758 4464 1841 4534 (5)
1870 4463 2142 4532 Spectabat
2195 4464 2343 4518 Psal-

756 4578 873 4617 Inus
931 4560 1047 4631 (Ps.
1094 4558 1393 4623 LXXXVI,
1427 4560 1459 4613 Α
1487 4559 1537 4627 );
1568 4557 1632 4611 Et
1662 4573 1770 4610 ecce
1802 4557 2064 4628 .4110p/tgli
2087 4568 2131 4610 et
2156 4555 2340 4626 Tyrus,

2457 3346 2771 3401 vindicamis
2798 3348 2821 3400 ’ἐ
2847 3359 2901 3401 ιιι
2930 3354 3064 3403 hanc
3095 3351 3287 3405 Christi
3321 3355 3471 3420 quasi
3502 3356 3759 3424 privatam
3803 3360 4051 3429 benigni-

2455 3446 2646 3507 tatem,
2680 3441 2910 3494 rivulum
2942 3443 3133 3497 credas
3162 3444 3228 3497 de
3260 3447 3491 3502 fontibus
3530 3447 3839 3503 Salvatoris.
3875 3452 4049 3507 lterc-

2455 3546 2508 3583 ra
2532 3532 2873 3602 quodirigam
2907 3536 3121 3599 nescio,
3156 3536 3206 3589 in
3238 3548 3381 3591 tanta
3440 3540 3737 3611 frequentia
3778 3542 4047 3610 ejusmodi

2454 3641 2678 3693 vocum,
2712 3636 2957 3697 tanquam
2990 3630 3039 3681 in
3069 3630 3241 3700 sy'va,
3275 3632 3357 3686 Vel
3390 3634 3439 3687 in
3470 3645 3657 3703 prato,
3693 3637 3775 3691 vel
3837 3639 3889 3691 in
3952 3656 4019 3693 ne

2454 3737 2601 3774 more
2631 3736 2909 3790 pontorum
2937 3765 2949 3783 ,
2978 3727 3172 3793 passim
3201 3736 3357 3794 prout
3384 3728 3598 3792 incidit,
3667 3745 3753 3784 res
3815 3733 4049 3801 petenda

2451 3823 2552 3869 est.
2584 3813 2655 3884 (ε)
2680 3813 2933 3872 luclamat
2983 3816 3225 3871 Psnlmus
3258 3820 3276 3885 (
3313 3817 3404 3873 Ps.
3457 3820 3703 3885 LXXXI,
3749 3823 3823 3888 '5)
3855 3842 3867 3876 :
3894 3823 4050 3878 Jndi-

2449 3917 2558 3959 cate
2581 3907 2778 3974 pupillo
2800 3917 2847 3959 et
2873 3908 3099 3961 mendico
3132 3948 3146 3974 ,
3179 3920 3226 3962 et
3258 3910 3498 3964 [tantilem
3524 3924 3568 3965 et
3598 3930 3874 3983 pauperem
3909 3918 4050 3986 jusle

2450 4006 2678 4050 tractute.
2724 3995 2955 4051 Liberale
3006 4016 3328 4069 pauperem,
3379 4014 3425 4056 et
3467 4004 3751 4057 mendicum
3774 4006 3842 4059 de
3890 4023 4049 4060 manu.

2453 4090 2727 4159 peccatoris
2745 4091 2920 4143 eruite.
2940 4088 3069 4144 ltent
3096 4092 3335 4150 Psalmus
3356 4096 3784 4165 septoagesimus
3805 4120 3814 4165 ε
3838 4100 4012 4151 rimus
4034 4116 4047 4151 :

2449 4181 2480 4236 .1
2491 4184 2660 4237 nstitia
2681 4182 2927 4250 iudicabit
2958 4186 3209 4239 mendicos
3232 4187 3410 4256 populi
3441 4228 3456 4254 ,
3513 4198 3560 4242 et
3604 4190 3754 4259 faciet
3780 4191 3952 4244 salvos
3985 4193 4048 4255 ΙΣ-

2451 4279 2547 4331 lios
2574 4294 2875 4347 pauperum.
2902 4276 2966 4330 Et
3002 4278 3052 4331 in
3080 4282 3426 4349 sequentibus
3454 4281 3519 4335 de
3544 4281 3759 4337 Christo
3786 4300 3800 4337 :
3858 4283 4050 4339 Omnes

2452 4370 2679 4423 natimzes
2728 4369 2938 4423 strvient
2965 4370 3030 4425 ei.
3081 4370 3245 4427 David
3287 4382 3465 4428 autem
3512 4374 3600 4428 uni
3630 4376 3773 4445 genti
3817 4376 4049 4446 judairzn

2451 4462 2657 4531 pra‘l'uit
2679 4503 2693 4526 ,
2729 4477 2797 4515 ne
2827 4463 2945 4531 quis
2968 4464 3015 4516 in
3047 4463 3211 4517 David
3245 4476 3389 4532 putet
3415 4466 3615 4519 dictum
3644 4508 3656 4527 ,
3692 4469 3815 4536 quia
3861 4480 3909 4521 et
3960 4469 4048 4522 illc

2448 4563 2758 4623 susceperat
2786 4554 3011 4607 lminiles
3034 4563 3088 4609 et
3111 4556 3517 4611 necessitatibus
3542 4557 3867 4612 laborantes.
3898 4558 4050 4626 Quod

754 4667 801 4708 et
830 4652 1049 4725 populus
1092 4650 1399 4721 xEt/tiopnm
1422 4691 1437 4717 ,
1490 4650 1575 4704 isti
1592 4650 1795 4720 [uerum
1842 4649 1968 4703 illic.
2002 4648 2171 4703 Mater
2216 4649 2343 4704 Sion
2370 4643 2420 4701 Ι)
2449 4648 2729 4701 liberaverit
2759 4647 2875 4717 (ll)
2898 4688 2911 4711 ,
2946 4648 3113 4717 inquit
3147 4689 3160 4711 ,
3191 4665 3223 4700 a
3252 4650 3469 4719 dgnasta
3502 4649 3785 4702 mendicum
3809 4689 3825 4714 ,
3879 4658 4050 4719 parcet

1989 4759 2366 4819 LECTIONES
2404 4758 2818 4817 VARIANTES.

848 4856 890 4909 Ii
914 4857 1111 4906 Factum
1152 4855 1373 4907 Ciaccon.

848 4860 859 4909 I
914 4859 1111 4906 Factum
1152 4859 1373 4907 Ciaccon.

818 4859 890 4989 (gl
914 4920 1054 4989 Pacis
1085 4918 1191 4989 [ῆς.
1224 4924 1381 4989 t'enet.
1509 4975 1521 4989 ο

838 4976 888 5042 5)
911 4992 977 5046 _V.
1004 4981 1097 5046 Dei
1130 4976 1374 5046 ﬁi‘qzterm.
1411 4976 1741 5046 τοιιέὶεηεάιι.

842 5036 887 5104 ιδ
910 5044 1115 5105 Proiiios
1132 5036 1263 5105 'Rig.
1291 5048 1453 5093 Venet.
1476 5036 1627 5092 Seml.

817 5103 889 5169 (ὅ)
910 5103 1017 5169 Hoc
1052 5103 1273 5169 Ciaccoii.

815 5171 885 5234 (0)
910 5168 1095 5219 Videus
1131 5168 1233 5217 Lat.
1275 5173 1386 5216 Jun.

2539 4850 2589 4909 7)
2610 4848 2702 4898 Dei
2724 4844 2875 4898 Seml.
2896 4847 3087 4899 obertlt.

2539 4854 2589 4909 7)
2610 4854 2702 4898 Dei
2724 4854 2875 4898 Semt.
2896 4854 3087 4899 Oberth.

2516 4854 2587 4973 (8)
2606 4912 3041 4977 ]_3_Cnt3tllCllOtlll)US
3066 4910 3167 4977 lt‘ig.
3199 4920 3361 4964 Venet.

2514 4976 2587 5035 (9)
2612 4975 2808 5021 Veteris
2843 4981 2956 5035 .Itm.

2513 5032 2619 5096 (10)
2644 5035 2727 5083 list
2760 5032 2907 5085 omitt.
2934 5034 3082 5085 Seml.

2516 5100 2559 5163 (1
2577 5101 2620 5161 l)
2647 5098 2899 5147 Liberavit
2917 5098 2983 5146 ul.

2121 5243 2669 5301 COMMENTARIUS.

757 5349 844 5403 lis.
876 5346 1159 5416 Reperitur
1184 5345 1328 5399 enim
1360 5342 1525 5397 Naum
1553 5340 1578 5395 Ι
1619 5338 1759 5416 quod
1788 5339 1937 5416 citat,
1975 5338 2229 5405 Quoniam
2255 5355 2335 5393 ec-

755 5438 810 5473 ce
833 5412 1019 5472 veloces
1047 5417 1196 5487 pedes
1226 5417 1277 5470 in
1301 5412 1942 5487 monteerangclizantium
1965 5426 2159 5478 pacem,
2187 5427 2344 5487 pra:-

755 5494 996 5559 terqua'm
1042 5480 1201 5559 quod
1226 5486 1363 5559 apud
1396 5483 1535 5541 LXX
1588 5480 1799 5551 liEg.itur-
1841 5487 1917 5559 ξπι
1959 5488 2151 5559 etiam,
2187 5480 2235 5532 id
2265 5488 2347 5534 est

754 5552 906 5629 super
932 5552 1145 5613 montes.
1178 5558 1283 5612 Sed
1309 5572 1409 5633 non
1444 5554 1951 5633 niirttttt_._cun_ripse
1995 5552 2049 5603 ll.
2096 5552 2347 5633 "temp!-

757 5623 876 5685 mus
909 5643 1185 5700 propterea
1218 5628 1417 5681 scribat
1458 5642 1486 5679 a
1524 5641 1591 5700 se
1630 5623 2217 5700 hie_L.\'.\'interpretes
2242 5624 2342 5700 dit-

758 5693 922 5765 ferre,
950 5693 1089 5770 qiiod
1119 5709 1172 5753 ct
1204 5702 1313 5768 ipsa
1342 5697 1567 5770 capitula
1596 5698 1733 5766 apml
1769 5710 1863 5748 eos
1890 5693 2345 5763 interpretationis

761 5774 1013 5845 varietate
1056 5770 1274 5824 coolusa
1302 5771 1429 5845 sint.
1465 5769 1615 5845 l’.nt._
1638 5838 1650 5845 _
1978 5835 1994 5845 -
2208 5834 2244 5845 ﬂ

832 5843 905 5913 (η)
940 5841 1342 5913 Hunevocando
1371 5839 1565 5913 les-unt.
1601 5838 1940 5913 Idemcst‘ac
1969 5835 2166 5913 Josue:
2208 5834 2339 5913 lion.

834 5906 985 5971 CAP.
1004 5912 1142 5971 XIV.
1172 5944 1237 5953 —-
1257 5911 1337 5987 (b)
1372 5910 1515 5969 Beati
1544 5907 1794 5977 mendici,
1830 5907 1899 5963 sic
1929 5908 2059 5964 enim
2088 5906 2238 5978 exigit
2265 5908 2343 5961 in-

2446 5338 2752 5411 lerprelttlio,
2772 5346 2876 5411 etc.
2892 5336 3181 5411 Cra‘ceest
3205 5336 3359 5391 Luem
3377 5338 3438 5393 VI
3455 5344 3653 5408 πτωχςὶ.
3671 5340 3816 5410 quod
3839 5344 4049 5411 proprie

2448 5408 2723 5463 tuendicos
2766 5408 3047 5473 signiﬁcat,
3078 5410 3225 5478 juxta
3256 5412 3377 5463 illud
3416 5408 3790 5480 Aristophanis
3815 5408 3867 5466 in
3898 5408 4049 5468 Pluto

2451 5503 2640 5547 πτωχαυ
2664 5484 2765 5531 vita
2788 5480 2985 5543 vivi-re,
3016 5493 3094 5532 est
3127 5481 3255 5533 nihil
3287 5482 3588 5537 habentem.
3623 5490 3819 5546 πένητος
3847 5496 4043 5549 autem,

2451 5552 2499 5603 id
2522 5561 2621 5612 est,
2656 5551 2929 5619 pauperis,
2957 5553 3207 5620 parcenti
3241 5552 3509 5606 laboribus
3540 5555 3817 5608 intendere
3847 5573 3862 5616 ;
3890 5572 4047 5619 supra

2454 5632 2656 5693 lanient
2686 5623 2720 5674 Ι.
2746 5624 2811 5674 de
2837 5620 2966 5693 ldol.
2995 5638 3044 5674 c.
3065 5622 3151 5687 1‘2,
3172 5622 3366 5676 Felices
3380 5640 3559 5693 egenos
3583 5626 3873 5679 transtulit.
3908 5628 4046 5682 l’au.

2527 5690 2883 5766 (el/nebulai!
2913 5691 3168 5758 l’salmus,
3197 5690 3451 5766 ludicrae.
3492 5706 3579 5749 etc
3635 5695 3779 5750 Istud
3816 5713 3879 5750 ev
3914 5701 4043 5766 psal.

2450 5754 2671 5819 LXXX]
2712 5764 2763 5815 in
2815 5764 2913 5817 hoc
2956 5766 3123 5817 variat
3159 5754 3197 5816 ἐι
3250 5764 3481 5834 Vulgata
3524 5767 3653 5820 ι·‹Ιζι.
3710 5767 3854 5834 qmid
3912 5754 4047 5828 legat

2443 5836 2579 5902 justo
2606 5844 2847 5909 tractate.
2883 5851 2977 5909 pro
3015 5852 3119 5904 quo
3156 5836 3244 5890 alii
3282 5852 3473 5894 omnes
3520 5853 3585 5895 ex
3626 5853 3803 5909 gt'u'co
3844 5842 4045 5893 δικαιέ-

2447 5928 2586 5973 τίιτς,
2613 5906 2902 5976 iustiﬁcale.
2936 5906 3071 5965 PAM.
