4268 6492
207 402 311 458 589

1308 404 1437 457 LIB.
1482 402 1544 457 ιγ
1590 396 1955 457 ADVERSUS
1997 399 2423 458 MARCIONEM.

3403 404 3511 461 590

192 511 436 566 mendico
461 524 507 566 et
538 514 750 583 pauperi
776 554 789 577 ,
827 523 873 567 et
903 514 1101 568 auintas
1132 530 1414 583 pauperum
1440 514 1605 568 saluus
1635 513 1802 579 faciet.
1836 511 1887 570 Λ
1917 510 2014 563 bus
2039 514 2275 581 pristina
2309 516 2461 585 legis.
2502 514 2617 567 Non
2648 518 2867 571 esuriem
2906 559 2919 583 ,
2946 535 3105 589 neque
3131 520 3299 573 siticut
3328 535 3346 572 :
3378 534 3510 590 ergo

212 605 296 659 lix
326 622 484 659 usura
509 617 554 661 et
583 606 833 672 injustitia
864 607 1070 659 retlimet
1096 623 1266 659 eorum
1293 606 1519 666 animus,
1552 614 1596 657 et
1646 604 1809 656 Itono-

211 715 383 752 ratum
418 715 600 753 nomen
640 715 812 753 eorum
859 700 911 751 in
967 708 1237 765 conspectu
1291 698 1449 767 ipsitts
1505 696 1586 765 (l)
1612 734 1626 747 .
1678 693 1808 748 Item

210 789 349 859 (Ps.
409 790 474 845 ΙΧ
507 833 522 857 ,
582 792 647 846 18
677 792 741 860 ):
797 789 1101 844 Arcrtautur
1149 798 1432 854 peccatores
1475 789 1527 841 in
1578 787 1764 854 inferos
1792 827 1807 853 ,

210 900 387 937 omnes
426 884 653 936 nationes
688 899 804 952 qua:
860 882 951 935 Dei
973 882 1371 948 obliviscuntur,
1412 884 1649 952 quoniam
1710 898 1810 934 non

214 978 265 1029 itt
299 976 455 1041 liuent
483 976 719 1030 oblivioni
743 976 1006 1030 habebitur
1045 977 1343 1030 mendicus:
1377 976 1643 1029 tolerantia
1684 991 1811 1041 pau-

206 1085 385 1139 perunt
423 1085 522 1122 non
553 1068 730 1137 peribit
762 1068 812 1120 itt
836 1070 1009 1135 ﬁnem.
1071 1067 1240 1139 ltem(
1271 1066 1364 1121 Ps.
1438 1065 1577 1120 CXII
1610 1107 1625 1130 ,
1681 1066 1715 1120 5
1742 1066 1759 1135 )
1794 1084 1806 1119 :

212 1162 343 1229 Quis
368 1163 499 1216 sicut
531 1161 665 1217 Deus
694 1171 863 1217 noster
888 1203 902 1227 ,
936 1164 1021 1231 qui
1046 1163 1238 1216 habitat
1267 1164 1318 1215 in
1350 1162 1559 1215 excelsis
1586 1201 1600 1225 ,
1650 1169 1692 1212 et
1716 1160 1811 1212 Ita-

209 1257 353 1309 ntilia
384 1266 668 1325 prospectat
699 1256 752 1309 itt
780 1255 907 1309 caelo
937 1267 985 1310 et
1014 1257 1066 1309 itt
1098 1255 1276 1309 terra?
1305 1253 1404 1320 Qui
1432 1255 1640 1309 suscitat
1665 1270 1808 1307 meu-

209 1348 463 1403 dicutnde
486 1358 620 1402 terra
648 1390 662 1409 .
703 1364 751 1401 et
781 1349 843 1403 tle
886 1359 1108 1402 stercore
1134 1349 1328 1402 exaltat
1368 1363 1645 1417 pauperem
1674 1388 1689 1411 ,
1735 1345 1808 1398 uti

206 1441 384 1495 sedere
404 1458 515 1496 eum
561 1441 715 1513 faciat
748 1458 859 1495 cum
892 1441 1205 1511 principibus
1261 1440 1478 1509 pOpuli;
1527 1440 1706 1509 utique
1754 1438 1804 1491 itt

209 1552 515 1607 regttosuu.
568 1534 657 1589 Sic
710 1544 763 1588 et
808 1545 950 1589 retro
985 1534 1037 1586 in
1072 1531 1276 1586 Basiliis
1300 1532 1378 1601 (η)
1410 1572 1423 1596 ,
1458 1532 1609 1585 Anna
1639 1538 1809 1585 mater

210 1630 483 1684 Samuelis
506 1670 520 1694 ,
550 1629 740 1697 Spiritu
765 1628 990 1697 gloriam
1015 1625 1124 1680 Deo
1158 1624 1386 1679 reddens
1415 1641 1427 1677 :
1466 1623 1601 1689 Qui,
1640 1623 1809 1693 inquit

210 1720 261 1791 (l
294 1719 421 1792 Reg.
455 1761 471 1785 ,
504 1718 544 1774 ll
574 1760 589 1785 ,
620 1722 652 1773 8
683 1719 699 1787 )
727 1761 742 1783 ,
771 1721 957 1771 excitat
990 1732 1260 1787 pauperem
1290 1716 1352 1769 tle
1373 1726 1506 1767 terra
1534 1757 1548 1781 ,
1578 1725 1623 1768 et
1662 1731 1805 1767 men-

210 1815 417 1876 dicant,
477 1812 551 1866 uti
572 1813 744 1866 sedere
792 1828 906 1865 eum
953 1812 1107 1881 faciat
1167 1826 1279 1863 cttm
1308 1809 1537 1879 dynastis
1583 1809 1805 1878 populi;

1915 606 2293 661 saturabuntur
2320 625 2333 673 ;
2362 609 2501 677 (ιιι-ἰι
2534 613 2715 678 utique
2745 611 2844 664 nisi
2867 613 3223 665 esurientibus
3250 626 3298 665 et
3320 612 3509 666 sitien-

1918 696 2061 750 tibus
2082 712 2186 754 nan
2223 700 2563 768 promittitur.
2599 701 2666 755 Et
2699 704 2925 772 rursus(
2955 702 3031 757 Is.
3068 745 3082 769 ,
3131 703 3265 757 LXV
3299 746 3314 768 ,
3351 700 3462 774 15)
3492 720 3507 758 :

1914 784 2047 841 Ecce
2071 831 2084 853 ,
2142 790 2311 860 inquit
2337 834 2351 857 ,
2394 794 2479 863 qui
2508 794 2728 847 serviunt
2757 795 2882 847 nti/ti
2909 837 2923 861 ,
2970 794 3333 849 saturabuntur
3354 812 3373 860 ;
3423 810 3512 851 vos

1912 891 2079 934 autem
2106 884 2339 937 esurietis
2370 900 2388 948 ;
2416 900 2532 937 ecce
2583 887 2666 948 qui
2688 888 2909 939 serviunt
2961 886 3083 940 nti/ti
3116 928 3129 953 ,
3158 886 3325 940 bibent
3359 903 3377 951 ;
3422 901 3509 940 ros

1913 984 2081 1026 autent
2108 975 2312 1030 sitietis.
2344 976 2651 1033 Videbimus
2672 990 2726 1034 et
2746 982 3009 1035 Contraria
3039 979 3136 1034 ista
3160 1022 3173 1043 ,
3196 998 3259 1034 an
3289 980 3509 1038 Christo

1915 1065 2401 1133 prtctninistrentur
2430 1087 2442 1122 :
2471 1071 2685 1125 interim
2703 1072 2844 1141 quod
2871 1074 3225 1127 esurientibus
3248 1073 3506 1127 saturita-

1917 1165 2022 1209 tem
2055 1161 2377 1227 reprontittit
2406 1202 2420 1227 ,
2458 1162 2548 1216 Dei
2580 1166 2843 1219 creatoris
2863 1174 2962 1219 est.
3006 1163 3151 1218 Beati
3202 1166 3459 1234 plorantes
3483 1206 3499 1233 ,

1910 1249 2030 1314 quia
2057 1247 2132 1319 (8)
2181 1250 2436 1305 ridebunt.
2477 1255 2709 1311 liccat-re
2753 1260 3075 1311 sententiam
3113 1257 3282 1312 Esaim
3328 1257 3346 1330 (
3381 1258 3452 1312 Is.
3488 1300 3504 1324 ,

1910 1341 2050 1397 LXV
2075 1385 2089 1410 ,
2126 1346 2213 1412 15)
2245 1365 2257 1399 :
2290 1345 2422 1401 Ecce
2443 1350 2527 1419 qui
2558 1353 2780 1403 serviunt
2820 1351 2944 1403 tttilti
2969 1394 2983 1415 ,
3012 1351 3305 1405 ea‘ultabunt
3340 1352 3393 1405 in
3419 1354 3509 1419 iu-

1911 1439 2173 1493 cunditate
2196 1440 2275 1511 (9)
2309 1460 2320 1505 ;
2355 1458 2440 1497 vos
2465 1454 2632 1497 ttttlcttt
2684 1445 3083 1515 coufuudemini.
3133 1444 3263 1500 Ecce
3290 1448 3374 1516 qui
3394 1464 3506 1500 scr-

1910 1536 2049 1587 riunt
2090 1538 2211 1588 mihi
2264 1538 2833 1610 oblectabantur(|0);
2895 1555 2980 1593 eos
3007 1551 3171 1592 autem
3226 1539 3507 1594 rlamubitis

1913 1643 2022 1696 pro:
2047 1628 2225 1683 dolore
2251 1632 2436 1685 cordis.
2496 1631 2562 1685 Et
2610 1635 2721 1688 late
2753 1636 3016 1688 cootmria
3044 1634 3182 1704 apud
3235 1635 3506 1691 Christum

1911 1737 2261 1793 recognosce.
2288 1724 2448 1780 Certe
2481 1726 2770 1780 oblectatio
2815 1738 2865 1781 et
2889 1728 3145 1782 exultatio
3172 1729 3219 1781 in
3260 1728 3510 1799 jucundi-

1912 1824 2021 1871 tate
2048 1816 2153 1870 illis
2197 1818 2560 1887 promittitur,
2590 1819 2678 1889 qui
2702 1821 2752 1872 itt
2785 1819 2993 1874 diversa
3024 1820 3331 1875 conditione
3357 1829 3504 1889 sunt,

212 1906 395 1975 utique
424 1906 474 1958 in
519 1919 685 1974 regno
723 1919 821 1958 suo
850 1901 930 1976 ('2)
959 1920 972 1956 :
1000 1903 1114 1957 etin
1144 1901 1338 1954 tltrouis
1376 1901 1594 1970 gloriw;
1628 1902 1807 1970 "lique
1839 1900 1887 1968 B
1918 1909 2122 1962 maestis
2154 1947 2167 1969 ,
2200 1918 2248 1961 et
2282 1909 2521 1962 tristibus
2550 1952 2560 1971 ,
2593 1922 2646 1963 et
2681 1911 2854 1967 anxiis
2879 1952 2891 1975 ,
2923 1911 3129 1965 Scilicet
3176 1912 3336 1966 etiam
3362 1912 3501 1966 Psal.

210 2000 495 2071 regalibus.
518 2000 616 2055 Per
630 1999 839 2054 Esaiam
860 2013 986 2052 vero
1017 1997 1140 2069 (ls.,
1171 1994 1259 2061 Ill,
1291 1994 1403 2067 15),
1424 1996 1692 2065 quomodo
1724 1997 1804 2048 itt-

212 2095 423 2148 xeititur
455 2095 506 2147 in
538 2101 818 2148 \‘exatores
866 2106 1155 2160 egenorum
1186 2090 1209 2142 ?
1249 2087 1347 2142 Vos
1368 2099 1535 2142 autem
1588 2089 1655 2141 ad
1684 2088 1807 2151 quid

209 2186 480 2239 ittcentlilis
526 2185 725 2238 vincant
774 2200 974 2249 meam,
1004 2193 1048 2236 et
1078 2187 1259 2252 rapina
1308 2183 1521 2235 mendici
1560 2183 1611 2235 itt
1643 2183 1806 2235 donti-

210 2279 301 2333 bus
330 2279 507 2332 vestris
531 2279 556 2331 ?
580 2278 682 2332 Cur
710 2294 795 2331 vos
824 2277 1009 2331 (ceditis
1036 2276 1278 2345 populum
1309 2293 1475 2330 meum
1502 2317 1515 2337 ,
1545 2287 1590 2329 et
1615 2276 1805 2344 facient

212 2372 557 2423 mendicorunt
589 2369 942 2439 confunditis?
967 2378 1019 2422 et
1052 2383 1232 2421 rursus
1279 2366 1393 2434 (Is.
1427 2408 1442 2433 ,
1468 2366 1514 2420 Χ
1540 2407 1554 2431 ,
1590 2368 1675 2436 1);
1722 2366 1807 2421 Va:

208 2465 295 2534 qui
322 2464 548 2517 scribunt
602 2461 876 2532 nequitiam
899 2475 919 2523 ;
958 2458 1227 2513 scribentes
1275 2459 1407 2511 enim
1440 2459 1662 2511 scribunt
1714 2474 1802 2511 nec

208 2573 361 2626 quant
391 2596 404 2619 ,
434 2556 648 2607 vitantes
666 2553 865 2621 judicia
895 2550 1242 2603 ntentlicorum
1272 2590 1287 2614 ,
1320 2559 1365 2602 et
1401 2548 1801 2619 diripientesju-

209 2650 377 2701 dicata
410 2663 690 2717 pauperum
715 2643 893 2716 papuli
919 2645 1032 2698 mei.
1064 2644 1193 2710 Quae
1217 2643 1415 2713 judicia
1448 2645 1659 2714 pupillis
1678 2662 1805 2713 quo-

206 2758 312 2812 que
339 2753 396 2796 et
426 2738 596 2795 viduis
635 2741 830 2809 exigit,
883 2747 941 2794 ιιι
969 2748 1022 2793 et
1048 2739 1175 2808 ipsis
1220 2740 1402 2808 egenis
1442 2740 1626 2793 solatia
1679 2741 1755 2807 (3)
1786 2778 1799 2793 .

206 2833 448 2889 Iudicate
474 2832 691 2901 pupillo.
716 2832 918 2901 etjusfe
947 2840 1160 2882 tractatc
1189 2830 1393 2882 viduam
1427 2828 1527 2902 (Is.
1563 2872 1577 2896 ,
1604 2830 1653 2893 Ι,
1686 2832 1799 2902 17),

207 2926 283 2998 (b)
322 2936 369 2979 et
422 2925 585 2978 venite
614 2924 973 2986 conciliemur,
1005 2923 1125 2975 dicit
1163 2920 1430 2975 Dominus.
1482 2922 1577 2977 Cui
1626 2932 1802 2977 tantus

206 3020 507 3076 all'ectusin
538 3033 751 3072 onmem
792 3016 1156 3071 conditionem
1211 3014 1526 3069 humilitatis
1577 3016 1802 3071 Creato-

208 3120 281 3170 ris
306 3125 386 3169 est
413 3153 431 3179 ,
463 3111 579 3183 ejus
602 3111 705 3166 erit
735 3120 787 3167 et
810 3126 1031 3181 regnum
1059 3107 1203 3179 quod
1225 3123 1253 3161 a
1272 3107 1488 3163 Christo
1519 3109 1803 3178 repromit—

206 3208 334 3261 titnr
369 3224 384 3269 ;
432 3205 499 3259 ad
553 3203 706 3273 cujus
746 3202 991 3258 allectum
1043 3201 1150 3268 jam
1183 3199 1380 3254 dudum
1432 3200 1752 3268 pertinentii
1785 3243 1801 3267 ,

1910 1998 2098 2055 CXXV
2128 2017 2141 2050 :
2174 2001 2271 2065 Qui
2297 2002 2562 2065 seminam,
2589 2003 2777 2071 inquit,
2810 2003 2863 2056 in
2891 2003 3149 2074 lucrymis,
3194 2004 3249 2057 iu
3298 2003 3504 2057 exulta-

1912 2094 2043 2145 tione
2065 2090 2181 2164 (11)
2208 2102 2409 2147 metent.
2428 2094 2594 2149 l’orro
2618 2104 2722 2148 tant
2741 2096 3100 2150 exultantibtts
3126 2106 3179 2151 et
3206 2095 3507 2166 iucundita-

1913 2197 2018 2241 tem
2044 2186 2375 2255 capientibus
2403 2188 2541 2241 risus
2564 2188 2804 2253 accedit,
2853 2204 3009 2259 quam
3071 2189 3422 2244 lllll‘J’CﬂlibllS
3453 2199 3507 2245 et

1910 2279 2217 2335 dolentibus
2244 2280 2421 2335 Iletus.
2458 2279 2528 2333 lta
2563 2281 2785 2336 Creator
2817 2322 2832 2347 ,
2864 2283 3113 2337 materias
3168 2283 3305 2336 risus
3335 2292 3388 2336 et
3410 2282 3506 2338 lle-

1912 2384 1994 2426 tus
2024 2373 2321 2441 praedicans
2347 2416 2360 2433 .
2416 2375 2617 2427 risores
2657 2374 2930 2444 plorantes
2974 2374 3119 2443 prior
3144 2373 3295 2428 dixit.
3342 2374 3508 2445 lgitur

1908 2464 1994 2533 qui
2028 2479 2055 2518 a
2091 2463 2205 2533 (19.)
2234 2465 2596 2520 consolatione
2647 2464 2965 2534 pauperum,
3000 2474 3051 2521 et
3091 2464 3373 2520 humilium
3401 2508 3417 2531 ,
3449 2476 3505 2522 et.

1908 2557 2255 2609 esurientium
2282 2598 2296 2618 .
2338 2567 2389 2611 et
2415 2557 2652 2611 llentimn
2694 2572 2919 2613 exorsus
2965 2568 3085 2623 est,
3131 2560 3310 2614 statim
3341 2575 3400 2615 se
3432 2561 3499 2616 il-

1909 2648 2017 2702 lum
2051 2660 2436 2717 representare
2455 2651 2690 2720 gestivit,
2724 2667 2881 2720 quem
2913 2652 3381 2708 demonstraverat
3409 2670 3504 2725 per
3570 2654 3574 2657 “

1911 2744 2121 2799 Esaiam
2154 2744 2262 2817 (Is.
2299 2787 2312 2809 ,
2349 2746 2507 2810 LXI,
2538 2749 2558 2801 Al
2596 2749 2642 2813 ):
2696 2746 2921 2813 Spiritus
2949 2747 3155 2802 Domini
3197 2765 3349 2817 super
3387 2767 3503 2817 me,

1908 2847 2115 2905 prapter
2140 2838 2275 2906 quod
2298 2840 2441 2890 unxit
2470 2855 2549 2891 me
2572 2839 2640 2890 ad
2669 2840 3121 2909 euangelizandum
3174 2841 3503 2909 pauperibus.

1905 2925 2051 2980 Beati
2083 2928 2100 2997 (
2120 2925 2245 2980 Luc.
2282 2966 2297 2993 ,
2334 2927 2430 2996 Vl)
2477 2929 2692 2982 nwudici
2721 2970 2737 2995 ,
2771 2930 3011 2995 quoniam
3056 2930 3263 2984 illorum
3303 2941 3507 3002 estreg-

1907 3036 2027 3072 nunt
2044 3020 2305 3075 caelorum.
2364 3019 2503 3074 Misit
2550 3020 2672 3091 (Is.
2702 3063 2715 3087 ,
2747 3021 2861 3077 LXI
2898 3021 2916 3093 )
2949 3039 3027 3076 me
3074 3039 3257 3077 curare
3298 3023 3508 3078 obtritos

1907 3115 2077 3168 corde.
2100 3112 2247 3168 Beati
2274 3116 2291 3185 (
2321 3113 2447 3169 Lue.
2480 3115 2606 3187 )qui
2652 3118 2880 3169 esuriant
2905 3157 2919 3180 ,
2974 3116 3217 3185 quoniant
3260 3116 3359 3185 Ipsi
3388 3114 3505 3187 (l5)

1907 3210 2291 3262 satarabuntur.
2350 3212 2421 3277 (c)
2487 3210 2748 3265 Advocare
2801 3209 2951 3281 (Is.)
2992 3210 3308 3281 languentes.
3364 3209 3509 3265 Beati

204 3299 404 3369 quibus
434 3297 840 3367 repromittitur.
872 3295 1001 3349 Nam
1046 3294 1145 3349 etsi
1181 3303 1334 3363 putas
1372 3292 1639 3349 Creatoris
1683 3295 1797 3364 qui-
1830 3302 1875 3364 C
1910 3301 1929 3371 (
1956 3300 2075 3354 Luc.
2107 3305 2125 3370 )
2156 3304 2245 3372 qui
2302 3304 2542 3373 plorant,
2576 3305 2812 3372 quoniam
2868 3303 3119 3357 ridebunt.
3180 3306 3314 3358 Dare
3345 3303 3365 3376 (
3393 3302 3509 3375 Is.)

205 3391 325 3445 dem
358 3399 598 3443 terrenas
620 3386 1009 3456 promissiones
1036 3385 1200 3439 fuisse
1229 3426 1243 3450 ,
1281 3383 1480 3439 Christi
1537 3400 1663 3439 vero
1693 3401 1803 3439 cu:-

207 3483 411 3543 lestcs;
472 3480 608 3535 bene
660 3479 799 3549 quod
858 3478 1054 3533 emtum
1114 3476 1314 3531 nullius
1367 3476 1587 3531 alterius
1634 3493 1801 3549 usque

205 3573 383 3629 adhuc
412 3573 505 3628 Dei
538 3582 796 3643 apparet,
828 3571 929 3625 nisi
958 3570 1111 3639 cuius
1136 3578 1189 3625 et
1241 3580 1381 3624 terra
1408 3588 1422 3624 :
1478 3569 1615 3625 bene
1659 3572 1801 3641 quod

204 3667 431 3722 Creator
457 3666 539 3720 vel
568 3666 770 3720 minora
800 3664 1062 3734 promisit,
1097 3671 1155 3717 ttt
1184 3660 1391 3716 facilius
1422 3662 1494 3716 illi
1523 3672 1575 3716 et
1602 3662 1670 3717 de
1693 3679 1803 3743 ma-

203 3759 413 3827 joribus
444 3757 660 3813 credam
692 3799 707 3822 ,
744 3772 902 3827 quam
932 3757 1023 3826 qui
1067 3771 1337 3824 nunquam
1386 3755 1455 3810 de
1502 3756 1802 3812 minoribus

207 3851 352 3919 prius
384 3849 543 3904 fidem
572 3847 904 3902 liberalitatis
948 3861 1061 3901 sua:
1087 3848 1303 3901 struxit.
1330 3845 1479 3900 Beati
1502 3849 1802 3913 esurientes,

203 3940 447 4011 quoniam
465 3940 561 4004 ipsi
589 3938 666 4008 (ιι)
686 3936 1068 3992 saturabttntur.
1094 3937 1315 3991 Possem
1334 3936 1480 3991 hunc
1509 3938 1718 3991 titulum
1748 3938 1800 3994 in

206 4034 538 4106 superiorem
568 4033 948 4097 transmisisse,
982 4030 1123 4101 quod
1148 4047 1251 4085 non
1280 4031 1367 4085 alii
1405 4041 1529 4086 sunt
1555 4034 1801 4087 esurien-

205 4135 289 4182 tes
319 4169 334 4191 ,
364 4142 524 4198 quam
555 4140 815 4197 pauperes
841 4136 890 4180 et
923 4123 1176 4192 mendici,
1203 4124 1246 4178 si
1278 4139 1384 4179 non
1408 4133 1464 4179 et
1515 4125 1649 4179 hanc
1682 4141 1802 4195 pro-

208 4222 519 4278 missionem
538 4218 759 4275 Creator
774 4218 1077 4289 specialiter
1108 4219 1157 4271 in
1188 4217 1462 4289 Evangelii
1491 4219 1697 4273 scilicet
1720 4220 1802 4273 sui

210 4318 673 4386 przestructionem
716 4314 1057 4369 destinasset.
1090 4312 1363 4382 Siquidem
1400 4328 1495 4381 per
1539 4313 1752 4369 Esaiam
1783 4354 1799 4379 ,

207 4411 278 4467 de
305 4412 385 4467 eis
410 4427 544 4481 quos
574 4418 864 4464 vocaturos
900 4418 1088 4462 esseta
1121 4421 1332 4460 summo
1368 4413 1525 4461 terra:
1551 4449 1565 4473 ,
1621 4410 1803 4479 utique

208 4505 455 4559 nationes
481 4520 495 4559 :
522 4501 655 4556 Ecce
682 4543 697 4565 ,
732 4500 902 4571 inquit
935 4498 1051 4570 (Is.
1096 4540 1110 4562 ,
1144 4497 1183 4553 ν
1213 4542 1226 4564 ,
1254 4498 1325 4554 26
1352 4502 1370 4568 )
1400 4542 1416 4565 ,
1456 4501 1721 4568 relociter,
1757 4512 1803 4556 et

209 4598 291 4668 (5)
319 4597 494 4651 leviter
515 4596 814 4658 advenient,
848 4592 1112 4647 Velociter
1142 4632 1157 4659 ,
1201 4608 1302 4661 qua
1333 4590 1414 4661 (6)
1456 4605 1803 4663 praperantes

1908 3395 2190 3465 lugentibus
2238 3395 2411 3451 Siouis
2456 3398 2705 3467 gloriam,
2740 3409 2784 3449 ct
2812 3396 2858 3467 (1
2882 3396 2927 3465 1)
2957 3415 3049 3467 pro
3074 3398 3239 3451 cinere
3262 3398 3505 3467 unguenti

1896 3488 2289 3558 jucunditatem,
2324 3500 2371 3542 et
2427 3491 2606 3562 gloria:
2633 3490 2857 3542 habitum
2881 3506 2971 3559 pro
2992 3490 3175 3560 spiritu
3198 3491 3356 3543 ltl’dll.
3384 3491 3509 3547 lla'c

1906 3581 1950 3637 si
1991 3583 2167 3635 statim
2199 3582 2462 3636 admissus
2484 3583 2728 3637 Christus
2778 3576 3167 3637 administrarit
3199 3624 3213 3648 ,
3269 3592 3361 3636 aut
3384 3583 3497 3652 ipso

1908 3682 1991 3727 est
2018 3714 2033 3739 ,
2058 3674 2143 3744 qui
2174 3689 2232 3729 se
2256 3674 2320 3729 ad
2354 3674 2466 3727 huc
2495 3683 2777 3729 venturum
2802 3673 3106 3744 praedicavit
3137 3693 3150 3740 ;
3185 3686 3275 3729 aut
3300 3677 3342 3728 si
3375 3690 3509 3729 non-

1908 3764 2033 3818 dtttn
2064 3766 2210 3822 venit
2240 3767 2326 3836 qui
2354 3766 2662 3836 praedicarit
2687 3808 2699 3827 .
2746 3765 2974 3821 ridicule
3003 3809 3016 3829 ,
3063 3766 3156 3821 sed
3203 3766 3508 3821 necessarie

1908 3856 2181 3919 dixerim,
2244 3857 2470 3913 lortasse
2523 3857 2857 3912 mandaverit
2911 3857 3126 3914 Christo
3175 3858 3504 3916 Marcionis:

1913 3946 2057 4000 Beati
2083 3950 2222 4001 eritis
2252 3990 2264 4011 ,
2293 3964 2407 4000 cum
2436 3966 2521 4002 vos
2566 3951 2683 4002 atlio
2729 3949 2978 4002 Itabebtmt
3024 3950 3251 4005 homines
3276 3990 3292 4016 ,
3322 3961 3368 4004 et
3418 3966 3507 4005 ca:-

1910 4040 2220 4111 probrabttnt
2253 4082 2266 4104 ,
2294 4050 2339 4094 et
2366 4041 2567 4112 ejicient
2595 4058 2773 4095 nomen
2810 4051 3026 4095 vestrum
3050 4084 3062 4107 ,
3114 4044 3243 4097 celat
3285 4060 3507 4114 nequam

1908 4131 2022 4203 (15)
2052 4173 2065 4195 ,
2109 4143 2319 4201 propter
2344 4132 2507 4200 ﬁlium
2534 4132 2890 4188 ItominisHae
2913 4136 3351 4204 pronuntiatione
3388 4135 3507 4191 sine

1909 4223 2070 4277 dubio
2098 4226 2160 4276 ad
2180 4224 2515 4278 tolerantiam
2547 4224 2879 4280 ethtatur.
2909 4226 3046 4294 Quid
3076 4229 3255 4281 minus
3283 4225 3506 4284 Creator

1910 4331 2004 4386 per
2032 4316 2237 4371 Esaiam
2264 4315 2383 4385 (Is.,
2414 4316 2475 4369 LI
2503 4359 2517 4382 ,
2545 4314 2600 4387 7)
2631 4334 2643 4368 ;
2679 4315 2763 4370 Ne
2778 4317 3052 4370 metueritis
3089 4317 3417 4387 ignominiam
3443 4318 3507 4373 ab

1909 4410 2195 4463 hominibus
2224 4451 2237 4473 ,
2273 4418 2315 4462 et
2338 4410 2708 4477 nulliftCattone
2730 4424 2901 4461 eorum
2932 4426 2994 4462 ne
3030 4409 3350 4463 minuamini.
3374 4409 3506 4476 Qua:

1911 4501 2238 4572 ignominia?
2263 4519 2380 4571 qua‘
2403 4501 2756 4556 nulliliratio?
2785 4500 2915 4569 Quae
2948 4500 3125 4556 futura
3159 4510 3507 4570 eratproptet'

1911 4595 2079 4650 lilium
2131 4596 2380 4649 hominis.
2456 4594 2625 4660 Quem
2677 4595 2885 4649 istum?
2929 4595 3029 4661 Qui
3064 4604 3145 4647 est
3209 4593 3505 4649 secundum

209 4690 309 4745 sub
338 4687 531 4743 ﬁnibus
571 4697 903 4758 temporum;
939 4684 1129 4740 leviter
1161 4726 1176 4751 ,
1210 4699 1310 4754 qua
1339 4684 1418 4754 (7)
1473 4684 1588 4738 sine
1618 4688 1797 4742 oneri-
1827 4698 1878 4755 Ῐ)
1904 4686 2233 4742 Creatorem.
2263 4686 2414 4743 Unde
2444 4686 2825 4755 probabimus?
2857 4686 3080 4741 Excidio
3108 4685 3158 4740 in
3182 4687 3350 4758 ipsum
3369 4700 3505 4757 quo-

1467 4796 1850 4855 LECTIONES
1885 4800 2299 4857 VARlANTES.

298 4944 346 5006 1)
366 4942 538 4995 Coram
564 4940 671 5006 ipso
711 4937 866 4987 Frau.
1042 4995 1052 5005 _

295 4996 343 5067 2)
364 5006 554 5067 Utique
578 4996 807 5067 integrae
830 5012 918 5067 suo
936 4996 1106 5067 _omitt.
1129 4996 1278 5047 Sentl.

294 5059 346 5128 5)
372 5059 543 5118 Solatii
585 5060 688 5128 ltig.
712 5059 903 5128 Punici.
936 5064 1101 5111 Venet.

297 5124 349 5195 4)
370 5130 474 5195 Β)δὶ
513 5124 835 5195 οῃιὶιιῖᾅεειῃι.

314 5187 344 5242 il
369 5187 433 5242 Et
470 5187 620 5242 omitt.
643 5187 793 5240 Seml.

292 5251 346 5319 6)
371 5254 499 5315 Quia
536 5251 684 5319 Sami.

293 5312 346 5377 7)
373 5312 495 5376 Quia
531 5312 684 5365 Seml.

293 5384 345 5444 8)
367 5380 461 5440 Qui
508 5381 680 5430 Venet.

1995 4936 2046 4999 9)
2074 4936 2461 4987 Oblectabuntur
2492 4934 2700 4999 Obertlt.

2000 4996 2067 5062 l0)
2099 5000 2393 5062 lixttltabunt
2413 5001 2459 5047 it:
2480 4998 2782 5061 jucunditate
2807 4996 3004 5050 Obertlt.

1996 5056 2071 5124 11)
2101 5062 2285 5113 Gaudio
2307 5056 2373 5109 al.

2000 5126 2075 5185 I2)
2102 5126 2225 5183 Quia
2250 5124 2398 5185 Πήρη.

1973 5184 2075 5257 ζ
2101 5187 2195 5257 ipsi
2215 5184 2539 5257 otttitl.nSetttl.

2002 5191 2075 5313 15)
2103 5191 2195 5257 Ipsi
2215 5191 2358 5255 ottutt.
2390 5191 2501 5235 Sent

2002 5250 2055 5313 11
2101 5250 2157 5313 lat
2179 5255 2326 5313 ontttt.
2352 5250 2503 5313 Fran.

2002 5248 2075 5313 14)
2101 5248 2157 5297 Et
2179 5248 2326 5296 ontitt.
2352 5250 2486 5298 Fran

1974 5248 2076 5375 (15)
2102 5310 2275 5359 Malunt
2298 5311 2486 5361 Patttcl.

1579 5473 2132 5537 COMMENTARIUS.

281 5619 611 5698 (a)Busiliis.
649 5616 855 5698 ldest,
898 5611 1053 5698 libris
1077 5610 1283 5691 [legum
1311 5606 1565 5698 ,anihu's
1616 5607 1790 5698 a'dnu-

203 5679 383 5753 merat
427 5692 621 5748 Noster
667 5688 826 5742 etiam
879 5687 1012 5741 duos
1039 5685 1270 5751 primos,
1326 5679 1588 5753 Samuelis
1616 5679 1794 5734 dictos

202 5750 543 5823 llebraiis
569 5802 583 5823 ,
630 5768 789 5829 atque
816 5758 937 5831 inde
968 5771 993 5807 a
1026 5750 1471 5831 ιῖιτξζοβῑίῃιιίὴξιδ.
1502 5750 1633 5831 Ιθῖιιρἶ

283 5819 364 5911 (Β)
393 5819 457 5890 ις)
484 5819 647 5887 ναίετε
675 5819 1003 5884 concilientur
1028 5867 1042 5890 ,
1097 5825 1217 5911 dicit
1249 5821 1517 5911 Donatius.
1571 5819 1797 5911 ‘\_'itle!ur

204 5894 426 5984 legisse,
478 5910 878 5976 διαλιέιχοωμενς
927 5913 1046 5954 naut
1094 5896 1182 5951 alii
1235 5901 1486 5961 vertunt,
1549 5894 1797 5961 discepte-

1913 5630 2023 5667 ttms
2056 5656 2068 5678 ,
2104 5615 2339 5682 legentes
2370 5620 2705 5684 Eta‘t.-zt}tau:v.
2735 5614 2811 5669 LE
2841 5615 2941 5670 Pa.

1980 5686 2055 5755 (cl
2092 5687 2355 5739 .ltluocare
2379 5689 2693 5758 langttentcs.
2728 5688 3007 5742 Advocato
3050 5701 3145 5757 pro
3184 5686 3448 5744 cxtttSttlari
3479 5730 3494 5752 ,

1900 5767 1954 5809 ct
1983 5760 2304 5830 advocatum
2341 5773 2499 5823 agere
2548 5760 2905 5824 langemntium
2938 5801 2952 5825 ,
3004 5775 3158 5830 quem
3210 5759 3325 5830 ipse
3350 5769 3499 5816 vocat

1904 5830 2069 5897 infra,
2102 5828 2501 5886 advocalot'em.
2541 5830 2713 5886 litttzts.
