4268 6492
232 404 338 460 389

1333 404 1462 458 LIB.
1508 402 1569 457 lV'
1615 396 1981 457 ADVERSUS
2021 398 2448 456 MARCIONEM.

3428 402 3535 459 590

219 513 461 569 mendico
486 526 533 569 et
563 515 775 584 pauperi
801 556 814 578 ,
853 524 899 569 et
929 515 1127 569 animus
1158 531 1439 585 pauperum
1466 514 1630 569 saluus
1661 513 1827 580 faciet.
1862 511 1912 570 Λ
1942 509 2039 562 bus
2064 527 2110 579 pt
2131 512 2300 566 istinc
2334 514 2486 583 legis.
2528 512 2643 565 Non
2674 516 2893 568 esuriem
2932 558 2944 581 ,
2972 533 3130 587 neque
3157 517 3324 571 siticnt
3353 532 3371 570 :
3403 530 3535 587 ergo

238 607 324 661 EI
352 624 510 661 usura
533 619 579 663 et
608 608 859 675 injustitiu
889 608 1095 662 redimet
1122 624 1291 660 eorum
1319 607 1544 667 animus,
1577 614 1622 657 et
1671 604 1834 657 Itono-

237 717 409 753 ramut
444 717 626 754 nomen
665 716 838 755 eorum
885 701 938 753 in
992 709 1263 766 conspectu
1316 700 1475 767 ipsius
1530 697 1611 765 (l)
1638 734 1651 747 .
1703 694 1833 748 Item

237 790 376 860 (Ps.
436 792 500 846 IX
533 834 547 857 ,
607 793 673 847 18
702 793 767 861 ):
822 790 1127 846 Arertautur
1174 800 1457 855 peccatores
1500 790 1553 842 in
1602 788 1789 855 inferos
1816 826 1832 852 ,

237 901 415 938 omnes
451 885 679 937 nationes
714 900 830 953 qua:
886 884 977 937 Dei
999 883 1396 949 obliviscuntur,
1437 884 1673 952 quoniam
1734 897 1835 934 non

240 979 293 1030 in
328 976 481 1045 liuent
509 977 745 1031 oblivioni
769 978 1032 1032 habebitur
1071 978 1368 1031 mendicus:
1402 976 1667 1030 tolerantia
1709 991 1836 1042 pau-

234 1086 412 1141 perum
448 1086 549 1124 non
580 1070 758 1139 peribit
790 1070 839 1122 in
863 1072 1035 1137 ﬁnem.
1097 1068 1265 1140 ltent(
1298 1067 1389 1122 Ps.
1462 1065 1602 1121 CXII
1634 1109 1649 1131 ,
1706 1066 1783 1135 ὕ)
1818 1084 1831 1120 :

239 1164 371 1230 Quis
397 1165 527 1217 sicut
557 1162 691 1219 Deus
721 1173 890 1218 noster
916 1204 929 1229 ,
963 1165 1047 1233 qui
1072 1164 1263 1217 Itabitat
1293 1164 1343 1216 in
1375 1162 1584 1215 excelsis
1610 1202 1625 1226 ,
1675 1170 1718 1213 et
1740 1161 1836 1213 ltit-

236 1259 383 1311 ntilia
412 1267 695 1327 prospectat
726 1258 779 1311 iu
807 1257 933 1311 cwlo
963 1268 1011 1310 et
1041 1258 1091 1309 in
1124 1256 1301 1309 terra?
1330 1254 1430 1319 Qui
1457 1255 1665 1309 suscitat
1690 1270 1833 1307 men-

236 1350 490 1405 dicumtle
513 1360 646 1404 terra
675 1391 689 1411 ,
730 1365 777 1403 et
808 1350 870 1403 tle
912 1360 1133 1403 stercore
1159 1349 1353 1402 exaltat
1394 1364 1670 1417 pauperem
1699 1389 1713 1412 ,
1760 1345 1833 1398 uti

233 1444 412 1497 sedere
431 1460 543 1497 eum
587 1442 742 1515 faciat
775 1459 887 1495 cum
918 1441 1230 1512 principibus
1286 1440 1504 1509 papuli;
1552 1440 1731 1509 utique
1779 1438 1829 1491 itt

237 1553 541 1609 regttusuo.
594 1535 683 1590 Sic
737 1545 789 1589 et
835 1546 977 1589 retro
1010 1534 1063 1587 in
1098 1531 1302 1587 Basiliis
1325 1532 1403 1601 (ιι)
1436 1573 1449 1597 ,
1484 1532 1634 1585 Anna
1665 1539 1835 1585 mater

236 1631 509 1686 Samuelis
532 1672 547 1695 ,
577 1630 767 1698 Spiritu
791 1627 1017 1698 gloriam
1040 1625 1151 1681 Deo
1184 1624 1412 1680 reddens
1442 1642 1454 1677 :
1492 1624 1626 1689 Qui,
1665 1623 1835 1693 inqttit

236 1722 290 1792 (I
322 1721 447 1793 Reg.
482 1762 497 1786 ,
530 1720 571 1775 ll
600 1762 615 1787 ,
646 1723 679 1774 8
709 1721 726 1788 )
753 1761 768 1784 ,
798 1721 983 1772 excitat
1016 1733 1286 1787 pauperem
1317 1717 1379 1770 tle
1400 1726 1532 1768 terra
1560 1757 1575 1781 ,
1604 1726 1649 1768 et
1687 1731 1831 1767 men-

237 1816 444 1878 dicum,
503 1814 577 1868 uti
597 1814 770 1867 sedere
818 1828 932 1866 eum
980 1812 1134 1881 faciat
1193 1826 1305 1863 cum
1335 1809 1564 1879 dynastis
1610 1810 1831 1878 populi;

1940 604 2318 659 saturabuntur
2346 624 2358 671 ;
2388 607 2526 675 quid
2560 612 2741 677 utique
2770 609 2870 662 nisi
2893 610 3249 664 esurientilms
3276 625 3323 663 et
3345 609 3534 663 sitien-

1943 695 2086 749 tibus
2107 711 2211 753 non
2248 698 2589 766 promittitur.
2625 699 2691 753 Et
2724 701 2950 770 rursus(
2981 699 3057 755 Is.
3094 743 3109 767 ,
3157 700 3291 755 LXV
3324 744 3339 766 ,
3376 698 3486 771 15)
3517 716 3532 755 :

1939 784 2072 840 Ecce
2096 829 2109 853 ,
2167 789 2336 859 inqtut
2362 832 2377 856 ,
2419 792 2505 861 qui
2534 792 2753 845 serviunt
2783 793 2908 845 milii
2934 834 2948 859 ,
2996 792 3398 858 saturubuntur;
3448 807 3535 847 vos

1936 890 2104 933 autem
2132 883 2364 936 esurietis
2396 899 2414 948 ;
2441 899 2557 936 ecce
2609 886 2692 946 qui
2714 886 2936 937 serviunt
2986 885 3109 937 milii
3142 925 3155 950 ,
3184 883 3351 938 bibent
3384 900 3402 948 ,'
3446 898 3534 937 ros

1938 985 2105 1025 autem
2133 975 2337 1030 sitietis.
2370 976 2677 1032 Videbimus
2698 988 2752 1033 et
2772 981 3035 1033 contraria
3065 977 3163 1032 ista
3186 1019 3199 1041 ,
3222 995 3284 1031 an
3314 977 3534 1035 Christo

1940 1066 2427 1133 prmuinistrentur
2456 1087 2469 1122 :
2497 1070 2710 1125 interim
2729 1071 2871 1140 quod
2897 1071 3251 1125 esurientibus
3274 1070 3531 1125 saturita-

1942 1165 2048 1210 tettt
2080 1161 2404 1228 reprotnittit
2433 1202 2446 1227 ,
2484 1162 2574 1216 Dei
2606 1165 2868 1219 creatoris
2888 1172 2988 1218 est.
3032 1161 3176 1217 Beati
3228 1164 3484 1232 plorantes
3508 1204 3524 1231 ,

1936 1249 2055 1315 quia
2082 1248 2158 1319 (8)
2206 1250 2461 1305 ridebunt.
2503 1254 2735 1310 llecurre
2779 1258 3100 1310 sententiam
3138 1256 3308 1310 Esaia:
3354 1254 3372 1327 (
3406 1255 3477 1309 Is.
3514 1297 3529 1321 ,

1935 1341 2075 1398 LXV
2100 1385 2115 1410 ,
2150 1346 2238 1413 15)
2271 1365 2283 1399 :
2316 1345 2448 1401 Ecce
2469 1350 2553 1418 qui
2584 1352 2805 1402 serviunt
2846 1350 2969 1403 milii
2995 1393 3008 1415 ,
3038 1350 3331 1404 ea'ultabunt
3366 1350 3418 1403 in
3444 1352 3535 1418 iu-

1936 1438 2198 1493 cunditate
2221 1439 2300 1510 (9)
2334 1458 2346 1504 ;
2381 1457 2465 1496 vos
2491 1454 2658 1496 autem
2710 1444 3108 1515 confundentini.
3158 1443 3288 1498 Ecce
3315 1446 3400 1515 qui
3420 1462 3532 1499 ser-

1935 1535 2074 1587 uiunt
2116 1537 2236 1588 mihi
2289 1537 2670 1591 oblectabantur
2696 1538 2811 1609 (l0)
2846 1556 2859 1601 ;
2920 1553 3005 1592 ros
3033 1548 3197 1591 autem
3252 1538 3533 1593 clamabitis

1939 1644 2047 1696 pro:
2073 1628 2251 1683 dolore
2276 1631 2463 1684 cordis.
2523 1630 2589 1684 Et
2637 1634 2748 1687 lia'c
2779 1634 3042 1687 contraria
3069 1632 3208 1702 apud
3261 1633 3532 1689 Christum

1937 1737 2287 1792 recognosce.
2314 1724 2474 1779 Certe
2507 1725 2796 1779 oblectatio
2841 1736 2891 1780 et
2914 1728 3171 1781 exultatio
3197 1728 3245 1780 in
3286 1727 3536 1797 jucundi-

1937 1825 2047 1870 tate
2074 1816 2179 1869 illis
2222 1818 2586 1886 promittitur,
2616 1817 2705 1888 qui
2729 1820 2778 1871 in
2811 1818 3020 1873 diversa
3049 1818 3358 1874 Conditioue
3384 1827 3531 1888 sunt,

238 1908 423 1977 utique
452 1908 501 1960 in
545 1921 710 1975 regno
749 1920 847 1959 suo
877 1902 956 1977 ('2)
985 1920 999 1956 :
1027 1903 1142 1958 etin
1171 1902 1365 1955 tlironis
1402 1902 1577 1971 gloriw
1604 1918 1621 1963 ;
1654 1902 1833 1970 Illique
1865 1900 1912 1968 Β
1943 1908 2148 1962 maestis
2180 1946 2193 1969 ,
2226 1918 2275 1961 et
2308 1908 2547 1962 tristibus
2576 1952 2586 1970 ,
2620 1921 2673 1963 et
2707 1910 2880 1966 anxiis
2906 1951 2918 1973 ,
2950 1910 3155 1964 srilieet
3201 1911 3363 1965 etiam
3389 1910 3528 1965 Psal.

236 2001 521 2073 regalibus.
544 2001 642 2055 Per
657 2000 866 2054 Esaiam
886 2013 1012 2052 vero
1044 1997 1168 2068 (ls.,
1198 1994 1287 2061 Ill,
1318 1994 1429 2067 l3),
1450 1996 1718 2065 qumnodo
1750 1998 1829 2048 itt-

236 2097 449 2150 \‘8llilUl'
481 2096 531 2148 in
565 2101 844 2149 vexatores
893 2106 1183 2161 egenorum
1214 2090 1237 2142 ?
1276 2087 1374 2142 Vos
1394 2099 1561 2142 autem
1614 2088 1681 2141 ad
1710 2088 1833 2151 quid

235 2187 505 2241 incentlitis
552 2187 751 2240 vineam
800 2201 1000 2249 meam,
1031 2192 1075 2237 et
1104 2187 1287 2252 rapina
1335 2182 1548 2234 mendici
1587 2183 1638 2234 in
1670 2182 1832 2235 domi-

237 2281 330 2334 bus
357 2281 533 2333 vestris
558 2280 582 2333 ?
606 2279 709 2333 Cur
736 2295 822 2332 vos
851 2278 1035 2331 laulitis
1063 2276 1306 2346 p0pulum
1336 2292 1501 2330 uteum
1530 2317 1543 2336 .
1572 2286 1617 2329 et
1642 2276 1832 2344 facient

238 2372 583 2425 ntendicorum
615 2370 968 2441 confunditis?
993 2378 1046 2423 et
1079 2384 1260 2421 rursus
1307 2366 1420 2434 (Is.
1455 2408 1470 2433 ,
1493 2365 1541 2419 Χ
1567 2408 1581 2430 ,
1614 2368 1666 2437 1)
1692 2384 1703 2417 :
1748 2366 1833 2421 Va:

235 2466 323 2536 qui
350 2466 575 2519 scribunt
629 2463 945 2533 nequitiam;
984 2458 1254 2513 scribentes
1303 2460 1434 2511 enim
1468 2459 1689 2512 scribunt
1742 2475 1829 2511 ue-

236 2575 389 2629 quam
418 2598 429 2622 ,
461 2557 675 2609 vitantes
693 2554 891 2623 judicia
922 2552 1270 2605 memlicorum
1299 2591 1314 2614 ,
1347 2560 1393 2602 et
1428 2548 1828 2619 diripieutesju-

237 2652 404 2703 dicata
437 2665 717 2719 pauperum
742 2645 920 2718 populi
946 2646 1059 2699 mei.
1092 2646 1221 2711 Qua:
1244 2644 1442 2714 judicia
1476 2645 1832 2714 pupillisque-

235 2760 341 2815 quc
368 2755 423 2798 ct
453 2740 623 2797 viduis
662 2743 857 2811 exigit,
910 2749 968 2796 ut
996 2750 1049 2795 et
1074 2740 1203 2810 ipsis
1247 2741 1429 2809 egenis
1470 2740 1654 2794 solatia
1707 2742 1783 2807 (5)
1814 2778 1828 2793 .

235 2834 475 2891 Judicate
501 2834 718 2904 pupillo.
743 2833 945 2902 etjusfe
974 2842 1187 2884 tractate
1216 2831 1420 2883 viduam
1454 2829 1555 2902 (Is.
1590 2873 1606 2897 ,
1631 2830 1681 2894 Ι,
1715 2832 1827 2902 17),

237 2928 313 2999 (b)
352 2938 398 2981 ct
449 2927 612 2980 venite
641 2925 1000 2988 conciliemur,
1032 2924 1153 2976 dicit
1190 2921 1457 2976 Dominus.
1509 2923 1604 2977 Cui
1654 2932 1830 2978 tantus

236 3022 461 3078 allectus
482 3021 534 3074 in
565 3035 779 3074 onmem
820 3017 1183 3072 conditionem
1238 3016 1554 3070 humilitatis
1605 3016 1830 3071 Creato-

234 3121 312 3172 ris
337 3126 415 3170 est
441 3155 459 3182 ,
491 3113 606 3184 ejus
630 3112 733 3168 erit
763 3122 814 3168 et
836 3127 1058 3183 regnum
1087 3109 1230 3181 quod
1252 3125 1279 3163 a
1299 3108 1515 3164 Christo
1547 3110 1831 3179 repromitv

233 3209 412 3270 titur;
460 3207 526 3261 ad
580 3205 734 3275 cujus
773 3204 1019 3260 allectum
1071 3203 1178 3270 jam
1210 3201 1407 3256 dudum
1459 3202 1779 3270 pertinentii
1812 3243 1829 3268 ,

1935 1998 2124 2055 CXXV
2154 2016 2166 2050 :
2200 2000 2298 2065 Qui
2323 2001 2588 2063 seminam,
2615 2002 2804 2070 inquit,
2838 2002 2889 2055 in
2918 2002 3175 2073 lucrgmis,
3221 2004 3275 2055 in
3325 2001 3531 2057 exulta-

1939 2095 2069 2146 tionc
2090 2090 2207 2163 (11)
2234 2101 2435 2147 nteteut.
2455 2093 2621 2147 l’orro
2644 2103 2749 2147 tam
2768 2095 3127 2149 exultautihus
3153 2105 3205 2149 et
3233 2093 3535 2165 juettnditav

1939 2197 2044 2241 tem
2069 2186 2402 2255 Cut'itrlttibtls
2430 2188 2569 2241 risus
2591 2187 2831 2252 accedit,
2880 2204 3036 2258 quant
3098 2188 3449 2243 intercutibus
3480 2197 3534 2243 et

1936 2280 2244 2334 dolentibus
2271 2279 2448 2335 ﬂetus.
2485 2278 2555 2333 Ita
2590 2280 2812 2335 Creator
2844 2321 2859 2346 ,
2891 2282 3140 2335 materias
3195 2282 3332 2335 risus
3362 2290 3414 2335 et
3437 2280 3533 2336 lle-

1938 2384 2020 2426 tus
2050 2373 2387 2441 praedicans.
2442 2374 2645 2427 tisuros
2685 2374 2957 2444 plorantes
3001 2373 3322 2443 priordixit.
3368 2374 3535 2444 Igitur

1934 2464 2020 2533 qui
2055 2480 2081 2517 a
2117 2464 2231 2534 (l2)
2260 2465 2623 2520 c0u5olatione
2674 2463 2992 2535 pauperum,
3026 2474 3079 2520 et
3119 2463 3399 2519 humilium
3427 2506 3443 2530 ,
3476 2474 3532 2520 et

1934 2557 2281 2610 esurientium
2309 2599 2323 2618 .
2365 2568 2415 2611 et
2443 2558 2680 2612 ﬂentium
2722 2572 2946 2612 exorsus
2992 2567 3073 2611 est
3098 2598 3112 2622 ,
3159 2558 3337 2612 statim
3368 2574 3426 2614 se
3458 2559 3525 2614 il-

1937 2649 2044 2703 lttnt
2078 2661 2463 2718 representare
2482 2651 2718 2719 gestivit,
2752 2666 2908 2720 quem
2940 2651 3407 2706 demonstraverat
3436 2668 3530 2723 per
3598 2652 3599 2655 “

1939 2744 2148 2799 Esaiam
2182 2744 2289 2818 (Is.
2326 2787 2339 2809 ,
2376 2745 2535 2810 LXI,
2568 2748 2586 2801 1
2625 2749 2671 2814 )τ
2724 2747 2947 2812 Spiritus
2976 2746 3182 2801 Domini
3225 2764 3376 2816 super
3414 2765 3530 2815 me,

1936 2848 2142 2905 propter
2168 2838 2302 2906 quod
2325 2840 2468 2891 unxit
2498 2855 2577 2890 me
2601 2840 2668 2889 ad
2697 2839 3148 2908 euangelizandum
3201 2839 3530 2907 pauperibus.

1932 2925 2079 2980 Beati
2111 2925 2272 2997 (Luc.
2309 2966 2324 2993 ,
2361 2927 2421 2981 νι
2442 2928 2458 2997 )
2505 2929 2719 2981 mendici
2749 2969 2764 2994 ,
2799 2929 3037 2995 quoniam
3083 2929 3289 2983 illorum
3329 2940 3534 3001 estreg-

1934 3036 2054 3072 num
2072 3021 2332 3075 caelorum.
2391 3019 2531 3074 Misit
2578 3020 2699 3091 (Is.
2729 3062 2742 3086 ,
2774 3020 2889 3076 LXI
2925 3020 2943 3092 )
2976 3038 3054 3074 me
3102 3038 3283 3076 curare
3325 3022 3534 3077 obtritos

1934 3115 2105 3169 corde.
2127 3112 2274 3168 Beati
2301 3115 2318 3185 (
2349 3113 2475 3169 Lue.
2508 3115 2633 3186 )qui
2679 3117 2908 3168 esuriant
2932 3156 2946 3179 ,
3001 3114 3245 3185 quoniam
3288 3115 3386 3185 ipsi
3415 3114 3532 3185 (1⁸5)

1935 3210 2319 3263 saturabuntur.
2378 3210 2449 3277 (ε)
2515 3209 2776 3264 Αιιυοεηνε
2829 3207 2978 3280 (Is.)
3020 3209 3335 3280 languentes.
3392 3208 3536 3265 Beati

230 3301 432 3371 quibus
463 3299 868 3369 repromittitur.
900 3296 1029 3350 Nam
1074 3296 1173 3349 etsi
1208 3306 1362 3364 putas
1400 3294 1667 3350 Creatoris
1710 3295 1825 3365 qui-
1857 3303 1902 3365 C
1938 3301 1957 3373 (
1984 3301 2103 3355 Luc.
2134 3305 2153 3371 )
2184 3303 2272 3371 qui
2330 3303 2531 3373 plorant
2557 3345 2570 3365 ,
2603 3304 2841 3372 quoniam
2895 3302 3147 3357 ridebunt.
3207 3306 3342 3357 Dare
3373 3302 3392 3375 (
3420 3301 3536 3373 Is.)

232 3393 357 3447 dem
389 3401 626 3445 terrenas
648 3388 1037 3458 promissiones
1064 3386 1228 3440 fuisse
1257 3427 1271 3452 ,
1308 3385 1508 3441 Christi
1565 3402 1691 3440 vero
1720 3402 1830 3440 ca:-

234 3485 439 3545 lestcs;
500 3482 636 3537 bene
687 3481 827 3551 quod
886 3480 1082 3535 emittm
1142 3478 1342 3533 nullius
1395 3477 1615 3533 alterius
1661 3494 1829 3549 usque

232 3574 411 3631 adhuc
441 3575 535 3630 Dei
566 3583 824 3645 apparet,
856 3572 958 3627 nisi
986 3571 1139 3640 cuius
1165 3579 1218 3626 et
1269 3581 1409 3625 terra
1436 3589 1450 3625 :
1506 3570 1643 3625 bene
1686 3572 1829 3640 quod

231 3669 460 3724 Creator
486 3668 566 3722 vel
596 3667 798 3721 minora
829 3664 1091 3736 promisit,
1125 3672 1183 3717 ttt
1212 3661 1419 3717 facilius
1450 3663 1522 3717 illi
1550 3673 1603 3717 et
1630 3663 1697 3718 de
1720 3680 1831 3743 ma-

230 3760 443 3829 joribus
473 3759 689 3815 credam
720 3801 735 3824 ,
772 3774 930 3828 quam
961 3758 1052 3827 qui
1097 3771 1366 3824 nunquam
1415 3756 1483 3811 de
1530 3757 1830 3813 minOrihus

234 3852 384 3921 prius
414 3851 571 3906 ﬁdem
600 3848 932 3904 liberalitatis
976 3862 1090 3902 sua:
1116 3848 1331 3902 struxit.
1360 3846 1507 3901 Beati
1530 3850 1829 3913 esurientes,

230 3942 476 4012 quoniam
493 3941 589 4005 ipsi
618 3940 695 4009 (ιι)
716 3938 1097 3994 saturubuntur.
1122 3937 1344 3992 Possem
1369 3936 1509 3991 hunc
1538 3939 1745 3993 titulum
1776 3939 1827 3995 iit

234 4036 567 4107 superiorem
597 4034 977 4099 transmisisse,
1011 4032 1280 4103 quodnon
1308 4032 1396 4086 alii
1435 4042 1558 4087 sunt
1584 4034 1828 4089 esurien-

234 4136 320 4183 tes
352 4170 366 4192 ,
395 4143 554 4199 quam
583 4142 843 4198 pauperes
870 4137 920 4181 et
951 4124 1205 4193 mendici,
1233 4125 1275 4179 si
1307 4140 1413 4179 non
1438 4134 1493 4180 et
1545 4126 1679 4180 hanc
1710 4141 1830 4195 pro-

237 4223 548 4279 missionem
568 4219 789 4277 Creator
804 4220 1106 4290 specialiter
1137 4220 1185 4273 in
1218 4218 1491 4289 Evangelii
1520 4220 1726 4273 scilicet
1748 4220 1830 4274 sui

239 4319 702 4388 prmstruetioucm
745 4315 1086 4370 destinasset.
1119 4313 1393 4383 Siquidem
1430 4328 1524 4381 per
1570 4313 1781 4369 Esaiam
1812 4354 1827 4379 ,

235 4413 308 4469 de
336 4413 416 4468 eis
441 4428 574 4482 quos
605 4418 893 4465 vocaturus
929 4418 1117 4462 esscta
1150 4422 1361 4461 summo
1398 4414 1555 4461 terrae
1581 4448 1595 4473 ,
1651 4410 1832 4477 utique

237 4507 485 4561 nationes
511 4522 526 4561 :
553 4503 684 4558 Ecce
712 4544 726 4565 ,
761 4500 931 4572 inquit
965 4499 1080 4571 (Is.
1126 4541 1139 4563 ,
1173 4498 1213 4553 V
1242 4542 1255 4565 ,
1283 4499 1354 4554 26
1381 4502 1399 4569 )
1430 4542 1445 4566 ,
1485 4500 1751 4566 relociter,
1786 4511 1832 4554 et

236 4600 323 4670 (5)
352 4599 524 4652 leviter
544 4597 843 4660 advenient,
878 4593 1141 4648 Velociter
1171 4633 1187 4660 ,
1230 4608 1332 4661 qua
1362 4591 1443 4661 (6)
1484 4604 1833 4662 [imperantes

1935 3395 2218 3466 lugentibus
2264 3395 2439 3451 Siouis
2483 3397 2697 3466 gloriam
2720 3438 2733 3462 ,
2768 3408 2812 3449 ct
2840 3394 2955 3467 (li)
2986 3414 3077 3465 pro
3101 3398 3267 3451 cinere
3290 3397 3533 3467 unguenti

1923 3489 2317 3558 juruuditatem,
2351 3500 2400 3543 et
2455 3490 2634 3561 gloria:
2662 3490 2884 3541 habitum
2909 3505 3001 3559 pro
3021 3489 3202 3559 spiritu
3226 3490 3383 3542 ta'tlii.
3412 3490 3536 3546 Ilico

1934 3582 1977 3637 si
2018 3583 2195 3636 statim
2227 3582 2490 3636 admissus
2512 3582 2756 3637 Christus
2806 3576 3196 3637 adminiSIr-avit
3227 3622 3241 3647 ,
3296 3591 3388 3635 aut
3411 3582 3526 3652 ipse

1936 3683 2018 3727 est
2045 3715 2060 3739 ,
2086 3674 2171 3744 qui
2202 3689 2260 3729 se
2284 3674 2348 3728 ad
2382 3674 2494 3727 huc
2524 3682 2805 3729 venturum
2830 3672 3135 3743 praedicavit
3166 3691 3179 3738 ;
3214 3685 3303 3727 aut
3328 3676 3369 3727 si
3402 3689 3537 3728 non-

1935 3765 2061 3819 dtntt
2092 3766 2239 3823 venit
2267 3767 2354 3836 qtti
2381 3766 2690 3836 praedicavit.
2715 3807 2727 3827 .
2774 3764 3003 3819 ridicule
3032 3808 3045 3828 ,
3092 3765 3185 3819 sed
3232 3765 3536 3821 necessarie

1936 3856 2161 3911 dixerim
2196 3899 2209 3918 ,
2272 3858 2499 3912 lortasse
2552 3857 2885 3911 mandaverit
2940 3856 3156 3914 Christo
3204 3857 3532 3915 Marcionis:

1870 4004 1873 4009 ,
1941 3947 2084 4001 Beati
2112 3950 2249 4003 eritis
2280 3991 2292 4013 ,
2321 3966 2435 4001 cum
2464 3965 2550 4002 vos
2595 3951 2712 4002 orlio
2758 3949 3007 4003 habebunt
3053 3950 3279 4004 homines
3304 3989 3320 4015 ,
3350 3960 3396 4004 et
3447 3966 3535 4004 ea:-

1937 4042 2247 4111 probrabunt
2281 4084 2294 4105 ,
2322 4052 2367 4095 et
2394 4042 2595 4112 ejicient
2623 4058 2802 4095 nomen
2839 4052 3055 4095 vestrum
3079 4084 3091 4107 ,
3143 4044 3272 4098 relut
3314 4059 3535 4113 nequam

1936 4132 2051 4204 (15)
2081 4174 2093 4195 ,
2138 4144 2346 4201 propter
2371 4134 2534 4201 ﬁlium
2562 4133 2919 4188 lwminisllae
2942 4135 3380 4204 pronuntiatione
3417 4135 3536 4190 sine

1937 4224 2099 4278 dubio
2126 4224 2543 4279 ailtolerantiam
2575 4224 2908 4280 exhortatur.
2938 4227 3075 4294 Quid
3105 4229 3283 4280 minus
3311 4224 3535 4283 Crealor

1938 4332 2032 4386 per
2060 4316 2266 4371 Esaiam
2292 4315 2412 4385 (ls.,
2443 4316 2506 4370 LI
2532 4360 2545 4383 ,
2574 4315 2629 4388 7)
2660 4335 2672 4369 ;
2709 4315 2792 4370 Ne
2808 4317 3080 4370 metueritis
3118 4317 3447 4386 ignominiam
3473 4317 3537 4371 ab

1937 4410 2224 4462 hominibus
2253 4451 2266 4473 ,
2301 4419 2344 4462 et
2367 4410 2737 4478 nulli/icattone
2760 4425 2930 4461 eorum
2961 4425 3023 4461 ne
3058 4408 3379 4462 minuamini.
3404 4407 3536 4475 Qua:

1940 4501 2267 4571 ignominia?
2292 4519 2409 4571 quae
2432 4502 2785 4555 nulliliratio?
2815 4500 2945 4569 Qua:
2978 4499 3154 4555 futura
3188 4508 3537 4569 eratproplet‘

1940 4594 2107 4649 lilittttt
2161 4595 2409 4649 hominis.
2486 4594 2654 4659 Quem
2706 4595 2915 4648 istum?
2959 4594 3057 4661 Qui
3093 4603 3174 4646 est
3238 4592 3535 4647 secundum

237 4691 342 4746 sub
371 4689 561 4744 finibus
600 4699 932 4759 temporum;
968 4685 1159 4741 leviter
1190 4727 1206 4752 ,
1240 4700 1338 4755 qua
1368 4685 1447 4755 (7)
1502 4684 1618 4739 sine
1647 4687 1827 4740 oneri-
1856 4696 1908 4754 Ῑ)
1934 4686 2263 4741 Creatorem.
2292 4686 2444 4742 Unde
2474 4686 2855 4755 probabimus?
2887 4685 3109 4741 Excidio
3137 4684 3187 4739 itt
3210 4685 3380 4756 ipsum
3399 4698 3535 4756 quo-

1496 4797 1880 4855 LECTIONES
1914 4800 2329 4857 VARIAN'I‘ES.

332 4946 379 5006 l)
398 4943 569 4997 Coram
595 4942 700 5005 ipso
741 4938 895 4988 Fran.
1072 4996 1083 5006 .

327 4997 376 5069 2)
397 5007 584 5069 Utique
607 4997 837 5069 iuream
859 5014 948 5069 suo
966 4997 1137 5069 _omitt.
1160 4997 1307 5049 Seml.

327 5060 379 5130 3)
403 5060 573 5121 Solatii
616 5062 717 5130 ttig.
741 5060 933 5130 Pamel.
966 5065 1133 5113 Venet.

332 5126 381 5197 4)
402 5132 504 5197 [νεὶ
542 5126 865 5197 οῃιίιιῖ-εειῃι.

327 5189 378 5244 51
400 5189 463 5243 Et
499 5189 651 5244 antiit.
673 5189 823 5241 Seml.

328 5252 379 5319 6)
403 5256 529 5317 Quia
565 5252 714 5319 Seml.

329 5314 380 5378 7)
406 5314 527 5377 Quia
561 5314 714 5367 Seml.

330 5384 379 5445 8)
400 5383 492 5441 Qui
538 5384 710 5432 Venet.

2025 4936 2075 4998 tl)
2104 4936 2491 4988 Oblectalntntur
2522 4932 2729 4998 (Obcrtlt.

2030 4995 2097 5062 l0)
2128 4999 2423 5062 Exultabtmt
2443 4999 2489 5046 in
2510 4996 2812 5059 jucuuditate
2837 4995 3033 5048 Obertlt.

2026 5056 2101 5123 ΙΙ)
2131 5061 2315 5112 Gaudio
2336 5056 2403 5108 ttl.

2030 5125 2105 5185 1‘2)
2132 5125 2255 5183 Quia
2280 5123 2428 5185 then.

2002 5184 2022 5257 ζ
2032 5188 2105 5257 if?)
2130 5186 2225 5257 ipsi
2245 5184 2568 5257 Duilli-"Sena.

2032 5246 2105 5297 14)
2130 5246 2187 5297 lit
2209 5246 2356 5296 omitt.
2382 5249 2533 5297 Fran.

2032 5249 2105 5311 li)
2130 5249 2187 5297 lit
2209 5249 2356 5296 omitt.
2382 5249 2515 5297 Frtm

2003 5249 2043 5374 ξι
2056 5312 2106 5373 5)
2132 5309 2305 5358 Malunt
2328 5310 2516 5361 Patttel.

1609 5474 2162 5536 COMMENTARIUS.

317 5620 642 5697 (a)Basiliis.
679 5617 730 5672 ld
774 5625 887 5679 est,
930 5612 1085 5697 libris
1108 5611 1314 5692 [legum
1343 5606 1595 5697 ,nquibuls
1646 5607 1820 5697 adnu-

241 5679 417 5752 υἱέι-ἧι
461 5692 651 5748 Noster
697 5689 859 5743 etiam
911 5679 1301 5760 duos_primlns,
1356 5680 1619 5760 Samuelis
1647 5679 1823 5735 dlClOS

240 5749 575 5823 abillebraais
602 5802 615 5823 ,
661 5770 821 5830 atque
848 5759 969 5811 inde
1000 5772 1025 5808 a
1058 5749 1501 5831 l‘t'otesta_ntihus.
1532 5749 1664 5831 Ιοῖυρἶ

320 5819 398 5910 (Β)
428 5819 490 5890 Εἰ
517 5819 678 5888 venite
707 5819 1035 5885 concilientur
1059 5867 1075 5889 ,
1128 5825 1249 5910 dicit
1281 5822 1548 5876 Dominus.
1601 5819 1828 5910 '\"idetur

244 5895 459 5984 leg‘tsse,
510 5912 911 5976 διαὶὶιὶχῦωμξν;
959 5912 1078 5954 nam
1126 5896 1214 5952 alii
1267 5902 1517 5963 vertunt,
1580 5895 1827 5961 disceptc-

1943 5630 2053 5667 nius
2085 5656 2098 5678 ,
2134 5614 2369 5681 legentes
2400 5618 2735 5683 Eia},-zti;2p.zu.
2765 5613 2842 5667 Li:
2871 5614 2971 5669 Pu.

2010 5685 2084 5755 (el
2121 5686 2385 5738 .liluocare
2410 5688 2724 5758 languentes.
2758 5688 3036 5741 Advocato
3080 5699 3176 5755 pro
3214 5685 3478 5742 consolari
3510 5727 3525 5751 ,

1930 5767 1983 5809 et
2013 5760 2335 5829 advocatum
2372 5772 2530 5823 agere
2578 5760 2745 5823 Ianum
2769 5760 2936 5813 alium
2968 5801 2982 5824 ,
3034 5774 3188 5829 quem
3242 5758 3356 5829 ipse
3382 5767 3530 5814 vocat.

1934 5830 2099 5897 infra,
2131 5828 2532 5885 advocatur-em.
2573 5828 2743 5884 littus.
