4268 6492
730 384 829 442 591

2145 383 2533 442 TERTULLIA
2544 383 2609 439 NI

3925 390 4036 448 392

727 519 834 572 quc
865 502 1150 574 pra‘dieato
1182 517 1197 566 ;
1229 501 1366 557 sicut
1405 515 1497 571 per
1537 500 1751 555 Esaiam
1782 500 1798 569 (
1829 497 1902 554 Is.
1939 541 1953 564 ,
1989 499 2118 562 LII,
2147 500 2176 552 7
2211 498 2318 562 )ad
2349 503 2396 559 Α
2426 499 2526 560 nis,
2561 499 2792 554 maxime
2823 514 2918 568 per
2971 499 3058 554 Vw
3105 501 3337 556 amarior
3383 498 3561 556 facta?
3617 503 3674 558 Et
3729 504 4034 557 admonitio

732 607 980 651 auctores
1022 595 1127 650 odii
1177 592 1259 666 (Ι)
1285 593 1500 649 Jttda-os
1531 614 1540 647 :
1577 593 1799 663 Propter
1825 611 1907 647 vos
1940 594 2321 663 blasphematur

730 703 911 742 nomen
954 704 1118 741 meum
1140 689 1192 740 in
1237 686 1546 740 nationibus.
1578 686 1642 740 Et
1670 685 1794 740 alibi
1826 704 1838 740 :
1870 686 2078 740 Suncite
2107 686 2185 756 (‘2)
2209 699 2350 736 enm'

729 779 818 850 qui
838 767 1451 834 circmnscribitanimum
1485 797 1632 833 suam
1669 820 1682 843 ,
1708 782 1792 849 qui
1823 790 2210 848 aspcrnamento
2228 778 2319 830 lia-

730 873 873 927 betur
916 891 946 926 a
1004 873 1339 936 nationibus,
1396 872 1604 942 fontalis
1638 914 1651 935 ,
1708 883 1754 925 et
1805 871 2206 942 magistratibus.
2263 869 2321 924 Si

731 967 874 1022 enim
898 967 1079 1020 odiutn
1111 969 1159 1020 in
1194 964 1340 1019 illiilli
1365 965 1532 1020 ﬁlium
1563 965 1791 1019 hominis
1815 965 2206 1035 prazdicabatur
2234 963 2322 1033 qui

731 1059 1029 1116 secundum
1058 1058 1368 1115 Creatorem
1400 1071 1478 1114 cst
1500 1101 1516 1125 ,
1550 1059 1894 1130 Evangelium
1916 1069 2094 1114 autem
2128 1072 2321 1112 nomen

731 1153 1158 1208 Christianormn
1187 1192 1201 1215 ,
1233 1153 1412 1221 utique
1439 1169 1466 1206 a
1489 1153 1704 1206 Christo
1720 1151 2008 1206 deducuim
2043 1193 2057 1216 ,
2091 1150 2216 1204 odio
2244 1148 2326 1202 luo

732 1253 910 1298 turum
962 1255 1289 1298 contestatur
1319 1252 1531 1312 propter
1562 1244 1725 1298 iilimn
1779 1243 2029 1304 hominis,
2062 1240 2202 1310 quod
2245 1249 2328 1294 est

737 1336 976 1390 Christus
1000 1378 1012 1398 ,
1042 1352 1161 1389 cum
1195 1337 1358 1388 lilium
1401 1335 1632 1389 ltomittis
1680 1337 1730 1388 in
1775 1350 1962 1388 caussa
1994 1333 2100 1386 odii
2128 1333 2328 1386 consti-

733 1431 834 1484 tuit
865 1471 876 1492 ,
915 1431 1002 1499 qui
1036 1439 1146 1484 erat
1176 1429 1471 1484 secundum
1498 1428 1809 1483 Creatorem
1837 1467 1852 1490 ,
1883 1428 1934 1480 in
1954 1442 2113 1496 quem
2142 1425 2322 1479 odium

733 1523 1141 1593 prordtcabattir.
1176 1523 1240 1576 Et
1268 1523 1468 1590 utique,
1499 1522 1542 1576 si
1589 1522 1822 1575 nondmn
1872 1521 2172 1584 venissent,
2221 1535 2324 1572 non

733 1616 994 1686 potuisset
1024 1616 1256 1670 nominis
1292 1617 1470 1669 mlium
1505 1657 1518 1680 ,
1578 1615 1717 1684 quod
1746 1616 1919 1682 agitur
1965 1613 2120 1666 hodie
2153 1654 2166 1676 ,
2204 1628 2325 1680 pcr-

732 1724 922 1764 sonam
965 1709 1194 1763 nominis
1251 1709 1625 1762 anlccchisse.
1672 1707 1803 1761 Nam
1857 1717 1909 1762 ct
1957 1707 2192 1759 sancitur
2243 1707 2327 1775 (ὃ)

734 1815 900 1869 penes
923 1816 1020 1854 uos
1049 1841 1063 1866 ν
1105 1809 1159 1854 et
1186 1802 1417 1854 animam
1464 1815 1613 1854 suam
1649 1798 2038 1854 eircmnscribit
2067 1839 2078 1860 ,
2109 1807 2328 1867 propter

2426 600 2602 644 autem
2653 601 2705 645 et
2754 593 3130 658 comminatio,
3160 598 3274 662 ejus
3305 605 3466 648 erunt
3509 597 3596 663 qui
3652 598 3787 648 norit
3845 598 4030 649 ἰταμοὶ.

2423 679 2592 736 Nemo
2635 682 2777 735 cuitu
2823 684 3151 749 admonebit,
3191 696 3244 740 et
3298 703 3454 739 nemo
3496 689 3914 740 ροιηειιίιιςιιιξιιιι·
3967 706 4034 740 ne

2424 774 2550 842 quid
2583 775 2758 842 faciat,
2788 778 2886 830 nisi
2936 779 3063 846 quid
3098 779 3292 832 lacttnn
3337 781 3622 834 vindicabit
3653 797 3667 832 :
3712 797 3870 836 nemo
3911 782 4032 833 vin-

2424 865 2632 931 dicarit,
2665 869 2762 922 nisi
2793 871 2880 938 qui
2915 871 3054 924 norit
3099 872 3275 926 irasci.
3315 873 3418 926 Alii
3465 884 3760 942 agnoscunt
3806 875 4033 942 quident

2428 960 2649 1014 verbum
2696 962 3104 1023 tnaledictionis.
3139 964 3230 1018 sed
3282 966 3464 1018 volunt
3501 963 3773 1018 Christum
3805 969 3884 1019 sic
3947 965 4039 1018 γω

2427 1052 2822 1120 pronuntiasse,
2855 1071 2958 1107 non
2980 1055 3129 1124 quasi
3159 1072 3224 1109 ex
3247 1056 3508 1110 sententia
3541 1073 3634 1110 sua
3666 1060 3898 1127 proprie,
3936 1059 4036 1110 sed

2427 1144 2568 1214 quod
2614 1145 2697 1198 l'a:
2722 1163 2749 1199 a
2779 1146 3032 1202 Creatore
3063 1149 3164 1213 sit,
3195 1159 3248 1203 et
3276 1151 3502 1206 voluerit
3535 1152 3637 1204 illis
3679 1154 4034 1222 asperitateut

2427 1237 2696 1294 Creatoris
2721 1256 3012 1310 opponere.
3053 1258 3159 1310 quo
3205 1258 3354 1296 suam
3383 1259 3540 1312 supra
3597 1247 3646 1297 in
3697 1244 4038 1298 benedictio—

2430 1334 2587 1387 nibus
2645 1334 2714 1402 (ε)
2763 1332 3134 1389 suffereutiam
3191 1337 3594 1392 cmmnendaret
3649 1355 3661 1388 :
3714 1341 3864 1407 quasi
3926 1355 4037 1391 non

2431 1426 2672 1480 Creatori
2695 1438 2984 1496 competat,
3017 1444 3117 1498 qua
3162 1441 3446 1498 utrumque
3482 1434 3778 1498 pra-stanti,
3823 1441 3878 1484 et
3934 1432 4037 1484 bo-

2431 1533 2556 1572 tmm
2584 1519 2747 1574 [)eum
2793 1531 2843 1573 et
2882 1521 3156 1589 judicent;
3189 1523 3386 1590 utquia
3422 1523 3751 1590 priemiserat
3781 1525 3831 1577 iu
3872 1524 4042 1578 liene-

2430 1609 2751 1665 dii-tionibus
2779 1612 3180 1681 benignitatem,
3212 1614 3500 1681 sohjiceret
3537 1616 3696 1669 etiam
3726 1616 3774 1667 in
3809 1616 4040 1669 maledi-

2431 1705 2699 1758 ctionibus
2741 1707 3108 1772 severitatem,
3146 1707 3551 1776 amplitudinem
3579 1709 3876 1776 disi-iplinzn
3905 1711 4044 1763 utri-

2434 1811 2599 1865 uSque
2632 1798 2975 1864 instruendw,
3001 1807 3105 1852 tam
3147 1799 3211 1852 ad
3243 1799 3668 1855 benedictionem
3697 1803 4039 1866 sectandam,

734 1908 835 1948 nos
859 1909 976 1948 eam
1009 1909 1251 1962 pcnens;
1300 1905 1352 1948 et
1383 1903 1793 1962 aSpernamcnto
1819 1892 2042 1946 habetur
2069 1908 2097 1943 a
2138 1889 2320 1943 Natio-
2349 1893 2402 1956 Β
2429 1909 2587 1963 quam
2625 1894 2690 1946 ad
2725 1894 3151 1948 maledictionem
3201 1895 3624 1963 przncavendam.
3678 1896 3806 1949 Nam
3864 1907 3918 1951 et
3973 1899 4039 1949 ita

733 1986 911 2040 nibus.
972 1987 1034 2040 l-Jt
1081 1986 1168 2056 qui
1213 1997 1367 2038 natus
1403 1997 1482 2040 est
1511 2027 1526 2051 ,
1575 1985 1686 2054 ipse
1731 1987 1834 2038 erit
1872 1984 2010 2038 lilius
2045 1982 2277 2036 hominis
2307 2023 2322 2046 ,

735 2088 956 2147 pt'Opter
976 2093 1133 2147 quem
1164 2086 1216 2132 et
1234 2093 1428 2130 nomen
1454 2086 1695 2130 nostrum
1719 2085 2018 2130 recusatur.

1339 2167 1566 2223 CAPUT
1610 2167 1724 2223 XV.

809 2263 1103 2318 Secundum
1133 2263 1263 2328 Ita'c,
1323 2263 1492 2332 ittquit
1522 2260 1651 2330 (an
1679 2304 1692 2326 ,
1731 2261 1792 2315 Vl
1825 2262 1868 2330 ),
1920 2263 2170 2333 [itciebant
2197 2261 2328 2316 Pro-

737 2357 900 2428 pltetis
929 2368 1096 2426 patres
1137 2354 1398 2410 eornnt.0
1439 2355 1710 2410 Christum
1768 2355 2105 2423 versipellem
2131 2397 2146 2419 ,
2189 2369 2329 2409 nunc

737 2449 1128 2505 destructoretn
1161 2488 1176 2513 ,
1208 2463 1348 2502 nunc
1375 2455 1703 2502 assertorem
1757 2445 2144 2515 Prophetarum
2171 2447 2184 2499 !
2226 2447 2327 2500 υθ-

735 2543 974 2599 Struebat
1010 2553 1065 2596 ut
1089 2542 1350 2608 annulus,
1404 2549 1726 2595 convertens
1775 2539 2070 2608 discipulos
2090 2555 2279 2594 eorum
2311 2556 2326 2603 ;

738 2635 840 2690 sibi
865 2637 1139 2690 asserebat
1165 2643 1222 2688 ut
1247 2633 1452 2687 amicus
1483 2674 1496 2696 ,
1523 2632 1780 2701 sugillans
1839 2635 2187 2686 inseetatnres
2233 2646 2328 2686 co-

737 2747 878 2786 ruui.
907 2731 1069 2784 l’orro
1101 2772 1115 2795 ,
1148 2730 1198 2782 in
1227 2739 1480 2798 quantum
1535 2743 1638 2780 non
1690 2726 1768 2797 (ὦ)
1799 2729 2131 2796 congruisset
2151 2725 2332 2780 Chris-

743 2835 799 2879 to
842 2823 1124 2878 Marcionis
1171 2822 1394 2876 assertio
1429 2819 1847 2889 Prophetarum,
1883 2819 1946 2872 ad
1995 2833 2334 2888 quorumvc-

737 2929 892 2973 nerat
965 2916 1430 2977 destructionem;
1491 2913 1765 2967 intautmn
1825 2913 2070 2981 congruit
2117 2910 2333 2966 Christo

744 3011 1016 3066 Creatoris
1063 3008 1336 3078 sugillatio
1365 3007 1415 3059 in
1473 3007 1825 3060 insectatores
1894 3005 2330 3074 Prophetarum,

742 3121 875 3176 quos
905 3106 953 3156 in
985 3104 1233 3156 omnibus
1251 3100 1577 3168 adimplehal
1610 3115 1623 3163 ;
1655 3098 1736 3152 vel
1763 3099 1885 3167 quia
1916 3099 2085 3168 magis
2111 3098 2334 3152 Creato.

739 3200 819 3254 ris
845 3206 926 3252 est
982 3195 1174 3249 delicta
1201 3204 1407 3263 patrum
1445 3192 1564 3246 liliis
1618 3189 1954 3260 exprobarc,
2009 3206 2165 3259 quam
2217 3190 2334 3259 ejus

2433 1985 2766 2054 pra-miserat
2789 1985 3021 2054 (Denter.
3057 1985 3224 2050 XXX,
3255 1987 3345 2057 19)
3382 2005 3392 2039 :
3428 1985 3563 2041 Erre
3609 1989 3754 2054 posui
3794 2000 3912 2042 ante
3957 2007 4043 2042 vos

2432 2085 2827 2137 bencdirtionem
2859 2093 2902 2136 et
2945 2084 3364 2136 maledictionem.
3405 2085 3556 2151 Quod
3588 2086 3745 2138 etiam
3804 2087 3854 2137 in
3903 2085 4043 2139 hanc

2432 2177 2706 2246 Evangelii
2749 2177 3152 2245 dispositionem
3189 2177 3556 2245 portendebat.
3591 2178 3840 2246 AIiOquin
3867 2221 3878 2241 ,
3905 2195 4040 2246 qua.

2432 2268 2496 2322 lis
2520 2279 2599 2322 est
2633 2267 2743 2332 ille,
2775 2268 2885 2336 qui,
2918 2277 2972 2320 nt
3003 2283 3151 2321 suam
3197 2270 3487 2321 insinuaret
3517 2269 3804 2323 bonitatem
3830 2313 3842 2328 .
3875 2270 4041 2322 Crea-

2434 2360 2562 2414 toris
2605 2359 2856 2429 opposuit
2899 2360 3240 2428 asperitatem
3291 2360 3408 2426 (5)?
3444 2359 3653 2413 Iulirnia
3687 2363 4042 2415 continenda-

2433 2452 2506 2504 tio
2537 2451 2739 2519 (d)est,
2773 2467 2890 2520 qua:
2919 2451 2986 2506 dc
3031 2451 3251 2505 alterius
3280 2449 3356 2520 (6)
3399 2451 3764 2505 destructione
3799 2454 4038 2508 fulcit-tr.

2433 2544 2592 2614 Atqui
2619 2545 2701 2613 (7)
2730 2560 3006 2613 opponens
3038 2546 3380 2613 aSperitaicm
3413 2544 3702 2610 Creatoris,
3741 2546 4040 2600 timendum

2437 2650 2559 2690 cum
2583 2637 2915 2688 conlirmavit
2935 2653 2946 2686 :
2968 2636 3011 2689 si
3039 2635 3352 2700 timeudum,
3371 2637 3538 2704 magis
3556 2637 3732 2703 utique
3756 2637 4044 2690 obandien-

2438 2729 2563 2783 dum
2594 2746 2752 2800 quam
2781 2727 3188 2798 negligemlum;
3220 2741 3266 2782 et
3301 2729 3484 2798 incipit
3510 2729 3613 2796 jam
3637 2729 3884 2783 Christus
3908 2729 4048 2784 Mar-

2434 2823 2603 2875 cionis
2647 2819 2883 2874 Creatori
2929 2821 3142 2875 docere.
3193 2820 3366 2886 Tunc,
3398 2822 3440 2874 si
3499 2819 3584 2874 Va:
3626 2823 3903 2876 Creatoris
3940 2833 4044 2888 est,

2435 2913 2577 2983 quod
2610 2913 2660 2966 in
2688 2913 2878 2967 divites
2901 2923 3122 2983 spectat,
3156 2929 3284 2984 ergo
3314 2913 3560 2968 Christus
3603 2931 3706 2968 non
3740 2926 3821 2969 est
3862 2917 4048 2969 diviti-

2437 3005 2535 3059 bus
2568 3005 2824 3070 offensus,
2881 3007 2972 3060 sed
3014 3005 3267 3068 Creator;
3309 3016 3363 3060 et
3413 3017 3556 3060 ratas
3609 3008 3766 3060 habet
3796 3007 4049 3062 (Zhristus

2436 3097 2657 3152 divitum
2688 3113 2896 3163 causas,
2933 3100 3234 3169 superbiam
3265 3100 3405 3165 dico,
3430 3109 3482 3155 et
3505 3101 3752 3168 gloriam.
3778 3111 3832 3156 et
3862 3103 4046 3155 seculi

2439 3191 2634 3256 stmlia,
2664 3201 2716 3244 et
2768 3191 2861 3245 Dei
2912 3192 3193 3254 incuriam,
3255 3206 3348 3260 per
3394 3207 3513 3260 quae
3581 3191 3666 3245 Va:
3706 3204 3982 3246 merentur
4017 3211 4046 3245 a

744 3289 839 3345 Dei
866 3332 880 3356 ,
913 3289 1001 3360 qui
1034 3303 1131 3342 nec
1160 3286 1370 3356 propria
1399 3285 1654 3353 cujusque
1683 3284 1927 3354 castigat.
1953 3282 2059 3337 Sed
2092 3299 2196 3336 non
2231 3292 2336 3336 sta-
2363 3311 2408 3373 ρ
2441 3285 2714 3339 Creatore.
2746 3284 2850 3339 Sed
2896 3285 3166 3354 quomodo
3207 3301 3310 3338 non
3351 3284 3592 3353 ejusdem
3641 3286 3708 3339 sit
3737 3286 3931 3340 divites
3967 3303 4022 3338 re

741 3383 1063 3452 tim,inquis,
1086 3381 1378 3449 Prophetas
1410 3377 1655 3432 tuebatur
1673 3377 1716 3430 si
1755 3377 2083 3446 iniquitatem
2123 3376 2334 3430 Judato-

741 3494 858 3533 rum
887 3479 1198 3530 allirmatam
1225 3473 1454 3535 volebat,
1496 3471 1634 3538 quad
1668 3488 1766 3525 nec
1788 3487 1906 3524 cum
1928 3472 2208 3541 Prophelis
2226 3471 2336 3525 Suis

743 3569 832 3639 pic
857 3568 1112 3638 egissent.
1173 3567 1366 3633 Atquin
1402 3563 1544 3616 nulla
1578 3562 1662 3618 hic
1709 3563 1960 3631 iniquitas
1987 3564 2331 3632 exprobauda

746 3672 860 3715 erat
877 3658 1094 3721 Jttdmis,
1117 3655 1392 3710 laudamlis
1412 3656 1586 3724 potius
1612 3663 1665 3707 et
1688 3655 1992 3723 probandis,
2014 3657 2057 3710 si
2085 3671 2178 3710 eos
2207 3657 2338 3726 tigri-

743 3762 999 3810 ravcruut
1032 3791 1046 3816 ,
1099 3749 1164 3804 ad
1215 3765 1438 3819 quorum
1491 3748 1909 3803 destructionem
1973 3757 2090 3817 post
2135 3759 2334 3802 tantunt

745 3847 846 3902 :evi
870 3846 1011 3900 Deus
1041 3845 1272 3912 optimus
1313 3851 1486 3895 motus
1511 3851 1612 3894 est.
1660 3841 1765 3896 Sed
1805 3851 1934 3910 puto
1980 3840 2089 3909 jam
2137 3851 2189 3895 et
2234 3857 2338 3896 nou

746 3941 982 4011 optimus
1009 3937 1083 4007 (η)
1101 3937 1208 4007 jatn
1231 3934 1426 4005 aliquid
1457 3945 1650 3989 etcum
1677 3933 1928 3988 Creatore
1956 3942 2218 3998 moratus,
2243 3951 2340 3990 nec

747 4036 804 4090 in
832 4042 999 4088 totum
1035 4029 1243 4101 lipicuri
1267 4028 1398 4083 deus
1431 4027 1530 4095 (ὁ).
1568 4027 1702 4081 Ecce
1727 4025 1868 4079 enim
1891 4023 2133 4079 demutat
2161 4026 2210 4078 in
2233 4041 2342 4079 rna-

749 4126 1110 4186 ledictioncm,
1133 4135 1184 4176 et
1209 4119 1442 4175 ostendit
1468 4133 1588 4172 eum
1619 4132 1678 4172 se
1706 4132 1826 4172 esse
1849 4117 1936 4188 qui
1969 4119 2117 4172 novit
2143 4118 2341 4173 olfcndi

746 4216 1029 4271 etirasei:
1076 4213 1162 4268 γω
1207 4214 1349 4267 enim
1379 4211 1524 4265 dicit.
1569 4210 1672 4265 Sed
1705 4209 1763 4264 lit
1805 4211 1957 4265 nobis
2006 4213 2233 4282 quaestio
2277 4212 2343 4268 de

749 4312 902 4368 verbi
945 4311 1099 4365 istius
1136 4307 1390 4378 qualitate
1413 4347 1427 4370 ,
1460 4305 1610 4376 quasi
1663 4320 1766 4360 non
1797 4313 1902 4358 tam
1955 4305 2346 4361 maledictionis

749 4405 844 4472 sit,
873 4418 1030 4472 quam
1079 4398 1479 4454 admonitionis.
1534 4398 1601 4452 Et
1653 4396 1780 4466 quid
1833 4413 2039 4452 caussa:
2098 4400 2342 4467 interest,

753 4494 965 4568 quando
994 4500 1044 4549 et
1073 4489 1366 4546 admonitio
1393 4503 1497 4545 non
1529 4489 1598 4543 sit
1623 4487 1738 4544 siue
1763 4489 1950 4544 aculeo
1973 4491 2346 4546 comminatio.

2445 3378 2694 3446 probare,
2741 3379 2828 3447 qui
2878 3393 3037 3447 supra
3093 3378 3368 3432 memlicos
3417 3378 3694 3448 probarit?
3724 3378 3895 3432 Nemo
3943 3396 4048 3433 tmtl

2442 3469 2766 3523 Contrarium
2799 3469 2912 3538 ejus
2940 3469 3079 3538 quod
3126 3470 3429 3539 lrolnvcrit
3477 3471 3747 3541 reprobat.
3785 3473 3973 3539 Itaque
4004 3475 4046 3526 si

2441 3559 2679 3614 Creatori
2720 3560 3063 3630 deputabitur
3117 3561 3422 3615 maledictio
3465 3564 3516 3616 in
3565 3563 3778 3628 divites,
3804 3565 4046 3632 ejusdem

2441 3651 2758 3707 defendetur
2812 3653 3119 3708 benedictio
3170 3653 3222 3707 in
3276 3655 3578 3718 mendicos;
3628 3665 3897 3710 cttotum
3938 3657 4046 3724 jam

2442 3762 2575 3816 opus
2596 3745 2812 3808 Christi,
2843 3747 3114 3802 Creatoris
3139 3757 3239 3801 est.
3268 3747 3320 3801 Si
3367 3747 3476 3802 Deo
3526 3747 3809 3802 Marcianis
3837 3749 4048 3802 adseri-

2444 3840 2597 3894 betur
2626 3839 2926 3895 benediCIio
2957 3841 3007 3894 in
3040 3841 3334 3904 mendicos,
3383 3841 3626 3910 ejusdem
3661 3843 3966 3911 imponetur
3996 3854 4049 3897 et

2444 3934 2746 3989 maledictio
2770 3935 2820 3988 in
2851 3934 3075 4000 divites;
3101 3943 3155 3989 ct
3199 3935 3299 3989 erit
3344 3951 3437 4003 par
3470 3935 3581 4005 jam
3610 3936 3904 3996 Creatoris,
3939 3950 4048 3992 tam

2447 4031 2618 4084 bonus
2647 4045 2802 4098 quam
2834 4028 3068 4098 etjndex
3093 4045 3105 4090 ;
3132 4044 3228 4083 nec
3260 4030 3363 4083 erit
3399 4029 3502 4097 jam
3543 4029 3839 4082 discrimini
3873 4030 4046 4093 locus,

2446 4140 2551 4192 quo
2579 4122 2685 4176 duo
2715 4121 2806 4174 Dei
2841 4121 3008 4184 finiit;
3039 4120 3358 4188 sublatoque
3406 4121 3737 4183 discrimine,
3782 4124 4049 4187 supererit

2448 4231 2612 4269 unum
2643 4213 2805 4266 Deum
2851 4212 3144 4266 renuntiari
3186 4212 3518 4266 Creatorem.
3571 4212 3734 4282 Igitur
3793 4212 3899 4276 νη»,
3925 4214 3968 4265 si
3999 4223 4051 4268 ct

2450 4325 2550 4364 vox
2584 4308 2972 4364 maledictionis
2993 4318 3100 4375 est,
3135 4308 3216 4364 vel
3263 4309 3485 4378 alicujus
3520 4309 3833 4363 austerioris
3880 4309 4042 4362 incla-

2452 4402 2721 4468 ntationis,
2749 4412 2802 4457 ct
2827 4417 2855 4455 a
2881 4401 3097 4457 Christo
3115 4402 3358 4472 dirigitur
3385 4405 3435 4455 in
3454 4403 3669 4464 divites,
3698 4403 3871 4457 debeo
3889 4404 4052 4457 (Σηπι-

2457 4508 2625 4551 toretn
2653 4493 2874 4548 divitum
2922 4508 3134 4564 quoque
3163 4503 3563 4565 aspernatorem
3617 4494 3868 4564 probare,
3916 4497 4053 4549 sicut

1983 4602 2362 4664 LECTIONES
2402 4601 2808 4664 VARIANTES.

833 4727 893 4778 ΤΗ
916 4725 1022 4778 Qdii
1058 4721 1207 4776 omitt.
1231 4720 1380 4775 Seml.

842 4786 892 4839 2i
917 4790 1221 4839 Sanetitieate
1261 4786 1370 4836 eod.
1401 4788 1498 4836 Lat.

844 4854 893 4919 ᾇ)
916 4851 1256 4919 Sanctificatur
1298 4850 1404 4919 cod.
1433 4851 1535 4898 Lat.

845 4857 874 4901 5
922 4857 1256 4901 Sanetilieatur
1298 4863 1349 4898 co

845 4857 893 4978 li
915 4915 1019 4964 Non
1055 4913 1188 4963 deest
1208 4909 1258 4962 in
1282 4909 1349 4961 at.

2371 4725 2424 4785 D

2517 4727 2583 4788 (5)
2624 4726 2717 4788 Dei
2739 4723 2964 4788 pra’mitt.
2999 4722 3148 4788 semt.
3169 4724 3271 4788 _[)_ei
3295 4721 3501 4774 alterius
3525 4723 3590 4773 1th
3605 4735 3686 4773 en.

2519 4785 2594 4851 (6)
2631 4787 2708 4838 De
2731 4785 2934 4837 alterius
2956 4785 3102 4851 omitt.
3129 4785 3234 4836 alii.

2523 4846 2597 4913 (7)
2634 4853 2813 4914 Atquin
2836 4846 2986 4901 Seml.

2142 5011 2693 5076 COMMENTARIUS.

831 5133 1105 5193 CAl’..\'V.
1125 5129 1404 5201 ——-(a).lam
1423 5129 1616 5200 aliquid
1637 5139 1682 5183 et
1702 5145 1814 5201 eum
1841 5126 2078 5182 Creatore
2100 5139 2343 5201 moratus.

759 5209 973 5278 Aliquid
1001 5200 1262 5260 moratum
1284 5204 1409 5255 dicit
1431 5202 1666 5278 moribus
1686 5200 2015 5278 quibusdam
2044 5200 2345 5278 praeditum,

761 5271 1005 5349 qualibus
1029 5277 1269 5349 Creator,
1296 5288 1486 5349 nempe
1508 5273 1653 5349 odio,
1684 5271 2051 5349 benevolentia
2077 5313 2092 5338 ,
2119 5273 2226 5336 ira,
2254 5275 2350 5326 mi-

768 5343 1076 5414 sericordia,
1098 5347 1319 5414 justitia,
1350 5345 1649 5398 cletnentia.
1681 5343 1802 5414 lltc.

840 5425 917 5494 (li)
950 5412 1072 5474 Neci
1097 5412 1148 5472 in
1175 5429 1353 5494 _totnnt
1393 5414 1616 5494 _I§picuri
1669 5412 1847 5494 Densa
1874 5413 2134 5494 Stttpetts,
2185 5414 2352 5494 iners,

763 5485 1144 5562 ἀλτίέοὺργητες.
1175 5489 1368 5543 llic.—-
1393 5488 1555 5562 Deum
1591 5501 1776 5538 secure
1807 5487 2075 5562 viverc,_et
2097 5486 2210 5562 sine
2243 5485 2352 5562 ullo

766 5557 982 5626 negotio
996 5557 1238 5629 'euraque
1255 5575 1431 5613 rerum
1448 5559 1819 5622 humanartnn,
1843 5558 2138 5629 statuebant
2167 5557 2358 5624 ιοίνὶειι-

767 5637 866 5698 rci,
889 5646 936 5688 et
957 5628 1168 5686 somnia
1190 5632 1306 5684 ideo
1334 5629 1664 5697 rejieiebant,
1687 5629 1872 5681 uel)eo
1898 5628 2164 5694 negotium
2197 5631 2361 5680 taces-

767 5718 966 5759 serent.
1007 5704 1145 5757 Vana
1179 5702 1228 5753 in
1260 5711 1413 5754 totum
1441 5702 1657 5755 somnia.
1685 5699 1850 5766 inquit
1877 5699 2131 5762 'l'ertnll.,
2166 5699 2254 5750 lib.
2292 5699 2359 5752 de

770 5779 1114 5844 .-\nima,rap.
1147 5774 1237 5836 M5,
1265 5770 1824 5844 Epicureusjudiravit,
1853 5771 2068 5844 liberans
2090 5788 2118 5844 (ι
2149 5770 2359 5844 negotii:

770 5841 1098 5903 divinitatem.
1132 5847 1411 5915 'l‘amiSper
1455 5841 1839 5897 tnoderatim'es
1885 5843 1956 5896 ait
2000 5841 2208 5898 Stoicos
2239 5841 2360 5896 l’lu-

2453 5133 2675 5190 tarchus
2695 5135 2760 5187 de
2788 5133 2948 5188 animi
2978 5132 3244 5203 tranquill.
3266 5135 3572 5202 ἀτρὰγμςνκς
3600 5138 3716 5186 (ir/.1
3742 5142 3847 5194 τεὺς
3878 5143 4057 5202 “pain,

2453 5214 2689 5259 ε’·-η-Ἷίνειν
2732 5212 2822 5274 γὰρ
2857 5219 2908 5262 τὸ
2954 5213 3171 5262 κασίην.
3224 5205 3491 5273 Sapientes
3533 5222 3564 5256 α
3610 5207 3818 5274 ηρῃοιίἱε
3863 5221 4057 5268 ναι-(ην,

2452 5293 2576 5330 rem
2614 5278 2829 5346 ofﬁcium
2872 5279 3020 5328 etiam
3062 5276 3337 5328 declinant.
3389 5275 3464 5329 De
3512 5274 3772 5330 ambobus
3817 5279 4060 5330 tneminit

2452 5349 2683 5413 Seneca,
2716 5349 2778 5402 de
2815 5348 2926 5400 Vita
2957 5349 3128 5401 beata.
3163 5346 3238 5400 Le
3273 5347 3366 5400 Pa.

2531 5439 2604 5510 (ο)
2639 5438 3000 5505 Su/ferentimn
3028 5439 3419 5492 commendaret.
3449 5437 3768 5492 Snl'l'crcntia
3815 5441 4060 5492 substan-

2459 5512 2620 5565 tivinn
2652 5527 2884 5577 nomen,
2919 5526 3012 5579 pro
3060 5510 3308 5580 patientia
3332 5552 3345 5575 ,
3374 5525 3531 5579 quam
3579 5522 3632 5564 et
3679 5510 4057 5580 benignitatem

2465 5599 2588 5637 mox
2613 5586 3010 5650 interpretatur.
3043 5584 3213 5636 linea.

2538 5696 2619 5762 (ιι)
2656 5694 2870 5764 Iulii-ma
2904 5697 3270 5749 commendatio
3293 5706 3380 5750 est.
3407 5695 3538 5749 lluie
3567 5697 3686 5750 loco
3713 5696 3782 5749 ob
3815 5705 4059 5765 ινειιιςριι-

2466 5769 2713 5821 sitiOnem
2760 5768 3049 5821 dietionunt
3084 5769 3372 5837 depravati)
3420 5767 3620 5820 tnederi
3651 5769 3793 5820 licuit
3837 5782 3902 5820 ex
3931 5766 4061 5821 Cor-

2464 5841 2628 5895 zienzi
2651 5839 2954 5907 collatione,
2991 5840 3191 5909 inﬁrma
3217 5839 3606 5906 commendatio,
3639 5848 3738 5893 etc.
3777 5837 3951 5892 liora.
