2134 3246
101 202 156 230 593

671 199 734 227 LIB.
756 199 788 226 IV
809 195 990 226 ADVERSUS
1007 195 1218 225 MARCIONEII.

1699 192 1753 221 394

99 260 210 294 probavi
236 259 418 288 mendicorum
440 257 647 289 advocatorem.
661 261 689 284 ut
709 255 846 284 Christum
872 255 899 282 in
913 256 939 285 Λ
947 254 1061 289 jeceritis
1073 253 1113 290 (8)
1126 262 1179 282 cor.
1195 253 1312 289 Idipsum
1336 257 1470 288 postremo
1485 252 1594 280 verbum
1607 259 1664 285 me,
1687 251 1750 278 olim

99 304 150 332 hac
159 312 266 340 quoque
278 305 410 332 sententia
421 303 557 332 Creatoris
573 301 725 334 ostendam,
737 300 902 335 locupletan-

98 352 133 379 tis
146 352 254 387 quidem
268 353 307 387 (l)
318 352 488 379 Salonianum
501 350 546 386 (Ill
561 349 625 385 Reg.
642 348 700 383 Ill),
714 348 761 376 sed
777 348 838 383 quia
848 346 900 383 (2),

97 399 229 434 permissa
241 398 291 425 sibi
308 398 427 433 optione,
443 396 537 424 maluit
551 403 581 423 ea
598 394 735 430 pustulare
748 401 808 429 qua:
833 393 901 420 scie-

97 444 142 470 bat
158 444 213 471 Deo
227 448 312 479 grata,
327 444 495 479 sapientiam.
509 446 537 470 et
552 445 687 469 meruerat
699 440 780 468 etiam
796 438 901 466 divitias

97 490 237 524 consequi,
249 497 315 524 quas
331 497 383 516 non
399 488 483 524 magis
498 487 583 515 voluit
597 496 604 514 :
620 493 781 522 quamquam
794 489 822 513 et
835 484 902 511 divi-

98 535 151 562 tias
167 539 305 569 przcslare,
318 542 373 562 non
393 534 573 569 incongruens
595 532 650 560 Deo
670 531 716 565 sit,
731 538 779 566 per
793 537 860 566 quas
874 535 902 557 et.

96 581 196 609 divites
211 581 305 609 solatio
321 582 448 616 juvantnr
458 601 465 613 ,
480 584 507 607 et
522 579 605 607 multa
622 577 684 606 inde
697 584 777 612 opera
791 575 902 611 iustitia:

96 632 124 655 et
133 627 287 656 dilectionis
299 627 531 655 administrantur.
547 625 600 654 Sed
612 624 760 652 accidentia
773 623 835 651 vitia
858 622 884 649 di
893 636 901 641 -

96 674 179 706 vitiis,
196 673 243 701 illa
259 675 284 701 in
301 673 446 708 Evangelia
461 680 577 708 quoque,
597 671 642 698 Va:
657 670 784 702 divitibus,
798 669 901 697 adscri-

96 720 186 748 bunt:
203 720 239 755 (rt)
257 721 394 753 Quoniam,
423 720 509 756 inquit
521 740 528 750 ,
551 718 684 752 recepistis
710 716 902 745 advocatione»:

96 772 221 796 vestrum:
237 767 328 801 utique
342 773 373 793 ex
385 765 495 798 divitiis,
511 765 545 792 de
556 765 639 799 gloria
651 771 755 794 earum.
771 767 796 790 et
811 769 903 790 saecu-

96 812 200 839 laribus
216 812 354 839 fructibus.
368 811 458 847 Itaque
470 811 496 838 in
509 810 717 838 Deuterortomio
733 807 823 843 (Deut.
836 806 901 841 VIII,

98 858 144 893 I2)
158 858 264 894 Moyses
281 866 287 884 :
306 857 355 889 Ne,
382 857 476 893 inquit,
490 865 547 884 cum
560 856 763 889 utandacaveris,
779 861 803 883 et
817 856 901 892 reple-

98 910 140 932 tus
151 904 241 938 fueris,
256 909 279 931 ct
297 904 334 938 (ὁ)
347 904 437 931 domos
452 912 557 939 magnus
571 903 740 937 mdiﬁcaveris
750 923 758 936 ,
771 902 903 937 pecoribus

956 307 1003 335 per
1019 301 1101 328 Amos
1125 301 1150 327 in
1172 300 1268 327 divites
1292 299 1434 326 atllucutes
1458 298 1560 326 deliciis
1579 297 1750 325 destinatur:

960 345 1003 373 Vtc
1018 345 1073 382 (9),
1089 346 1171 382 inquit
1197 346 1295 380 (Amos.
1313 345 1358 378 Vl,
1372 344 1411 379 4),
1424 344 1467 379 qui
1489 344 1616 371 dormiunt
1635 345 1661 370 in
1683 344 1751 370 lectis

953 391 1077 423 eburneis,
1093 396 1116 419 et
1141 391 1239 418 dcliciis
1261 392 1344 424 [luunt
1365 390 1392 417 in
1416 390 1495 417 tltoris
1522 390 1593 421 suis;
1609 390 1651 424 qui
1675 389 1750 415 edunt

953 438 1040 466 Iucdos
1065 438 1096 465 de
1119 438 1236 473 gregibus
1254 445 1400 474 caprarum,
1423 441 1446 463 et
1472 436 1564 463 vitulos
1589 436 1619 462 de
1638 435 1752 470 gregibus

953 484 1029 511 boum
1055 485 1188 516 lactantes,
1205 483 1393 518 complodentcs
1416 482 1450 509 ad
1474 490 1564 510 sonant
1588 489 1750 516 organorum.

953 529 1097 565 Tamquam
1110 530 1296 566 perseverantia
1319 530 1512 564 deputaverunt,
1525 534 1547 555 et
1561 536 1610 555 non
1625 533 1750 564 tmnquam

954 577 1078 612 fugientia
1100 584 1109 603 :
1128 577 1171 611 qui
1195 576 1282 603 bibunt
1304 576 1388 602 vinum
1413 575 1548 610 liquatum,
1573 579 1596 601 et
1621 574 1754 608 unguentis

954 623 1083 658 pri-uariis
1097 627 1238 658 unguntur.
1248 622 1340 657 Igitur,
1348 622 1398 650 etsi
1413 621 1598 649 tantummodo
1611 620 1751 647 dehortan-

953 674 1008 697 tem
1022 677 1037 696 a
1048 669 1148 696 divitiis
1161 668 1331 696 ostenderem
1346 668 1513 700 Creatorem,
1528 674 1580 694 non
1593 667 1672 694 etiam
1689 674 1754 701 pve-

953 715 1126 743 datunauletu
1142 715 1237 743 divites
1251 715 1330 742 etiam
1345 714 1427 742 verbo
1442 713 1499 748 ipso
1513 721 1565 748 qtto
1582 717 1608 740 et
1623 711 1754 740 Christus.

955 770 1035 790 nemo
1047 762 1181 790 dubitaret
1198 762 1233 789 ab
1255 762 1351 789 codem
1373 761 1503 795 adiectam
1518 760 1544 787 iu
1566 760 1664 787 divites
1679 767 1753 787 com-

955 809 1128 837 minationetn
1145 809 1205 844 (I0)
1220 816 1266 843 per
1280 816 1317 835 va:
1340 807 1449 840 Christi,
1462 815 1477 835 a
1492 814 1545 842 quo
1560 807 1675 842 ipsarum
1697 814 1754 832 ma-

956 857 1097 887 teriarutn,
1115 855 1140 882 id
1153 860 1205 887 est,
1226 854 1380 881 divitiarum
1398 854 1549 881 tlehortatio
1564 853 1756 888 praeeucurris~

955 906 998 930 set
1014 910 1020 929 :
1036 901 1209 929 comminatio
1222 900 1293 928 enim
1307 900 1506 927 dehortatiouis
1518 900 1636 927 accessio
1651 904 1700 926 est.
1713 899 1758 925 lu-

96 957 121 979 et
135 951 216 978 bubus
230 951 278 978 mis
291 951 450 984 multi/iratis
466 952 518 985 (5),
534 955 558 978 et
572 950 679 986 pecunia
693 954 717 977 et
742 957 815 981 auro,
829 949 899 976 αλιι·
917 955 941 985 Β
955 947 1023 982 gerit
1040 955 1047 974 :
1069 946 1113 974 Va:
1125 946 1200 974 etiam
1222 945 1355 978 saturutis,
1368 945 1428 980 quia
1443 946 1572 976 esuriem;
1587 945 1661 972 etiam
1673 945 1759 971 riden-

98 1003 165 1025 trtnr
180 1007 223 1025 cor
236 1004 317 1029 tuum,
332 1003 355 1025 et
381 998 537 1025 obliviscaris
552 996 656 1024 Domini
672 995 718 1024 Dei
742 996 788 1023 tui.
804 995 902 1030 Quem-

98 1043 243 1072 admodum
258 1048 285 1071 et
299 1043 441 1071 Ezechian
457 1050 548 1078 regem
571 1042 705 1070 thesauris
729 1040 861 1074 inﬂatum,
876 1045 904 1069 et

98 1089 133 1117 de
147 1090 188 1117 eis
202 1091 288 1124 potius
308 1089 435 1124 quamde
458 1089 512 1117 Deo
526 1088 668 1124 gloriatum
691 1086 761 1122 apud
784 1087 845 1114 illos
857 1086 903 1122 qui

99 1143 131 1163 ex
147 1133 256 1163 Perside
267 1136 441 1167 advenerant,
454 1135 537 1162 insilit
545 1142 592 1169 per
600 1134 705 1162 Esaiam
718 1132 769 1169 (Is.
777 1132 902 1165 XXXIX,

100 1182 151 1218 6):
169 1183 235 1210 Ecce
248 1183 301 1210 dies
329 1184 448 1215 ccidunt,
475 1188 499 1209 et
521 1184 672 1218 auferantur
686 1181 772 1208 omnia
796 1188 853 1216 qua:
877 1180 905 1207 in

99 1229 176 1256 domo
190 1234 233 1256 tua
249 1234 324 1259 sunt;
340 1233 364 1255 et
386 1236 442 1263 qurc
456 1233 542 1264 patres
557 1228 593 1255 tui
608 1231 795 1262 congesserunt,
806 1227 833 1254 in
852 1226 902 1253 Ba-

99 1275 217 1310 bylonem
240 1277 435 1310 transferentur.
452 1274 497 1302 Sic
518 1279 545 1301 et
560 1281 606 1308 per
620 1274 780 1301 Hieremiam
795 1273 902 1309 (Jcrem.

99 1321 145 1355 IX,
161 1321 208 1356 22)
222 1329 328 1357 quoque
342 1321 423 1349 edicit
437 1320 498 1358 (4):
516 1320 556 1348 Ne
572 1321 695 1356 glorietur
717 1321 786 1348 dives
799 1321 826 1348 in
839 1321 905 1348 divi-

102 1369 144 1395 tiis
159 1369 232 1400 suis;
247 1373 270 1395 et
282 1368 326 1403 qui
339 1368 474 1404 gloriatur,
490 1367 585 1395 scilicet
599 1368 626 1394 in
642 1365 696 1394 Deo
710 1367 842 1402 glorietur.
858 1367 905 1395 Sic

100 1418 129 1442 et
149 1415 174 1441 in
198 1414 264 1443 tilias
279 1415 369 1442 Sionis
383 1415 516 1442 invehitur
532 1422 579 1449 per
602 1413 707 1441 Esaiam
721 1413 772 1449 (Is.
788 1413 832 1446 Ill,
847 1414 903 1450 15),

101 1461 173 1488 cultu
203 1466 229 1487 et
254 1458 405 1488 divitiarum
431 1459 593 1488 abundantia
617 1459 737 1492 inﬂatas;
759 1460 906 1487 commina-

101 1507 208 1535 bundtts
236 1513 263 1534 et
285 1507 347 1535 alibi
363 1506 414 1541 (Ix.
430 1506 462 1537 ν,
480 1506 525 1540 Η)
551 1506 685 1533 nubilibus
709 1510 736 1533 et
759 1506 905 1541 superbis:

102 1554 226 1581 Dilutarit
247 1562 320 1581 orcus
340 1554 453 1581 animum
474 1561 557 1585 stutnt,
573 1557 596 1580 et
616 1552 714 1589 aperuit
729 1560 757 1579 os
781 1560 866 1586 suum,
882 1557 906 1580 et

101 1600 254 1627 descendent
274 1600 363 1635 inclyti
378 1605 402 1627 et
424 1600 510 1635 magni
524 1604 547 1626 et
563 1598 652 1626 divites
667 1597 731 1634 (hoc
741 1598 793 1626 erit.
807 1598 906 1626 Christi

104 1655 143 1673 vae
168 1655 250 1682 supexr
274 1646 382 1682 divites)

102 1693 240 1720 cxaltalus
257 1693 376 1720 divitiis:
391 1698 415 1720 et
431 1693 624 1719 inltouorubitur
636 1692 676 1727 (5)
690 1693 748 1723 vir;
762 1695 854 1727 utique
866 1692 907 1721 ob

101 1738 281 1766 substantiam
297 1738 471 1766 honorabilis.
487 1739 524 1766 De
543 1737 641 1773 quibus
654 1742 682 1765 et
696 1745 788 1765 rursus
802 1737 852 1774 (Is.
870 1738 905 1771 x,

100 1785 149 1819 25)
164 1793 170 1811 :
188 1785 256 1812 Ecce
268 1784 392 1812 Dominus
405 1786 525 1811 virtutum
540 1784 698 1811 conturbabit
712 1784 836 1819 gloriosos
848 1792 906 1811 cum

101 1832 224 1864 valentia,
238 1836 261 1858 ct
283 1832 342 1859 elati
364 1832 576 1863 conmtinnentar,
590 1835 615 1858 et
626 1835 701 1858 ruent
720 1830 806 1865 gladio
824 1830 905 1858 subli-

103 1886 176 1905 mes:
189 1877 233 1913 qui
247 1878 332 1913 magis
345 1885 424 1912 quain
438 1877 551 1904 divites?
564 1876 630 1910 Quia
643 1876 678 1912 (c)
693 1881 851 1911 receperunt
865 1877 905 1911 (ti)

101 1924 207 1951 scilicet
219 1923 422 1951 advocationem
438 1931 525 1954 suam,
538 1923 649 1957 gloriam
663 1926 690 1949 et
705 1921 846 1955 honorem,
858 1929 906 1949 su-

103 1969 264 1997 blimitatem
288 1977 320 1996 es
344 1969 445 1996 divitiis
459 1968 510 2005 (Ἰ).
526 1970 547 1995 A
563 1968 659 2003 quibus
671 1972 796 1996 avertens
817 1973 866 1995 nos
878 1971 907 1994 et

104 2016 131 2044 in
145 2016 254 2043 I’salnto
269 2016 474 2052 quadragesimo
487 2022 582 2043 octavo
596 2024 604 2042 :
616 2014 658 2042 Ne
669 2015 794 2047 timueris,
809 2014 905 2050 inquit,

102 2071 162 2090 cum
173 2063 242 2090 dives
258 2065 341 2098 factm
355 2064 431 2097 fuerit
442 2063 529 2095 homo,
546 2067 568 2090 et
589 2070 648 2089 cum
661 2062 801 2089 abundabit
822 2061 907 2097 gloria

102 2110 309 2145 rjus;quoniam
335 2118 392 2137 cunt
420 2110 551 2142 morietur,
578 2117 629 2136 non
653 2108 724 2136 tollet
748 2108 845 2141 omnia,
861 2115 907 2135 nec

99 2154 236 2184 descendet
251 2164 308 2182 cum
321 2155 366 2183 illo
381 2154 463 2190 gloria
476 2163 532 2181 sua.
547 2153 613 2182 [tetu
629 2154 655 2181 iu
671 2154 838 2189 sexagesimo
851 2153 907 2188 pri-

102 2209 149 2230 mo
164 2211 171 2229 :
185 2200 227 2230 Ne
241 2201 443 2229 desideraverim
457 2200 574 2233 divitias;
593 2205 616 2228 et
637 2200 660 2227 si
674 2199 795 2232 relucent,
813 2207 845 2226 ne
855 2199 906 2225 od-

955 994 1022 1021 tibus
1037 1002 1114 1026 nunc,
1129 993 1190 1028 quia
1203 992 1334 1029 lugebant.
1352 992 1398 1020 His
1413 991 1613 1026 respondebunt
1629 992 1684 1025 illa,
1699 999 1758 1026 quae

956 1049 1036 1076 supra
1051 1041 1282 1069 benedictionibus
1292 1040 1414 1075 opposita
1429 1044 1490 1067 sunt
1503 1039 1572 1073 aptul
1582 1039 1755 1066 Creatorem:

956 1086 1025 1113 Ecce
1043 1087 1084 1121 qui
1099 1086 1162 1113 milii
1186 1087 1307 1117 serviunt,
1331 1086 1531 1117 saturabuntur;
1546 1093 1588 1112 vos
1603 1090 1687 1112 autem
1703 1093 1760 1112 csu-

957 1132 1028 1159 rictis
1043 1131 1095 1167 (Is.
1110 1131 1191 1164 LXV,
1207 1132 1272 1166 12);
1289 1132 1380 1167 utique
1405 1132 1466 1167 quia
1489 1131 1598 1159 saturati
1621 1131 1688 1158 estis.
1705 1130 1759 1157 Et:

961 1178 1029 1206 Ecce
1041 1179 1083 1214 qui
1094 1179 1156 1206 mihi
1177 1179 1297 1210 serviunt,
1314 1178 1523 1210 oblectabantur;
1537 1187 1580 1205 vos
1593 1183 1675 1205 autem
1697 1185 1760 1204 con-

962 1227 1124 1262 fundentini;
1148 1228 1240 1263 utique
1254 1228 1380 1263 ploraturi
1404 1228 1449 1262 qtti
1472 1233 1539 1255 nunc
1566 1228 1662 1254 ridetis.
1685 1226 1761 1254 Sicut

958 1274 1031 1301 enim
1052 1274 1078 1301 in
1105 1274 1211 1301 Psaltno
1226 1273 1285 1305 (Ps.
1302 1273 1407 1307 CXXV,
1424 1273 1463 1307 6),
1478 1273 1658 1308 quisentinnnl
1680 1273 1706 1299 in
1720 1272 1762 1298 lu-

959 1319 1063 1354 crgmis,
1077 1319 1103 1346 in
1117 1319 1205 1346 latitia
1218 1324 1329 1347 merent:
1344 1320 1379 1347 ita
1396 1320 1421 1347 in
1435 1319 1589 1355 Evangelio,
1608 1319 1652 1354 qui
1668 1319 1693 1346 iu
1709 1319 1765 1346 risu

959 1365 1104 1399 semiuant,
1120 1365 1223 1393 scilicet
1248 1366 1338 1393 laetitia
1361 1366 1431 1401 (ll),
1446 1366 1471 1393 in
1500 1365 1626 1401 laerymis
1651 1369 1763 1392 nictent.

961 1411 1024 1440 Hac
1038 1413 1102 1440 olim
1116 1411 1227 1441 Creator
1242 1414 1322 1441 simul
1346 1413 1443 1448 posuit,
1455 1411 1579 1440 Christus
1592 1413 1763 1440 solummodo

961 1457 1160 1494 distinguendo,
1183 1467 1237 1487 non
1264 1459 1409 1493 mutando,
1434 1460 1595 1487 renovavit:
1616 1458 1670 1492 νω,
1687 1467 1765 1494 quiuit

960 1505 1030 1532 vobis
1051 1505 1225 1532 benedixerint
1250 1505 1364 1533 homines
1379 1513 1388 1532 :
1403 1505 1543 1533 secundant
1570 1505 1623 1532 Ita'c
1638 1506 1765 1540 faciebant

959 1554 984 1576 et
997 1550 1226 1587 pseudoprophetis
1254 1555 1339 1586 patres
1353 1550 1466 1577 illorum.
1489 1550 1577 1586 [Eque
1589 1550 1701 1577 Creator
1716 1551 1765 1577 he-

959 1596 1122 1624 nedictionis
1134 1601 1161 1624 et
1175 1596 1261 1625 laudis
1281 1596 1404 1624 humanae
1427 1601 1573 1624 sectatores
1596 1595 1702 1624 incusat
1718 1603 1766 1631 per

411 1656 416 1673 :
441 1652 465 1673 et
493 1646 668 1673 ltnmiliabitnr
694 1646 787 1678 homo;
815 1645 906 1680 utique
919 1650 943 1681 ρ
961 1642 1067 1670 Esaiam
1082 1643 1135 1677 (Is.
1149 1644 1198 1677 IlI,
1212 1643 1255 1680 I2)
1273 1652 1280 1671 :
1296 1643 1413 1678 Populus
1422 1652 1501 1676 utens,
1514 1644 1557 1679 qui
1572 1652 1615 1671 vos
1625 1643 1709 1671 beatos
1722 1644 1764 1672 di-

959 1693 1037 1722 cunt,
1053 1689 1176 1716 seducunt
1200 1697 1253 1721 vos,
1270 1695 1294 1717 et
1321 1690 1375 1717 vias
1390 1690 1484 1725 pedum
1507 1695 1647 1717 vestrorum
1666 1691 1764 1718 distur«

959 1736 1032 1762 bant.
1049 1734 1177 1763 Prohibet
1197 1740 1226 1763 et
1248 1736 1315 1763 alias
1337 1726 1420 1763 lidere
1442 1737 1551 1763 omnino
1566 1737 1592 1764 in
1614 1736 1762 1773 hominem,

961 1781 1002 1808 sic
1014 1780 1081 1808 etin
1098 1781 1202 1808 laudem
1217 1781 1332 1809 hominis
1342 1802 1349 1814 ,
1366 1786 1394 1808 ιιι
1410 1790 1456 1817 per
1470 1782 1630 1810 Hieremiam
1654 1784 1761 1820 (lerant.

961 1825 1045 1858 XVII,
1062 1826 1091 1862 5)
1105 1835 1113 1854 :
1128 1826 1282 1854 Malcdictus
1297 1827 1382 1859 ltomo,
1393 1828 1437 1859 qui
1449 1836 1519 1862 spem
1530 1829 1603 1857 liabet
1614 1830 1639 1856 in
1652 1831 1763 1859 homine.

961 1872 1029 1900 Nam
1045 1874 1108 1901 etin
1125 1873 1229 1901 Psaltno
1239 1874 1386 1902 centesimo
1401 1875 1507 1903 decimo
1518 1877 1632 1911 septimo
1653 1878 1691 1914 (8,
1709 1879 1737 1914 9)
1753 1888 1760 1907 :

959 1918 1061 1946 Bonum
1071 1925 1108 1947 est
1120 1921 1199 1954 ﬁdere
1213 1921 1239 1947 in
1252 1920 1399 1954 Dominum,
1407 1931 1482 1958 quant
1491 1924 1569 1956 ﬁdere
1584 1925 1609 1951 in
1625 1925 1760 1953 hominem.

960 1965 995 1993 Et
1010 1975 1016 1992 :
1031 1966 1130 2003 Bonum
1150 1972 1186 1994 est
1205 1975 1309 2002 sperare
1322 1969 1349 1995 in
1363 1969 1511 2001 Dominum,
1533 1979 1608 2006 quam
1622 1981 1724 2007 sperare
1736 1974 1761 2000 in

960 2012 1098 2048 principes.
1114 2012 1162 2046 Ita,
1177 2017 1260 2040 tutum
1276 2014 1347 2049 quod
1366 2015 1401 2042 ab
1416 2015 1524 2045 homine
1537 2023 1669 2053 captatur,
1683 2020 1761 2048 abdi-

961 2058 1002 2086 xit
1011 2059 1134 2092 Creator,
1158 2060 1256 2088 nedum
1272 2062 1495 2091 benedictionem.
1510 2066 1760 2102 I‘seudopropltetas

959 2111 1051 2134 autem
1065 2106 1185 2134 laudatos
1194 2108 1250 2135 sive
1262 2109 1417 2137 benedictus
1430 2119 1444 2137 a
1456 2111 1576 2146 patribus
1589 2120 1692 2147 eorum,
1706 2118 1758 2142 tant

959 2153 1019 2188 ejus
1033 2158 1074 2181 cst
1088 2154 1262 2189 exprobrare,
1278 2164 1358 2191 quain
1382 2157 1526 2192 prophetas
1548 2164 1658 2187 vexatos
1677 2165 1703 2188 et
1718 2169 1760 2189 rc-

959 2204 1067 2228 cusatos
1083 2209 1089 2228 :
1103 2200 1173 2228 sicut
1194 2201 1297 2236 iniuriae
1320 2203 1511 2238 prophetarum
1539 2212 1592 2233 non
1616 2207 1760 2241 pertinuis‘

744 2266 934 2295 LECTIONES
955 2267 1160 2297 VARIANTES.

137 2325 170 2358 (l)
190 2326 293 2357 Quidam
302 2327 376 2353 omitt.
388 2325 480 2353 Pantol.

137 2357 173 2390 (2)
190 2359 236 2390 Qui
246 2363 303 2384 Jun.

133 2389 172 2451 at
190 2389 354 2426 multiplicatis
365 2389 459 2416 Pumel.

164 2422 172 2451 )
189 2420 268 2447 Edidit
279 2420 353 2447 Seml.

146 2422 172 2447 4)
189 2420 268 2447 Edidit
279 2420 353 2447 Seml.

134 2453 162 2481 (5
190 2451 355 2478 Honorabitur
382 2452 473 2478 uidmn.

135 2451 173 2515 (6i
187 2483 340 2515 Receperiut
357 2459 451 2510 gomet.

187 2483 340 2515 Receperiut
357 2483 451 2510 Pamel.

1004 2325 1028 2356 7)
1047 2325 1077 2350 Et
1087 2326 1182 2350 dititias
1193 2330 1249 2351 .lnu.

1003 2359 1027 2388 κ)
1045 2357 1273 2392 ρυςί(1(·ῐ·¹;ιγυζ“ἱις...ι
1286 2358 1406 2390 adjeceris
1417 2360 1491 2386 Sctnl.

1001 2391 1025 2418 Et)
1043 2388 1180 2412 Etuttmdd.
1192 2388 1287 2414 Obt‘flll.

999 2419 1038 2454 tu)
1058 2420 1182 2454 adit-ctam
1197 2421 1279 2454 III_lIIV.
1289 2423 1529 2448 communicationem
1542 2429 1621 2451 Venet.
1634 2428 1755 2454 mentitur.

990 2452 1041 2482 (ll)
1060 2450 1094 2475 Ex
1108 2450 1189 2475 inculta
1203 2452 1253 2483 Itig.
1270 2456 1349 2478 Venet.
1367 2458 1393 2479 et
1405 2453 1488 2481 notitia
1500 2455 1573 2482 ιτΙιεη,

781 2538 965 2570 COMMENTA
970 2540 1059 2570 RIUS.

140 2597 180 2633 (ν)
203 2596 340 2629 Quoniam,
364 2598 457 2632 inquit,
482 2598 611 2633 recepistis
639 2597 830 2624 advocationem
862 2607 903 2626 ve-

102 2639 192 2659 stram.
205 2633 233 2660 Id
248 2638 290 2660 est
307 2633 528 2661 consolationem.
549 2633 725 2668 Prosequitur
739 2640 803 2661 vero
822 2635 902 2662 verba

103 2669 185 2697 Lucra
208 2668 250 2701 VI,
279 2669 306 2696 in
329 2669 379 2696 hoc
399 2668 541 2702 differens,
568 2669 640 2703 quod
667 2676 759 2696 vocem
789 2677 902 2704 gramm

103 2707 208 2738 ἇτῖχιτι
221 2705 301 2732 vertit
315 2705 451 2738 recepistis,
469 2709 524 2732 tum
546 2704 589 2732 hic
605 2710 660 2732 tum
676 2705 755 2739 paulo
771 2711 840 2739 post.
856 2714 904 2740 pro

104 2748 139 2768 eo
151 2740 222 2773 quod
235 2740 289 2772 alii,
302 2740 433 2771 habuistis,
448 2741 523 2775 quasi
544 2741 637 2768 volens
651 2740 786 2775 explicare
806 2741 904 2776 signiti-

103 2776 239 2803 cationcm
253 2776 335 2809 illam,
350 2783 401 2810 qua
417 2776 549 2811 signiﬁcat
563 2776 669 2803 aliunde
682 2776 796 2807 accipere
808 2797 815 2809 ,
831 2778 902 2805 velut

104 2818 216 2838 censum
231 2814 259 2838 et
270 2811 382 2838 reditum
398 2819 430 2838 ex
446 2811 527 2844 arvis,
544 2812 614 2847 quod
630 2812 730 2846 optitne
744 2811 788 2838 hic
805 2820 902 2840 t-onve-

104 2847 156 2879 nit,
173 2851 200 2874 et
222 2846 315 2874 eodem
340 2847 421 2874 modo
445 2846 558 2874 vertitur
575 2856 590 2874 a
616 2847 729 2881 Vulgato
744 2847 899 2882 interprete,

108 2882 215 2917 (Matth.
241 2881 295 2916 Vl),
320 2883 459 2910 inerret/am
474 2891 546 2909 suam
572 2888 727 2915 receperunt.
751 2882 796 2910 Sic
815 2881 899 2912 etiam

105 2919 186 2945 vertit
197 2917 324 2952 Syriacus
337 2918 476 2953 interpres.
494 2918 567 2946 Haud
584 2919 666 2945 inulto
685 2918 771 2950 aliter,
788 2919 833 2945 sed
848 2928 900 2946 tun-

106 2955 146 2989 εἰς
158 2953 349 2982 convenienter
363 2955 418 2981 voci
434 2960 527 2988 graecae
537 2976 544 2987 ,
557 2954 635 2982 vertit
657 2954 788 2989 interpres
807 2954 899 2984 lrcuai

247 3000 467 3031 TERTULIJAHI
490 3001 527 3031 Η.

955 2600 1000 2628 lib.
1017 2600 1061 2628 IlI.
1076 2606 1135 2634 cap.
1149 2599 1191 2629 H.
1207 2600 1344 2635 percipitis.
1364 2601 1431 2629 Put.

991 2636 1030 2674 (b)_
1044 2634 1148 2674 Domus
1157 2643 1262 2674 mngn_as
1276 2634 1458 2674 'trdi/icaveris,
1480 2644 1527 2667 ξιτ.
1542 2640 1650 2670 ΟΓζΓειις
1664 2644 1748 2674 cod.“

956 2672 1067 2714 requirit
1078 2671 1207 2705 pulchras.
1216 2670 1416 2714 fccoribusltie
1429 2682 1483 2714 pro
1492 2677 1578 2714 ovibus
1600 2670 1736 2714 usurpavit

955 2703 1005 2744 etsi
1019 2707 1045 2734 in
1061 2703 1152 2744 ἐξῃξςο
1168 2710 1289 2741 προϐάτων
1309 2703 1449 2742 ερτὶῠειιυί,
1477 2711 1502 2738 Id
1525 2703 1575 2740 est?

955 2742 1026 2786 ferre
1051 2742 1195 2786 debuisset.
1207 2743 1333 2786 gut'bov‘es
1344 2745 1515 2774 multilicatos
1528 2756 1575 2776 seu
1589 2742 1748 2786 ﬁssilipedes

955 2783 1045 2813 postea
1061 2778 1225 2813 adjungerel.
1238 2777 1276 2805 Le
1291 2779 1337 2806 I'a.

990 2814 1028 2849 (ο)
1047 2814 1201 2848 Receperunt
1214 2814 1309 2841 scilicet
1319 2815 1505 2845 advocationem
1518 2827 1598 2847 suam.
1609 2820 1665 2847 Non
1675 2822 1747 2849 aliud

954 2855 1017 2884 pttlo
1041 2850 1093 2889 ΙιίιιΔ
1107 2854 1232 2890 spectare
1253 2857 1332 2890 quam
1354 2852 1433 2890 verba
1449 2853 1594 2889 Evangelii,
1610 2856 1705 2884 divites
1721 2864 1748 2885 et

953 2890 1073 2926 potentes
1089 2886 1264 2926 increpantis:
1276 2886 1353 2914 Amen
1367 2888 1423 2915 dico
1436 2889 1513 2921 vobis,
1525 2886 1673 2926 receperunt
1683 2902 1749 2920 mer-

951 2922 1034 2949 cedem
1052 2929 1131 2949 suam.
1148 2920 1185 2948 LE
1199 2920 1248 2948 Ρη.

1384 3002 1530 3048 (Τνθίιε.)
