4268 6492
769 386 875 442 395

2185 375 2642 433 TERTULLIANI

3962 378 4069 436 396

769 509 892 555 sent
933 499 998 553 atl
1048 499 1212 554 Deum
1245 500 1514 568 ipsorum;
1549 501 1619 554 ita
1653 511 1750 552 nec
1803 494 1986 565 gratiae
2033 490 2361 561 pseudopro-
2389 491 2437 550 Α
2469 490 2611 560 leges
2640 490 2852 546 talionis
2891 492 3121 548 timeret.
3156 492 3302 549 llanc
3335 494 3465 565 legis
3495 496 3824 550 voluntatem
3877 495 3946 550 de
3996 497 4069 550 in-

772 594 1051 660 phetarutu
1083 591 1511 662 displicuissent,
1543 593 1640 646 nisi
1674 591 1783 644 Deo
1815 587 2218 657 prophetarum.

1381 684 1606 742 CAI'UT
1655 681 1792 738 XVI.

843 775 950 831 Sed
973 777 1106 830 vobis
1137 775 1270 839 dico,
1301 775 1471 847 inquit
1497 775 1650 846 (Luc.
1680 773 1795 840 Vl),
1827 773 1913 841 qui
1935 771 2161 832 auditis;
2189 776 2367 821 osten-

771 871 903 922 dens
928 870 1027 922 hoc
1053 868 1178 923 olim
1209 869 1516 923 mandatum
1541 867 1632 937 (IV
1664 865 1817 920 Esdr.
1851 863 1966 929 .\'V,
2001 862 2053 932 1)
2080 876 2106 913 a
2149 861 2366 915 Creato-

775 977 830 1014 re
861 979 874 1014 :
908 959 1136 1029 Loquere
1167 960 1217 1013 in
1244 977 1396 1014 aures
1419 960 1750 1014 audientium.
1780 955 1992 1026 Diligite
2020 954 2250 1007 inimicos
2278 968 2364 1004 vc-

773 1064 926 1119 stros,
954 1053 1027 1123 (a)
1054 1063 1099 1104 et
1130 1053 1405 1106 bencdicite
1432 1069 1514 1106 eos
1540 1052 1625 1122 qui
1655 1067 1740 1104 vos
1767 1050 2000 1110 oderunt,
2023 1057 2072 1101 et
2114 1056 2254 1099 orate
2274 1060 2366 1112 pro

770 1145 843 1199 eis
869 1145 952 1214 qui
979 1161 1064 1199 vos
1087 1146 1480 1198 catunmittntur.
1517 1145 1641 1198 ﬂare
1670 1143 1896 1198 Creator
1928 1157 2029 1195 una
2060 1138 2367 1210 pronuntia.

771 1238 913 1290 tione
938 1236 1096 1289 clusit
1122 1252 1214 1304 per
1244 1236 1454 1290 Esaiam
1477 1235 1580 1306 (Is.
1611 1233 1794 1295 LXVI,
1821 1235 1910 1303 5);
1940 1232 2127 1299 Dicite,
2157 1230 2368 1284 Fratres

771 1328 932 1381 nostri
951 1329 1088 1393 estis,
1125 1329 1195 1382 eis
1241 1329 1326 1396 qui
1371 1345 1452 1382 vos
1502 1327 1735 1382 oderunt.
1766 1327 1821 1383 Si
1853 1326 1994 1380 enim
2044 1328 2133 1395 qui
2167 1323 2368 1378 inimici

772 1429 894 1474 sunt
919 1429 973 1473 ct
999 1418 1246 1485 oderunt,
1280 1429 1334 1474 et
1362 1419 1705 1480 maledicunt,
1735 1430 1788 1473 et
1814 1417 2231 1480 calumniantur,
2257 1413 2367 1468 fra-

777 1523 887 1567 tres
917 1512 1220 1583 appellandi
1250 1522 1406 1578 Stlltl;
1457 1512 1636 1582 utique
1671 1522 1722 1566 et
1785 1509 2025 1565 benedici
2082 1509 2324 1563 odientes
2353 1549 2368 1572 ,

771 1608 913 1660 orari
962 1623 1057 1677 pro
1115 1605 1791 1675 calumniatoribusjussit,
1823 1605 1910 1675 qui
1942 1618 2037 1658 eos
2067 1601 2259 1657 fratres
2289 1600 2370 1672 (l)

778 1700 1022 1769 deputari
1055 1700 1321 1767 praecepit.
1349 1697 1423 1770 (b)
1453 1697 1654 1753 Novam
1689 1697 1842 1767 plane
1876 1695 2187 1765 patientiam
2213 1692 2372 1748 docet

769 1792 1033 1855 Christus,
1067 1793 1224 1846 etiam
1259 1791 1428 1845 vicem
1481 1789 1688 1856 injuria:
1743 1787 2021 1853 cohibens,
2054 1785 2370 1856 permissam

2469 584 2682 639 tellectu
2711 584 3058 650 laborantem,
3079 587 3335 642 Dominus
3361 598 3414 644 et
3435 589 3640 644 sabbati
3655 600 3707 645 et
3729 591 3860 661 legis
3875 601 3929 645 et
3949 607 4068 645 om-

2469 675 2613 734 nium
2658 688 2997 745 paternarum
3030 680 3436 750 dispositionum
3477 681 3722 737 Christus
3764 695 3818 739 et
3872 685 4072 738 revela-

2471 768 2562 833 vit,
2593 779 2646 824 et
2672 780 2974 838 compotem
3007 772 3152 839 fecit,
3188 773 3447 828 mandans
3477 775 3695 829 alterius
3719 793 3934 845 quoque
3967 791 4073 829 nia-

2467 859 2610 916 xilla:
2631 862 2988 930 oblationem;
3017 877 3070 919 ut
3094 875 3241 920 tanto
3271 867 3437 934 magis
3466 868 3635 922 vicem
3669 868 3874 937 injuriie
3901 872 4073 922 extin-

2467 963 2672 1024 gueret,
2701 966 2933 1025 quamet
2962 957 3044 1011 lex
3087 974 3178 1027 per
3203 958 3451 1012 talionem
3474 959 3713 1013 voluerat
3747 961 4068 1030 impedisse,

2469 1058 2616 1102 certe
2644 1063 2802 1118 quam
2846 1050 3122 1118 prephctia
3171 1049 3454 1106 manifeste
3496 1061 3830 1114 coercuerat,
3867 1061 3922 1105 et
3954 1068 4071 1106 mc-

2469 1142 2692 1196 moriant
2726 1141 2932 1211 injuria:
2977 1141 3288 1209 prohibens,
3317 1153 3368 1197 ct
3409 1144 3664 1198 ultionem
3696 1143 3762 1197 ad
3790 1144 3960 1197 Deum
3992 1159 4074 1199 te-

2471 1233 2677 1304 digens.
2711 1233 2784 1288 Ita
2825 1235 2867 1288 si
2897 1234 3023 1307 quid
3066 1234 3312 1291 Christus
3343 1237 3542 1298 intulit,
3585 1252 3690 1290 non
3735 1237 4072 1305 adversario,

2471 1325 2565 1380 sed
2615 1324 2858 1396 adjutore
2919 1338 3220 1398 praecepto,
3276 1342 3379 1382 non
3433 1329 3696 1384 destruxit
3759 1330 4074 1399 disciplinas

2472 1418 2758 1475 Creatoris.
2810 1420 3076 1489 Denique,
3123 1423 3166 1476 si
3198 1421 3250 1476 in
3282 1423 3448 1492 ipsam
3483 1423 3743 1477 rationein
3785 1423 4059 1494 patientia:

2478 1511 2853 1582 prxcipieuda:
2877 1555 2890 1575 ,
2921 1522 2974 1566 et
3003 1513 3218 1583 quidem
3250 1524 3356 1567 tam
3387 1515 3558 1583 plenae
3585 1524 3746 1584 atque
3781 1514 4036 1583 perfecta:
4059 1555 4073 1577 ,

2474 1603 2878 1659 consideremus
2901 1602 2984 1675 (7)
3009 1647 3021 1668 ,
3055 1623 3158 1659 non
3188 1606 3483 1670 consistet,
3525 1607 3568 1660 si
3600 1624 3703 1660 non
3736 1618 3820 1662 est
3852 1606 4077 1662 Creiuo-

2475 1697 2580 1762 ris,
2611 1698 2700 1768 qui
2734 1697 3015 1752 vindictam
3050 1699 3363 1768 repromittit
3384 1741 3399 1764 ,
3431 1699 3518 1769 qni
3551 1699 3786 1768 judiccm
3829 1709 4073 1770 pra-stat.

2477 1789 2745 1859 Alioquin,
2777 1790 2820 1844 si
2854 1801 3056 1844 tantum
3093 1791 3360 1861 patientia:
3383 1791 3613 1860 pondus,
3645 1807 3750 1845 non
3782 1793 3946 1846 modo
3970 1808 4073 1846 non

778 1899 805 1936 a
833 1882 1088 1938 Creatore
1115 1881 1308 1950 (Exod.
1341 1881 1482 1946 XXI,
1510 1880 1602 1948 24)
1638 1881 1708 1951 (ο)
1743 1879 1952 1934 oculum
1981 1878 2225 1948 exigente
2274 1891 2372 1946 pro
2401 1890 2448 1950 Β
2479 1884 2905 1952 repercutiendi,
2938 1884 3032 1939 sed
3074 1894 3124 1938 et
3160 1884 3321 1938 aliam
3355 1885 3627 1938 maxillam
3661 1885 3969 1955 prmbendi:
4018 1895 4069 1939 et

769 1976 946 2037 oculo,
978 1986 1032 2030 et
1086 1974 1300 2029 dentem
1349 1988 1445 2043 pro
1489 1972 1649 2027 dente
1693 1982 1938 2033 :coutra,
1983 1970 2096 2037 ipse
2148 1969 2371 2023 alteram

767 2067 994 2135 amplius
1035 2065 1306 2119 maxillam
1352 2063 1532 2118 oll'erri
1578 2063 1795 2132 jubeus,
1827 2071 1882 2116 et
1922 2077 2084 2133 super
2139 2059 2370 2115 tunicam

767 2160 928 2229 pallio
957 2174 1167 2228 quoque
1188 2157 1328 2213 cedi.
1362 2157 1526 2212 Plane
1555 2155 1670 2210 haec
1716 2156 1960 2210 Christus
2007 2153 2284 2222 atljecerit,
2314 2162 2373 2208 ut

767 2250 1136 2324 supplementa
1162 2260 1524 2306 consentanea
1551 2248 1848 2316 disciplina:
1875 2245 2168 2302 Creatoris.
2201 2250 2372 2314 Atque

764 2346 902 2399 adeo
933 2343 1034 2398 hoc
1059 2343 1237 2397 statim
1266 2339 1676 2397 renuntiandum
1715 2348 1817 2404 est,
1848 2353 1916 2392 an
1957 2337 2240 2406 disciplina
2269 2350 2366 2405 pa-

771 2435 971 2490 tientia:
1021 2434 1336 2501 prmdicatur
1383 2431 1461 2502 (2)
1495 2447 1656 2502 penes
1685 2430 2020 2486 Creatorem.
2054 2428 2110 2484 Si
2160 2444 2252 2499 per
2275 2427 2372 2484 Za-

773 2527 1008 2581 chariam
1063 2526 1315 2595 prmeepit
1354 2523 1545 2594 (Zaclt.
1593 2522 1708 2590 Vll,
1739 2523 1854 2592 10),
1894 2537 1960 2577 ne
2009 2522 2373 2590 unusquisque

770 2621 988 2674 malitia:
1021 2619 1199 2674 fratris
1226 2619 1306 2672 sui
1331 2617 1668 2680 meminerit;
1701 2616 1794 2671 sed
1829 2629 1926 2669 nec
1954 2615 2182 2684 proximi
2209 2631 2222 2666 :
2249 2629 2370 2668 nam

771 2723 827 2766 et
858 2727 1039 2766 rursus
1073 2729 1085 2763 :
1122 2709 1400 2774 Malitiant,
1433 2709 1602 2779 inquit
1651 2705 1812 2778 (Ibid.
1840 2705 1976 2771 VIII,
2013 2706 2122 2771 17).
2153 2705 2373 2774 proximi

768 2805 848 2858 sui
878 2803 1215 2872 unusquisque
1252 2802 1331 2870 (5)
1357 2817 1419 2854 ne
1447 2799 1710 2870 recogitet.
1755 2798 1919 2852 Multo
1961 2799 2131 2866 magis
2163 2798 2372 2867 patien-

767 2896 893 2949 tiam
937 2893 1126 2948 indixit
1173 2891 1400 2961 injuriae,
1431 2891 1523 2959 qui
1567 2889 1757 2944 indixit
1786 2888 2134 2943 oblivionem.
2175 2887 2281 2942 Sed
2310 2895 2367 2942 et

769 3003 892 3042 eum
924 2988 1052 3042 dicit
1077 2985 1256 3056 (Deut.
1281 2982 1498 3050 XXXII,
1527 2982 1616 3053 35)
1652 2999 1666 3037 :
1701 2982 1834 3036 Mihi
1854 2980 2148 3046 vindictam,
2205 2991 2252 3034 et
2281 2996 2373 3050 ego

770 3081 1071 3146 vindicabo;
1100 3080 1323 3150 proinde
1373 3078 1681 3148 patientiam
1731 3077 1886 3132 docet
1913 3075 2162 3131 vindicta:
2186 3089 2376 3143 exSpe-

770 3178 1067 3231 ctatricem.
1106 3175 1158 3228 ln
1209 3183 1465 3244 quantum
1496 3187 1623 3241 ergo
1657 3169 1738 3242 (4)
1787 3185 1895 3224 non
1925 3170 2088 3239 capit,
2123 3178 2179 3223 ut
2231 3167 2372 3222 idem

2478 1993 2584 2032 non
2627 1977 2787 2033 modo
2835 1994 2940 2033 non
2993 1979 3445 2044 rcmaledicendi,
3495 1979 3589 2034 sed
3639 1981 3799 2034 etiam
3849 1979 4078 2034 benedi-

2477 2068 2659 2137 ceudi,
2691 2078 2748 2124 et
2775 2085 2881 2124 non
2914 2070 3078 2125 modo
3105 2088 3211 2125 nou
3242 2071 3506 2126 retinendi
3539 2073 3768 2126 tunicam
3793 2112 3806 2133 ,
3841 2071 3940 2125 sed
3966 2087 4079 2148 am-

2477 2161 2620 2231 plius
2658 2172 2712 2217 et
2736 2163 2951 2232 palliutn
2978 2163 3331 2228 concedendi,
3350 2165 3393 2217 is
3419 2164 3546 2218 tuihi
3574 2165 3819 2234 itnponit,
3849 2163 3943 2232 qui
3969 2180 4073 2215 nun

2475 2253 2546 2308 sit
2573 2268 2661 2308 me
2689 2253 3044 2320 defensurus;
3093 2256 3144 2308 in
3175 2270 3404 2310 vacuum
3437 2258 3747 2325 patientiam
3787 2258 4076 2324 praecepit,

2477 2359 2582 2398 non
2623 2345 2887 2400 exhibens
2929 2346 3057 2400 mihi
3103 2348 3407 2403 mercedem
3451 2350 3737 2417 praecepti:
3793 2347 4070 2418 patientia:

2475 2436 2597 2491 dico
2629 2439 2860 2492 fructum
2881 2481 2894 2501 ,
2923 2439 3065 2508 quod
3092 2450 3176 2496 est
3206 2441 3374 2505 ultio;
3408 2457 3568 2511 quam
3599 2441 3727 2494 mihi
3760 2440 4076 2510 permisisse

2475 2528 2765 2596 debuerat,
2809 2532 2854 2585 si
2881 2530 2996 2601 ipse
3025 2549 3130 2586 non
3161 2545 3418 2604 praestat;
3461 2544 3554 2587 aut
3583 2534 3626 2588 si
3660 2533 3786 2586 mihi
3815 2548 3924 2585 non
3961 2548 4078 2601 per-

2476 2623 2754 2691 mittebat,
2805 2625 2917 2694 ipse
2951 2635 3208 2694 praestare
3239 2628 3353 2695 (8);
3397 2627 3646 2695 quoniam
3688 2636 3742 2680 ct
3780 2625 4080 2694 disciplina:

2478 2717 2734 2781 interest,
2783 2718 3032 2788 injuriam
3081 2721 3342 2774 vindicari
3375 2738 3388 2773 :
3421 2730 3565 2775 metu
3617 2721 3760 2774 enim
3815 2721 4078 2784 ultionis,

2478 2810 2655 2863 omnis
2685 2810 2941 2879 iniquitas
2971 2812 3293 2866 refrenatur.
3329 2812 3623 2878 Caeterum,
3658 2813 3857 2882 paSsitu
3882 2813 4081 2865 emissa

2479 2901 2729 2956 libertate
2767 2903 3164 2968 dominabitur;
3210 2915 3496 2973 ntrmnque
3527 2904 3739 2958 oculqu
3779 2903 4080 2968 effossum,

2477 3001 2533 3048 et
2561 2993 2648 3062 (ά)
2678 3009 2892 3049 onmem
2923 2995 3136 3049 dentem
3167 2997 3460 3050 excitatura
3489 2995 3570 3066 (9)
3603 3012 3709 3066 pra:
3743 2996 4080 3064 impunitatis

2478 3087 2792 3142 securitate.
2827 3087 2932 3141 Sed
2965 3088 3065 3142 hoc
3095 3100 3176 3142 est
3209 3089 3302 3141 Dei
3330 3090 3513 3157 optimi
3539 3129 3553 3152 ,
3593 3097 3647 3142 et
3677 3098 3884 3142 tantum
3915 3087 4042 3141 boni
4063 3129 4078 3153 ,

2481 3178 2753 3248 patientiae
2783 3178 3032 3247 injuriam
3058 3179 3254 3244 Iacere,
3284 3179 3552 3234 violentiae
3575 3182 3792 3248 januam
3820 3179 4078 3247 pandere,

772 3268 1016 3323 videatur
1043 3276 1098 3323 et
1134 3267 1350 3321 dentem
1399 3280 1495 3334 pro
1525 3263 1704 3326 (lente,
1735 3265 1946 3317 ocolmu
1977 3277 2073 3330 pro
2113 3261 2288 3324 oculo,
2320 3259 2372 3314 in

2481 3270 2679 3340 probos
2707 3285 2812 3325 nou
2841 3270 3154 3334 defendere,
3184 3273 3459 3342 improbos
3484 3287 3588 3327 non
3616 3287 3895 3338 coercere,
3921 3271 4081 3325 Omni

773 3362 942 3416 vicem
977 3361 1183 3430 injuria:
1230 3359 1466 3428 exigere,
1524 3357 1613 3427 qui
1662 3372 1766 3410 non
1816 3354 1976 3409 modo
2030 3355 2225 3420 vicem,
2280 3351 2376 3408 sed

772 3453 932 3508 etiam
950 3453 1226 3515 ultionem,
1243 3451 1404 3504 etiam
1429 3447 1856 3502 recordationem
1871 3445 2375 3516 etrec0gitationem

773 3547 981 3617 injuria:
997 3546 1276 3616 prohibet:
1303 3545 1352 3598 in
1404 3552 1606 3597 tantum
1638 3542 1874 3610 aperitur
1899 3540 2076 3603 nobis,
2106 3537 2376 3609 quomodo

774 3642 990 3696 oculum
1019 3655 1114 3708 pro
1133 3639 1313 3700 oculo,
1341 3648 1393 3690 et
1415 3636 1630 3692 dentem
1654 3649 1750 3704 pro
1768 3633 1926 3688 dente
1951 3631 2239 3694 censuerit,
2269 3646 2376 3685 non

774 3736 842 3792 ad
873 3733 1160 3789 secundam
1205 3732 1452 3800 injuriam
1494 3728 1708 3783 talionis
1753 3725 2184 3797 permittendum,
2216 3739 2376 3795 quam

773 3825 1122 3899 prohibuerat
1161 3822 1440 3878 interdicta
1493 3819 1717 3884 ultione,
1748 3819 1842 3873 sed
1878 3817 1944 3872 ad
1973 3818 2195 3888 primam
2221 3832 2377 3872 coer-

776 3919 1024 3978 cendam,
1057 3931 1214 3986 qnam
1269 3913 1618 3984 prohibuerat
1663 3911 1908 3981 opposito
1959 3910 2156 3964 talione
2181 3909 2284 3980 (5),
2319 3917 2376 3964 ut

775 4008 1143 4079 unusquisque
1175 4006 1466 4076 reSpiciens
1496 4005 1762 4059 licentiam
1795 4002 2049 4058 secundae
2081 4001 2310 4072 injuriae,
2343 4017 2373 4057 ιι

779 4103 946 4172 prima
1001 4099 1345 4168 semetipsum
1415 4098 1737 4152 c0ntineret.
1789 4095 2020 4150 Facilius
2067 4095 2210 4150 enim
2264 4097 2368 4149 vim

779 4193 1060 4264 comprimi
1091 4192 1188 4247 scit
1212 4193 1686 4261 repraesentatione
1716 4189 1947 4255 talionis,
1979 4204 2138 4260 quam
2181 4204 2370 4259 repro-

781 4289 1040 4345 missione
1086 4286 1322 4340 ultionis.
1378 4283 1672 4354 Utrumque
1716 4291 1895 4338 autem
1937 4283 2372 4339 constituendum

780 4385 878 4439 luit
923 4397 1019 4453 pro
1060 4391 1247 4435 natura
1276 4389 1330 4433 et
1362 4377 1464 4433 title
1497 4377 1803 4442 hominum;
1839 4385 1895 4431 ut
1929 4378 2018 4447 qui
2052 4377 2160 4433 Deo
2184 4378 2375 4434 crede-

781 4489 863 4536 ret
890 4477 1143 4533 ultioncm
1172 4489 1201 4528 a
1234 4474 1343 4529 Deo
1367 4482 1730 4544 exspectaret,
1754 4472 1842 4543 qui
1863 4473 2040 4528 minus
2062 4471 2253 4528 liderct
2272 4473 2376 4545 (6),

2482 3363 2668 3432 petenti
2717 3372 2797 3427 te,
2842 3361 3002 3428 dato;
3030 3365 3212 3432 utique
3253 3363 3509 3434 indigenti
3542 3381 3556 3418 :
3587 3365 3669 3418 vc!
3717 3374 3865 3419 tanto
3909 3369 4082 3434 magis

2481 3454 2737 3525 indigenti
2762 3495 2776 3518 ,
2820 3455 2866 3509 si
2894 3457 3058 3510 etiam
3093 3466 3147 3510 et
3176 3456 3490 3511 abundanti.
3525 3455 3603 3511 Ne
3631 3458 3749 3526 quis
3778 3472 3908 3525 ergo
3936 3456 4078 3510 iudi-

2479 3546 2829 3617 geat,datori
2863 3555 3099 3616 paratam
3151 3547 3266 3617 (10)
3308 3546 3474 3602 habes
3521 3547 3936 3601 lieuterontnnio
3977 3549 4082 3600 lor-

2483 3652 2622 3692 mam
2659 3637 2930 3692 Creatoris
2957 3656 2968 3691 :
3007 3637 3127 3691 Non
3155 3641 3247 3691 erit
3271 3679 3284 3703 ,
3324 3639 3491 3708 inquit
3534 3640 3552 3706 (
3583 3638 3731 3693 Deut.
3767 3637 3885 3705 XV,
3918 3639 3954 3693 4
3979 3638 3999 3709 )
4029 3641 4083 3693 in

2486 3740 2532 3782 te
2561 3729 2834 3800 indigens;
2866 3731 2940 3784 uti
2969 3731 3264 3784 benedicens
3293 3731 3551 3784 benedicat
3583 3741 3629 3783 te
3661 3729 3912 3783 Dominus
3943 3730 4081 3786 Deus

2482 3833 2636 3887 tuus;
2665 3823 2907 3880 datorem
2934 3824 3176 3889 scilicet,
3210 3825 3300 3894 qui
3334 3823 3521 3879 fecerit
3551 3839 3652 3879 non
3684 3839 3805 3878 esse
3838 3823 4084 3894 indigen-

2481 3925 2610 3972 tem.
2640 3917 2707 3972 Et
2728 3917 2846 3987 plus
2879 3917 2964 3972 hic
2985 3958 3000 3981 ,
3042 3933 3147 3970 non
3175 3920 3320 3971 enim
3362 3916 3558 3986 petenti
3595 3915 3747 3986 jubet
3777 3915 3917 3969 dari.
3950 3915 4080 3979 Sed,

2481 4007 2604 4064 Non
2634 4011 2717 4074 sit,
2741 4008 2924 4078 inquit,
2949 4009 3180 4078 indigens
3211 4010 3263 4060 in
3299 4018 3388 4070 te;
3420 4006 3470 4060 id
3496 4019 3598 4070 est,
3631 4021 3758 4060 cura
3787 4007 3926 4060 ultro
3962 4008 4082 4076 (11)

2480 4118 2548 4157 ne
2572 4103 2640 4158 sit
2666 4119 2677 4154 :
2702 4116 2808 4172 quo
2838 4101 3006 4170 magis
3034 4101 3232 4170 petenti
3267 4099 3579 4169 prarjndicat
3604 4099 3838 4154 dandum
3863 4141 3878 4164 ,
3915 4101 4081 4154 etiam

2481 4197 2533 4251 in
2585 4195 2968 4266 sequentibus:
2997 4194 3057 4248 Si
3087 4203 3252 4247 autem
3299 4195 3452 4264 fuerit
3494 4192 3729 4264 indigens
3775 4209 3802 4245 e
3834 4193 4083 4261 fratribus

2479 4288 2598 4353 tuis,
2627 4303 2728 4340 non
2748 4297 2939 4339 avertes
2964 4301 3051 4339 cor
3071 4295 3233 4352 tuum,
3258 4301 3346 4339 nec
3368 4285 3682 4355 constringes
3707 4301 3914 4337 mnuum
3940 4296 4081 4338 tuam

2483 4397 2514 4434 a
2531 4385 2692 4452 fratre
2718 4389 2804 4432 tuo
2826 4378 2939 4450 (I2)
2960 4379 3236 4449 indigentc.
3257 4379 3502 4448 Aperiens
3524 4377 3721 4445 aperies
3744 4378 3818 4429 illi
3851 4393 4080 4442 manum,

2484 4474 2648 4544 [tenus
2679 4470 2946 4541 fwnerabis
2989 4472 3065 4525 illi
3093 4480 3336 4541 quantum
3379 4471 3675 4525 desiderarit
3699 4468 3836 4543 (15).
3879 4470 4083 4528 Fumus

1963 4586 2256 4642 LECTION
2262 4587 2345 4643 ES
2387 4585 2794 4642 VARIANTES.

844 4709 916 4767 (1)
950 4707 1076 4758 Tres
1105 4713 1262 4756 Venet.
1291 4703 1532 4756 mendose.

842 4771 914 4835 (Ξ)
952 4771 1186 4820 Praeilieat
1210 4778 1322 4818 Jun.

843 4838 914 4862 I‘!‘
950 4836 1165 4862 Ιὶιιίέηηη
1196 4831 1322 4862 Qui“!

864 4831 917 4956 ὅ)
950 4831 1340 4909 ριιὶδιιιιιχευιιιι.
1493 4889 1510 4938 Ι
1826 4889 1859 4938 Δ

842 4838 916 5019 isi)
953 4892 1574 5019 iiiiiiiic'iifijiisiiii’griiiit.
1589 4891 1824 5018 '33:.03‘53
1844 4924 1876 5003 ἰ

868 4949 916 5025 ιι)
953 4959 1156 5007 'l‘alione
1179 4956 1399 5018 opposito
1423 4949 1574 5007 Seml.
1590 4949 1823 5018 'opposita
1844 4950 2030 5003 Pamcl.

868 5023 916 5066 lit
953 5019 1230 5066 (Ioulitleret
1253 5013 1318 5066 ul.

843 5019 908 5082 (ϐ’
953 5019 1230 5070 Conlitleret
1253 5019 1318 5066 ul.

845 5027 918 5148 (7i
953 5081 1270 5133 Considerem
1307 5075 1496 5130 Pamel.

2399 4705 2453 4765 D

2574 4829 2614 4875 tt

2652 4701 2917 4750 Prmstaret
2938 4695 3125 4750 l’amel.

2565 4765 2614 4824 9)
2651 4763 2923 4813 Excussura
2958 4765 3060 4812 Lat.

2574 4826 2647 4887 10)
2690 4827 2855 4874 Datoi-i
2896 4827 3183 4888 imperatam
3222 4824 3520 4889 Iti{[._Veuct.
3546 4826 3598 4875 in
3618 4824 3841 4875 datorem
3865 4834 4082 4889 paratam

2478 4886 2618 4939 Pam.
2646 4890 2865 4937 datorem
2892 4886 3178 4949 imperatum
3201 4886 3353 4940 Seml.

2573 4953 2644 5013 l1)
2685 4949 2816 5000 Ultra
2846 4951 2998 5013 Latin.

2570 5011 2648 5063 I2")
2682 5014 2789 5063 'l'uo
2811 5011 2959 5062 omitt.
2990 5013 3141 5062 Sentl.

2570 5023 2625 5063 1?.
2682 5023 2789 5063 'l'uo
2811 5023 2959 5062 onntt.
2990 5023 3141 5062 sentt.

2570 5023 2648 5138 115i
2679 5076 2941 5126 Desiderat
2964 5076 3156 5126 obertli.

2148 5180 2702 5239 COMMENTARIUS.

853 5325 1007 5382 CAP.
1038 5324 1264 5380 XVI—
1288 5320 1362 5393 (a)
1395 5319 1460 5373 Et
1486 5317 1774 5393 Benedicite
1797 5333 1882 5371 eos
1911 5317 1998 5393 qui
2023 5333 2108 5371 vos
2138 5319 2374 5393 oderunt,

782 5411 888 5457 etc.
917 5396 1190 5463 Evangelii
1217 5389 1374 5447 verba
1416 5406 1576 5445 sensu
1600 5389 1834 5463 _v_idetur_
1881 5390 2209 5463 conjungere
2257 5389 2375 5461 (ha-

784 5475 978 5528 bentur
1007 5458 1185 5522 au'tem
1216 5463 1352 5534 apud
1376 5463 1571 5516 Lucam
1600 5459 1667 5514 Vl
1697 5459 1877 5534 cap):
1912 5458 2011 5524 Qui
2051 5458 2376 5534 inimicitiam

783 5555 829 5598 et
856 5542 1093 5603 oderunt,
1127 5548 1178 5590 at
1202 5531 1532 5598 maledicunt,
1561 5543 1608 5586 et
1635 5531 2032 5585 calumniantur.
2066 5531 2142 5586 LE
2175 5533 2270 5587 Pn.

856 5633 935 5701 (b)
980 5631 1180 5684 Novam
1237 5628 1386 5698 plane
1437 5625 1754 5701 patientiam,
1803 5633 1908 5677 etc.
1937 5623 2078 5701 _H:ec
2121 5623 2187 5677 ad
2231 5640 2382 5701 meu-

784 5693 890 5759 tem
920 5693 1425 5828 ilarciouiﬁneque
1470 5698 1610 5750 enim
1643 5696 1810 5764 ipsius
1839 5693 1998 5749 verba
2031 5711 2153 5750 esse
2198 5697 2381 5751 existi-

785 5792 890 5828 mo.
968 5791 994 5827 ιε
1034 5775 1128 5827 l’n.

785 5792 890 5831 ml).
922 5790 994 5828 LE
1034 5790 1128 5827 I'R.

859 5865 935 5936 (υ)
972 5863 1184 5920 Oculum
1236 5877 1327 5933 pro
1353 5861 1522 5930 oculo,
1557 5867 1661 5914 etc.
1693 5857 1892 5914 Eadem
1941 5858 2200 5914 habentur
2240 5858 2275 5914 I.
2309 5860 2371 5914 de

2488 5295 2633 5360 PaL,
2663 5312 2712 5350 c.
2744 5295 2798 5349 6.
2829 5295 2905 5350 Le
2937 5295 3028 5350 Pn.

2553 5367 2634 5439 (d)
2665 5367 2727 5420 Et
2757 5384 2953 5439 onmem
2977 5368 3174 5420 dentem
3197 5367 3494 5420 excitatura.
3514 5364 3615 5434 Qui
3645 5363 3933 5430 excitatur,
3965 5366 4080 5421 loco

2480 5438 2591 5494 fere
2623 5450 2886 5492 movetur.
2930 5438 3108 5508 Itaque
3143 5439 3412 5508 eleganter
3441 5439 3546 5499 ait,
3578 5452 3754 5508 pugno
3787 5440 3837 5490 in
3885 5441 4081 5492 tuaxil~

2480 5511 2583 5564 lam
2620 5511 2829 5564 incusso
2872 5507 3088 5564 dentem
3123 5507 3336 5564 omnem
3373 5512 3614 5563 excitari.
3647 5507 3756 5561 Nec
3801 5509 3961 5563 inane
4001 5521 4082 5563 est

2486 5591 2668 5634 votum
2711 5582 2889 5635 miseri
2925 5582 3064 5635 illius
3095 5583 3145 5635 in
3174 5581 3284 5636 rixa
3315 5582 3526 5649 pngnati
3552 5622 3565 5644 ,
3617 5590 3670 5632 ut
3708 5582 3860 5633 liceat
3897 5584 4077 5651 paucis

2486 5669 2602 5706 cum
2625 5653 2854 5706 dentibus
2881 5653 2999 5706 inde
3019 5654 3218 5706 reverti.
3249 5652 3482 5706 Lucilius
3506 5653 3615 5706 Sat.
3643 5652 3675 5704 ‘J
3698 5669 3708 5701 :

2577 5746 2774 5811 i_‘\rripio
2814 5755 3024 5811 rostrum
3073 5745 3324 5811 labiasque
3365 5746 3507 5808 hujus
3545 5743 3740 5805 Zephiri
3785 5752 3937 5806 atque
3987 5746 4076 5794 int~

2580 5808 2830 5869 Percntio,
2853 5810 3128 5872 dentesque
3156 5808 3388 5861 adversas
3411 5810 3611 5858 excutio
3629 5820 3864 5915 υιιιιιυῆὶϐ
