2134 3246
375 188 427 216 599

1082 188 1313 218 IERTULLIANI

1971 186 2026 215 100

375 244 487 272 tumoris
505 244 667 277 eradicaret,
689 252 742 280 quo
762 244 864 273 facilius
883 243 1062 272 assuefaceret
1082 245 1170 272 homi-
1185 249 1208 276 Α
1225 246 1346 273 homines
1359 252 1443 281 usque
1456 244 1543 273 adhuc
1558 245 1681 273 sustinet.
1696 244 1764 273 Vere
1776 244 1866 272 SIL’HIS
1875 244 1956 271 etiam
1968 244 2026 279 spi-

375 299 437 319 ncm
455 291 504 326 ipsi
524 299 630 327 quoque
650 290 761 325 imiimi,
781 294 803 319 si
823 291 908 324 forte,
924 291 1075 327 perdendo,
1097 294 1174 327 cuius

375 337 490 365 fructum
505 337 641 366 didicisset
653 339 787 367 amittere.
805 338 879 366 Ilanc
892 339 965 366 enim
979 339 1094 367 dicimus
1106 347 1172 374 ope-

376 392 433 411 ram
449 384 528 419 Legis
542 384 624 413 fuisse
636 385 804 420 procurantis
819 384 976 420 Evangelio.
991 385 1172 420 Quorumdam

378 435 440 458 tunc
456 431 535 458 iidem
556 432 683 466 paulatim
710 431 743 459 ad
761 431 906 466 perfectura
926 432 1075 467 disciplina:
1094 431 1173 460 Chri-

378 477 471 505 stiana:
482 477 606 510 nitorem,
616 478 707 513 primis
717 478 866 513 quibusque
876 479 1017 514 prtcceptis
1028 478 1174 506 balbutien-

379 524 414 551 tis
428 523 515 551 adhuc
528 524 698 559 benignitatis
713 523 881 551 iut‘ormabat.
897 524 963 552 Nam
976 529 1004 552 ct
1021 532 1100 559 supra
1117 534 1124 551 :
1140 524 1174 551 Et

380 569 485 605 pignus,
500 569 586 604 inquit
601 568 721 604 (Ezeclt.,
733 568 826 602 XVIII,
844 569 893 605 7),
910 569 997 596 reddet
1012 570 1067 605 (I);
1084 569 1174 605 utique

374 615 397 643 si
412 623 465 642 non
489 615 525 643 sit
548 615 697 643 solvendo:
713 615 775 650 quia
788 616 910 643 soluturo
923 615 961 651 (‘2)
976 616 1066 651 utique
1081 616 1175 651 pignus

375 660 568 688 restituendum
582 668 653 694 esse,
671 665 759 688 utrum
774 661 855 689 homo
867 661 1013 689 scriberet?
1028 661 1109 689 Multo
1119 669 1175 689 ma-

376 706 500 735 nifestius
515 708 541 734 in
559 708 766 735 Dcuteronomio
779 707 887 742 (Deut.,
906 707 989 735 XXIV
1001 729 1008 742 ,
1026 707 1097 744 12):
1114 708 1174 736 Non

379 752 489 780 dormit;
506 761 583 788 super
600 753 691 788 pignus
709 754 764 788 ejus
780 762 785 779 :
800 753 942 780 redditione
962 753 1051 780 reddes
1064 753 1104 780 illi
1118 753 1175 789 pal-

376 798 439 826 lium
452 799 521 826 circo
532 799 594 826 solis
607 807 741 832 occasum,
757 804 780 826 et
795 799 903 826 dormiet
916 798 942 826 in
958 799 1036 833 pallio
1049 807 1105 826 suo.
1121 799 1176 826 Ad-

376 845 428 872 lntc
448 845 546 872 clarius
569 852 648 879 supra
679 844 778 881 (Deut.
801 844 867 878 XV,
888 844 946 880 ‘2):
965 845 1081 872 Dimittes
1101 853 1176 872 onme

372 892 485 919 debituris
499 892 568 927 quod
580 892 624 919 tibi
638 892 770 929 proximus
783 891 865 925 debet,
882 896 904 918 et
921 893 1029 927 fratrem
1042 896 1112 918 tuum
1124 899 1176 918 non

1226 291 1347 318 ritalilnts
1366 290 1525 318 commodis.
1554 289 1663 325 Eloquia
1683 291 1754 317 enim
1780 289 1882 317 Domini
1906 289 2026 316 dulciora

1225 345 1302 372 super
1316 337 1365 364 mel
1378 343 1401 364 et
1418 339 1489 372 [avos
1505 335 1514 372 (
1528 336 1573 364 Ps.
1589 335 1689 369 XVIII,
1702 335 1759 372 11).
1777 335 1825 364 Ille
1841 335 1920 371 igitur
1935 340 1962 362 et
1977 337 2021 362 in-

1225 388 1315 418 gratos
1340 383 1495 419 sugillsrit,
1522 382 1566 417 qui
1593 386 1684 418 gratos
1709 381 1825 416 experiri
1850 381 2024 412 merebatur;

1225 430 1302 465 cujus
1313 429 1385 456 solos
1397 428 1437 464 (Ii)
1450 433 1478 456 et
1493 429 1592 457 imbres
1609 432 1636 456 tu
1643 427 1894 464 quoque,Marcion,
1905 427 2027 461 ingratus

1226 476 1352 503 habuisti.
1367 475 1499 503 leerum
1511 497 1518 508 ,
1542 480 1603 503 tuus
1626 483 1679 503 non
1699 479 1804 510 poterat
1816 475 1869 509 jam
1888 474 1966 510 queri
1982 473 2027 501 in-

1225 528 1326 558 gratos,
1342 523 1385 559 qui
1402 530 1455 549 non
1470 526 1611 557 paraverat
1623 526 1722 557 gratos.
1735 520 1943 550 Misericordiam
1955 527 2027 556 quo-

1225 577 1278 605 que
1297 569 1472 604 praecipiens:
1489 568 1594 601 Euote,
1612 568 1719 603 inquit,
1741 566 1915 594 misericordes
1928 587 1935 595 .
1960 566 2029 592 πίωσι

1228 615 1306 644 Pater
1320 621 1400 643 uester
1412 616 1452 651 (Ἰ)
1470 616 1589 649 misertus
1603 619 1640 643 est
1655 615 1738 642 vestri.
1755 614 1811 642 Iloc
1837 615 1888 642 erit
1903 623 1909 640 :
1927 613 2028 641 I‘anem

1228 663 1237 699 (
1252 662 1292 691 Is.
1308 662 1390 690 LVIII
1400 684 1407 695 ,
1425 662 1440 690 7
1453 663 1462 698 )
1477 662 1611 698 iufriugito
1624 661 1744 689 esurienti
1757 682 1764 694 ,
1786 666 1811 689 et
1835 661 1965 688 mendicos
1985 659 2027 695 (8)

1229 711 1286 738 siue
1299 715 1362 737 tecto
1377 710 1403 737 in
1416 710 1521 736 doinum
1535 714 1605 735 luant
1615 708 1739 741 inducite,
1756 712 1779 735 ct
1794 708 1892 735 nudum
1900 708 1922 735 si
1933 707 2029 734 videris

1227 757 1302 791 legito
1311 765 1321 789 ;
1336 761 1364 784 et
1377 764 1385 783 :
1399 755 1520 783 Judicate
1537 754 1588 791 (Is.
1604 754 1632 786 l,
1648 754 1680 782 I7
1696 753 1705 790 )
1717 753 1833 790 pupillo,
1847 758 1870 781 et
1882 753 2028 789 justi/ictuc

1227 804 1341 830 viduam.
1363 803 1487 837 Agnosco
1506 801 1656 829 dot-trinam
1676 800 1735 835 ejus
1750 804 1886 832 veterem,
1907 799 1954 834 qui
1972 806 2029 825 mo-

1227 849 1279 876 uult
1296 847 1374 885 (οι,
1391 847 1425 876 Vl
1438 868 1445 881 ,
1465 847 1502 882 6)
1522 847 1736 878 miscricordiam,
1757 854 1834 881 quam
1854 845 2024 878 sacri/icium.

1229 895 1283 923 Aut
1300 894 1322 921 si
1344 894 1413 921 alius
1433 900 1504 921 nunc
1525 892 1737 920 misericordiam
1759 891 1900 927 przceepit,
1916 890 1979 926 quis
1999 893 2030 918 et

375 946 491 973 reposces
508 939 649 974 :quoniam
669 939 783 966 remissio
804 937 910 966 Domini
932 938 981 966 Dei
1002 939 1038 966 tui
1058 939 1173 966 invocata
1188 943 1211 973 Β
1227 941 1285 976 ipse
1305 940 1459 968 misericors
1473 939 1654 970 sit,curtanto
1665 945 1722 965 a-vo
1732 937 1886 965 misericors
1895 936 2025 964 mihinon

376 989 423 1011 est.
441 984 540 1017 Porro,
561 991 622 1012 cum
642 983 760 1012 debitum
779 984 876 1012 dimitti
893 985 984 1019 jubet,
1007 985 1099 1020 utique
1117 993 1172 1013 non

376 1029 542 1062 exsolutnro,
557 1030 617 1065 plus
632 1031 712 1058 etiam
723 1030 762 1067 (3)
778 1036 819 1058 est
829 1040 836 1063 ;
846 1036 883 1063 et.
896 1031 919 1058 si
932 1031 1096 1064 exsolutnro,
1111 1039 1172 1060 cum

379 1076 485 1111 reposci
500 1081 568 1103 vetat
579 1097 587 1109 ,
603 1076 666 1111 quid
678 1076 750 1104 aliud
765 1076 845 1104 docet
856 1084 935 1112 quam
951 1085 1003 1105 non
1018 1078 1174 1107 exsoluturo

375 1121 556 1155 fwneremus,
580 1122 625 1157 qui
646 1122 700 1157 jam
727 1122 767 1158 (Δ)
791 1122 979 1151 detrimentum
1003 1124 1098 1152 iuniori
1131 1125 1171 1152 iii-

377 1167 465 1195 dixit?
480 1167 518 1203 (ιι)
533 1166 564 1194 Et
576 1168 646 1195 eritis
658 1167 707 1203 lilii
720 1167 779 1196 Dei.
795 1168 865 1196 Nihil
883 1170 1061 1205 impudentius
1072 1192 1078 1202 .
1095 1171 1117 1197 si
1129 1171 1174 1199 ille

378 1220 431 1241 non
450 1214 500 1240 sibi
515 1214 582 1241 Iilios
598 1213 692 1245 faciet,
710 1213 747 1250 (b)
768 1215 812 1249 qui
827 1215 904 1242 nobis
924 1216 993 1242 tilios
1012 1216 1101 1244 facere
1120 1225 1172 1244 non

375 1259 512 1294 permisit,
533 1259 679 1287 auferendo
693 1261 867 1288 connubium.
888 1260 1028 1294 Quomodo
1043 1262 1069 1289 in
1087 1262 1111 1290 id
1126 1270 1174 1290 no.

374 1313 435 1334 men
446 1306 591 1333 allecturus
604 1311 645 1333 est
660 1313 733 1339 suos,
747 1306 818 1342 quod
830 1307 884 1341 jam
898 1308 1001 1335 erasit?
1015 1307 1099 1335 Filius
1112 1316 1174 1344 spa-

375 1352 453 1380 donis
466 1359 528 1381 esse
540 1360 592 1380 non
609 1360 729 1388 possum,
742 1353 858 1380 maxime
871 1360 932 1380 cum
948 1358 1048 1388 patrem
1060 1354 1171 1382 habeam

374 1398 498 1427 eumdem
512 1407 592 1435 quem
607 1399 749 1426 et-omnia.
765 1398 829 1426 Nam
844 1404 896 1426 tam
909 1404 984 1434 pater
996 1401 1116 1428 omnium
1127 1402 1172 1437 qui

374 1445 499 1473 conditor
514 1444 708 1478 universitatis,
730 1452 810 1479 quam
824 1444 908 1480 spado
929 1446 972 1480 qui
995 1446 1093 1474 nullius
1109 1447 1173 1474 sub-

376 1492 482 1519 stantia:
495 1491 628 1519 conditor.
643 1490 677 1518 Et
690 1491 713 1519 si
729 1499 829 1519 marem
845 1500 876 1519 ac
889 1492 1025 1519 l'tmninam
1042 1500 1094 1520 non
1106 1493 1171 1521 mis-

375 1538 473 1567 cuisset
492 1538 620 1572 Creator,
640 1539 702 1566 etsi
719 1546 772 1566 non
787 1539 919 1566 universis
932 1546 1037 1574 quoquc
1052 1540 1173 1568 animali-

375 1584 424 1612 bus
436 1584 505 1612 Iilios
515 1585 703 1616 concessisset.
716 1584 766 1611 hoc
779 1592 852 1612 cram
866 1585 926 1619 ejus
936 1590 997 1612 ante
1006 1587 1170 1621 paradisum,

1225 986 1295 1014 luit?
1309 985 1397 1013 Nolite
1412 986 1545 1021 judicare,
1563 993 1595 1012 ue
1610 984 1772 1020 jadicemini.
1793 983 1881 1011 Nolite
1906 983 2030 1011 condem-

1225 1040 1297 1064 nare,
1306 1040 1337 1059 nc
1344 1031 1555 1059 condemnemiui.
1569 1030 1693 1057 Dimittite
1704 1035 1727 1057 ct
1736 1030 1906 1056 dimittentiui.
1919 1029 1986 1057 Date
2001 1033 2026 1057 et

1226 1078 1328 1106 dabitur
1342 1077 1419 1105 vobis.
1442 1076 1589 1104 Mansuram
1608 1076 1699 1103 borium
1710 1096 1717 1106 .
1732 1084 1844 1110 pressant
1859 1084 1890 1103 ac
1904 1076 2027 1111 ﬂuctum

1226 1126 1322 1153 dabunt
1331 1125 1356 1151 in
1371 1124 1455 1151 sinum
1466 1128 1586 1150 vestrum.
1603 1123 1700 1151 Eadem
1712 1131 1763 1158 qua
1776 1123 1856 1150 mensi
1868 1124 1938 1150 eritis
1953 1131 2027 1150 mm-

1226 1179 1298 1204 sura,
1312 1170 1456 1197 remetietur
1465 1169 1533 1196 vobis
1543 1168 1618 1205 (Luc.
1634 1168 1690 1204 VI).
1706 1167 1741 1195 Ut
1753 1169 1859 1203 opinor,
1876 1167 1934 1195 hinc
1947 1168 2028 1196 retri-

1227 1215 1365 1243 butionem
1390 1222 1439 1250 pro
1462 1214 1566 1242 meritis
1586 1213 1626 1250 (9)
1646 1219 1815 1249 provocatum
1833 1219 1932 1241 sonant
1954 1212 2025 1249 (I0).

1226 1262 1249 1290 A
1262 1268 1315 1297 quo
1325 1268 1390 1296 ergo
1399 1259 1558 1287 retributio?
1572 1258 1601 1287 Si
1611 1259 1645 1286 ali
1659 1258 1812 1286 hominibus
1826 1264 1928 1286 tantum
1940 1281 1947 1292 ,
1960 1266 2026 1294 ergo

1226 1308 1369 1334 humanam
1385 1306 1465 1333 docet
1480 1304 1652 1339 disciplinam
1664 1308 1692 1330 ct
1706 1304 1857 1332 mercedem
1870 1324 1878 1337 ,
1898 1309 1926 1332 et
1940 1305 1966 1331 in
1983 1309 2027 1331 lo-

1226 1358 1281 1380 tmn
1305 1352 1459 1380 hominibus
1481 1350 1651 1378 obediemus.
1672 1350 1700 1378 Si
1715 1358 1729 1377 a
1744 1350 1892 1383 Creatore,
1910 1355 1940 1377 ut
1953 1358 1969 1378 a
1981 1350 2028 1385 ju-

1225 1399 1284 1427 dice
1295 1405 1322 1427 et
1336 1398 1511 1434 dispunctorc
1525 1397 1681 1425 meritorum
1693 1405 1700 1429 ;
1714 1404 1778 1432 ergo
1792 1397 1829 1424 illi
1843 1401 1964 1424 nostrum
1976 1396 2028 1424 im-

1225 1446 1301 1480 pellit
1311 1445 1479 1480 ohscquium,
1489 1442 1560 1478 apud
1572 1450 1651 1478 quem
1661 1443 1801 1471 constituit
1814 1442 2022 1471 retributionem

1225 1491 1384 1527 captandam
1398 1511 1405 1522 ,
1421 1490 1463 1518 vel
1480 1489 1625 1517 timendam
1639 1509 1647 1522 ,
1664 1494 1742 1525 prout
1758 1489 1871 1525 quisque
1883 1489 2026 1524 judicare.

1226 1538 1278 1570 rit,
1300 1541 1347 1565 aut
1361 1535 1599 1567 condemnavcrit,
1621 1540 1666 1563 aut
1682 1535 1831 1568 dimiserit,
1849 1540 1896 1563 aut
1910 1542 2023 1564 mensus

1226 1586 1317 1615 fuerit.
1332 1586 1361 1614 Si
1374 1585 1407 1613 ab
1420 1586 1492 1620 ipso.
1511 1593 1575 1620 ergo
1588 1589 1614 1612 ct
1628 1584 1671 1611 illc
1678 1584 1735 1619 jam
1744 1582 1854 1619 iudicat,
1870 1583 1941 1619 quod
1955 1583 2028 1612 Mar-

375 1635 437 1658 ante
450 1630 591 1662 delictum,
607 1635 669 1658 ante
687 1630 812 1664 exiliunt,
838 1630 875 1666 (c)
895 1636 956 1658 ante
969 1631 1036 1658 duos
1046 1652 1054 1665 ,
1069 1639 1151 1660 unum
1164 1640 1171 1665 ;
1186 1637 1208 1668 ρ
1226 1633 1286 1661 cion
1302 1636 1391 1667 negat.
1404 1631 1509 1665 Eligant
1521 1631 1611 1665 itaque
1621 1629 1784 1657 Marcionita:
1794 1651 1801 1662 ,
1817 1637 1850 1656 ne
1864 1630 1929 1656 tanti
1943 1630 1980 1657 sit
1991 1629 2027 1658 de

374 1677 463 1705 denuo
476 1676 559 1704 lactus
570 1676 640 1704 [ilius
650 1675 685 1703 iui
698 1676 799 1709 statim,
812 1683 873 1704 cum
888 1684 930 1704 me
940 1677 1061 1704 manibus
1075 1678 1170 1706 enixus

373 1727 428 1756 est,
447 1730 508 1751 cum
527 1722 561 1750 dc
574 1729 623 1749 suo
643 1722 725 1749 halitu
745 1722 838 1749 movit.
860 1721 906 1749 Ille
927 1730 969 1749 me
989 1730 1059 1751 nunc
1080 1731 1171 1752 rursus

374 1770 456 1797 lilium
469 1774 615 1804 nuncupat,
625 1769 679 1804 jam
693 1775 745 1796 non
760 1769 786 1796 in
801 1769 929 1805 animam,
942 1770 989 1797 sed
1005 1770 1033 1797 in
1048 1771 1170 1806 spiritum

373 1816 492 1852 pariens,
505 1815 572 1849 Quia
584 1816 648 1850 ipse,
662 1816 756 1851 inquit,
773 1816 857 1842 suavis
870 1821 906 1843 est
922 1815 1044 1844 adversus
1058 1817 1171 1853 ingratos

373 1867 397 1889 et
416 1862 509 1889 malas.
529 1861 621 1896 Euge,
644 1860 778 1894 Marcion,
794 1862 859 1888 satis
878 1862 1015 1896 ingeniose
1033 1862 1170 1890 detraxisti

374 1907 412 1935 illi
434 1907 536 1943 pluvias
549 1912 575 1934 ct
590 1907 680 1940 soles,
696 1914 729 1934 ne
747 1906 860 1934 Creator
875 1907 1019 1935 videretur.
1038 1909 1090 1936 Sed
1111 1909 1171 1944 quis

375 1957 427 1983 iste
442 1955 533 1983 suavis
544 1974 551 1986 .
574 1953 620 1989 qui
636 1961 669 1982 nc
685 1954 809 1989 cognitus
830 1954 937 1990 quidem
960 1963 1044 1991 usque
1063 1956 1171 1984 adhuc?

376 2000 511 2036 quomodo
534 2000 635 2033 suavis,
661 2007 676 2027 a
700 2007 754 2035 quo
776 2000 847 2028 nulla
873 2001 1000 2029 beneﬁcia
1025 2010 1171 2037 prmcesse-

374 2051 437 2074 runt
450 2045 512 2083 (5)?
527 2046 584 2073 Hoc
597 2053 681 2081 genus
696 2045 850 2080 suavitatis,
866 2055 917 2082 qua
933 2047 1006 2075 soles
1019 2053 1047 2075 ct
1070 2049 1169 2078 imbres

375 2092 421 2127 qui
437 2092 632 2123 [talium-erat.
651 2098 703 2119 non
719 2096 877 2128 recepturus
892 2093 926 2120 ab
940 2093 1058 2122 humano
1071 2103 1168 2131 genere

376 2143 405 2166 ut
418 2137 546 2170 Creator;
568 2137 613 2172 qui
631 2145 680 2173 pro
702 2142 774 2165 tanta
797 2138 990 2167 elementorum
1010 2140 1169 2171 liberalitate

375 2184 478 2212 facilius
498 2183 577 2212 idolis
597 2191 677 2219 quam
699 2183 748 2211 sibi
771 2184 888 2213 debitum
913 2186 1005 2221 gratia:
1025 2187 1169 2217 referentes

1227 1678 1345 1714 magistri
1368 1677 1459 1712 regula
1483 1675 1624 1707 excidere,
1640 1675 1732 1711 quanti
1754 1675 1811 1712 (II)
1827 1675 1964 1703 Christum
1978 1679 2027 1704 aut

1225 1724 1379 1753 hominibus
1393 1731 1438 1751 aut
1456 1722 1578 1751 Creatori
1593 1722 1734 1751 docentem
1750 1722 1860 1750 habere.
1874 1722 1928 1750 Sed
1942 1730 2027 1751 ctam

1223 1778 1317 1799 crucum
1331 1770 1400 1796 ducit
1415 1769 1441 1795 iu
1456 1768 1566 1803 (occant.
1583 1767 1703 1795 Creduut
1717 1767 1800 1803 aliqui
1814 1767 1953 1795 Marciani.
1969 1767 2026 1796 Sed

1223 1826 1274 1845 non
1290 1821 1325 1844 est
1341 1815 1482 1850 discipulus
1497 1822 1574 1849 super
1593 1815 1753 1850 magistrum.
1776 1813 1833 1841 Iloc
1847 1818 1874 1841 et
1889 1812 1947 1850 (12)
1965 1821 2026 1842 me-

1224 1865 1335 1892 minisse
1358 1863 1489 1890 debuerat
1515 1861 1642 1896 Apelles,
1667 1860 1810 1888 Marcionis
1833 1860 1869 1888 de
1890 1860 2026 1896 discipqu

1223 1909 1390 1939 emendator.
1406 1907 1445 1944 (d)
1460 1907 1565 1935 Eximat
1580 1911 1603 1934 et
1613 1906 1645 1934 de
1655 1907 1728 1934 oculo
1743 1914 1789 1933 suo
1803 1905 1898 1934 trabem
1913 1906 2026 1934 hmreti-

1224 1964 1282 1990 cus,
1296 1962 1354 1983 tunc
1369 1955 1395 1982 in
1409 1954 1482 1981 oculo
1496 1953 1654 1986 Christiani,
1669 1953 1691 1979 si
1704 1959 1783 1988 quam
1800 1956 1884 1987 putat,
1901 1952 2026 1987 slipulam

1223 2003 1346 2030 reuincat.
1372 1999 1489 2029 Proinde
1511 2004 1538 2027 ct
1561 1999 1638 2026 arbor
1662 1997 1728 2025 bona
1750 2005 1801 2025 non
1825 1998 1940 2033 proferat
1966 2005 2026 2025 ma-

1225 2050 1277 2077 lum
1300 2049 1430 2083 fructum,
1451 2045 1512 2081 quia
1535 2052 1586 2072 nec
1609 2044 1707 2072 veritas
1720 2042 1845 2071 limresim
1861 2050 1932 2071 :nec
1954 2043 2026 2071 situla

1220 2096 1323 2128 bonum,
1343 2093 1405 2129 quia
1421 2099 1471 2119 nec
1487 2090 1598 2118 haeresis
1609 2089 1759 2117 veritatem:
1774 2088 1820 2116 Sic
1833 2095 1884 2116 nee
1903 2088 2026 2117 Marcion

1220 2140 1319 2177 aliquid
1337 2140 1399 2168 boni
1412 2139 1446 2167 de
1461 2137 1587 2166 thesauro
1600 2135 1729 2164 Ccrdouis
1749 2134 1821 2163 malo
1832 2135 1953 2170 protulit,
1975 2142 2027 2163 nec

1220 2188 1329 2225 Apelles
1343 2187 1377 2215 de
1388 2184 1553 2214 Marcionis:
1569 2183 1653 2211 multo
1665 2181 1738 2211 enim
1757 2181 1815 2211 haec
1827 2182 2026 2218 congruentius

997 2253 1189 2288 LECTIONES
1211 2253 1415 2286 VARIANTES.

406 2308 443 2341 (1)
461 2307 565 2341 Beddcs
578 2306 652 2341 δεινά.
667 2306 775 2341 _0bertlt.

409 2337 441 2371 '2)
461 2338 567 2364 Solutori
587 2337 680 2363 Pomel.

406 2342 442 2402 (ὅ)
462 2370 530 2395 Enim
551 2368 645 2395 Pamel.

417 2400 441 2433 4)
461 2401 521 2426 Tum
533 2402 604 2426 Pam.
618 2403 696 2426 Venet.
711 2400 786 2426 Scml.

417 2405 441 2433 4)
461 2405 521 2426 't'am
533 2405 604 2426 ram.
618 2405 696 2426 Venet.
711 2405 728 2426 δ

416 2434 441 2464 ὃ)
462 2433 642 2457 Praecosserant
658 2433 728 2457 Pam.

405 2405 442 2497 (ὃ)
462 2463 545 2488 Solem
556 2464 626 2488 Pam.

1252 2315 1287 2345 (7)
1312 2312 1400 2345 Vester
1420 2305 1590 2345 orrzitt,_St:pltl.

1254 2337 1289 2375 (Β)
1312 2343 1436 2375 Mendicos
1447 2340 1520 2375 ontitt.
1535 2337 1633 2365 Oberlll.

1255 2370 1289 2405 (tt)
1307 2374 1451 2399 Prome/ritis
1461 2370 1495 2405 (tl.

1272 2399 1308 2437 ιὺ)
1329 2407 1403 2429 Sonat
1415 2402 1500 2437 881111.¹
1514 2399 1612 2427 Oborth.

1272 2412 1308 2437 lU)
1329 2412 1403 2429 humu
1415 2412 1490 2428 δϋιιιι.

1255 2412 1307 2468 (11)
1328 2438 1402 2466 Quam
1414 2432 1508 2468 Planci.

1257 2441 1293 2468 [11
1328 2441 1508 2466 Quanit'untet.

1257 2441 1307 2501 (tu)
1329 2468 1359 2492 lit
1372 2464 1549 2492 omitt.obcrth.

1054 2520 1331 2551 COMMENTARIUS.

375 2573 422 2602 lib.
436 2574 468 2601 de
482 2572 704 2610 Tobia._et_alibi,
726 2573 755 2610 S.
772 2573 885 2602 Basilius
901 2576 1016 2610 passim,
1034 2582 1059 2605 et
1073 2578 1100 2605 S.
1113 2578 1167 2610 Cy.

374 2611 481 2647 prianus
497 2609 542 2647 lib_.
560 2608 591 2647 de
610 2608 718 2643 Lupsis,
740 2608 908 2638 inveltunlun
927 2612 952 2639 in
973 2608 1102 2647 ejusmodi
1124 2609 1165 2641 to-

374 2645 513 2672 cullioncs.
528 2644 566 2671 Lr.
582 2645 629 2672 I’n.

411 2679 448 2719 (ξι)
460 2679 577 2719 ulterius
588 2678 700 2719 ﬁliiDci.
715 2680 755 2719 _ln
767 2688 869 2719 _grmcn
884 2682 913 2709 B.
924 2682 1003 2711 Luca:
1017 2689 1055 2711 est
1071 2689 1167 2719 ὑψίστου

375 2714 504 2743 Λιίίέδίιιιὶ
517 2715 579 2749 ,hic
593 2714 642 2741 Dei
656 2715 745 2743 vertit.
767 2714 823 2743 Non
838 2722 879 2744 est
891 2725 980 2745 autem
1002 2714 1119 2748 insolens
1138 2723 1165 2749 in

373 2752 527 2784 Scripturis,
539 2756 568 2778 ut
579 2758 627 2784 pro
643 2750 707 2784 Deo,
720 2751 859 2779 aliissimus
875 2758 1001 2781 vertatur.
1020 2756 1057 2783 Ls:
1070 2756 1116 2784 l’u.

411 2760 430 2779 l'l
453 2760 527 2782 turis.
539 2760 568 2778 ut
579 2760 627 2784 pro
643 2760 707 2784 ueo,
720 2760 859 2779 ditissimus
875 2760 1001 2781 vertatur.
1020 2760 1057 2783 Ls:
1070 2760 1116 2784 I‘n.

411 2760 518 2827 (1⁵ρυί
538 2786 608 2827 uoltis
625 2786 692 2827 [ilius
702 2787 793 2827 jacere
809 2796 859 2827 non
873 2790 985 2827 permisit
998 2811 1005 2822 ,
1026 2793 1167 2827 auferendo

373 2822 536 2850 conuitbium.
560 2822 636 2854 Quod
660 2822 772 2849 iaciebat
795 2822 898 2851 scilicet
929 2822 1070 2853 Marcianis
1090 2827 1166 2856 deus.

373 2860 418 2887 Sic
430 2859 501 2896 enim
513 2864 592 2892 supra
602 2866 611 2896 _:
624 2856 691 2896 Ecce
704 2857 783 2896 legent
794 2859 830 2885 tui
839 2867 937 2894 quoque
961 2861 1001 2888 dei
1012 2862 1146 2896 impugnas
1159 2872 1168 2891 :

374 2895 476 2929 nuptias
489 2902 539 2920 non
549 2893 699 2928 coujungit;
714 2891 862 2928 conjuncta;
873 2891 922 2922 non
938 2891 1058 2924 admittit.
1074 2891 1135 2926 Illa.

408 2931 444 2965 (ε)
464 2929 528 2956 Ante
543 2929 606 2955 duos
627 2936 714 2956 unum.
735 2930 886 2965 Antequam
906 2931 1018 2960 dixisset
1031 2933 1119 2968 Deus,
1132 2934 1168 2962 Et

1219 2585 1291 2607 erunt
1307 2579 1357 2606 duo
1370 2579 1395 2606 in
1406 2585 1481 2605 carne
1491 2584 1554 2603 uno.
1570 2575 1628 2603 lito.

1255 2616 1296 2650 (d)
1312 2614 1413 2642 Eximat
1427 2619 1449 2640 ct
1465 2613 1495 2640 de
1511 2611 1583 2650 oculo
1597 2618 1644 2650 suo
1658 2609 1770 2650 trabem._
1781 2608 1857 2650 Apud
1871 2608 1900 2637 S.
1916 2609 2018 2650 Lucam

1218 2645 1376 2682 ρεῖκᾶρρος,
1402 2650 1453 2676 hoc
1471 2653 1512 2675 est
1535 2646 1679 2682 stipulam,
1701 2645 1771 2680 quod
1793 2645 1872 2679 vulgo
1896 2645 2020 2682 redditur

1222 2678 1355 2722 rem'a‘mi
1372 2678 1720 2722 litureticornm'vafritiem
1743 2678 1851 2721 notat;
1863 2681 1916 2721 qui
1932 2680 2018 2722 veluti

1220 2716 1367 2749 Arisuarchi
1380 2721 1415 2748 de
1428 2719 1488 2746 aliis
1503 2719 1592 2746 ferunt
1604 2716 1743 2750 judicium,
1753 2724 1819 2743 .cum
1830 2716 1880 2750 ipsi
1894 2716 1950 2743 sint
1963 2723 2016 2743 no-

1219 2757 1375 2785 centissimi.
1405 2756 1435 2782 lli
1459 2754 1560 2782 Scilicet
1580 2753 1665 2780 veluti
1687 2752 1830 2787 lippientes
1849 2757 1875 2779 et
1898 2751 2018 2779 immotis

1221 2793 1306 2820 oculis
1322 2793 1389 2820 mala
1407 2798 1455 2818 sua
1473 2789 1653 2824 perspiciunt,
1669 2795 1734 2824 cum
1750 2791 1839 2814 lumen
1855 2787 1881 2813 in
1896 2787 2015 2824 aliorum

1222 2829 1261 2855 Vel
1275 2828 1418 2855 levioribus
1428 2822 1565 2854 erroribus
1576 2823 1699 2851 notandis
1710 2823 1764 2850 sint
1775 2822 2013 2857 perspicacissimi.

1221 2864 1356 2891 Adversus
1369 2863 1435 2890 tales
1450 2860 1571 2889 homines
1584 2859 1704 2893 aliosque
1719 2857 1771 2885 sibi
1784 2857 1860 2884 valde
1873 2857 2012 2893 placentes

1221 2899 1336 2934 torqueri
1361 2903 1449 2934 potest
1468 2895 1540 2933 quod
1561 2895 1632 2931 apud
1650 2891 1820 2922 Plutarchum
1835 2893 1867 2920 de
1876 2891 2004 2928 Trauquil

1219 2943 1298 2962 milli"
1314 2943 1323 2963 ἔ
