4268 6492
221 413 320 472 ιοι

1307 411 1432 467 LIB.
1475 411 1542 466 IV
1581 407 1945 470 ADVERSUS
1983 410 2406 471 MARCIONEM.

3424 413 3530 470 4οὶ

217 528 275 584 in
328 527 476 597 ipsas
529 525 1026 596 interpretabimur,
1077 541 1195 596 qua:
1255 527 1497 582 Christus
1551 528 1600 580 in
1650 526 1791 579 Innni
1853 526 1899 584 Α
1931 523 2168 580 (ἶγρηῑοεῆ
2223 528 2446 596 gloriam
2492 527 2773 583 retulerim
2817 527 3102 583 dicentes:
3140 527 3362 599 Magum
3400 545 3522 600 pro-

219 635 319 676 nes
397 620 794 691 allegorisavit,
867 635 972 674 non
1035 619 1088 673 in
1132 619 1266 674 duos
1331 620 1462 674 deos
1527 619 1818 674 secundum

218 710 533 766 scandalum
594 709 897 766 Marcionis.
963 708 1098 764 Puto
1150 724 1236 764 me
1288 724 1392 764 non
1454 718 1653 764 temere
1699 708 1820 763 huic

220 817 392 873 usque
437 801 610 855 adhuc
646 801 802 856 linea:
845 800 1113 865 insistere,
1148 815 1251 869 qua
1293 799 1514 866 delinio,
1558 815 1817 868 nusquam

224 897 442 950 omnino
471 891 634 947 alium
666 892 833 946 Deum
860 907 890 946 a
916 891 1130 947 Christo
1149 891 1463 953 revelatum.
1497 893 1549 944 lu
1583 890 1683 945 hoc
1703 889 1821 946 solo

221 985 546 1041 adulterium
579 986 655 1055 (I)
680 984 966 1040 Marcionis
1008 999 1195 1038 manus
1234 983 1502 1054 stupuisse
1549 983 1714 1038 miror
1743 983 1819 1054 (ιι)

222 1078 324 1134 nisi
351 1080 493 1148 quod
532 1078 691 1133 etiam
732 1077 969 1132 latrones
999 1079 1206 1132 timent.
1258 1075 1468 1131 Nullum
1499 1076 1818 1131 maleficium

221 1173 340 1228 sine
363 1175 652 1230 formidine
681 1185 765 1230 est
804 1175 902 1247 (ὁ),
934 1176 1056 1245 quia
1090 1189 1188 1230 nec
1211 1175 1329 1230 sine
1359 1174 1689 1229 conscientia
1712 1174 1816 1228 sui.

221 1262 448 1320 Tamdiu
475 1283 602 1339 ergo
628 1279 683 1324 et
709 1267 878 1323 Judaei
909 1284 1013 1322 non
1043 1267 1203 1322 alium
1236 1267 1399 1322 Deutn
1427 1279 1637 1334 norant,
1661 1283 1818 1338 quam

220 1367 419 1425 prteter
467 1374 626 1428 quem
678 1361 950 1415 neminem
1000 1359 1174 1415 adhuc
1237 1369 1457 1424 norunt;
1513 1374 1612 1414 nec
1657 1359 1818 1413 alium

220 1446 392 1503 Deum
445 1450 805 1520 appellabant,
831 1466 992 1522 quam
1025 1467 1182 1522 quem
1207 1451 1377 1505 solum
1407 1461 1621 1505 norant.
1652 1451 1704 1506 Si
1750 1451 1819 1506 ita

218 1548 322 1605 est,
352 1542 471 1611 quis
490 1541 756 1598 videbitur
779 1542 979 1598 dixisse
1005 1559 1019 1597 :
1068 1542 1204 1610 Quid
1228 1545 1415 1598 vocatis
1447 1542 1547 1613 (Ξ),
1581 1542 1816 1609 Domine,

218 1629 476 1690 Domine?
500 1633 758 1691 Utrumne
783 1636 874 1704 qui
919 1649 1205 1705 numquam
1246 1635 1346 1690 hoc
1377 1634 1548 1690 fuerat
1577 1647 1817 1698 vocatus,

219 1737 280 1784 ut
307 1743 569 1800 nusquam
594 1729 769 1784 adhuc
781 1728 957 1784 editus
973 1729 996 1782 ‘t
1015 1731 1096 1784 Au
1120 1729 1209 1785 ille
1226 1730 1313 1799 qui
1335 1743 1550 1799 semper
1568 1730 1822 1784 Dominus

220 1819 540 1885 habebatur,
578 1833 634 1877 ut
683 1839 711 1875 a
755 1821 1048 1892 primordio
1095 1822 1379 1892 cognitus?
1427 1821 1570 1876 Deus
1619 1821 1822 1877 scilicet

1926 621 2096 688 pltetes
2118 621 2306 691 prodiit
2333 622 2384 674 in
2413 621 2576 686 nobis,
2599 633 2646 676 et
2677 622 2894 693 respexit
2919 621 3055 675 Deus
3081 621 3327 692 papulum
3353 637 3520 676 eitum.

1925 713 2054 780 Quis
2080 714 2255 769 Dens?
2287 714 2478 783 Utique
2498 717 2648 783 cujus
2674 715 2919 785 populus,
2943 723 2998 769 et
3022 729 3048 766 a
3083 728 3188 783 quo
3219 713 3520 783 praphettc.

1926 804 2132 872 Quodsi
2165 806 2237 859 illi
2264 806 2476 875 quidem
2505 805 2813 862 Creatorem
2846 806 3243 876 gloriﬁcabant,
3273 805 3525 862 Christus

1925 911 2053 950 vero
2106 906 2156 950 et
2186 897 2407 951 audiens
2429 907 2482 952 et
2524 899 2701 953 sciens
2728 914 2832 952 non
2860 899 3182 969 corrigebat,
3226 908 3278 953 et
3306 897 3522 968 quidem

1926 988 1976 1041 in
2010 999 2158 1042 tanto
2208 989 2537 1046 documento
2593 991 2788 1044 mortui
2850 991 3156 1045 resuscitati
3212 989 3522 1046 Creatorem

1923 1082 2097 1137 adhuc
2146 1092 2381 1150 orantes,
2413 1084 2528 1138 sine
2553 1083 2718 1138 dubio
2748 1093 2838 1138 ant
2859 1100 2962 1138 non
2991 1085 3151 1138 alium
3180 1083 3526 1140 circumfere-

1925 1177 2015 1230 bat
2040 1175 2226 1240 Deum,
2262 1193 2420 1247 quam
2451 1193 2608 1244 quem
2642 1178 2693 1230 in
2723 1176 2836 1231 suis
2876 1177 3150 1235 beneficiis
3173 1186 3333 1248 atque
3358 1178 3527 1233 virtu-

1926 1268 2067 1323 tibus
2095 1268 2346 1323 honorari
2369 1269 2662 1324 sustinebat
2693 1287 2705 1322 :
2738 1281 2828 1324 ant
2878 1271 3036 1341 quale
3061 1280 3141 1326 est
3167 1281 3222 1324 ut
3266 1270 3388 1324 illos
3417 1281 3521 1323 tam

1923 1361 2012 1416 diu
2063 1372 2315 1417 errantes
2353 1364 2674 1427 sustineret,
2717 1363 2782 1416 ad
2829 1362 2928 1418 hoc
2970 1364 3209 1430 veniens,
3253 1373 3313 1418 ut
3352 1363 3524 1418 errori

1924 1468 2108 1509 eorum
2138 1454 2471 1510 mederetur!
2503 1454 2611 1510 Sed
2639 1453 3024 1509 scandalizatur
3049 1454 3279 1510 Joannes
3323 1455 3394 1525 (ε)
3434 1471 3528 1508 au-

1924 1547 2043 1600 ditis
2092 1548 2360 1602 virtutibus
2393 1545 2606 1609 Christi.
2639 1558 2690 1602 ut
2737 1548 2977 1602 alterius.
3023 1547 3092 1602 At
3121 1563 3222 1617 ego
3258 1550 3523 1603 rationem

1923 1639 2157 1694 scandali
2192 1639 2339 1706 prius
2383 1639 2687 1708 expediam,
2731 1655 2840 1709 quo
2869 1639 3075 1694 facilius
3097 1639 3335 1695 hmretici
3368 1656 3525 1696 scan-

1922 1731 2103 1785 dalum
2133 1731 2434 1801 cxplodam.
2463 1729 2581 1799 Ipso
2603 1731 2712 1799 jam
2742 1731 2968 1785 Domino
2995 1732 3250 1787 virtutum
3265 1731 3526 1787 Sermone

1924 1835 1978 1879 et
2019 1824 2214 1893 Spiritu
2272 1823 2444 1878 Patris
2475 1834 2734 1893 operante
2765 1825 2816 1878 in
2851 1824 3030 1891 terris,
3082 1835 3136 1880 et
3174 1825 3520 1896 praedicante,

219 1911 553 1969 Iud-morum.
579 1913 712 1981 Quis
735 1915 862 1969 item
905 1913 1167 1984 adiecisse
1197 1912 1475 1983 potuisset,
1509 1911 1574 1966 Et
1604 1929 1704 1967 non
1732 1912 1808 1982 [αι
1847 1915 1892 1974 Β
1923 1934 2142 1974 nccesse
2199 1929 2316 1973 erat
2367 1918 2667 1987 portionem
2719 1917 2950 1987 Spiritus
3003 1917 3222 1984 Sancti,
3284 1935 3404 1990 qua:
3456 1935 3523 1974 ex

217 2007 334 2062 citis
358 2008 436 2078 (ὅ)
463 2022 576 2075 qua:
594 2005 754 2061 dico?
785 2005 1047 2062 Utrumne
1071 2006 1160 2075 qui
1183 2019 1303 2060 cum
1339 2005 1568 2059 maxime
1589 2003 1816 2059 cdocere

217 2099 484 2164 tentabat,
508 2113 575 2152 au
605 2099 693 2169 qui
718 2115 742 2150 a
769 2097 1064 2168 primordio
1090 2095 1156 2150 ad
1183 2095 1305 2150 illos
1331 2106 1384 2150 et
1426 2096 1559 2165 legis
1599 2107 1654 2150 et
1689 2095 1816 2149 Pro-

218 2191 502 2262 phetarum
527 2191 735 2260 eloquia
783 2191 1161 2244 mandaverat:
1190 2189 1280 2258 qui
1309 2198 1363 2242 et
1393 2187 1814 2243 inobedientiam

217 2285 326 2341 illis
364 2284 690 2352 exprobrare
731 2294 931 2354 posset,
974 2283 1136 2337 etiam
1163 2283 1206 2338 si
1245 2299 1534 2353 numquam
1565 2282 1698 2361 alias
1719 2299 1814 2338 ex-

217 2377 560 2448 probrasset!
590 2376 779 2443 Porro,
810 2377 899 2445 qui
934 2388 1059 2432 ante
1107 2375 1410 2441 Christum,
1460 2379 1678 2447 papulas
1729 2378 1820 2431 iste

217 2487 302 2524 me
328 2471 476 2524 (tibiis
503 2469 688 2540 diligit,
720 2485 808 2524 cor
846 2481 1015 2523 mitem
1060 2487 1233 2523 eorum
1263 2471 1411 2538 longe
1440 2471 1636 2524 absistit
1660 2487 1692 2522 a
1718 2487 1814 2533 me,

217 2566 568 2619 concionatus
583 2573 666 2618 est
687 2561 812 2634 (ιι,
843 2561 1037 2628 XXIX,
1075 2563 1189 2633 l5),
1233 2574 1468 2618 veterem
1499 2563 1682 2633 utique
1712 2561 1820 2617 illis

216 2654 612 2710 contumaciam
667 2655 982 2725 imputabat.
1019 2655 1266 2726 Alioquin
1313 2668 1471 2726 quam
1502 2653 1818 2719 absurdum,

220 2759 278 2804 ut
308 2764 478 2804 novus
511 2749 674 2815 Deus,
704 2764 872 2804 novus
904 2748 1178 2812 Christus,
1211 2765 1364 2804 nova:
1399 2759 1665 2815 lanaeque
1697 2750 1822 2803 reli-

217 2841 395 2912 gionis
419 2823 768 2908 illuminator,
803 2850 1148 2896 contumaces
1176 2850 1229 2895 et
1257 2840 1671 2909 inobsequentes
1702 2856 1822 2908 pro-

218 2934 512 2996 nuntiaret,
537 2947 681 3002 quos
701 2947 806 2989 non
839 2933 1103 3000 potuisset
1131 2948 1192 2983 cx
1203 2932 1361 3000 periri
1380 2932 1393 2984 ε

789 3023 1016 3079 CAPUT
1064 3022 1245 3078 XVIII.

295 3116 532 3172 Proinde
596 3117 884 3171 extollendo
955 3116 1054 3184 ﬁde
1116 3115 1434 3170 Ceuturionis
1492 3117 1640 3189 (Luc.
1676 3117 1822 3188 VII),

220 3207 537 3264 incredibile
578 3209 621 3262 si
662 3208 708 3262 is
758 3207 1028 3277 professus
1063 3216 1147 3261 est
1192 3209 1341 3262 talem
1383 3223 1436 3263 se
1463 3209 1613 3277 ﬁdem
1645 3225 1735 3263 nec
1775 3211 1827 3263 in

1921 2014 2088 2069 forma
2120 2012 2416 2083 prophetici
2451 2011 2648 2066 moduli
2677 2014 2726 2065 in
2749 2011 2955 2066 Joanne
2990 2020 3171 2082 egerat
3197 2022 3526 2082 prmparatu-

1921 2122 2034 2164 ram
2051 2108 2251 2160 viarum
2274 2104 2670 2159 Dorniuicarum
2687 2105 2788 2174 (di),
2805 2103 3095 2158 abscedere
3108 2103 3218 2174 jam
3240 2104 3526 2160 abJoanne

1921 2199 2189 2254 redactam
2219 2197 2421 2252 scilicet
2447 2196 2497 2250 in
2550 2195 2855 2261 Dominum,
2890 2205 2945 2248 ut
2975 2195 3026 2250 in
3057 2196 3344 2250 mas-salem
3372 2211 3523 2250 suam

1921 2305 2204 2345 summam.
2251 2290 2432 2359 Itaque
2477 2287 2711 2343 Joannes
2756 2286 3196 2356 commnnisjam
3253 2286 3438 2352 homo,
3471 2297 3526 2342 et

1923 2397 2060 2436 unus
2081 2381 2188 2449 jam
2223 2381 2303 2446 (5)
2328 2380 2393 2433 de
2436 2379 2606 2443 turba,
2665 2376 3129 2432 scandalizabatur
3172 2375 3388 2445 quidem
3419 2391 3526 2446 qua

1924 2473 2103 2536 homo,
2154 2472 2248 2527 sed
2296 2488 2403 2526 non
2435 2487 2539 2541 qua
2571 2471 2734 2524 alium
2765 2470 3039 2525 Christum
3084 2486 3306 2540 sperans
3329 2470 3413 2525 vel
3445 2471 3528 2523 in-

1925 2567 2190 2637 telligens,
2221 2565 2312 2636 qui
2356 2579 2530 2634 neque
2572 2563 2818 2617 eumdem
2839 2561 2918 2634 (6)
2965 2572 3224 2630 speraret,
3283 2572 3340 2615 ut
3392 2559 3523 2615 nihil

1929 2660 2050 2713 novi
2096 2659 2378 2713 docentem
2412 2655 2492 2711 vel
2551 2663 2886 2724 operantem.
2940 2652 3106 2706 Nemo
3149 2651 3414 2707 hmsitabit
3460 2651 3527 2706 de

1927 2753 2124 2818 aliquo,
2149 2766 2308 2819 quem
2335 2747 2462 2802 dmn
2495 2747 2595 2803 scit
2629 2762 2733 2800 non
2773 2760 2915 2810 esse,
2947 2759 3044 2800 nec
3075 2755 3278 2814 Sperat,
3308 2759 3408 2798 nec
3453 2745 3528 2798 in-

1929 2842 2132 2911 telligit.
2175 2841 2408 2896 Joannes
2461 2847 2637 2892 autem
2679 2848 2859 2892 certus
2888 2848 3004 2892 erat
3040 2837 3308 2892 neminem
3353 2837 3521 2890 Deum

1931 2946 2125 3006 praeter
2151 2935 2486 2996 Creatorem,
2518 2931 2601 2986 vel
2629 2947 2733 3001 qua
2759 2929 2991 3000 judazus,
3023 2930 3184 2985 etiam
3244 2928 3533 3001 prOphetes

1931 3027 2086 3096 plane
2139 3026 2344 3080 facilius
2388 3024 2540 3094 quasi
2595 3022 2861 3077 hmsitavit
2905 3021 2974 3076 de
3030 3036 3098 3076 eo
3153 3037 3308 3091 quem
3365 3038 3527 3091 quum

1931 3121 2063 3174 sciat
2093 3135 2234 3180 esse,
2267 3134 2332 3172 an
2395 3121 2508 3186 ipse
2550 3117 2640 3179 sit,
2689 3116 2913 3170 nesciat.
2947 3114 3060 3170 Hoc
3088 3115 3250 3184 igitur
3283 3123 3426 3170 metu
3476 3125 3532 3172 et

1932 3211 2198 3268 Joannes:
2229 3208 2306 3262 Tu
2337 3225 2408 3272 cs,
2441 3209 2633 3278 inquit,
2662 3207 2747 3274 qui
2778 3207 2938 3270 venis,
2990 3223 3057 3260 an
3106 3205 3265 3260 alium
3291 3216 3530 3276 expecta-

220 3297 423 3355 Isracle
446 3301 711 3367 inveniere,
752 3301 818 3354 ad
839 3316 997 3372 quem
1032 3315 1135 3354 non
1167 3301 1470 3370 pertinebat
1499 3301 1630 3358 ﬁdes
1656 3301 1824 3357 Israe-
1855 3301 1900 3364 C
1934 3303 2172 3373 musti)?
2200 3299 2513 3370 simpliciter
2539 3299 2835 3369 inquirens,
2869 3313 2934 3351 an
2967 3297 3080 3367 ipse
3108 3299 3343 3353 venisset
3370 3313 3530 3368 quem

223 3391 311 3448 lis.
341 3391 446 3447 Sed
481 3406 578 3446 nec
602 3390 795 3446 exinde
827 3392 1094 3460 pertinuere
1127 3402 1336 3461 poterat
1381 3392 1553 3448 adhuc
1577 3393 1741 3448 cruda
1769 3405 1826 3448 ut

225 3484 549 3554 probaretur
565 3483 645 3537 vel
676 3491 1102 3552 compararetur,
1129 3499 1195 3538 ne
1215 3483 1442 3538 dixerim
1460 3484 1633 3539 adhuc
1655 3486 1820 3539 nulla.

224 3576 333 3633 Sed
372 3591 467 3631 cur
501 3592 604 3630 non
657 3577 868 3632 licuerit
914 3576 988 3630 illi
1036 3576 1220 3632 aliena:
1271 3576 1390 3632 fidei
1436 3577 1680 3646 exemplo
1709 3577 1825 3631 uti?

225 3666 493 3736 Qucuiam
543 3668 587 3722 si
633 3669 700 3722 ita
733 3677 897 3734 esset,
939 3668 1163 3723 dixisset
1216 3668 1372 3724 talem
1417 3668 1574 3723 lidt-m
1623 3684 1722 3725 nec
1769 3670 1821 3724 in

227 3762 428 3819 Isracle
453 3777 702 3833 umquam
731 3761 914 3828 fuisse;
949 3771 1225 3829 ceterum,
1258 3763 1444 3818 dicens
1474 3766 1632 3818 talem
1663 3765 1821 3820 Iidem

227 3857 483 3916 debuisse
511 3859 734 3914 inveniri
767 3858 845 3927 (4)
874 3858 924 3912 in
954 3857 1149 3912 lsraele
1181 3873 1195 3923 ;
1223 3857 1419 3927 quique
1439 3857 1505 3912 ad
1536 3859 1636 3912 hoc
1658 3859 1831 3913 verris-

231 3962 336 4016 εει.
396 3961 454 4006 ιιι
498 3967 618 4008 eam
683 3952 971 4014 inveniret,
1029 3951 1170 4005 Deus
1217 3951 1427 4006 scilicet
1480 3962 1534 4006 et
1589 3952 1837 4010 Christus

232 4039 474 4108 Israclis',
503 4059 660 4114 quam
707 4058 813 4097 non
844 4041 1168 4113 sugillasset,
1220 4043 1318 4097 nisi
1351 4054 1568 4099 exactor
1586 4054 1641 4100 et
1661 4054 1836 4099 secta-

233 4146 321 4192 tor
347 4137 486 4205 ejus.
538 4133 787 4190 Emulus
817 4149 945 4190 vero
995 4135 1160 4190 etiam
1207 4135 1484 4191 maluisset
1512 4154 1629 4192 eam
1678 4139 1836 4195 talem

237 4225 535 4291 inventam,
593 4226 660 4280 ad
714 4241 874 4296 quam
923 4225 1296 4280 inlirmandam
1351 4237 1406 4282 et
1457 4227 1837 4286 destruendam

237 4317 409 4387 magis
432 4324 668 4379 venerat,
716 4333 821 4370 non
867 4316 932 4370 ad
968 4316 1446 4386 comprobandam.
1481 4318 1838 4377 Rcsuscitavit

238 4417 294 4463 et
318 4417 586 4462 mortuum
631 4407 795 4462 filium
829 4407 1021 4466 vidum.
1063 4423 1169 4463 non
1202 4423 1396 4462 novum
1437 4409 1812 4466 documentum

238 4497 356 4554 Hoc
385 4509 440 4552 et
468 4499 740 4569 praphcta:
773 4498 1042 4554 Creatoris
1087 4499 1388 4564 ediderant,
1435 4511 1636 4570 quanto
1665 4506 1838 4574 magis

241 4590 450 4647 Filius?
497 4591 646 4647 Adeo
666 4602 844 4647 autem
875 4593 924 4646 in
956 4591 1082 4647 illud
1111 4607 1278 4660 usque
1325 4595 1604 4660 momenti,
1643 4598 1842 4653 nullum

244 4683 408 4740 alium
461 4683 716 4740 Dominus
760 4685 1008 4741 Christus
1067 4685 1340 4752 intulerat,
1384 4696 1440 4741 ut
1501 4702 1689 4745 omnes
1737 4692 1845 4750 illic

1926 3393 2292 3465 exspectabat.
2326 3390 2401 3444 Tu
2420 3407 2473 3446 es
2493 3393 2577 3461 qui
2601 3392 2772 3455 renis;
2820 3391 2868 3443 id
2898 3399 2980 3445 est
3009 3391 3110 3460 (8).
3139 3390 3227 3460 qui
3271 3401 3528 3446 venturus

1927 3504 2007 3553 es,
2037 3505 2102 3540 au
2148 3487 2308 3539 utinm
2339 3483 2700 3554 expectamus?
2747 3483 2796 3537 id
2827 3492 2932 3550 est,
2983 3499 3049 3537 an
3079 3485 3216 3538 alius
3251 3493 3334 3539 est
3373 3501 3532 3555 quem

1925 3587 2318 3649 exspectamus,
2352 3579 2395 3631 si
2427 3592 2531 3631 non
2554 3585 2607 3629 tu
2633 3590 2692 3630 es
2739 3591 2897 3644 quem
2932 3587 3214 3632 venturum
3244 3589 3529 3649 exspecta-

1929 3673 2086 3728 mus?
2111 3672 2371 3740 Sperabat
2395 3670 2561 3732 enim.
2585 3670 2726 3724 sicut
2758 3684 2948 3724 omnes
2982 3671 3343 3739 Opinabantur
3365 3688 3430 3727 ex
3461 3673 3531 3728 si-

1928 3767 2220 3820 militudine
2243 3764 2708 3827 dnenmentorum,
2745 3763 2981 3832 potuisse
3006 3773 3061 3818 et
3096 3763 3410 3834 prophetam
3449 3765 3536 3820 in-

1939 3858 2092 3912 terim
2146 3857 2368 3910 missum
2401 3869 2542 3917 esse,
2573 3869 2601 3908 a
2645 3868 2754 3924 quo
2783 3853 2922 3908 alius
2944 3864 3113 3920 esset,
3155 3855 3205 3910 id
3231 3865 3315 3910 est
3344 3855 3536 3926 major,

1941 3953 2054 4024 ipse
2089 3952 2290 4007 scilicet
2336 3951 2612 4013 Dominus,
2663 3949 2753 4020 qui
2811 3954 3070 4005 venturus
3111 3951 3539 4020 exspectabatur.

1943 4049 2116 4112 Atque
2143 4045 2277 4099 adeo
2305 4043 2404 4098 hoc
2436 4053 2550 4097 erat
2580 4044 2804 4098 Joannis
2832 4041 3169 4110 scandalum,
3200 4043 3341 4114 quod
3386 4043 3542 4100 dubi-

1945 4139 2086 4194 tabat
2138 4138 2308 4207 ipsum
2353 4137 2569 4191 venisse
2617 4149 2776 4204 quem
2823 4133 3231 4204 exspectabant,
3286 4151 3445 4206 quem
3489 4147 3545 4192 et

1945 4228 2247 4299 pra-dicatis
2272 4225 2674 4298 operationibus
2700 4226 2982 4294 agnovisse
3009 4225 3327 4291 debuerant,
3359 4235 3418 4282 ut
3446 4227 3543 4282 Do-

1942 4321 2140 4385 minus,
2175 4335 2267 4389 pcr
2293 4319 2507 4374 easdem
2540 4317 2881 4387 operationes
2901 4317 3301 4387 agnoscendum
3324 4333 3384 4374 se
3406 4335 3540 4374 nun-

1944 4412 2156 4469 tiaverit
2178 4412 2391 4468 Joanni.
2424 4411 2553 4480 Qum
2578 4425 2698 4465 cum
2730 4418 2942 4465 constet
2990 4407 3275 4479 pradicata
3309 4410 3361 4465 in
3390 4410 3546 4466 Chrio

1947 4519 2090 4563 stum
2135 4505 2428 4572 Creatoris,
2470 4505 2606 4559 sicut
2661 4503 2726 4558 ad
2772 4502 2976 4573 singula
3018 4501 3368 4565 ostendimus.
3421 4503 3550 4560 satis

1949 4615 2280 4675 perversum,
2315 4608 2371 4653 ut
2397 4597 2643 4652 CliriStus
2672 4595 2750 4667 (9)
2786 4613 2890 4650 non
2918 4594 3196 4650 Creatoris
3222 4611 3318 4665 per
3347 4611 3409 4650 ea
3433 4596 3550 4668 (10)

1952 4712 2012 4754 se
2039 4693 2354 4751 remmtiarit
2379 4687 2804 4759 intelligendum,
2831 4703 2924 4760 per
2945 4703 3065 4758 qua:
3091 4687 3260 4759 magis
3279 4685 3548 4744 Christum

1477 4779 1861 4845 LECTIONES
1904 4786 2322 4846 VARIANTES.

243 4881 248 4885 ‘
314 4871 384 4936 ll)
424 4873 677 4936 Multeﬁo
712 4879 825 4936 Jun.

335 4936 388 5050 il
423 4932 750 5050 ἔπειθεν·

340 5057 388 5114 ι)
425 5057 654 5110 Invenire
678 5057 828 5114 Seml.

314 5065 367 5119 (ι
425 5065 654 5110 Invenire
678 5065 828 5114 Semt.

313 5065 388 5186 (δὲ
427 5120 536 5172 Jaun
557 5123 706 5176 antitt.
735 5121 929 5174 Obcrtlt.

1867 4884 2064 4950 1)(ϐ

2125 4880 2264 4932 Unde
2289 4875 2474 4930 Pamel.

2119 4946 2215 5007 Spe
2224 4956 2383 4992 ramus
2401 4939 2534 4992 Sent!
2573 4939 2766 5007 Obertlr.

2033 4950 2058 4994 7
2119 4950 2383 5007 Spt‘ramus
2401 4950 2534 4992 Semt
2573 4950 2766 4992 UDet'Ut.

2034 4950 2082 5070 δὲ
2110 5007 2201 5055 Vel
2226 5008 2310 5069 qui
2334 5013 2571 5055 venturus
2595 5011 2672 5055 est
2695 5003 2888 5056 Obcrtlt.

2071 5073 2085 5134 )
2121 5068 2364 5118 Christum
2390 5065 2577 5119 Pamel.

2036 5132 2109 5194 10)
2134 5131 2231 5180 I’cr
2256 5142 2340 5181 eas
2361 5132 2650 5180 renuntiarit
2672 5127 2822 5180 Serui.
2851 5142 2888 5192 ι›‹

2071 5065 2100 5134 )_
2121 5065 2364 5134 Chriétum
2390 5065 2577 5134 Pamel.

2036 5127 2109 5194 10)
2134 5131 2231 5180 l’er
2256 5142 2340 5181 eas
2361 5132 2650 5180 renuntiarit
2672 5127 2822 5180 Sami.
2851 5141 2940 5192 per
2966 5139 3024 5177 ea
3049 5135 3246 5178 renuat.
3274 5127 3458 5178 Pamet.

2066 4886 2082 5070 ξ

1667 5209 2224 5274 COMMENTARIUS.

562 5311 606 5348 τὶ
623 5311 668 5348 τὸ
683 5308 890 5361 manu»,
907 5305 1066 5361 ἄνομα
1085 5315 1358 5360 pom“,

565 5374 690 5411 Κιιὸν
709 5369 903 5423 όξυδιμιεις
921 5374 965 5410 τὸ
983 5369 1018 5412 δ’
1037 5369 1130 5412 ἴδιον
1148 5373 1410 5424 lugentum.
1496 5361 1564 5413 LI
1587 5363 1682 5417 PI.

327 5462 406 5536 (ιι)
431 5462 747 5536 Adulterium
771 5462 1047 5520 Marcionis
1067 5481 1247 5520 manus
1269 5468 1520 5536 stupuisse
1541 5470 1720 5523 miror.
1745 5467 1844 5523 Fa-

254 5534 411 5590 cinus
442 5534 691 5611 intelligit
716 5534 1030 5611 inauditum,
1062 5536 1255 5611 qno_B.
1285 5534 1441 5594 Lucae
1490 5538 1844 5611 Evangelium

255 5608 516 5673 corrupit,
548 5617 605 5660 ut
630 5616 756 5661 ante
783 5607 1032 5662 diximus.
1064 5606 1140 5662 LI!
1168 5607 1264 5661 Pa.

333 5677 413 5748 (Il)
445 5676 664 5732 Nullum
688 5677 994 5750 maleﬁcium
1015 5679 1123 5734 eine
1149 5678 1337 5750 formid
1360 5695 1422 5732 ne
1443 5691 1538 5736 est.
1571 5681 1670 5749 Qui
1701 5681 1858 5738 timet

258 5749 504 5825 criminis
528 5763 589 5804 se
614 5748 914 5816 conscium,
946 5749 1111 5805 ferme
1139 5748 1514 5821 convinc.tur;
1543 5748 1664 5808 nam
1699 5756 1858 5825 cuipa

261 5820 456 5888 prenrit
484 5833 689 5886 eomes,
716 5829 772 5874 et
801 5836 814 5872 :

767 5933 934 5984 Murus
958 5933 1180 5986 aheneus
1205 5943 1309 5985 esto

2335 5305 2411 5357 Nil
2435 5308 2652 5356 conscire
2673 5306 2778 5354 tibi.

2456 5370 2674 5432 (Horat,
2703 5367 2851 5426 Epist.
2877 5366 2959 5418 tib.
2984 5367 3230 5432 V,ep_.1).
3266 5366 3333 5417 ιε
3357 5367 3447 5416 Pa.

2021 5431 2174 5489 CAP.
2199 5429 2541 5503 XVIII.——(c)
2567 5431 2672 5503 Sed
2693 5432 3071 5503 scandalizatur
3093 5429 3348 5503 Joannes,
3373 5429 3557 5503 etc.rld

1954 5506 2156 5561 dictum
2185 5515 2268 5560 est
2292 5521 2353 5559 ex
2373 5499 2602 5558 absurda
2627 5501 2912 5557 Marcionis
2935 5501 3222 5566 sententia,
3247 5499 3391 5570 quod
3446 5501 3560 5556 dis-

1954 5591 2080 5632 cere
2112 5586 2262 5645 potes
2287 5575 2354 5630 ab
2375 5573 2670 5645 Epiphanio
2704 5571 2822 5626 adv.
2879 5571 3040 5627 Marc.
3090 5571 3165 5626 Ls
3217 5571 3315 5645 Pa.

2030 5641 2124 5718 (d)'
2161 5641 2605 5718 Prwparoturanr
2626 5643 2823 5718 uiarum
2849 5645 3238 5718 dominicarum.
3270 5641 3556 5711 Prwpara-

1962 5714 2099 5783 tum,
2123 5714 2294 5786 inquit
2335 5715 2530 5781 lthen.,
2558 5714 2712 5776 dixit,
2752 5728 2848 5782 pro
2877 5715 3278 5786 prwparatione,
3316 5721 3372 5786 ut
3404 5729 3562 5786 para-

1964 5800 2131 5844 turam
2179 5783 2346 5858 slrpe.
2378 5787 2472 5842 Est
2512 5802 2640 5858 vero
2685 5786 2848 5839 etiam
2892 5783 3099 5851 phrasis
3147 5783 3552 5858 Tertullianica,

1965 5860 2232 5914 umssaleut
2263 5854 2548 5924 summam,
2581 5855 2631 5911 id
2661 5867 2741 5912 est
2773 5858 3064 5926 integram,
3094 5870 3227 5911 voce
3259 5854 3500 5910 derivata
3527 5868 3556 5908 a

1970 5947 2154 5986 massa.
2191 5929 2327 5986 Pan.
