4268 6492
781 403 888 461 ιοδ

2198 396 2659 457 TERTULLIANI

3976 407 4085 466 404

784 515 1057 572 Creatoris
1083 515 1301 586 agnosci
1340 514 1717 586 compellebat.
1758 513 1925 571 Multo
1975 513 2305 585 perversius,
2337 512 2381 567 si
2410 512 2462 571 A
2488 521 2535 566 et
2560 528 2660 567 non
2682 514 2939 580 audietis;
2974 513 3123 571 dedit
3146 514 3362 571 Christo
3411 516 3717 587 frequenter
3770 521 4084 576 inculcare:

786 617 841 664 et
868 608 1227 662 testimonium
1257 607 1448 662 Joanni
1478 606 1724 677 perhibet
1752 621 1855 661 non
1872 606 2093 663 Joannis
2110 604 2375 670 Christus,

788 700 1082 769 propheten
1109 715 1232 753 cum
1250 698 1595 765 conﬁrmans,
1622 699 1728 753 imo
1746 707 1802 752 et
1821 713 2004 769 supra,
2026 706 2086 751 ut
2105 698 2375 767 angelum,

787 791 1036 861 ingerens
1065 792 1227 846 etiam
1259 792 1516 861 scriptum
1544 806 1707 859 super
1735 791 1827 846 illo
1863 809 1877 845 :
1940 790 2074 845 Ecce
2092 806 2183 862 ego
2235 791 2379 845 mitto

786 884 1024 953 angelum
1052 899 1219 936 meum
1238 893 1355 937 ante
1375 884 1559 951 [aciem
1583 891 1741 949 luant,
1785 882 1875 954 qui
1918 883 2225 955 prarparabit
2248 882 2378 936 siam

788 985 966 1038 tmnu;
997 974 1275 1043 eleganter
1299 974 1364 1030 ad
1405 974 1736 1044 superiorem
1789 988 2006 1029 sensum
2036 974 2378 1029 scandalizati

785 1065 1009 1121 Joannis
1056 1080 1488 1121 commemorans
1530 1064 1884 1135 prophetiam,
1927 1074 2003 1128 ut,
2054 1064 2379 1119 conﬁrmans

787 1172 1169 1227 praecursorem
1214 1157 1475 1213 Joannem
1522 1156 1633 1227 jam
1684 1157 1983 1221 advenisse,
2046 1158 2380 1227 extingueret

786 1250 1097 1320 scrupulum
1131 1250 1563 1320 interrogationis
1604 1248 1768 1316 illius,
1799 1249 1877 1304 Tu
1903 1267 1955 1305 es
1983 1250 2070 1320 qui
2113 1250 2270 1317 uenis,
2311 1265 2379 1304 att

785 1344 943 1397 alium
964 1342 1355 1413 exspectamus?
1384 1342 1723 1398 Prmcursorc
1749 1342 1893 1396 enim
1915 1341 2027 1411 jam
2058 1340 2238 1396 functo
2292 1341 2377 1395 ol-

790 1432 930 1497 licio,
986 1443 1282 1503 praeparata
1309 1433 1391 1487 via
1423 1432 1657 1500 Domini,
1688 1433 1803 1502 ipse
1831 1442 1946 1488 erat
1978 1432 2375 1501 intelligendus,

786 1527 871 1580 eui
904 1541 1204 1595 praecursor
1231 1525 1648 1589 miuistraverat,
1678 1523 1851 1596 Major
1879 1526 1959 1595 (l)
1980 1525 2193 1595 quidem
2218 1525 2381 1578 amni-

789 1618 881 1670 bus
913 1620 1043 1672 uatis
1070 1620 1357 1679 mulierum,
1394 1617 1487 1672 sed
1520 1632 1623 1672 non
1653 1617 1773 1672 ideo
1795 1617 2039 1688 subjecto
2069 1617 2139 1683 ei,
2172 1617 2260 1689 qui
2286 1618 2381 1671 nti-

789 1727 884 1765 nor
929 1712 1085 1782 fuerit
1116 1713 1169 1765 in
1213 1728 1371 1783 regno
1420 1710 1735 1782 Dci;quasi
1778 1711 1997 1766 alterius
2043 1711 2112 1766 sit
2162 1711 2252 1766 Dei
2291 1725 2379 1766 re-

785 1819 969 1874 gnum,
996 1804 1047 1857 in
1079 1819 1188 1873 quo
1228 1804 1470 1859 modicus
1495 1805 1614 1875 quis
1639 1805 1811 1871 major
1834 1805 1937 1858 erit
1972 1802 2209 1870 Joanne;
2242 1804 2379 1860 alte-

2486 603 2588 670 Qui
2611 604 2757 658 habet
2783 622 2949 671 aures,
2994 608 3190 660 audiat.
3223 607 3337 661 Non
3365 610 3514 679 quasi
3539 625 3602 664 ex
3632 610 3945 665 diversitate
3977 629 4076 667 au-

2482 695 2647 750 ditum
2673 698 3004 765 permitteret
3029 698 3299 762 Christus,
3328 716 3486 768 quem
3504 699 3787 756 ademisset
3807 700 4037 757 Creator
4067 722 4079 755 :

2480 787 2575 843 sed
2630 788 2752 858 quia
2799 790 3273 845 comminationem
3351 792 3652 846 exhortatio
3710 795 4084 865 sequebatur:

2484 879 2677 948 primo,
2706 896 2830 934 aure
2855 880 3111 945 audietis;
3133 881 3349 945 dehinc,
3375 884 3462 953 qui
3488 884 3634 937 habet
3669 901 3840 951 aures,
3882 886 4084 941 audiat.

2480 972 2597 1028 Non
2628 975 2769 1027 cnim
2812 974 3101 1030 audiebant
3149 975 3310 1041 ultro,
3354 977 3441 1046 qui
3467 993 3625 1031 aures
3653 977 3958 1042 habebant;
3991 978 4089 1035 scd

2481 1066 2798 1121 ostendebat
2828 1081 2987 1122 aures
3016 1067 3195 1123 cordis
3226 1070 3576 1133 necessarias,
3601 1072 3794 1141 quibus
3839 1074 3959 1127 illos
3987 1090 4085 1126 au-

2481 1156 2687 1211 dituros
2718 1169 2941 1229 negarat
2963 1159 3205 1213 Creator.
3246 1159 3313 1214 Et
3367 1160 3488 1215 ideo
3519 1176 3614 1231 per
3638 1163 3911 1216 Christum
3943 1163 4084 1233 adji-

2481 1250 2591 1306 cit:
2630 1249 2806 1305 Videte
2857 1252 3109 1323 quomodo
3151 1252 3392 1319 audiatis,
3437 1263 3484 1306 et
3525 1270 3624 1307 non
3672 1256 3933 1317 audiatis;
3982 1274 4089 1311 non

2481 1341 2645 1397 Corde
2672 1342 2879 1398 scilicet
2906 1342 3205 1408 audientes,
3237 1344 3331 1398 sed
3360 1361 3508 1400 aure.
3542 1346 3594 1401 Si
3618 1348 3835 1413 dignum
3866 1364 4089 1403 sensum

2485 1434 2910 1503 pronuntiationi
2941 1435 3317 1489 accommodes
3348 1451 3443 1505 pro
3464 1451 3624 1490 sensu
3653 1439 3767 1507 ejus
3798 1441 3885 1508 qui
3929 1440 4088 1495 audi-

2488 1526 2566 1581 tui
2596 1526 2909 1585 suscitabat,
2936 1526 3097 1580 etiam
3124 1526 3375 1592 dicendo,
3412 1526 3585 1581 Videte
3625 1530 3875 1599 quomodo
3897 1531 4090 1584 audia-

2485 1617 2569 1683 tis,
2600 1631 2705 1671 non
2752 1617 3015 1672 audituris
3042 1620 3369 1672 minabatur.
3404 1619 3546 1673 Sane
3571 1620 3879 1674 nominatur
3912 1624 4093 1676 initis-

2482 1708 2648 1763 simus
2678 1708 2838 1773 Deus,
2863 1710 2986 1779 quia
3014 1724 3111 1763 nec
3136 1709 3361 1777 judicat,
3395 1726 3493 1765 nec
3517 1710 3783 1765 irascitur.
3821 1713 3934 1767 Hoc
3963 1730 4093 1785 pro-

2485 1800 2574 1855 bat
2601 1802 2762 1857 etiam
2797 1802 3079 1872 sultjacens
3104 1817 3323 1857 sensus:
3358 1802 3422 1856 Ei
3447 1804 3536 1871 qui
3562 1805 3727 1866 habet,
3753 1805 3961 1859 dubitur
3986 1825 3999 1870 ς
4028 1809 4095 1860 ab

789 1892 901 1948 rius
925 1894 1181 1961 Joannes,
1208 1896 1295 1965 qtti
1325 1896 1575 1951 omnibus
1597 1896 1735 1953 natis
1780 1895 2060 1951 mulierum
2092 1896 2263 1966 major
2285 1896 2374 1951 sit.
2406 1903 2454 1963 B
2483 1908 2539 1946 eo
2577 1904 2743 1947 autem
2790 1894 2875 1963 qui
2900 1910 3001 1947 non
3030 1894 3199 1957 habet,
3243 1894 3397 1948 etiam
3445 1894 3584 1964 quod
3634 1895 3817 1949 habere
3844 1914 3897 1951 se
3938 1909 4091 1966 putat

787 1986 909 2041 Sive
936 1988 1076 2041 enim
1108 1987 1174 2042 de
1201 2001 1539 2058 quocumque
1563 1987 1690 2042 dicit
1721 1986 1931 2043 modico
1978 2003 2076 2059 per
2103 1986 2378 2042 humilita—

788 2086 918 2143 tem,
941 2080 1053 2133 sive
1078 2077 1145 2132 de
1169 2078 1479 2148 semetipso,
1505 2079 1625 2148 quia
1644 2079 1819 2134 minor
1837 2078 2042 2135 Joanne
2065 2078 2376 2146 habebatur,

789 2171 1038 2223 omuilms
1067 2170 1271 2225 scilicet
1325 2170 1377 2225 itt
1426 2172 1771 2227 solitudinem
1815 2172 2260 2228 eoncurreutibus
2310 2171 2379 2228 ad

787 2261 1051 2318 Joannem
1080 2264 1254 2331 potius
1279 2278 1438 2333 quam
1479 2262 1543 2317 ad
1572 2262 1867 2326 Christum,
1900 2262 2037 2331 Quid
2086 2265 2260 2319 existis
2301 2265 2380 2319 ri-

796 2355 913 2409 dere
940 2356 993 2407 in
1018 2354 1381 2409 solitudinem?
1406 2353 1735 2410 tantumdem
1764 2364 1819 2410 et
1839 2353 2079 2409 Creatori
2105 2357 2381 2425 competit,

789 2458 843 2501 et
866 2446 1127 2501 Joannem
1181 2447 1345 2516 ipsius
1375 2462 1494 2502 esse
1535 2447 1793 2516 majorem
1826 2448 1964 2502 natis
1994 2448 2300 2512 mulierum,
2330 2457 2385 2504 ct

787 2536 1059 2592 Christum
1092 2538 1178 2593 vel
1217 2555 1482 2610 quemque
1527 2540 1815 2607 modicum,
1860 2541 1952 2612 qui
1982 2541 2153 2612 major
2178 2540 2385 2598 Joanne

791 2632 999 2685 futurus
1029 2632 1099 2685 sit
1131 2632 1181 2686 in
1214 2648 1379 2702 regno
1411 2648 1564 2703 :cquc
1594 2631 1893 2699 Creatoris,
1921 2643 1975 2689 ct
2022 2636 2109 2704 qui
2158 2635 2227 2689 sit
2274 2650 2386 2688 ma—

785 2725 873 2794 jor
901 2733 1046 2779 tanto
1077 2725 1356 2796 propheta,
1390 2727 1480 2797 qui
1524 2742 1631 2782 non
1682 2727 1841 2783 fuerit
1891 2729 2281 2785 scandalizatus
2334 2733 2385 2785 in

788 2818 1083 2879 Christum,
1130 2819 1271 2888 quod
1318 2828 1442 2873 tunc
1472 2819 1737 2874 Joannem
1782 2821 1988 2876 minuit.
2041 2823 2279 2881 Diximus
2321 2826 2388 2879 de

790 2906 1015 2959 remissa
1044 2918 1385 2975 peccatorum
1425 2908 1525 2980 (a).
1575 2908 1720 2964 Illius
1745 2920 1922 2965 autem
1954 2912 2267 2980 peccatricis
2295 2912 2389 2967 lm-

790 2997 949 3050 mina:
980 3008 1353 3067 argumentum
1383 3014 1449 3053 eo
1478 3001 1807 3069 pertinebit,
1836 3011 1895 3056 ut
1935 3018 2055 3056 cum
2092 3003 2254 3069 pedes
2286 3005 2391 3057 Ito-

790 3088 917 3142 ntini
949 3090 1147 3145 osculis
1177 3090 1384 3160 liget-ct,
1428 3093 1680 3163 laerymis
1713 3093 2013 3160 inmutaret,
2038 3096 2276 3149 crinibus
2295 3097 2391 3151 tle-

792 3189 1045 3248 tergeret,
1101 3194 1369 3252 unguento
1415 3184 1753 3253 perduceret,
1798 3187 1951 3241 Solidi
1979 3190 2223 3255 Corporis
2250 3191 2391 3244 veri-

2481 1990 2741 2058 auferetur
2764 1988 2829 2042 ei.
2858 1985 2996 2053 Quid
3048 1986 3305 2041 dabitur?
3334 1986 3579 2057 Adjectio
3622 1988 3761 2053 lidci,
3797 1990 3879 2042 vel
3932 1992 4094 2045 intel-

2483 2080 2675 2145 lectus,
2708 2078 2791 2133 vel
2822 2079 2967 2133 sa'us
3013 2079 3147 2148 ipsa.
3180 2080 3316 2146 Quid
3359 2079 3673 2135 auferetur?
3706 2081 3897 2151 Utique
3948 2084 4093 2153 quod

2483 2170 2731 2226 dabitur.
2760 2172 2801 2226 A
2832 2186 2940 2242 quo
2969 2171 3205 2234 dabitur,
3261 2179 3318 2227 ct
3345 2171 3736 2227 aul'eretnr?Si
3773 2190 3801 2226 a
3829 2173 4099 2230 Creatore

2483 2262 2775 2330 auferetur,
2803 2264 2871 2317 ab
2892 2275 3025 2318 eoct
3057 2262 3133 2333 (5)
3155 2263 3367 2318 dabitur
3390 2286 3403 2318 :
3426 2266 3469 2318 si
3501 2282 3527 2317 a
3558 2266 3662 2320 dco
3686 2265 3972 2320 Marcionis
3994 2268 4095 2321 da-

2488 2359 2652 2422 bitur,
2711 2358 2778 2411 ab
2828 2372 2895 2412 co
2939 2367 2993 2412 ct
3032 2357 3323 2412 auferetur.
3373 2358 3597 2428 Quoquo
3641 2368 3815 2413 tamen
3874 2362 4096 2416 inmune

2488 2450 2853 2505 committatur
2879 2450 3223 2512 ablutionem,
3256 2465 3360 2505 non
3397 2452 3498 2506 erit
3520 2452 3636 2519 ejus
3669 2453 3759 2511 Dei
3788 2454 3874 2523 qui
3924 2456 4100 2508 nescit

2488 2544 2798 2597 comminari
2819 2584 2832 2607 ,
2863 2544 2985 2613 quia
3014 2558 3118 2598 non
3164 2545 3311 2598 novit
3359 2544 3539 2600 irasci.
3581 2544 3741 2599 Miror
3763 2559 3939 2600 autem
3971 2564 4096 2601 cum

2491 2634 2762 2689 lucernam
2784 2645 2941 2704 negat
2972 2635 3226 2690 abscondi
3255 2637 3452 2701 solere,
3486 2639 3574 2707 qui
3605 2655 3663 2693 se
3704 2650 3849 2695 tanto
3892 2643 4098 2697 sarculo

2492 2728 2849 2784 absc0nderat
2879 2729 3052 2799 majus
3107 2738 3161 2783 et
3193 2731 3527 2785 necessarius
3573 2732 3773 2797 lumen,
3804 2749 3927 2788 cmn
3975 2750 4096 2788 ont-

2494 2823 2579 2877 nia
2626 2823 2693 2878 dc
2748 2822 2959 2877 OCCIIJIO
3010 2823 3059 2877 in
3113 2834 3358 2892 apertum
3410 2827 3754 2894 t'cjtromittil,
3789 2830 3876 2896 qtti
3928 2829 4099 2882 [lentu

2493 2932 2646 2969 suum
2672 2930 2837 2984 usque
2854 2915 3028 2970 adhuc
3056 2916 3360 2980 obumbrat,
3385 2928 3726 2986 chpCctans,
3759 2922 3970 2988 opinor,
4002 2937 4099 2974 na-

2495 3009 2573 3063 sci
2609 3008 2955 3062 Marcionem.
2985 3007 3240 3061 Venimus
3289 3010 3352 3061 ad
3385 3011 3890 3065 constantissimtnn
3932 3027 4099 3077 argu-

2498 3110 2731 3154 mentum
2762 3102 2999 3153 omnitnu
3032 3100 3121 3169 qui
3174 3100 3381 3153 Domini
3428 3102 3759 3158 nativitatem
3792 3105 3841 3157 in
3871 3117 4100 3160 comra-

2500 3194 2724 3247 vcrsiam
2752 3191 3018 3246 deferunt.
3048 3190 3189 3259 Ipse,
3219 3194 3481 3263 inquiunt,
3512 3206 3842 3250 contestatur
3874 3212 3932 3249 se.
3989 3213 4099 3251 nam

791 3282 1098 3337 talcm,non
1132 3277 1444 3343 phantasma
1475 3278 1631 3332 inane
1661 3272 1987 3335 tractaverit.
2022 3281 2087 3335 Et
2116 3291 2174 3335 ιιι
2200 3298 2386 3349 pecca-
2413 3292 2457 3354 ί]
2492 3299 2611 3337 esse
2636 3292 2837 3347 natum,
2861 3282 3091 3337 dicendo
3119 3303 3131 3339 :
3156 3284 3284 3350 Ome
3306 3285 3429 3337 mihi
3462 3295 3641 3349 muter,
3667 3297 3712 3337 et
3736 3287 3819 3355 qui
3845 3288 3971 3339 mihi
3986 3293 4101 3357 fm-

792 3364 939 3419 tricis
964 3366 1294 3434 pteuitcntia,
1325 3369 1616 3423 secumlmn
1643 3370 1953 3426 Creatorem
1986 3375 2260 3440 meruerit,
2293 3389 2383 3429 ve-

793 3458 936 3511 niam
963 3474 1272 3527 pratpoucre
1292 3461 1504 3515 solitum
1523 3462 1806 3518 sacrilicio.
1837 3463 1941 3519 Sed
1964 3475 2019 3520 et
2047 3466 2093 3520 si
2122 3470 2385 3537 pinnitcu-

793 3550 879 3605 tisi
906 3549 1155 3603 stimulus
1198 3566 1264 3604 ex
1312 3552 1415 3605 lide
1445 3553 1734 3621 acciderat,
1794 3570 1890 3626 per
1918 3558 2287 3629 paenitentiam
2314 3578 2380 3619 ex

794 3639 901 3695 lide
921 3640 1288 3709 justilimtsm,
1319 3644 1385 3698 ab
1414 3661 1480 3701 en
1527 3646 1694 3701 audiit
1724 3665 1738 3703 :
1770 3646 1925 3703 Fides
1973 3658 2061 3705 ttta
2108 3662 2157 3705 te
2192 3654 2385 3709 salvam

793 3733 913 3800 fecit
937 3749 955 3785 :
976 3734 1063 3802 qui
1097 3748 1189 3802 per
1216 3733 1463 3791 llabacuc
1494 3735 1739 3807 (Habac.,
1772 3740 1836 3805 ll,
1858 3740 1934 3811 4)
1966 3744 2383 3812 prouuntiarat:

794 3823 976 3879 Justus
1002 3842 1063 3880 ea:
1087 3827 1189 3895 [ide
1210 3845 1301 3882 sua
1323 3831 1445 3884 uiuet
1468 3831 1569 3903 (2).

1379 3920 1607 3984 CAPUT
1658 3925 1803 3983 XIX.

871 4010 1024 4077 Quod
1056 4012 1231 4068 divites
1257 4013 1458 4071 Christo
1485 4019 1720 4076 mulieres
1742 4021 2087 4089 adhterebant,
2118 4042 2231 4097 qua:
2265 4036 2309 4082 et
2327 4028 2390 4083 de

796 4100 1125 4170 facultatibus
1151 4108 1253 4161 suis
1284 4110 1635 4166 ministrabant
1656 4114 1720 4175 ei,
1760 4116 1889 4168 inter
1912 4134 2037 4186 quas
2067 4129 2112 4172 et
2156 4136 2284 4174 uxor
2306 4139 2387 4176 re-

799 4195 875 4261 gis
903 4200 1245 4263 procuratoris
1276 4200 1425 4272 (Luc.
1455 4202 1621 4274 Vill),
1680 4204 1749 4261 de
1799 4210 2077 4276 prophetia
2135 4223 2235 4265 est.
2284 4213 2390 4269 llas

796 4287 941 4338 enim
974 4290 1195 4343 vocat-at
1223 4308 1318 4361 per
1346 4293 1555 4349 Esaiam
1598 4296 1724 4367 (ls.,
1758 4298 1970 4363 XXXII,
2004 4301 2060 4369 9)
2092 4320 2106 4357 :
2149 4302 2390 4361 Mulieres

799 4379 977 4433 divites
1003 4386 1275 4455 exsurgite,
1306 4398 1352 4439 et
1378 4391 1551 4444 audite
1582 4407 1745 4445 vocent
1796 4411 1958 4448 nteant
1981 4410 2000 4458 ;
2025 4405 2072 4449 ut
2099 4395 2389 4466 discipulas

799 4471 993 4541 primo,
1022 4473 1215 4529 dehinc
1244 4488 1300 4530 ιιι
1328 4481 1603 4547 operarias
1630 4494 1683 4537 et
1726 4485 1999 4541 ministras
2024 4487 2335 4543 ostenderet
2365 4507 2380 4544 :

802 4562 975 4631 It'ilia',
1004 4566 1056 4618 in
1072 4583 1162 4635 spe
1198 4570 1371 4624 audite
1392 4587 1647 4627 sermones
1673 4591 1827 4628 meos.
1853 4575 1975 4632 Dies
1995 4578 2120 4632 anni
2148 4594 2385 4637 memen-

2490 3389 2592 3434 tres
2618 3382 2642 3433 ξ’
2669 3378 2743 3435 ιιι
2762 3393 2976 3447 semper
2999 3378 3255 3443 lia-retiri,
3290 3390 3383 3433 aut
3420 3379 3592 3433 nudas
3616 3391 3672 3434 et
3702 3382 3977 3450 simplices
4012 3397 4099 3436 vo-

2487 3489 2580 3530 ces
2600 3474 2926 3542 conjec-turis
2954 3488 3061 3542 quo
3088 3472 3271 3527 volunt
3300 3474 3517 3542 rapiunt
3542 3490 3556 3538 ;
3590 3484 3680 3527 aut
3733 3490 3919 3528 rursus
3963 3462 4096 3529 con-

2488 3566 2775 3623 ditionalcs
2814 3574 2869 3619 ct
2894 3565 3206 3631 rationales,
3255 3565 3616 3636 simplicitatis
3640 3566 3950 3621 conditione
3980 3567 4095 3621 dis-

2488 3658 2723 3722 solvunt,
2747 3666 2803 3710 ut
2824 3655 2925 3710 hoc
2967 3658 3019 3710 in
3065 3656 3202 3709 loco.
3247 3654 3353 3709 Nos
3382 3657 3654 3710 contrario
3680 3656 3909 3711 dicimus
3942 3678 3953 3709 :
3987 3659 4098 3728 pri-

2490 3768 2602 3816 mo,
2634 3767 2740 3805 non
2775 3750 3011 3819 potuisse
3044 3749 3115 3802 illi
3150 3748 3480 3812 annoutiari,
3504 3750 3645 3820 quod
3696 3762 3869 3805 mater
3906 3760 3961 3804 ct
3986 3751 4097 3804 fra-

2494 3854 2602 3900 tres
2623 3845 2739 3912 ejus
2769 3843 2897 3897 foris
2921 3852 3126 3897 starent
3149 3852 3453 3912 qttzerentes
3482 3842 3668 3897 videre
3698 3859 3843 3908 eum,
3874 3843 3917 3897 si
3951 3843 4097 3898 nulla

2493 3940 2566 3995 illi
2598 3950 2768 3994 mater
2794 3948 2848 3993 ct
2879 3938 3072 3992 fratres
3104 3936 3233 3989 nulli
3262 3937 3521 4001 fuissent;
3566 3942 3701 4005 quos
3726 3936 3908 4005 utique
3940 3946 4100 3991 norat

2492 4031 2581 4102 qui
2630 4030 2994 4093 adnuntiarct,
3044 4027 3124 4081 vel
3160 4036 3306 4081 retro
3350 4039 3524 4092 notos,
3574 4028 3657 4081 vel
3710 4037 3835 4082 tunc
3891 4026 4097 4081 ibidem

2492 4131 2819 4192 compertos,
2844 4120 2970 4174 dmn
2998 4136 3119 4174 eum
3156 4118 3336 4174 vidch
3359 4119 3690 4183 desiderant,
3721 4120 3806 4173 vel
3839 4117 3966 4173 dum
3994 4120 4098 4188 ipsi

2495 4215 2739 4268 tmntium
2780 4212 3054 4267 mandant.
3099 4211 3180 4267 Ad
3221 4210 3359 4266 hanc
3404 4212 3631 4280 primatu
3674 4211 4097 4281 propositionem

2495 4318 2732 4361 nostram
2768 4305 2903 4359 solet
2956 4320 3023 4359 ex
3062 4302 3276 4358 diverso
3321 4302 3633 4373 responderi
3661 4321 3671 4353 :
3698 4304 3833 4371 Quid
3860 4304 4003 4357 enim
4035 4303 4085 4358 si

2493 4398 2732 4454 tentandi
2761 4398 2926 4467 gratia
2977 4398 3274 4451 nuntiatum
3312 4406 3396 4452 est
3431 4396 3515 4451 ei?
3555 4395 3661 4451 Sed
3691 4398 3791 4451 hoc
3820 4396 4095 4467 Scriptura

2494 4507 2598 4547 nou
2625 4492 2773 4559 dicit,
2799 4507 2919 4563 quae
2963 4501 3164 4561 quanto
3197 4490 3500 4562 signiﬁcare
3527 4490 3666 4544 solet
3689 4506 3752 4544 ex
3798 4491 4097 4545 tentationc

2489 4587 2615 4658 quid
2645 4586 2838 4642 factum
2873 4604 2887 4640 :
2918 4585 3051 4640 Ecce
3104 4582 3250 4655 (Luc.
3298 4583 3371 4653 Χ)
3415 4584 3540 4653 legis
3588 4584 3767 4635 doctor
3812 4583 4097 4637 assurrexit

801 4664 908 4709 tote
930 4673 1048 4714 rum
1082 4658 1333 4716 laltorein
1364 4678 1478 4733 spe.
1503 4664 1637 4720 Cutn
1666 4666 1847 4723 labore
1874 4668 2016 4723 enim
2063 4685 2167 4740 quo
2190 4686 2383 4743 seque-
2416 4690 2465 4750 ι)
2492 4687 2691 4733 tentaus
2705 4687 2925 4743 eunt;et
2945 4677 3012 4733 dc
3034 4677 3215 4732 tributi
3238 4675 3636 4730 consultatione
3663 4692 3675 4728 :
3702 4673 3768 4727 Iz’t
3793 4673 3941 4744 (Luc.
3965 4674 4094 4746 XX)

802 4747 1027 4814 buntur,
1052 4760 1107 4805 tl.
1126 4753 1196 4807 ob
1224 4767 1396 4824 spem,
1430 4758 1824 4815 ministrabant.
1854 4759 2032 4831 [Eque
2057 4762 2127 4818 dc
2165 4765 2388 4833 parabo.

800 4838 865 4893 lis
914 4843 1078 4897 semel
1126 4845 1356 4902 sufﬁciat
1403 4848 1704 4918 probatum,
1749 4851 1850 4907 hoc
1899 4868 2067 4923 genus
2112 4854 2311 4927 eloquii
2356 4871 2387 4910 a

800 4930 1054 4989 Creatore
1093 4938 1436 5004 promissum.
1477 4942 1542 4994 At
1590 4957 1731 4997 nunc
1772 4943 1858 4996 illa
1896 4960 2106 5015 quoque
2153 4963 2390 5017 pronun-

803 5021 951 5076 tiatio
978 5023 1093 5093 ejus
1116 5026 1185 5081 ad
1232 5029 1485 5098 populum
1515 5030 1640 5102 (ls.,
1668 5030 1759 5100 Vl,
1792 5033 1924 5104 l0):
1965 5035 2102 5091 Aura
2142 5038 2384 5107 audietis,

2488 4779 2806 4825 accesserunt
2834 4770 2902 4823 ad
2924 4786 3038 4823 eum
3075 4766 3326 4821 Pharistei
3351 4775 3598 4821 tentantes
3628 4782 3781 4831 eum;
3825 4776 3974 4821 tanto
4001 4768 4094 4823 ubi

2499 4877 2605 4916 non
2622 4862 2743 4916 facit
2758 4861 3065 4916 tcutationis
3079 4858 3405 4914 mentionem
3422 4874 3525 4913 non
3541 4857 3769 4911 admittit
3786 4860 4096 4915 tentationis

2492 4951 3005 5022 interpretationem.
3023 4950 3093 5006 Et
3106 4960 3281 5005 tamen
3297 4965 3360 5003 ex
3376 4948 3664 5003 almudanti
3680 4964 3902 5004 caussas
3916 4959 4059 5005 tenta
4076 4983 4093 4994 ο

2495 5045 2654 5101 tionis
2668 5062 2733 5101 ex
2754 5045 2985 5117 postulo,
3009 5045 3093 5101 cui
3121 5044 3200 5099 rei
3224 5043 3542 5101 tentavcrint
3557 5043 3725 5109 illum,
3743 5058 3839 5114 per
3854 5045 4097 5100 anatina-

2032 5177 2410 5240 LECTIONES
2449 5184 2860 5243 VARIANTES.

863 5282 936 5409 ὃ)
970 5284 1154 5359 Majore
1177 5285 1363 5338 Patnel.
1389 5288 1542 5340 Fran.
1562 5290 1727 5353 majori
1753 5289 1858 5356 [εἰς.
1890 5298 2053 5345 Venet.

915 5350 937 5409 )
977 5347 1109 5400 Vtvtt.
1126 5348 1280 5401 Seml.
1306 5348 1501 5402 Oberth.

915 5347 937 5411 f)
977 5347 1109 5400 Vivit.
1126 5348 1280 5401 Seml.
1306 5348 1501 5402 Oberth.

2561 5300 2633 5366 (δ)
2671 5300 2733 5353 Ει
2752 5300 2885 5353 abest
2910 5298 3075 5353 Paris.

2158 5441 2718 5505 COMMENTARIUS.

870 5551 950 5633 (a)
982 5550 1215 5633 Diximus
1255 5555 1320 5633 d_e
1353 5557 1568 5633 remissa
1588 5565 1927 5633 peccatorum.
1955 5558 2257 5633 R_emissam
2284 5577 2386 5633 pro

800 5624 1137 5704 ginissione,
1157 5635 1225 5704 ut
1258 5624 1677 5704 _S.__Cyprianus
1718 5628 1815 5704 lib.
1867 5630 1931 5685 de
1972 5630 2117 5686 Bono
2149 5703 2152 5704 ν
2182 5624 2303 5704 put:
2329 5643 2385 5689 et

807 5692 970 5770 Epist.
991 5694 1138 5770 XlV.»
1155 5695 1309 5770 Unde
1337 5692 1493 5753 Missa
1526 5716 1623 5770 pro
1650 5703 1987 5756 sanctissimo
2009 5692 2193 5758 altaris
2210 5704 2379 5760 sacri-

804 5767 941 5832 licio,
964 5785 1000 5845 a
1018 5768 1213 5845 duplici
1244 5767 1660 5845 missioucjlicta
1690 5773 1927 5845 est;iduo
1947 5773 2170 5837 scilicet,
2204 5776 2379 5845 expli-

801 5847 921 5889 cato
962 5839 1267 5914 Evangelia,
1297 5839 1457 5914 levita
1484 5841 1696 5897 dicebat
1721 5860 1740 5914 :7
1769 5844 1828 5898 Si
1857 5845 1968 5914 quis
1990 5839 2375 5901 calce/suntcum

803 5911 1057 5968 remansit.
1091 5922 1252 5978 exeat,
1283 5911 1365 5968 vel
1393 5913 1744 5969 (.‘atechunteni
1766 5911 2027 5981 exeunte;
2053 5925 2107 5972 et
2126 5917 2287 5973 etiam
2319 5919 2371 5972 in

2495 5562 2620 5629 line,
2655 5562 2737 5618 Ite
2752 5563 2908 5620 missa
2926 5572 3019 5620 est.
3048 5562 3126 5619 Ex
3156 5560 3244 5617 illa
3273 5559 3471 5628 duplici
3491 5558 3747 5615 missione
3776 5571 3873 5613 seu
3896 5558 4090 5615 dimis-

2490 5637 2643 5706 sione
2700 5637 2877 5706 populi
2926 5645 2982 5690 et
3027 5633 3535 5690 cateclutmcnorum
3588 5631 3744 5684 Missa
3794 5630 3938 5684 dicta
3978 5638 4089 5686 est.

2488 5704 2820 5762 Vocabulum
2887 5707 3024 5761 istud
3083 5706 3242 5760 veluti
3325 5712 3687 5772 portentosum
3758 5715 4090 5757 execrantur

2483 5776 2926 5850 Culvinianorum
2965 5789 3171 5850 mystae,
3205 5776 3331 5829 licet
3361 5774 3495 5850 apud
3622 5774 4088 5850 Ambrnsitttnre-

2481 5851 2739 5918 pariatur.
2765 5849 2872 5905 llac
2897 5848 2965 5905 de
2992 5841 3049 5905 rc
3079 5848 3199 5904 vide
3227 5863 3347 5917 qua:
3379 5846 3491 5899 fuse
3524 5841 3787 5918 Durantus
3817 5844 3881 5918 de
3919 5842 4083 5899 llitib.

3706 5914 3781 5970 Ls
3820 5913 3913 5968 Pu.
