4268 6492
170 373 273 430 403
1259 372 1388 428 LIB.
1429 370 1497 427 IV
1537 363 1855 424 ADVERSU

1775 363 1906 423 SUB
1945 367 2367 427 MARCIONEM.
3356 377 3459 432 106

173 493 369 546 tionem
398 492 584 548 matris
609 503 661 548 et
687 492 932 548 fratrum.
955 492 1011 550 Si
1042 500 1099 547 ut
1131 492 1328 547 scirent
1351 498 1573 545 natusne
1598 495 1758 549 esset,
1789 482 1845 543 Α
1871 487 2037 556 magis
2066 497 2290 543 matrem
2321 499 2375 544 et
2402 491 2595 546 fratres
2629 491 3004 555 confitebatur,
3049 492 3188 560 quod
3215 492 3333 548 illos
3359 511 3456 549 no-

169 600 235 638 an
292 601 429 648 non;
463 585 674 655 quando
713 585 780 640 de
825 586 927 640 hoc
955 585 1054 640 fuit
1091 584 1348 654 quaestio,
1379 597 1539 652 quam
1569 596 1635 635 ex
1664 580 1762 634 ista
1869 577 2010 632 lebat
2043 595 2336 650 agnoscere
2366 597 2380 647 ;
2411 583 2552 654 quod
2583 584 2718 639 alios
2761 584 3067 653 adeptabat,
3094 587 3450 645 conﬁrmabat

171 678 467 733 tentatione
505 679 855 733 discuterent.
899 679 1029 747 Quis
1057 689 1233 732 autem
1258 676 1527 731 dubitaret
1553 683 1761 739 uatum,
1868 685 2001 739 quos
2030 687 2096 726 ex
2122 671 2322 728 olIeusa
2346 675 2576 745 negavit,
2604 676 2797 747 quibus
2827 692 2928 731 non
2961 685 3019 731 ut
3052 679 3290 733 veriores
3336 683 3461 734 sub-

169 786 324 840 quem
354 769 553 824 videret
583 770 849 826 hominem
882 812 896 835 ,
931 787 1088 840 quem
1114 770 1348 825 audisset
1381 767 1548 823 filium
1580 782 1640 822 se
1668 765 1768 821 110-
1868 766 2059 830 stituit,
2086 767 2178 822 sed
2209 778 2264 822 ut
2305 768 2595 840 digniores.
2645 772 2885 842 Denique
2915 773 3048 827 nihil
3096 788 3367 844 maguum,
3415 773 3458 827 si

170 863 326 916 minis
357 862 648 932 professum
675 906 687 926 ,
723 879 878 933 quem
908 864 975 918 de
1004 873 1294 933 conSpectu
1323 862 1499 917 omnis
1523 861 1768 915 humana:
1871 856 2028 913 fidem
2056 861 2297 930 sanguini
2323 852 2632 932 praeposuit,
2663 881 2821 935 quem
2857 881 2961 920 non
2994 866 3240 922 habebat.

170 953 440 1022 qualitatis
478 953 779 1008 dubitarent
807 955 994 1019 Deum,
1027 966 1117 1008 aut
1154 953 1317 1007 ﬁlium
1365 952 1456 1006 Dei
1505 950 1768 1007 credere?
2466 953 2697 1012 CAPUT
2752 956 2873 1011 XX.

173 1044 464 1114 propheten
512 1043 719 1100 facilius
769 1046 1160 1108 existimantes,
1211 1045 1334 1099 licet
1379 1059 1629 1114 magnum
1675 1043 1769 1096 ali-
1947 1041 2072 1108 Quis
2121 1052 2298 1099 autem
2353 1046 2447 1100 iste
2471 1055 2562 1111 est,
2590 1048 2676 1118 qui
2715 1057 2760 1102 et
2798 1049 2957 1103 ventis
2987 1059 3033 1104 ct
3077 1051 3207 1105 mari
3252 1053 3467 1122 imperat

170 1150 350 1204 quem,
397 1136 577 1202 utique
607 1146 782 1190 tamen
826 1146 1028 1189 natmn.
1063 1135 1285 1189 Etiamsi
1321 1135 1370 1188 in
1399 1133 1769 1202 eXploratione
1877 1133 2030 1203 (Luc,
2059 1134 2169 1189 Vlll
2193 1137 2258 1206 )?
2312 1136 2572 1193 Nimirum
2613 1155 2781 1195 novus
2819 1141 3123 1197 dominator
3151 1154 3308 1214 atque
3341 1160 3466 1212 pos-

169 1231 456 1283 nativitatis
487 1230 769 1285 tentandus
793 1229 998 1294 fuisset,
1032 1228 1405 1298 quodcumque
1433 1227 1576 1282 aliud
1605 1241 1767 1297 argu-
1873 1241 2055 1281 sessor
2078 1227 2465 1284 elementorum
2495 1232 2826 1302 subactijam
2867 1244 2921 1289 et
2945 1236 3148 1289 exclusi
3177 1234 3468 1292 Creatoris.

170 1334 407 1376 mentum
441 1323 723 1377 tentationi
749 1325 1114 1393 competisset,
1137 1338 1296 1393 quam
1322 1337 1417 1392 per
1437 1338 1620 1377 earum
1647 1336 1769 1391 per-
1874 1319 1994 1376 Non
2023 1322 2088 1375 ita
2117 1331 2224 1377 est.
2255 1322 2360 1378 Sed
2381 1334 2642 1394 agnorant
2665 1325 2977 1382 substantia:
3000 1337 3271 1384 auctorem
3296 1345 3474 1396 suum,

169 1428 420 1468 sonarum
472 1415 820 1482 mentionem,
875 1431 1006 1485 quas
1057 1416 1226 1484 potuit
1271 1415 1428 1469 etiam
1479 1423 1636 1470 natus
1664 1429 1769 1468 non
1876 1429 1995 1484 qua:
2024 1415 2234 1469 famulis
2285 1431 2496 1486 quoque
2524 1417 2638 1487 ejus
2668 1419 2923 1474 obaudire
2951 1426 3357 1475 consueverant:
3389 1421 3473 1475 Ia-

175 1509 387 1562 habere.
415 1508 506 1562 Dic
536 1508 693 1562 mihi:
726 1509 986 1563 Omnibus
1008 1510 1327 1563 natismater
1342 1509 1574 1562 advivit?
1596 1508 1771 1562 omni-
1877 1505 2024 1576 spice
2049 1506 2284 1561 Exodum
2334 1507 2552 1580 (Exod.,
2581 1509 2744 1582 XIV),
2797 1512 3048 1575 Marcion,
3098 1513 3311 1583 adspice
3343 1514 3474 1568 Mari

174 1602 270 1656 bus
310 1604 446 1657 natis
492 1604 885 1673 adgenerantur
929 1615 984 1659 et
1024 1604 1262 1659 fratres?
1291 1619 1394 1658 11011
1424 1604 1548 1660 licet
1596 1613 1774 1673 patres
1878 1596 2082 1663 Βυὺιό,
2111 1600 2326 1654 YaSliol'i
2373 1617 2534 1670 super
2567 1607 2743 1656 omnia
2783 1611 2965 1674 stagna
3007 1603 3239 1669 Judzae,
3271 1605 3471 1674 virgam

173 1698 338 1766 magis
368 1706 422 1751 et
445 1711 662 1751 sorores
690 1698 908 1762 habere,
942 1697 1024 1751 vel
1057 1708 1109 1752 et
1138 1699 1404 1752 neminem
1429 1698 1451 1749 ?
1489 1696 1566 1770 (u)
1592 1695 1700 1750 Sed
1722 1704 1778 1750 et
1879 1691 2044 1760 Moysi
2087 1690 2454 1761 imperantem,
2483 1701 2540 1746 ut
2587 1693 2827 1749 funditus
2878 1697 3222 1765 proscissum,
3255 1705 3310 1750 et
3362 1698 3470 1765 pari

172 1803 364 1843 census
389 1798 595 1842 constat
626 1799 774 1842 artos
822 1788 974 1858 (Luc.
1009 1788 1073 1859 II)
1120 1789 1218 1844 sub
1241 1794 1479 1858 Augusto
1509 1803 1650 1844 nunc
1693 1788 1773 1861 (l)
1881 1784 2145 1853 utrimque
2187 1796 2404 1854 stupore
2435 1785 2759 1842 discriminis
2791 1789 2974 1852 fixum,
3031 1791 3174 1846 sicco
3223 1790 3474 1860 populum

175 1883 225 1936 in
254 1881 436 1936 .Iudzea
470 1881 554 1953 (2)
601 1898 696 1951 per
742 1882 987 1937 Sentium
1019 1882 1365 1937 Saturninum
1391 1923 1408 1944 ,
1457 1881 1597 1951 apud
1640 1895 1774 1948 quos
1802 1876 1852 1938 B
1883 1875 2049 1945 pede,
2083 1877 2336 1932 intestino
2366 1879 2554 1934 itinere
2591 1881 3014 1948 transmitteret,
3043 1898 3332 1953 rursusque
3377 1883 3477 1937 sub

174 1991 338 2046 genus
383 1978 498 2043 ejus
550 1977 820 2044 inquirere
875 1976 1195 2046 potuissent.
1228 1974 1380 2029 Adeo
1423 1973 1572 2028 nullo
1613 1972 1775 2029 modo
1878 1971 2116 2040 ejusdem
2165 1971 2326 2042 virga:
2380 1981 2530 2037 nuttt,
2584 1973 2841 2029 redeunte
2881 1984 3100 2040 natura,
3162 1976 3474 2047 Aﬁgyptium

175 2068 414 2123 Constitit
462 2070 600 2124 ratio
630 2069 938 2123 teutatiouis
993 2069 1165 2123 istius.
1218 2067 1284 2122 At
1327 2082 1449 2123 vere
1503 2078 1672 2122 mater
1722 2074 1778 2123 et
1880 2063 2173 2118 exercitum
2225 2061 2486 2119 undarum
2534 2066 2818 2120 concordia
2870 2067 3120 2123 obrueret
3161 2085 3174 2122 :
3231 2070 3283 2122 in
3334 2067 3474 2137 quod

180 2162 369 2214 fratres
413 2161 530 2230 ejus
572 2161 700 2214 foris
727 2161 958 2214 Stabant.
994 2162 1253 2229 Superest
1279 2169 1333 2214 et
1379 2159 1460 2230 (3)
1513 2160 1778 2229 dispicere
1879 2170 2014 2224 opus
2037 2165 2090 2209 ct
2114 2155 2281 2210 austri
2306 2157 2626 2212 servierunt.
2663 2157 2736 2228 (e)
2763 2157 2905 2228 Lege
2953 2170 3007 2213 et
3057 2159 3074 2228 (
3105 2158 3242 2224 10s.,
3276 2159 3363 2226 Ill,
3390 2162 3423 2214 4
3456 2161 3476 2230 )

178 2267 394 2306 sensum
436 2269 540 2305 tton
571 2252 883 2320 simpliciter
916 2252 1336 2321 prommtianlis,
1363 2250 1493 2317 Qua:
1520 2251 1644 2304 nti/ti
1669 2268 1780 2305 nta-
1882 2259 2056 2304 sortes
2082 2249 2293 2303 familia:
2322 2249 2656 2316 dirittteudze,
2687 2253 2740 2306 in
2770 2251 3049 2307 transitum
3079 2253 3195 2323 ejus
3240 2253 3308 2324 (Ῑ)
3360 2253 3479 2308 Jor-

183 2357 254 2402 ter
301 2357 387 2398 aut
431 2349 617 2416 fratres
639 2346 664 2398 ?
691 2348 839 2416 quasi
871 2347 936 2400 ad
965 2348 1175 2416 generis
1211 2355 1265 2401 et
1294 2346 1582 2400 nativitatis
1615 2361 1778 2417 uega-
1883 2342 2036 2396 danis
2065 2343 2385 2397 maclneram
2416 2343 2598 2410 fuisse,
2625 2345 2774 2413 cujus
2804 2347 3058 2413 impetum
3086 2358 3245 2418 atque
3289 2348 3482 2402 decur-

183 2444 414 2502 tionem;
454 2439 545 2492 sed
571 2450 624 2493 et
649 2457 712 2494 ex
742 2457 947 2496 caussa:
995 2442 1316 2497 necessitate
1366 2451 1419 2496 ct
1473 2441 1782 2499 conditione
1885 2448 2002 2488 sum
2033 2435 2187 2504 plane
2212 2445 2266 2488 et
2283 2434 2439 2490 Iesus
2459 2435 2711 2492 docuerat
2734 2437 3006 2507 prophetis
3033 2441 3482 2496 transmeantiltus

187 2532 449 2587 rationali.
484 2529 612 2584 'I‘am
641 2534 912 2601 proximas
960 2533 1104 2586 enim
1148 2547 1404 2601 personas
1456 2531 1586 2588 foris
1639 2543 1783 2589 stare
1886 2536 2048 2581 δίεπε.
2077 2527 2212 2593 Quid
2243 2529 2309 2582 ad
2339 2529 2494 2583 lucc?
2537 2528 2591 2584 Si
2638 2538 2758 2584 tuus
2799 2531 3042 2586 Christus
3071 2542 3172 2596 est,
3228 2548 3330 2586 non
3380 2535 3485 2588 erit

188 2627 455 2680 extraneis
503 2629 642 2682 intus
672 2625 860 2679 defixis
890 2625 958 2678 ad
1000 2606 1277 2680 sermones
1307 2624 1440 2694 ejus,
1475 2625 1704 2696 amplius
1730 2635 1786 2682 et
1890 2621 2158 2688 potentior
2203 2619 2415 2674 famulis
2454 2619 2743 2675 Creatoris.
2795 2621 2900 2676 Sed
2945 2623 3026 2676 his
3053 2624 3183 2678 solis
3225 2624 3486 2693 exemplis

189 2737 414 2775 avocare
443 2737 564 2777 eum
607 2735 637 2774 a
681 2717 906 2773 solemni
938 2733 1100 2786 Opere
1128 2729 1451 2789 quasrentes,
1482 2720 1674 2774 merito
1700 2719 1783 2774 in-
1889 2725 2017 2766 usos
2045 2725 2240 2778 essem,
2290 2712 2335 2765 si
2367 2727 2470 2766 non
2497 2712 2656 2766 etiam
2709 2713 3017 2781 prmdicatio
3065 2715 3280 2768 marinae
3335 2715 3487 2768 istius

191 2815 434 2883 dignatus;
466 2824 566 2869 cst.
600 2814 673 2884 (b)
703 2811 814 2865 Non
841 2821 945 2864 tam
977 2811 1258 2882 abnegavit
1286 2811 1363 2881 (1)
1393 2827 1550 2882 quam
1581 2812 1791 2867 abdica.
1890 2801 2243 2871 expeditionis
2272 2801 2540 2856 Christum
2569 2804 2963 2858 antecessisset.
2995 2802 3128 2858 Nam
3155 2820 3276 2858 cum
3312 2814 3487 2859 trans-

191 2910 286 2962 vit.
318 2911 490 2978 Atque
519 2907 655 2960 adeo
680 2920 801 2959 cum
826 2904 1192 2972 praunisiSs-et,
1228 2902 1356 2968 Qua:
1399 2901 1478 2973 (5)
1532 2903 1656 2956 milii
1680 2920 1789 2956 ma-
1894 2893 2067 2960 Irelztl,
2101 2893 2342 2948 Psaltttus
2390 2893 2506 2961 (Ps.
2534 2892 2771 2959 XXVIII,
2804 2895 2877 2965 3)
2914 2896 3233 2966 expungitur
3263 2913 3274 2941 τ
3313 2895 3493 2950 Domi-

196 3009 288 3063 ter,
322 3011 365 3054 et
393 3003 477 3068 qui
526 2999 648 3052 1111111
695 2998 919 3066 fratres?
949 2997 1298 3066 subjungens.
1340 2997 1437 3051 nisi
1461 2999 1546 3068 qui
1573 2998 1790 3052 audiunt

197 3093 344 3147 verba
372 3109 501 3157 mea,
525 3101 570 3146 et
597 3092 792 3161 faciunt
815 3089 915 3143 ea?
967 3089 1036 3159 (ε)
1089 3089 1360 3144 transtulit
1384 3091 1658 3159 sanguinis
1689 3105 1790 3145 no-

200 3189 339 3242 mina
372 3187 420 3239 in
451 3186 606 3247 alios,
635 3199 769 3254 quos
799 3184 966 3253 magis
1005 3184 1278 3252 proximos
1324 3199 1422 3253 pro
1452 3184 1555 3240 fide
1590 3185 1795 3256 judica-

1894 3004 2010 3050 nus,
2067 2987 2254 3056 inquit,
2312 3003 2464 3057 super
2503 3003 2662 3058 aquas
2701 2988 2924 3042 multas:
2975 3004 3094 3042 cum
3151 2989 3318 3042 undas
3371 2989 3490 3044 freti

1895 3085 2129 3151 discutit,
2165 3084 2409 3140 Habacuc
2437 3085 2793 3156 adimpletur:
2820 3085 3136 3158 Dispargens
3160 3088 3261 3161 (7),
3299 3092 3489 3159 inquit,

1900 3179 2150 3251 (Ilabac.,
2181 3178 2262 3245 Ill,
2294 3180 2327 3236 9
2354 3178 2552 3251 )aquas
2579 3180 2757 3234 itinere
2784 3197 2796 3234 :
2828 3195 2948 3234 cum
2966 3182 3033 3235 ad
3064 3183 3233 3236 minas
3255 3183 3368 3252 ejus
3391 3185 3492 3237 eli-

202 3289 301 3332 ret.
337 3277 504 3331 Nemo
545 3287 722 3331 autem
746 3273 998 3329 transfert
1021 3275 1167 3343 quid,
1201 3275 1300 3330 nisi
1331 3276 1398 3332 ah
1427 3292 1492 3332 eo
1512 3281 1602 3349 qui
1631 3279 1789 3336 habet
1815 3270 1862 3334 C
1893 3273 2036 3328 ditur
2083 3287 2250 3339 mare,
2283 3272 2489 3328 Naltum
2527 3288 2739 3344 quoque
2780 3273 3074 3329 absolvitur
3101 3292 3118 3328 :
3146 3275 3493 3344 Conuninans,

203 3370 253 3422 id
281 3368 423 3438 quod
466 3365 735 3421 transfert.
765 3367 820 3421 Si
847 3381 976 3436 ergo
999 3375 1221 3420 matrem
1247 3375 1301 3420 et
1348 3367 1427 3440 (ά)
1481 3372 1671 3426 fratres
1702 3387 1797 3429 eos

203 3461 328 3515 fecit
350 3461 438 3528 qui
463 3474 566 3512 non
591 3469 763 3523 erant,
793 3457 1064 3528 quomodo
1099 3460 1311 3528 negavit
1349 3477 1442 3516 eos
1491 3465 1578 3533 qui
1608 3467 1800 3521 erant?

206 3553 286 3626 (6)
331 3551 644 3607 meritorum
695 3551 898 3606 scilicet
936 3551 1278 3619 conditione,
1329 3569 1435 3610 non
1480 3572 1547 3612 ex
1603 3558 1803 3629 primo-

203 3661 322 3699 rum
353 3645 662 3715 negatione;
687 3643 736 3697 in
764 3645 1053 3714 semetipso
1079 3644 1299 3710 docens,
1349 3649 1438 3718 qui
1479 3658 1682 3718 patrem
1712 3666 1804 3708 aut

205 3747 433 3793 matrem
462 3747 554 3792 aut
593 3737 787 3792 fratres
837 3748 1174 3807 prmpooeret
1205 3739 1372 3795 verbo
1403 3741 1518 3809 Dei,
1550 3759 1654 3799 non
1683 3760 1803 3803 esse

205 3831 411 3903 (Mam,
440 3829 511 3896 Χ,
542 3830 634 3902 27)
660 3830 879 3900 dignum
926 3829 1264 3902 discipulum.
1298 3833 1582 3900 Caeterum,
1614 3855 1681 3894 ex
1705 3842 1805 3898 hoc

1901 3368 2070 3438 inquit
2120 3365 2290 3438 (Nalt.
2311 3407 2328 3432 ,
2358 3365 2414 3433 I,
2444 3365 2536 3438 4),
2591 3367 2744 3435 mari,
2775 3376 2820 3421 et
2849 3369 3130 3440 arefaciens
3175 3370 3340 3433 illud;
3394 3374 3496 3425 uti-

1900 3476 2005 3532 que
2057 3475 2177 3516 cum
2231 3461 2444 3525 ventis,
2500 3459 2690 3529 quibus
2743 3459 3154 3530 inquietabatur.
3213 3460 3364 3516 Unde
3417 3463 3496 3516 vis

1903 3570 2080 3610 meum
2105 3552 2369 3608 vindicem
2399 3552 2712 3608 Christum?
2735 3552 2803 3608 de
2827 3554 3109 3624 exemplis,
3157 3570 3226 3609 an
3257 3555 3325 3610 de
3368 3571 3492 3625 pro-

1905 3649 2085 3720 phetis
2108 3647 2420 3704 Creatoris?
2446 3649 2557 3718 Age
2586 3662 2754 3712 nunc,
2787 3648 2877 3718 qui
2906 3648 3188 3704 militarem
3233 3660 3286 3703 et
3322 3664 3500 3703 arma,

1907 3755 2021 3798 tum
2067 3741 2380 3798 bellatorem
2425 3741 2704 3812 praedicari
2749 3752 2923 3811 putas,
2969 3757 3073 3796 non
3117 3744 3358 3812 figurate,
3401 3756 3501 3797 nec

1909 3837 2193 3910 allegorice
2218 3878 2232 3904 ,
2283 3835 2374 3906 qui
2425 3835 2622 3891 bellum
2658 3836 2897 3908 spiritale
2939 3836 3196 3893 adversus
3237 3835 3503 3907 spiritales

1423 3950 1805 4014 LECTIONES
1841 3952 2255 4014 VARIANTES.

296 4127 352 4179 ‘2)
390 4127 418 4176 J
426 4127 608 4176 ndteam
634 4130 776 4179 Pam.

297 4187 352 4242 3i
392 4191 454 4240 Et
474 4188 624 4241 omitt.
651 4187 804 4240 Seml.
825 4189 1022 4242 Obertlt.

301 4064 349 4115 11
389 4064 527 4115 Tunc
550 4071 661 4114 Jun.

302 4066 318 4114 1
389 4064 527 4115 Tunc
550 4071 661 4114 Jun.

302 4130 330 4176 Ξ
390 4127 608 4176 Iudaeam
634 4130 776 4179 Pam.

302 4193 330 4240 5
392 4191 454 4240 Et
474 4188 624 4241 omitt.
651 4187 804 4240 Seml.
825 4189 940 4242 Obet

302 4254 333 4302 4
379 4253 588 4316 Negavit
608 4254 717 4304 cod.
744 4252 940 4303 Pitlttzi.

273 4064 300 4320 ,

1998 4070 2049 4134 5)
2089 4070 2212 4148 Quis
2236 4065 2384 4119 Sensi.
2405 4139 2421 4158 κ

1974 4073 2048 4262 ia
2087 4133 2547 4259 nassam-

1996 4195 2048 4259 7)
2087 4196 2362 4259 Disperges
2382 4195 2525 4244 Pam.

1588 4361 2145 4422 COMMENTARIUS.

273 4477 427 4534 CAP.
450 4477 570 4550 XIX
581 4478 746 4550 .—(a)
762 4477 866 4550 Sed
881 4487 928 4532 et
941 4493 1118 4550 census
1134 4486 1327 4533 constat
1339 4487 1476 4533 actos
1487 4480 1579 4534 sub
1593 4481 1816 4550 Augusto

213 4548 668 4606 nuncinJudwam
685 4548 775 4618 per
800 4549 1032 4605 Sentium
1061 4548 1414 4604 Saturninum.
1437 4550 1525 4605 Sic
1551 4548 1741 4621 legitur
1761 4555 1812 4607 in

218 4622 542 4689 exemplari.
564 4623 625 4674 Iit
649 4629 878 4675 veterem
903 4622 1217 4689 scripturam
1238 4622 1295 4676 P.
1318 4623 1505 4676 Pillttni
1536 4638 1723 4677 manus
1746 4623 1815 4678 ad

220 4693 470 4749 Rhenani
512 4693 802 4759 marginem
831 4694 906 4745 sic
935 4693 1159 4762 explicat
1190 4710 1202 4745 :
1236 4690 1408 4754 Nunc,
1439 4695 1532 4747 hoc
1569 4703 1662 4756 est,
1704 4711 1818 4747 cum

218 4765 320 4820 illa
367 4763 594 4816 Christus
620 4765 802 4816 diceret
830 4765 1173 4817 nuntiantibus
1205 4764 1380 4818 adesse
1407 4777 1612 4819 matrem
1634 4774 1680 4819 et
1713 4764 1822 4834 fru‘

227 4849 353 4890 tres.
385 4834 448 4890 Ut
481 4835 770 4906 Septimius
821 4837 1003 4887 intmat
1033 4835 1379 4906 ccusus_alios
1407 4836 1554 4890 abiis
1581 4852 1714 4906 quos
1755 4836 1824 4890 ab

223 4907 635 4978 Cyrenant-tos
674 4905 932 4978 didicerat
952 4921 1160 4978 exeam.
1203 4903 1246 4960 Il
1294 4905 1471 4961 Lucas.
1501 4903 1616 4962 111οζ
1648 4938 1719 4978 -έ-
1749 4908 1826 4962 De

227 4975 397 5032 censu
426 4977 656 5029 diximus
706 4975 770 5029 ad
797 4991 895 5046 cap
951 4976 1056 5029 VII.
1088 4978 1296 5032 Census
1340 4987 1516 5032 autem
1562 4980 1605 5032 is
1656 4977 1828 5032 factus

230 5049 458 5103 estsine
485 5048 586 5099 ulla
621 5049 856 5114 pecunia:
889 5046 1174 5101 indictione
1202 5064 1298 5103 seu
1323 5049 1684 5118 capitatione;
1733 5048 1828 5104 sed

233 5130 441 5173 tantum
470 5129 521 5170 ut
551 5129 921 5172 recenSeretur
946 5118 1112 5182 orbis,
1152 5129 1207 5172 et
1233 5120 1444 5173 nomina
1497 5120 1689 5174 civium
1735 5136 1833 5176 seu

233 5192 570 5244 subditorum
596 5189 820 5257 imperio
845 5190 1293 5245 describerentur.
1345 5190 1419 5245 La
1453 5190 1544 5244 Pu.

317 5262 397 5328 (b)
449 5259 565 5314 Non
592 5270 695 5312 tant
725 5261 941 5328 negavit.
971 5277 1122 5330 quam
1147 5259 1416 5315 abdicavit.
1457 5263 1586 5328 Quis
1627 5262 1695 5316 ita
1755 5261 1840 5316 l0-

238 5331 685 5403 quentemhodic
715 5330 1038 5403 ἴοι-11111⁸1110
1084 5342 1136 5386 et
1180 5334 1412 5386 moriens
1455 5332 1700 5387 Christus
1739 5333 1840 5387 ad-

240 5401 475 5460 stantem
505 5401 721 5456 Mariam
753 5401 1094 5456 nihilomith
1131 5407 1467 5471 consolatur,
1497 5413 1548 5458 et
1574 5415 1692 5472 post
1719 5420 1843 5457 11111-

246 5476 395 5530 lieris
446 5473 879 5542 appellationem,
929 5475 1105 5528 statim
1177 5473 1708 5529 honoriliceutissima
1751 5475 1841 5529 lilii

243 5545 507 5616 relatione
539 5553 762 5598 tttatrem
794 5546 1088 5612 profitetur,
1115 5555 1168 5599 ct
1205 5545 1393 5600 Joanni
1443 5546 1668 5616 delegat.
1720 5546 1836 5601 th.

322 5619 399 5685 (c)
441 5614 721 5668 Transtulit
767 5617 1027 5685 sanguinis
1072 5619 1276 5670 nomina
1323 5620 1375 5670 in
1419 5614 1708 5672 oliosfHoc
1735 5628 1835 5682 est,

245 5687 616 5756 tnetapboriec
647 5687 858 5740 vocavit
888 5685 1076 5742 fratres
1102 5697 1158 5742 et
1191 5699 1415 5744 matrem
1447 5703 1542 5750 eos
1570 5690 1659 5758 qui
1682 5689 1841 5744 verba

246 5775 345 5814 sua
377 5758 622 5811 audirent
648 5768 700 5813 et
727 5758 980 5813 facerent.
1041 5759 1158 5815 IIIG.

324 5831 404 5900 (d)
449 5827 663 5903 _l"r_atrcs
707 5846 788 5884 cos
843 5828 980 5899 fecit,
1027 5833 1114 5899 qui
1159 5847 1259 5886 non
1306 5840 1465 5885 erant.
1519 5831 1843 5903 Sanguinem

251 5917 410 5958 suum
443 5900 563 5954 fet-it
595 5915 686 5956 eos
716 5903 802 5970 qui
848 5918 951 5956 non
994 5910 1146 5959 erant
1173 5921 1183 5957 :
1234 5903 1334 5959 hoc
1363 5913 1477 5970 est,
1511 5900 1653 5960 usus
1676 5905 1842 5975 ligttra

1843 4637 1894 4696 ι)
1920 4642 2003 4680 eos

1918 4483 2190 4554 sanguinis
2214 4495 2307 4538 seu
2337 4477 3358 4554 fraternitatis,_demonstravitallecttg
3387 4498 3515 4539 suos

1919 4549 2044 4625 erga
2069 4554 2353 4608 verborum
2384 4566 2603 4606 suorum
2634 4549 2906 4625 auditores
2922 4560 2975 4625 et
3003 4551 3515 4625 factoresaF'ratres

2056 4627 2192 4694 fecit,
2249 4625 2349 4678 hoc
2401 4631 2520 4689 est,
2568 4623 2881 4687 nominavit,
2925 4624 3149 4693 figurate
3195 4624 3420 4688 scilicet,
3461 4635 3516 4681 et

1923 4698 2226 4764 allegorice.
2271 4695 2390 4750 llic.

1996 4769 2148 4824 CAP.
2170 4766 2357 4821 XX.—
2375 4765 2450 4833 (c)
2471 4763 2604 4835 Lege
2621 4774 2666 4818 et
2684 4775 2842 4819 sortes
2860 4765 3070 4835 familia:
3095 4765 3412 4821 dirimendas.
3430 4767 3523 4823 Sic

1926 4840 2085 4894 habet
2106 4838 2395 4907 exemplar.
2425 4835 2576 4905 Quod
2604 4836 2854 4902 explicari
2885 4844 3054 4902 potest
3082 4855 3093 4889 :
3128 4837 3286 4907 Lege,
3330 4840 3522 4907 inquit,

1928 4910 2202 4965 historiam
2217 4907 2753 4975 Jordanis,sciesejus
2767 4908 3081 4960 machaeram
3104 4909 3261 4962 fuisse
3282 4909 3330 4962 in
3347 4919 3526 4963 trans-

1935 4984 2062 5036 itum
2099 4981 2308 5034 familia:
2361 4987 2507 5032 sorte
2552 4978 2907 5039 dirimeudae;
2962 4978 3232 5033 obstitisse
3283 4981 3528 5034 transitui

1934 5053 2162 5107 filiorum
2187 5050 2347 5104 Israel
2381 5059 2647 5119 tamquam
2673 5050 2841 5104 aciem
2869 5049 3095 5112 ingentis
3137 5050 3318 5118 gladii,
3366 5051 3531 5104 obsti-

1939 5124 2066 5178 tisse
2107 5120 2397 5176 trauseuuli
2443 5119 2655 5173 familire
2695 5130 2838 5174 sorte
2878 5120 3228 5185 dirimenda,
3269 5132 3324 5175 et
3355 5131 3531 5176 tamen

1938 5194 2053 5264 ejus
2072 5195 2322 5263 impetum
2349 5199 2508 5264 atque
2533 5190 2816 5246 decursum
2847 5190 3531 5264 prophetis_transmeanti-

1940 5259 2041 5320 h'us
2074 5259 2288 5320 stetisse
2314 5279 2329 5322 ;
2353 5259 2640 5331 prbphetas
2664 5259 3089 5317 aream'ftnderis
3125 5261 3379 5324 ferentes,
3408 5278 3529 5317 cum

1942 5337 2111 5405 iisque
2142 5335 2278 5389 lilios
2315 5333 2497 5405 Israel,
2526 5335 2668 5387 sicco
2696 5332 2831 5405 pede
2862 5342 3236 5405 transmeasse.
3269 5333 3532 5388 Nimirum

1942 5402 2165 5461 verbum
2215 5404 2378 5466 illud,
2424 5403 2555 5476 lege,
2597 5402 3277 5476 re_5p0ttdet__Itrmcedettti,
3319 5405 3532 5476 inspice.

1946 5476 2147 5547 Itaque,
2181 5487 2237 5530 ut
2261 5462 2416 5545 supra
2451 5462 2604 5547 dixit,
2637 5462 2842 5539 Inspice
2871 5462 3129 5547 Ercodutn,
3161 5476 3230 5529 ita
3258 5462 3343 5530 hic
3373 5462 3534 5530 e'tiam

1941 5544 2145 5604 dixisse
2198 5544 2430 5610 videtur,
2482 5544 2612 5614 Lege
2653 5555 2699 5599 et
2742 5556 2900 5600 sortes
2926 5546 3162 5669 familia:
3214 5547 3538 5610 dirimcndm;

1941 5636 2171 5669 nuarum
2201 5618 2404 5669 scilicet
2432 5616 2649 5669 historia
2676 5616 2898 5669 habetur
2966 5634 3084 5669 osue
3109 5616 3174 5669 IIl
3203 5629 3258 5669 et
3293 5617 3379 5669 IV.
3416 5619 3532 5669 lito.

1941 5636 2171 5694 quarum
2201 5618 2404 5694 scilicet
2432 5616 2649 5694 historia
2676 5616 3084 5694 Italtcturlasne
3109 5616 3174 5670 III
3203 5629 3258 5672 et
3293 5617 3379 5673 IV.
3416 5619 3532 5673 llic.

2021 5692 2087 5760 (Γ)
2131 5689 2727 5760 λοι-11011111ιιιιιείιιιειτιιιι1
2769 5687 2858 5741 Sic
2902 5687 3078 5741 Tibris
3118 5703 3314 5760 arcano
3355 5704 3537 5744 saero-

1943 5757 2077 5823 rum
2097 5761 2355 5817 vocabulo
2384 5757 2659 5814 dicebatur
2691 5759 2869 5825 Serra,
2899 5769 3119 5813 auctore
3147 5758 3334 5814 Servio
3361 5760 3426 5814 ad
3446 5760 3535 5814 illa

1949 5835 2148 5891 Virgilii
2184 5852 2196 5887 :

2231 5942 2240 5953 .
2277 5942 2284 5950 .
2323 5902 2428 5964 Ego
2450 5913 2586 5960 sum,
2614 5899 2758 5962 pleno
2781 5912 2926 5962 quem
2950 5901 3149 5950 ﬂumine
3172 5902 3334 5950 cernis
