4268 6492
231 428 333 482 509

1327 422 1456 478 LIB.
1499 421 1564 478 IV
1609 420 1971 476 ADVERSIIS
2013 418 2434 480 MARCIONEM.

3430 430 3536 487 MO

223 542 560 606 Creatorem,
589 541 706 611 ejus
749 540 870 596 fidei
901 555 960 596 se
989 540 1156 596 Deum
1195 538 1492 610 respondit,
1519 551 1676 606 quam
1709 550 1830 605 pro-
1858 535 1908 593 A
1935 533 2186 591 alimenta
2215 551 2280 592 ex
2315 536 2585 607 prophetae
2613 537 3006 607 benedictione,
3039 556 3134 612 per
3165 551 3333 599 totum
3376 542 3532 599 fatuis

225 637 393 691 havit.
422 634 530 690 Nec
569 634 696 690 illud
741 636 1001 697 omittam.
1044 632 1188 705 quod
1220 632 1344 688 dum
1389 630 1618 701 tangitur
1661 629 1827 684 vesti-

226 737 469 780 mentum
501 726 637 796 ejus,
672 726 854 797 utique
879 725 1114 797 corpori,
1142 741 1246 780 non
1273 722 1652 796 phantasmati,
1683 721 1822 777 indi-

227 830 338 872 tttm
367 835 563 888 corpus
607 833 821 889 queque
867 817 1374 882 demonstrabatur;
1409 832 1514 872 non
1543 814 1693 885 quasi
1717 815 1827 884 jam

224 914 294 968 de
322 913 422 966 hoc
446 922 819 977 retractemus,
851 912 943 968 sed
973 911 1096 982 quia
1123 911 1187 966 ad
1217 919 1533 980 praesentem
1558 909 1831 976 conspirat

223 1007 599 1075 quaestionem.
628 1003 683 1060 Si
713 1005 853 1059 enim
882 1019 986 1058 non
1009 1011 1124 1058 erat
1148 1003 1346 1057 veritas
1367 1000 1628 1069 corporis.
1655 999 1827 1070 phan-

227 1108 398 1152 tasma
432 1099 612 1166 utique
637 1095 1010 1158 contaminari,
1033 1111 1135 1165 qua
1165 1109 1251 1150 res
1277 1108 1461 1158 vacua,
1493 1107 1598 1146 non
1627 1102 1828 1161 posset.

226 1190 328 1255 Qui
362 1204 489 1258 ergo
521 1204 625 1243 non
654 1196 830 1258 potest
871 1187 1218 1242 contaminari
1267 1201 1372 1256 pra:
1417 1184 1671 1239 inanitate
1700 1183 1828 1238 sub-

226 1282 463 1344 stantia,
497 1280 767 1350 quomodo
809 1279 1113 1334 voluisset?
1141 1278 1212 1335 Ut
1252 1276 1477 1333 :emulus
1520 1276 1652 1348 legis
1677 1293 1829 1331 inen-

229 1373 483 1437 tiebatur,
515 1373 605 1442 qui
631 1388 734 1427 non
763 1388 888 1428 vere
923 1372 1282 1442 pollucbatur.

817 1463 1046 1522 CAPUT
1103 1464 1244 1520 XXI.

303 1555 522 1610 Dimittit
561 1558 837 1627 discipulos
883 1557 950 1610 ad
1005 1554 1388 1624 praedicandum
1469 1553 1568 1608 Dei
1620 1571 1833 1626 regnum

229 1647 384 1718 (an.
406 1648 515 1719 IX).
539 1649 805 1717 Numquid
828 1651 909 1704 vel
935 1649 1023 1704 hic
1043 1649 1230 1712 edidit,
1254 1649 1405 1716 cujus
1422 1648 1444 1700 ’ἒ
1460 1646 1712 1702 Prohibet
1741 1659 1833 1701 eos

229 1745 392 1797 victui
420 1753 511 1797 attt
547 1745 758 1798 vestitui
787 1743 912 1814 quid
947 1744 998 1798 in
1023 1744 1160 1796 riam
1192 1742 1371 1798 ferre?
1399 1741 1530 1809 Quis
1553 1740 1653 1796 hoc
1685 1758 1835 1796 man.

227 1837 448 1892 dasset?
473 1837 570 1890 nisi
593 1838 680 1906 qui
711 1848 763 1892 et
784 1852 974 1894 corvos
1001 1837 1096 1891 alit
1125 1834 1222 1908 (l).
1247 1845 1300 1890 et
1326 1835 1488 1891 ﬂores
1508 1838 1621 1906 agri
1647 1838 1830 1903 vestit,

1933 637 2141 698 tempus
2183 629 2608 685 redundaverant
2648 629 2735 703 (Ill
2797 631 2922 702 Reg.
2967 632 3153 706 XVII).
3205 633 3380 690 Habes
3423 646 3532 691 ter-

1933 721 2059 776 tiam
2088 720 2168 792 (ι)
2211 721 2548 779 Basiliarum.
2576 724 2630 779 Si
2661 733 2716 779 et
2743 735 2985 794 quartam
3015 727 3094 798 (5)
3137 728 3377 785 resolvas
3416 727 3532 801 (6),

1933 811 2172 868 invenies
2202 812 2294 886 (IV
2325 813 2480 885 Reg..
2517 815 2609 882 iV,
2649 816 2720 873 s2
2746 827 2790 872 et
2820 817 2989 890 seqq.)
3021 828 3188 876 totum
3219 821 3359 877 hunc
3387 822 3535 878 ordi-

1934 919 2054 960 nem
2080 903 2276 961 Christi
2303 908 2444 962 circa
2468 907 2615 964 illum
2643 909 2734 964 Dei
2758 911 3050 980 hominem,
3079 912 3167 981 qui
3193 912 3402 970 oblatos
3430 914 3532 970 sibi

1933 998 2114 1067 viginti
2148 999 2226 1068 (7)
2254 998 2583 1055 hordeaceae
2611 1016 2775 1071 panes
2793 1016 2913 1057 eum
2945 1005 3138 1074 populo
3161 1004 3402 1062 distribui
3421 1005 3535 1076 jus-

1933 1092 2114 1157 sisset,
2132 1101 2186 1146 et
2209 1093 2456 1148 minister
2483 1091 2598 1162 ejus
2629 1093 2848 1164 proinde
2875 1107 3178 1166 comparata
3199 1098 3536 1154 nmttitudiue

1933 1196 1987 1241 et
2011 1185 2188 1256 pabuli
2210 1185 2596 1248 mediocritate,
2625 1187 3022 1257 respondisset:
3048 1188 3130 1256 id)
3153 1187 3290 1254 Quid
3307 1206 3426 1259 ergo
3455 1190 3533 1262 (8)

1935 1276 2030 1330 hoc
2063 1276 2177 1329 dem
2213 1276 2266 1329 in
2293 1286 2562 1346 conspectu
2589 1275 2670 1348 (9)
2700 1288 2898 1331 centum
2934 1277 3050 1350 (l0)
3069 1279 3370 1334 hominum?
3422 1279 3499 1333 Da
3520 1321 3536 1343 ,

1935 1369 2138 1437 inquit,
2175 1378 2223 1422 et
2262 1368 2656 1433 manducabuut,
2686 1372 2937 1439 quoniam
2972 1370 3086 1424 hau:
3119 1371 3236 1441 (Η)
3271 1371 3401 1426 dicit
3430 1371 3536 1426 Do-

1936 1462 2112 1517 minus
2135 1479 2147 1515 :
2173 1461 2234 1515 Et
2259 1460 2708 1524 manducaverunt,
2734 1473 2780 1513 et
2801 1461 3110 1533 reliquerunt
3137 1463 3252 1533 (ιῖ)
3276 1462 3535 1532 reliquias,

1937 1553 2236 1612 secundum
2274 1553 2472 1609 dictum
2502 1551 2731 1607 Domini.
2751 1553 3078 1609 OCbristum
3109 1563 3162 1609 et
3197 1555 3248 1608 in
3277 1554 3427 1608 novis
3444 1567 3536 1608 ve-

1939 1651 2141 1705 tereml
2186 1648 2311 1703 Haec
2336 1647 2514 1718 itaque
2547 1663 2664 1718 qum
2696 1647 2810 1720 (15)
2843 1647 3049 1702 viderat
3078 1645 3296 1712 Petrus,
3324 1656 3375 1701 et
3416 1660 3537 1700 cum

1936 1743 2175 1814 pristinis
2201 1751 2560 1811 compararat,
2603 1752 2656 1796 et
2685 1757 2788 1796 non
2820 1751 3024 1795 tantum
3057 1748 3206 1796 retro
3233 1737 3398 1801 facta,
3444 1738 3540 1794 sed

1937 1846 1992 1892 et
2031 1836 2083 1891 in
2116 1837 2350 1890 futurum
2385 1836 2499 1904 jam
2543 1845 2667 1890 tunc
2709 1833 3081 1905 prophetantia
3130 1840 3537 1904 recognoverat,

226 1933 317 2000 qui
347 1932 466 1986 bovi
489 1947 700 2002 quoque
729 1933 916 1988 terenti
942 1931 1244 1986 libertatem
1273 1929 1828 2003 oris(Deut.XXV.4)
1859 1934 1906 1995 B
1935 1929 2282 2000 interroganti
2335 1928 2560 1983 Domino
2620 1928 2866 2000 quisnam
2936 1928 3040 1982 illis
3082 1927 3377 1993 videretur,
3416 1941 3539 1982 cum

229 2024 314 2094 (a)
339 2024 403 2076 ad
435 2026 645 2079 veniam
697 2024 870 2092 pabuli
898 2038 964 2078 ex
991 2039 1155 2094 opere
1193 2023 1546 2079 submorendi
1581 2024 1657 2095 (2)
1701 2035 1826 2080 ante

227 2114 524 2186 praecedit:
559 2118 680 2183 quia
738 2117 921 2186 dignus
961 2118 1221 2186 operarius
1292 2117 1519 2170 mercede
1556 2135 1669 2171 sua.
1705 2117 1828 2172 llaec

228 2205 465 2260 Marcion
496 2207 691 2272 deleat,
721 2207 846 2261 dum
879 2209 1056 2262 sensui
1095 2208 1239 2264 salva
1266 2209 1390 2264 sint.
1421 2209 1490 2264 At
1530 2225 1652 2264 cum
1677 2210 1830 2279 jubet

230 2299 508 2369 pulverem
537 2311 789 2355 excutere
819 2302 884 2355 de
914 2302 1134 2370 pedibus
1194 2303 1243 2355 in
1283 2316 1377 2357 eos
1422 2317 1452 2356 a
1505 2301 1700 2372 quibus
1739 2316 1832 2356 ex-

229 2391 373 2458 cepti
426 2406 528 2445 non
584 2391 830 2457 fuissent,
881 2402 936 2448 et
982 2395 1080 2447 hoc
1122 2393 1174 2446 in
1218 2393 1576 2448 testimonium
1619 2394 1833 2450 mandat

233 2484 348 2536 ticri
381 2501 395 2547 ;
445 2499 602 2537 nemo
651 2494 894 2549 testatur,
927 2485 1067 2554 quod
1115 2501 1218 2538 non
1256 2485 1458 2555 judicio
1488 2486 1831 2551 destinatur;

233 2573 681 2630 inhumanitatcm
713 2577 804 2644 qui
836 2578 886 2630 in
920 2577 1254 2632 testationem
1287 2578 1450 2648 redigi
1479 2579 1649 2648 jubet,
1693 2580 1836 2648 judi.

232 2682 349 2722 cem
397 2669 773 2723 comminatur.
822 2668 1036 2725 Nullum
1095 2671 1252 2726 deum
1301 2685 1500 2726 novum
1549 2691 1576 2724 a
1622 2673 1837 2729 Christo

236 2763 527 2832 probatum
569 2763 658 2818 illa
689 2763 848 2818 ctiatn
889 2764 1069 2834 opinio
1097 2765 1333 2820 omnium
1375 2766 1684 2832 declaravit,
1713 2769 1836 2837 quia

232 2853 508 2908 Christum
565 2855 782 2920 .lesum,
841 2856 928 2910 alii
976 2857 1274 2923 Joannem,
1325 2856 1412 2911 alii
1461 2857 1701 2923 Heliam,
1747 2860 1838 2916 alii

234 2963 398 3001 unum
423 2947 654 3017 aliquem
678 2965 744 3004 ex
769 2951 1034 3005 veteribus
1060 2951 1335 3019 prophetis
1359 2950 1552 3006 Herodi
1573 2965 1842 3008 assevera-

233 3037 380 3091 bant.
416 3039 493 3091 Ex
517 3039 708 3107 quzhus
729 3041 1048 3110 quicumque
1075 3040 1284 3104 fuisset,
1315 3057 1420 3095 non
1444 3043 1623 3112 utique
1642 3043 1712 3098 ob
1737 3043 1841 3099 hoc

232 3124 312 3184 est
357 3132 676 3196 suscitatus,
725 3141 780 3184 nt
823 3133 981 3186 alium
1029 3132 1186 3186 dcmn
1230 3142 1346 3201 post
1393 3136 1838 3190 resurrectionem

232 3225 569 3296 prasdicaret.
629 3225 803 3281 Pascit
853 3226 1102 3296 populum
1154 3227 1204 3280 in
1256 3227 1578 3294 solitudine,
1639 3229 1714 3301 (b)
1771 3229 1841 3286 de

1933 2039 2029 2094 pro
2073 2021 2323 2092 omnibus
2371 2022 2752 2092 responderet:
2797 2021 2872 2092 (e)
2926 2020 3002 2075 Tu
3031 2038 3084 2074 es
3113 2020 3380 2086 Christus,
3433 2035 3539 2074 nott

1934 2123 2106 2185 potest
2146 2129 2251 2168 non
2293 2129 2416 2169 eum
2461 2113 2578 2183 (14)
2610 2113 2845 2169 sensisse
2888 2112 3196 2177 Christum,
3231 2113 3331 2168 nisi
3377 2128 3537 2182 quem

1934 2216 2156 2263 noverat
2182 2207 2232 2260 in
2260 2206 2567 2276 Scriptttris,
2593 2223 2751 2275 quem
2775 2208 2885 2276 jam
2913 2205 3257 2262 rescensebat
3278 2204 3328 2260 in
3354 2204 3536 2262 factis.

1934 2300 2046 2356 lloc
2085 2310 2141 2355 et
2187 2301 2300 2371 ipse
2328 2299 2612 2356 confirmat
2660 2316 2827 2371 usque
2854 2300 3027 2359 adhuc
3056 2301 3286 2372 patiens,
3331 2300 3438 2354 imo
3477 2310 3533 2356 et

1934 2393 2200 2449 silentium
2227 2393 2486 2450 indicens.
2507 2393 2562 2450 Si
2585 2394 2729 2449 enim
2756 2394 2944 2450 Petrus
2964 2393 3178 2463 quidem
3201 2409 3307 2449 non
3332 2403 3540 2464 poterat

1936 2487 2098 2542 alium
2129 2503 2252 2544 eum
2278 2488 2542 2555 confiteri,
2569 2503 2726 2559 quam
2755 2487 3057 2543 Creatoris:
3089 2487 3180 2542 ille
3203 2497 3380 2543 autem
3407 2503 3541 2557 prsc-

1937 2581 2098 2650 cepit,
2149 2596 2214 2634 ne
2251 2580 2335 2635 cui
2375 2580 2476 2635 hoc
2518 2580 2751 2642 diceret;
2804 2581 2985 2649 utique
3021 2578 3072 2634 id
3117 2578 3287 2634 noluit
3321 2579 3542 2650 provul-

1939 2674 2050 2744 gari
2076 2673 2218 2746 (t5),
2243 2673 2384 2744 quod
2402 2671 2590 2729 Petrus
2609 2683 2870 2729 senserat.
2893 2671 3027 2738 lino,
3052 2671 3226 2742 inquis
3243 2712 3260 2738 ,
3287 2671 3410 2742 quia
3433 2685 3539 2726 non

1941 2777 2084 2822 recte
2114 2777 2388 2833 senserat,
2437 2767 2604 2822 noluit
2649 2765 2982 2822 mendacium
3026 2764 3386 2821 disseminari.
3432 2764 3538 2822 Sed

1939 2858 2097 2913 aliam
2115 2859 2309 2914 silentii
2335 2873 2580 2915 caussam
2605 2857 2801 2915 edixit:
2831 2857 2964 2924 Quia
2987 2866 3238 2926 oporteret
3260 2857 3425 2924 ﬁlium
3447 2857 3540 2910 ho-

1943 2952 2092 3006 minis
2114 2952 2272 3005 multa
2307 2950 2433 3021 pati,
2455 2961 2504 3004 et
2533 2950 2797 3020 reprobari
2823 2967 2853 3003 a
2880 2949 2948 3018 (f)
2973 2948 3271 3019 presbyteris
3292 2957 3336 3002 et
3365 2948 3542 3002 scribis

1943 3055 1987 3101 et
2013 3043 2374 3108 sacerdotibus,
2407 3054 2453 3098 et
2481 3044 2717 3112 interﬁci,
2749 3053 2794 3097 et
2825 3052 2936 3113 post
2965 3043 3168 3098 tertium
3197 3041 3328 3095 diem
3359 3057 3533 3094 resur-

1943 3157 2075 3212 gere.
2123 3140 2252 3206 Qu:e
2290 3155 2410 3194 cum
2451 3137 2735 3208 praedicata
2783 3136 2890 3190 sint
2926 3145 2980 3190 et
3023 3135 3135 3201 ipsa
3171 3134 3223 3188 in
3263 3133 3537 3188 Christum

1943 3230 2234 3298 Creatoris,
2285 3232 2422 3286 sicut
2462 3229 2575 3285 suis
2611 3229 2742 3284 locis
2785 3225 3153 3298 implebimus,
3204 3227 3282 3281 sic
3322 3241 3540 3296 quoque

232 3319 460 3388 pristino
499 3318 703 3373 scilicet
741 3334 909 3374 more.
944 3322 1048 3372 Aut
1075 3319 1119 3372 si
1165 3334 1268 3374 non
1299 3319 1484 3375 eadem
1514 3331 1568 3376 et
1593 3323 1669 3393 (3)
1717 3338 1833 3377 ma-
1861 3324 1906 3388 C
1941 3328 2116 3397 ipsum
2145 3340 2204 3381 se
2226 3323 2620 3387 ostenditesse,
2649 3322 2700 3376 in
2729 3336 2886 3392 quem
2911 3319 3352 3389 praedicabantur.
3383 3318 3541 3373 Certe

227 3410 418 3479 sttas,
453 3426 580 3480 ergo
605 3411 706 3478 iam
734 3410 910 3464 minor
937 3421 1018 3466 est
1039 3411 1291 3466 Creatnre
1311 3454 1324 3476 ,
1355 3414 1445 3482 qui
1471 3429 1573 3468 non
1599 3430 1704 3471 uno
1726 3415 1833 3480 die,

232 3504 325 3558 sed
359 3505 516 3558 annis
542 3504 886 3574 quadraginta
910 3545 923 3568 ,
969 3520 1067 3558 nec
1109 3504 1176 3559 de
1220 3504 1560 3560 inferioribus
1600 3509 1840 3562 materiis

230 3596 386 3665 panis
420 3605 468 3649 et
515 3595 696 3664 piscis,
742 3597 834 3651 sed
865 3594 933 3651 de
973 3613 1165 3650 tnanna
1196 3597 1399 3652 etelesti
1422 3639 1436 3661 ,
1470 3613 1568 3653 nec
1605 3601 1839 3670 quinque

231 3689 470 3752 circiter,
499 3689 573 3758 (c)
603 3687 695 3742 sed
733 3701 983 3744 sexcenta
1021 3688 1182 3743 millia
1216 3689 1488 3744 hominum
1534 3691 1832 3759 protelavit.

229 3781 384 3836 Adeo
411 3790 590 3834 autem
618 3796 677 3834 ea
704 3780 798 3834 fuit
827 3782 1098 3850 tnajestas,
1129 3791 1186 3836 ut
1210 3791 1264 3836 et
1286 3783 1464 3851 pabuli
1491 3783 1834 3854 exiguitatem

229 3889 340 3929 non
385 3883 586 3928 tantum
631 3875 910 3934 sulticere,
959 3890 1143 3928 verum
1194 3875 1351 3928 etiam
1393 3877 1724 3941 exuberare,
1769 3876 1836 3932 de

231 3967 470 4038 pristino
509 3967 736 4020 voluerit
773 3967 1038 4036 esetnplo.
1096 3967 1185 4021 Sic
1231 3970 1374 4022 enim
1407 3979 1460 4023 et
1498 3970 1548 4024 in
1597 3980 1835 4041 tempore

230 4059 393 4115 famis
437 4058 536 4115 sub
566 4058 711 4114 llelia
739 4059 907 4114 vidua:
937 4058 1243 4130 Sareptensi
1271 4059 1476 4115 modica
1507 4073 1560 4115 et
1585 4075 1834 4131 suprema

1939 3420 2038 3476 etsi
2063 3435 2167 3474 non
2188 3428 2369 3474 essent
2391 3417 2696 3487 przedicata,
2720 3431 2840 3471 eam
2861 3429 3104 3469 caussam
3133 3413 3313 3468 indicti
3342 3410 3541 3466 silentii

1941 3514 2162 3584 protulit
2231 3530 2348 3582 qtae
2419 3527 2522 3566 non
2596 3509 2734 3565 Petri
2801 3521 3040 3563 errorem
3097 3506 3538 3570 demonstraret,

1941 3603 2057 3674 (16)
2078 3602 2442 3658 obeundarum
2458 3600 2760 3671 passionum
2781 3597 3285 3664 necessitatem.Qui
3305 3596 3538 3662 voluerit,

1939 3694 2146 3766 inquit,
2175 3695 2397 3748 animum
2426 3710 2570 3747 suam
2612 3693 2803 3746 soleant
2831 3690 3027 3761 facere,
3063 3689 3235 3756 perdet
3281 3688 3425 3742 illaut
3443 3705 3464 3754 ,°
3495 3697 3542 3742 et

1939 3789 2024 3855 qui
2047 3785 2318 3857 perdiderit
2344 3803 2454 3841 euut
2473 3794 2678 3856 propter
2707 3801 2805 3848 me,
2833 3783 3026 3838 salvam
3048 3783 3198 3854 faciet
3221 3798 3355 3836 eam.
3385 3782 3542 3838 Certe

1941 3879 2108 3935 Filius
2134 3879 2364 3935 hominis
2392 3879 2529 3934 hanc
2556 3878 2872 3934 sententiam
2890 3877 3089 3933 emisit.
3113 3876 3364 3946 Perspice
3385 3875 3542 3944 igitur

1938 3981 1994 4025 et
2027 3981 2080 4026 tu
2110 3987 2230 4026 cum
2273 3987 2398 4042 rege
2429 3969 2751 4040 Babylonio,
2784 3967 3055 4024 fornacem
3101 3968 3218 4036 ejus
3262 3965 3539 4021 ardentem

1940 4062 2126 4137 (Dau.,
2154 4063 2266 4135 Ill),
2297 4075 2351 4120 et
2379 4065 2619 4120 invenies
2648 4062 2758 4119 illic
2787 4073 3054 4134 tamquam
3084 4059 3276 4117 Filium
3306 4059 3540 4117 hominis

1472 4193 1846 4254 LECTIONES
1885 4197 2294 4256 VARIANTES.

293 4313 370 4380 (l)
405 4313 545 4380 P_avit
568 4309 764 4380 Obertlt.

295 4371 373 4436 (ἐ)
419 4375 652 4424 Sumendi
685 4371 793 4423 cod.
827 4381 1006 4423 u'ouw.

311 4437 372 4502 :5)
406 4436 462 4502 gi
491 4437 634 4502 lthen.

319 4443 372 4502 5)
407 4443 462 4486 Ei
491 4443 634 4486 lthen.

292 4443 372 4564 lt)
404 4499 624 4564 Tertium
650 4498 801 4548 Fran.
829 4498 951 4564 .I_nn.

292 4561 372 4624 (5)
408 4563 640 4620 Quartum
663 4569 811 4610 I-‘rau.
839 4561 874 4608 ,1
878 4573 958 4624 un.

294 4619 372 4680 iu)
407 4619 527 4674 Etsi
555 4625 746 4673 tertiam
771 4619 998 4674 revolvas
1024 4632 1208 4673 Wouw.

294 4682 371 4751 (7)
408 4685 594 4751 Decem
618 4682 767 4751 83ml.
810 4697 875 4735 ea:
912 4685 1088 4750 grecis
1129 4684 1420 4750 quibusdam
1449 4685 1684 4751 exemplis
1706 4695 1750 4740 et
1773 4700 1838 4740 ea:

232 4743 458 4801 Anteros.
485 4743 522 4797 Ι.
551 4753 601 4794 Vl
626 4749 864 4800 Hexaem.

295 4812 370 4874 (8)
406 4808 510 4874 Ego
533 4808 696 4862 Paris.
730 4809 882 4859 Fran.

1862 4385 1914 4444 D

2003 4315 2076 4374 (9)
2112 4315 2163 4364 In
2187 4322 2411 4374 speetum
2437 4314 2590 4366 Seml.

2034 4379 2111 4503 ιο)
2145 4377 2354 4427 Miﬂibus
2376 4377 2495 4428 add.
2523 4381 2663 4429 Pam.

2034 4443 2080 4490 ll
2148 4440 2251 4490 Hoc.
2274 4439 2472 4493 Obertlt.

2019 4439 2048 4504 ξ1
2069 4439 2111 4504 l)
2146 4440 2251 4504 ﬂoc.
2274 4439 2472 4493 Obertlt.

2003 4497 2108 4568 (12)
2143 4503 2500 4568 Manducatiunt
2522 4508 2575 4552 et
2607 4501 2890 4564 relinquent
2909 4497 3066 4568 _Seml.
3091 4498 3453 4568 manducabttnt
3490 4506 3544 4568 et

1942 4562 2244 4634 relinquent,
2271 4574 2321 4634 et
2344 4562 2767 4634 manducaverunt
2777 4572 2828 4615 et
2849 4563 3162 4628 reliquerunt
3184 4569 3297 4614 Jun.
3323 4562 3394 4615 sic
3411 4567 3539 4612 LXX.

2004 4632 2019 4688 (
2035 4628 2111 4688 t3)
2146 4628 2237 4688 Qui
2264 4629 2418 4680 Frau.
2447 4628 2602 4679 Paris.

2006 4691 2024 4750 (
2035 4687 2111 4756 tt)
2144 4687 2258 4756 lion
2284 4700 2446 4756 potest
2469 4703 2648 4756 novum
2673 4687 2824 4739 Latin.

2035 4697 2089 4770 tt
2154 4697 2258 4740 Non
2284 4700 2446 4766 potest
2469 4703 2543 4802 ῐὲἳπ

2033 4697 2111 4878 si
2143 4752 2543 4868 gaesa..-

2035 4815 2111 4868 16)
2144 4816 2242 4868 Sed
2266 4815 2387 4868 add.
2416 4815 2736 4868 Parisn'an.

1582 4915 2146 4977 COMMENTARIUS.

305 5055 460 5115 CAP.
493 5053 705 5127 XXI.—
718 5053 797 5127 (a)
821 5054 900 5127 Ad
917 5053 1110 5108 veniant
1129 5052 1308 5127 pabuli
1333 5067 1409 5127 ea:_
1423 5067 1573 5121 opere
1617 5053 1826 5127 submo-

233 5131 406 5186 ventti.
456 5123 785 5182 Submotuin'
820 5126 950 5180 dicit
999 5141 1062 5180 ex
1101 5123 1266 5188 opere
1293 5123 1412 5177 bovi
1458 5125 1684 5188 terenti,
1729 5140 1828 5181 ea-

234 5202 360 5256 dem
399 5198 619 5254 honoris
651 5197 874 5252 formnla
911 5238 925 5260 ,
970 5212 1072 5266 qua
1123 5194 1266 5249 luris
1335 5203 1584 5250 auctores
1638 5194 1830 5253 dixere

233 5287 324 5330 res
355 5279 561 5325 amotas
585 5284 650 5325 es
683 5269 834 5325 bonis
859 5267 1052 5323 mariti.
1100 5266 1222 5322 Rto.

309 5343 391 5412 (1))
416 5339 492 5394 De
513 5341 724 5407 pristino
746 5341 939 5412 scilicet
959 5355 1114 5412 more.
1136 5337 1395 5412 Nimirum
1416 5339 1611 5412 veteris
1633 5337 1831 5412 [nstru-

232 5407 401 5470 menti
430 5429 522 5466 seu
551 5411 896 5466 Testamenti.
917 5410 1006 5467 Sic
1031 5410 1170 5465 libro
1195 5409 1263 5463 de
1295 5409 1590 5478 Baptismo:
1625 5407 1827 5463 Peran-

232 5490 440 5556 guimur
469 5483 727 5556 benedicta
769 5484 1003 5537 unctione
1043 5482 1106 5537 de
1145 5482 1356 5550 pristina
1397 5479 1696 5550 disciplina,
1730 5482 1830 5536 hoc

231 5553 318 5613 est
338 5556 570 5626 judaica.
603 5553 719 5610 th.

310 5621 384 5698 (ὃ)
413 5626 521 5682 Sed
540 5636 771 5698 sexcenta
797 5625 963 5698 millia,
983 5623 1243 5698 hominum
1271 5624 1553 5698 protelavit.
1585 5621 1694 5678 lloc
1723 5632 1825 5685 est,

233 5696 503 5754 sexcentis
543 5696 818 5750 hominum
860 5696 1091 5750 millibus
1118 5697 1237 5749 vita:
1275 5705 1330 5750 et
1359 5697 1546 5750 virium
1587 5702 1829 5750 tenorem

232 5769 584 5834 etmtinnarit,
606 5768 872 5837 produxit.
908 5767 1182 5836 protraxit.
1213 5767 1332 5822 th.

313 5840 391 5910 (d)
418 5841 554 5907 Quid
577 5855 696 5908 ergo
716 5840 809 5893 hoc
828 5840 941 5910 deus
962 5838 1303 5910 inconspectu
1321 5847 1518 5892 centum
1538 5837 1833 5891 hominum!

233 5911 291 5968 lo
321 5908 614 5980 esetnplari
639 5911 851 5983 legitur,
886 5908 1025 5979 Quid
1050 5925 1168 5980 ergo
1195 5910 1292 5964 hoc
1320 5913 1434 5964 dem
1460 5910 1687 5980 inspectu
1710 5923 1828 5963 cen-

1935 5064 2040 5110 tum
2069 5057 2348 5113 hominum.
2393 5055 2745 5113 Scrihendum
2783 5054 3040 5117 arbitror,
3093 5051 3230 5122 Quid
3276 5067 3394 5125 ergo
3445 5053 3542 5108 hoc

1933 5127 2066 5182 idem
2096 5130 2321 5197 inspectu
2349 5139 2550 5184 centum
2580 5127 2884 5182 hominum?
2909 5125 3026 5180 Btc.

2007 5223 2082 5294 (e)
2109 5219 2190 5275 Tu
2222 5238 2274 5294 es
2299 5218 2545 5294 Christus.
2568 5229 2676 5275 etc.
2697 5219 2921 5294 PrOpter
2948 5217 3339 5274 confessionem
3370 5215 3542 5280 illam,

1935 5291 1997 5346 Β.
2017 5290 2222 5348 Ῥυιιοιιε
2252 5291 2650 5346 fundamentum
2674 5300 2757 5344 est
2792 5301 2842 5343 et
2875 5290 3029 5344 Petra
3062 5303 3220 5358 supra
3248 5302 3404 5354 quam
3437 5296 3544 5342 stat

1935 5362 2171 5418 Ecclesia
2206 5360 2331 5418 Dei:
2377 5370 2454 5419 ιτι
2495 5378 2550 5422 τῆ
2583 5371 2733 5433 πίτρῃ
2763 5366 2922 5433 ταύτῃ
2956 5375 3038 5422 τῆς
3066 5361 3306 5433 ἀεριλέῦε
3344 5368 3542 5433 δίοψις

1939 5441 2215 5502 οἰκοδομίαι»
2241 5460 2333 5504 μω
2361 5446 2447 5492 τίν
2487 5426 2770 5500 (nubtiales,
2812 5443 2869 5488 υι
2893 5426 3070 5488 habet
3211 5426 3540 5500 Epiphanius

1941 5505 2086 5562 Har.
2131 5507 2221 5563 59.
2257 5507 2332 5562 LE
2367 5507 2464 5562 Pa.

2007 5600 2070 5672 (f)
2121 5599 2435 5675 Presbyteris
2491 5609 2536 5652 et
2590 5599 2767 5675 scribis
2814 5607 2862 5652 et
2931 5594 3298 5675 sacerdotibus.
3337 5590 3542 5675 μυιυίι

1935 5668 2236 5744 presbyteris
2276 5668 2506 5744 retinere
2535 5686 2692 5744 quam
2719 5669 2836 5740 ejus
2865 5668 3532 5744 vocisinterpretationem

1937 5734 2206 5817 vulgarem
2236 5742 2533 5817 senioribus.
2556 5734 2729 5796 Porro
2748 5734 3103 5817 sacerdotibus
3133 5750 3243 5817 non
3266 5734 3401 5815 adeo
3433 5734 3531 5785 mi-

1936 5811 2083 5869 riliee
2125 5827 2246 5868 cum
2285 5815 2355 5868 sit
2395 5819 2667 5885 ἀρχωρίων,
2711 5811 2852 5885 quod
2884 5811 3138 5883 Vulgatus
3164 5811 3419 5879 principes
3443 5819 3530 5860 sa-

1935 5886 2194 5942 cerdotum
2222 5885 2413 5941 reddit.
2449 5884 2525 5940 Le
2564 5885 2659 5943 l'u.
