4268 6492
715 413 815 470 HI

2133 408 2594 469 TERTULLIANI

3896 414 4009 470 4η

719 528 991 602 (nondum
1031 529 1174 588 enim
1199 544 1326 587 vere
1367 539 1503 596 erat,
1537 528 1770 586 nondum
1815 530 2020 587 scilicet
2057 539 2212 584 natus
2241 545 2304 583 ex
2336 530 2381 588 A
2412 527 2739 582 deliberatus
2791 527 2866 600 (9)
2908 545 2922 583 :
2970 544 3074 584 non
3137 528 3312 585 subita
3362 529 3606 586 dolorum
3651 531 4016 587 concussione

717 625 991 696 homine),
1011 627 1120 695 jam
1145 634 1273 681 tunc
1294 625 1428 682 istos
1463 626 1638 681 exitus
1664 626 2099 681 constituentem.
2125 625 2311 681 Salvas

717 717 842 772 facit
870 716 1077 772 animas
1106 718 1264 772 trium
1292 717 1546 784 fratrum,
1579 719 1666 788 qui
1702 733 1791 773 eas
1821 733 1916 788 pro
1949 719 2056 773 Deo
2087 717 2311 788 perdere

717 809 1192 879 conspiravcrant;
1223 807 1594 864 Chaldzcornm
1624 825 1750 864 vero
1774 809 2038 879 perdidit,
2071 825 2203 879 quas
2235 810 2308 863 illi

716 915 814 971 per
855 900 1207 956 idololatrian]
1251 900 1428 955 salvas
1476 901 1652 955 facere
1696 902 2010 956 maluerant.
2055 901 2186 967 ane
2230 909 2313 956 est

715 991 818 1045 ista
865 1006 1000 1046 nova
1040 991 1318 1056 doctrina,
1368 991 1519 1062 cujus
1561 1002 1737 1046 vetera
1786 993 2104 1048 documenta
2151 993 2312 1047 sunt?

715 1083 1046 1155 Quamquam
1076 1094 1132 1140 et
1160 1085 1563 1154 praidicationes
1594 1087 1992 1156 martyriorum,
2027 1096 2132 1141 tam
2166 1087 2308 1140 futu-

715 1191 922 1244 rorum,
955 1193 1116 1246 quam
1151 1192 1180 1232 a
1213 1177 1323 1233 Deo
1345 1178 1644 1233 mercedem
1669 1180 2023 1235 relaturorum
2051 1180 2310 1235 decucur-

715 1281 918 1326 rerunt.
961 1269 1116 1337 Vide,
1161 1272 1330 1342 inquit
1355 1271 1518 1327 Isaias
1559 1272 1685 1339 (Is..
1731 1273 1910 1340 LVIII,
1947 1276 2028 1342 1),
2061 1274 2312 1345 quomodo

715 1365 846 1432 perit
867 1363 1038 1432 justus
1058 1405 1073 1428 ,
1113 1373 1160 1417 et
1202 1381 1347 1418 nemo
1378 1365 1562 1436 excipit
1593 1365 1775 1430 corde;
1806 1375 1851 1420 et
1890 1367 1983 1420 uiri
2005 1369 2134 1436 justi
2161 1372 2310 1440 aufe-

713 1465 914 1519 runtur,
960 1463 1009 1509 et
1051 1471 1194 1508 nemo
1238 1455 1545 1510 considerat.
1597 1456 1820 1524 Quando
1869 1459 2036 1528 magis
2085 1460 2184 1512 hoc
2217 1459 2307 1522 fit.

714 1560 874 1616 quam
903 1547 952 1599 in
976 1547 1349 1616 persecutione
1379 1557 1682 1602 sanctorum
1708 1549 1864 1619 ejus?
1889 1550 1962 1622 (a)
1985 1549 2175 1618 Utique
2203 1567 2310 1608 non

717 1638 964 1707 simplex,
1016 1654 1113 1693 nec
1143 1640 1212 1694 de
1250 1651 1451 1695 natura‘
1482 1642 1600 1712 lege
1626 1645 1944 1708 communis,
1980 1644 2072 1698 sed
2105 1645 2191 1698 illa
2225 1647 2308 1700 in-

714 1730 878 1802 signis
905 1741 959 1786 et
990 1746 1084 1801 pro
1113 1731 1215 1787 fide
1247 1733 1525 1796 militaris;
1560 1734 1610 1788 in
1653 1751 1754 1804 qua
1780 1736 1865 1806 qui
1896 1738 2128 1792 animam
2159 1754 2308 1793 suam

715 1833 932 1893 propter
973 1825 1140 1879 Deum
1181 1825 1374 1895 perdit,
1407 1838 1587 1882 servat
1616 1828 1794 1882 illam:
1827 1840 1882 1885 ut
1908 1840 1962 1884 ct
1999 1829 2087 1886 hic
2132 1841 2309 1887 tamen

2415 621 2494 692 (g)
2517 636 2637 675 cum
2663 622 2794 675 tanti
2819 624 3073 693 temporis
3103 638 3260 680 coeno
3280 639 3375 695 per
3397 626 3640 694 corporis
3665 626 3901 679 cloacam
3929 625 4012 680 cf-

2416 714 2562 769 fusus
2591 714 2656 770 ad
2684 723 2913 771 terram:
2944 733 3042 772 nec
3059 720 3238 772 statim
3257 720 3334 790 (Ιι)
3361 719 3534 775 lucem
3557 720 3809 792 lacrymis
3828 723 4015 790 {Inspi-

2414 818 2597 872 catus,
2627 818 2682 863 et
2713 809 2884 879 primo
2914 811 3192 865 retinacnli
3235 812 3316 866 sui
3370 812 3623 867 vulnere:
3657 828 3755 868 nec
3786 814 4013 867 multum

2413 899 2624 955 ablutus
2649 919 2662 954 :
2687 917 2786 957 nec
2813 904 2923 958 sale
2943 915 2998 958 et
3018 904 3178 959 melle
3201 904 3496 960 medicatus
3519 924 3530 958 :
3553 922 3651 960 nec
3684 908 3872 976 pannis
3901 909 4013 976 jam

2413 992 2700 1061 sepultura:
2732 993 3060 1048 involucrum
3093 994 3211 1067 (I0)
3255 996 3524 1050 initiatus:
3556 1013 3655 1051 nec
3697 997 3890 1052 exinde
3920 1015 4018 1067 per

2416 1085 2779 1139 immnnditias
2803 1088 2940 1141 inter
2960 1089 3110 1142 sinus
3132 1087 3423 1153 volutatus,
3451 1088 3706 1144 molestus
3735 1090 4014 1155 uberibus,

2415 1176 2503 1230 ditt
2534 1175 2728 1243 infans,
2759 1178 2846 1232 vix
2892 1193 3041 1247 puer,
3083 1179 3232 1234 tarde
3268 1179 3380 1251 (II)
3425 1180 3619 1234 homo:
3652 1181 3744 1235 scd
3777 1182 3846 1236 de
3873 1182 4017 1235 cmlo

2415 1271 2708 1340 expositus,
2729 1273 2894 1326 semel
2914 1271 3150 1342 grandis,
3175 1273 3342 1327 semel
3364 1283 3522 1337 totus,
3546 1272 3722 1326 statim
3745 1273 4016 1338 Christus,

2414 1364 2631 1432 spiritus
2661 1373 2714 1417 et
2747 1366 2914 1419 virtus
2945 1407 2958 1428 ,
2989 1375 3042 1420 et
3078 1364 3219 1420 Deus
3247 1375 3473 1419 tantum.
3501 1364 3790 1428 Caeterum,
3821 1377 3874 1418 ttt
3907 1381 4015 1418 non

2415 1471 2595 1521 verus,
2621 1458 2708 1526 qui
2738 1473 2841 1511 non
2871 1458 3167 1523 videbatur,
3202 1459 3271 1513 ita
3301 1474 3398 1513 nec
3427 1458 3492 1514 de
3522 1461 3698 1514 crucis
3726 1459 4020 1514 maledicto

2414 1548 2833 1616 erubescendus,
2858 1551 3009 1619 cujus
3036 1552 3258 1606 carebat
3284 1552 3525 1617 veritate,
3549 1568 3738 1606 carens
3763 1567 4014 1620 corpore.

2415 1641 2531 1696 Non
2557 1653 2758 1711 poterant
2782 1642 2958 1713 itaque
2978 1643 3176 1698 dixisse
3201 1662 3212 1698 :
3236 1642 3337 1709 Qui
3355 1646 3451 1696 mei
3467 1644 4016 1716 (12)coufususfuer~it.

2415 1735 2606 1791 Noster
2637 1737 2735 1790 hoc
2756 1735 2941 1791 debuit
2970 1738 3378 1806 pronuntiasse:
3417 1736 3700 1791 illitteratus
3729 1736 3849 1806 (Ps.
3881 1737 4016 1800 VIII,

2415 1828 2471 1900 6)
2498 1847 2529 1883 a
2554 1828 2712 1883 Patre
2741 1831 2939 1884 modico
2967 1831 3094 1883 citra
3121 1832 3326 1902 angelos
3351 1847 3368 1895 ,'
3410 1833 3590 1885 vermis
3613 1829 3729 1901 (Ps.
3759 1830 3902 1895 XXI,
3937 1830 4016 1898 ϐ),

709 1914 944 1984 judicent
971 1917 1330 1987 adcognoscas
1370 1920 1447 1990 (I)
1468 1960 1483 1986 ,
1511 1922 1598 1990 qui
1631 1921 1824 1974 malum
1865 1924 2056 1977 attinnt:
2100 1925 2304 1979 lucrum
2338 1928 2384 1987 B
2413 1933 2459 1978 et
2498 1913 2598 1976 no‘n
2629 1927 2816 1987 homo;
2844 1923 3124 1995 ignominia
3155 1925 3371 1978 hominis
3392 1967 3406 1988 ,
3455 1934 3500 1977 et
3531 1925 3877 1992 nulli/icamen
3922 1940 4015 1994 po-

715 2006 1010 2076 pcrditionc
1038 2008 1175 2076 ejus,
1205 2018 1260 2064 et
1302 2010 1498 2064 bonum
1545 2011 1736 2065 anima:
1775 2013 2177 2080 detrimentum,
2220 2031 2308 2070 sa-

714 2099 825 2155 lute
853 2101 968 2170 ejus
999 2112 1434 2158 rcmuneraturns
1465 2103 1566 2173 (2).
1610 2105 1714 2159 Sed
1758 2115 1814 2159 ct
1864 2107 2089 2160 zelotem
2144 2109 2308 2163 [lcum

713 2194 842 2249 mihi
890 2196 971 2266 (5)
997 2196 1234 2264 exhibet,
1267 2198 1462 2251 malum
1497 2199 1636 2252 tnalo
1664 2199 2013 2255 reddentem:
2051 2201 2152 2267 Qui
2188 2219 2310 2257 ron-

713 2289 878 2358 fusus,
913 2287 1101 2357 inquit,
1133 2290 1230 2342 mei
1253 2290 1332 2360 (4)
1348 2289 1522 2359 fuerit,
1543 2302 1588 2344 et
1615 2307 1707 2361 ego
1748 2294 2038 2362 confundor
2073 2297 2181 2365 ejus
2203 2296 2306 2365 (5).

713 2376 940 2446 Quando
972 2395 1070 2435 nec
1097 2380 1427 2437 confusionis
1471 2387 1690 2438 materia
1725 2387 2028 2453 conveniat,
2058 2388 2157 2442 nisi
2189 2403 2310 2443 meo

713 2469 926 2525 Christo
960 2490 972 2524 :
1005 2471 1078 2544 (b)
1116 2474 1272 2543 cujus
1310 2476 1442 2529 ordo
1483 2477 1648 2547 magis
1693 2479 2004 2544 pudendus,
2051 2489 2104 2533 ut
2149 2480 2309 2535 etiam

715 2560 1085 2619 hmreticorum
1131 2567 1378 2620 eonvitiis
1421 2578 1615 2636 pateat,
1663 2584 1876 2625 omnem
1926 2571 2216 2628 nativitatis
2256 2583 2311 2629 et

712 2656 1045 2714 educationis
1090 2657 1418 2726 fmditatem,
1452 2662 1519 2731 (ε)
1592 2663 1756 2731 ipsius
1796 2663 1875 2736 (6)
1922 2664 2084 2720 ctiam
2132 2669 2310 2722 carnis

715 2748 1114 2819 indignitatem,
1161 2763 1352 2822 quanta
1393 2755 1745 2809 amaritudine
1792 2766 2017 2826 possunt
2056 2773 2311 2827 peroran-

715 2843 857 2898 tibus
886 2844 985 2914 (7).
1017 2842 1306 2910 Ceterum,
1339 2846 1608 2916 quomodo
1649 2847 1738 2903 ille
1768 2849 1872 2903 erit
1898 2849 2159 2905 obnoxius
2189 2867 2313 2907 con-

715 2938 930 3004 fusioni,
961 2939 1050 3008 qui
1077 2955 1193 2994 eam
1226 2955 1330 2994 non
1356 2942 1531 3010 capit?
1565 2957 1667 2996 non
1697 2943 1882 3010 vulva,
1917 2943 2037 2999 licet
2066 2945 2307 3016 virginis,

719 3037 895 3084 tamen
930 3030 1184 3097 feminae,
1211 3032 1553 3101 coagulatns;
1583 3041 1636 3086 ct
1663 3033 1706 3087 si
1738 3048 1840 3088 non
1872 3035 2097 3101 semine,
2132 3045 2308 3092 tamen

715 3137 780 3177 ex
805 3121 920 3192 lege
941 3122 1252 3177 substantim
1273 3125 1588 3192 corporalis,
1609 3125 1689 3197 (ιι)
1709 3141 1773 3180 ex
1797 3125 2028 3181 ltetninae
2049 3128 2272 3184 humore
2293 3148 2306 3184 :

716 3229 822 3268 non
854 3231 979 3270 caro
1006 3215 1217 3272 habitus
1246 3228 1370 3274 ante
1403 3220 1624 3273 formam
1650 3239 1662 3273 :
1692 3219 1764 3290 (ε)
1811 3235 1914 3275 non
1947 3236 2112 3292 pccus
2136 3222 2311 3280 dictus

2416 2016 2557 2084 puli;
2584 2024 2846 2085 quatenus
2874 2017 2943 2068 ita
2990 2015 3174 2079 voluit,
3207 2026 3261 2069 ut
3298 2015 3432 2087 (ls.,
3466 2015 3605 2081 LIII,
3633 2016 3688 2085 5)
3723 2017 3880 2069 livere
3906 2019 4020 2082 eius

2413 2125 2733 2176 sanarentur,
2768 2118 2822 2162 ut
2851 2109 3116 2165 dedecore
3143 2109 3271 2178 'ejus
3303 2109 3448 2164 salus
3488 2119 3672 2164 nostra
3720 2119 4016 2163 constaret.

2415 2200 2481 2256 Et
2513 2203 2703 2256 merito
2732 2214 2790 2256 sc
2819 2215 2914 2270 pro
2943 2214 3041 2256 suo
3069 2202 3284 2254 homine
3314 2201 3590 2270 deposuit,
3639 2217 3734 2270 pro
3778 2201 4016 2270 imagine

2414 2301 2469 2348 et
2497 2294 2844 2348 similitudine
2895 2308 3022 2354 sua,
3069 2309 3171 2346 non
3201 2293 3369 2347 aliena
3413 2292 3566 2364 (I5);
3613 2302 3690 2355 ut,
3751 2294 4004 2361 quoniam

2413 2386 2576 2443 homo
2631 2402 2736 2442 non
2779 2388 3068 2442 ernbuerat
3113 2387 3342 2457 lapidem
3393 2396 3448 2440 ct
3494 2386 3691 2456 lignum
3747 2385 4014 2448 adorans,

2414 2481 2601 2535 eadem
2651 2481 2947 2535 constantia
2997 2494 3102 2534 non
3150 2477 3404 2533 coal‘usus
3433 2477 3501 2532 de
3529 2477 3765 2541 Christo,
3801 2477 3868 2548 (i)
3923 2493 4019 2544 pro

2415 2572 2739 2643 impudentia
2780 2572 3126 2638 idololatrite,
3160 2571 3290 2626 satis
3336 2571 3446 2624 Deo
3476 2568 3675 2624 faceret
3713 2585 3807 2639 per
3838 2571 4017 2637 impu-

2414 2666 2648 2721 dentiam
2699 2665 2843 2722 fidei.
2893 2667 3028 2732 Quid
3076 2665 3266 2720 horum
3311 2664 3519 2719 christo
3572 2673 3664 2717 tuo
3717 2665 4016 2732 competit,

2415 2758 2671 2823 Marcion,
2711 2759 2776 2812 ad
2817 2759 3065 2813 meritum
3101 2756 3467 2812 confusionis?
3515 2756 3676 2811 Plane
3705 2756 3913 2826 pudere
3967 2766 4020 2808 te

2414 2852 2595 2918 debet,
2628 2851 2767 2922 quod
2799 2851 2946 2906 illum
2979 2851 3091 2921 ipse
3121 2849 3344 2904 tinxisti.

3000 2943 3225 2999 CAPUT
3262 2942 3431 2998 XXII.

2486 3059 2616 3114 Nam
2645 3065 2700 3112 et
2725 3056 2826 3112 hoc
2855 3057 2938 3112 vel
2969 3059 3207 3112 maxime
3238 3056 3554 3112 erubescere
3582 3055 3837 3120 debuisti,
3869 3056 4016 3124 qttnd

2416 3151 2563 3205 illum
2594 3165 2714 3204 cum
2747 3149 2930 3221 Moyse
2959 3160 3013 3204 et
3042 3149 3188 3203 Ilelia
3221 3150 3273 3204 in
3307 3165 3521 3204 secessu
3550 3151 3747 3203 montis
3775 3151 4018 3218 conspici

2414 3246 2636 3318 pateris,
2678 3259 2902 3315 quorum
2949 3244 3255 3298 destructor
3301 3244 3610 3298 advenerat.
3660 3243 3770 3297 lloc
3811 3244 4022 3297 sriliret

717 3316 834 3378 post
863 3309 1124 3379 liguram:
1162 3311 1255 3382 (Ι)
1290 3325 1394 3366 non
1424 3312 1609 3368 decem
1652 3314 1730 3383 (8)
1773 3316 2036 3368 mcnsinm
2067 3319 2306 3373 cruciatu
2334 3323 2378 3384 ί]

2337 3323 2378 3384 C
2414 3309 2632 3406 intelligi
2678 3335 2846 3390 voluit
2885 3351 2985 3390 vox
3019 3336 3107 3390 illa
3133 3334 3201 3390 de
3238 3335 3411 3391 creto:
3460 3333 3562 3389 Hic
3591 3346 3662 3389 est
3699 3335 3841 3403 ﬁlius
3878 3352 4022 3388 ηιιτιις

1926 3454 2310 3514 LECTIONES
2347 3456 2654 3516 VARIANT
2663 3456 2764 3512 ES.

808 3568 855 3631 t)
889 3568 1162 3631 Cognoscas
1181 3573 1324 3622 Pam.

805 3629 852 3684 ἐ)
886 3629 1248 3683 Reinuneratur
1275 3629 1429 3684 Paris.
1457 3634 1608 3684 Fran.

802 3693 854 3747 5)
890 3693 1002 3744 Mihi
1027 3695 1158 3747 abest
1191 3696 1346 3747 Paris.

811 3756 857 3810 il
894 3756 973 3806 Me
997 3758 1147 3808 Seml.
1193 3758 1390 3810 Obertlt.

806 3818 858 3884 εξ)
890 3818 1013 3884 Eum
1038 3821 1249 3884 Franeq.

782 3881 858 3945 Ψ)
890 3881 1013 3945 Ipsis
1033 3881 1383 3945 coniic.'Seml.

781 3940 858 4007 (7)
891 3940 1232 3997 Perorantium
1254 3945 1399 3998 codd.
1431 3958 1612 3999 Womv.

2480 3574 2766 3641 (8)1!0v9m
2791 3575 2944 3641 Fr“;

2502 3638 2554 3700 9')
2597 3638 2876 3700 Delibratus
2899 3638 3054 3687 Fran.

2509 3699 2587 3751 10)
2630 3699 2886 3749 Involucro
2907 3701 3015 3748 cod.
3050 3708 3227 3749 trouw.

2510 3759 2590 3813 11)
2621 3762 2827 3811 Tardius
2859 3759 3010 3812 Srml.
3059 3759 3254 3812 Obertlt.

2512 3824 2590 3874 12)
2632 3824 2710 3873 Me
2733 3827 2872 3874 Pam.
2895 3825 3048 3872 Fran.

2621 3887 2760 3937 Tunc
2781 3885 2902 3938 add.
2927 3884 3079 3945 Serui,

2567 3701 2590 3952 ἒ

2513 3891 2565 3938 15

2087 4054 2650 4112 COMMENTARIUS.

799 4171 874 4244 (a)
904 4171 1085 4244 Utique
1100 4189 1199 4227 non
1222 4173 1456 4244 simplex,
1484 4189 1571 4227 nec
1592 4173 1654 4226 de
1667 4181 1864 4227 natura:
1884 4171 1992 4244 lege
2005 4171 2315 4244 communis.

724 4241 980 4298 Ha‘c'non
1003 4241 1110 4298 alio
1132 4241 1328 4299 referri
1350 4255 1569 4312 possunt
1588 4259 1745 4314 quam
1775 4244 1838 4298 ad
1867 4241 1951 4309 ea,
1984 4243 2110 4308 Qui:
2133 4253 2202 4296 est
2223 4244 2320 4296 ista

724 4331 853 4369 nova
895 4315 1162 4369 doctrina:
1189 4316 1369 4384 utique
1402 4332 1504 4370 non
1534 4316 1780 4385 simplex,
1810 4314 2052 4368 doctrina
2095 4315 2317 4380 scilicet,

724 4402 824 4440 nec
849 4387 915 4438 de
947 4397 1147 4441 natura:
1175 4391 1474 4442 communis
1505 4388 1636 4455 lege,
1667 4398 1772 4442 etc.
1806 4385 1924 4440 fita.

799 4458 879 4525 (b)
912 4457 1067 4526 Cujus
1096 4460 1221 4511 ordo
1250 4460 1408 4528 magis
1433 4454 1716 4527 pudendus.
1751 4457 2002 4512 Ordinem
2029 4455 2158 4510 dicit
2183 4454 2317 4509 natio

725 4530 902 4584 vitatis
929 4539 980 4582 et
1006 4528 1352 4584 etlnczttionis.
1388 4531 1505 4586 lito.

799 4601 872 4672 (ο)
898 4598 1072 4672 Ipsius
1101 4601 1250 4653 etiam
1277 4605 1443 4656 carnis
1465 4600 1833 4670 indignitatem.
1853 4598 2052 4672 Carnis
2073 4596 2320 4672 videlicet

2421 4169 2640 4226 infantis
2666 4169 2719 4224 in
2750 4177 2902 4224 utero
2929 4169 3081 4230 situs,
3116 4176 3172 4222 ut
3209 4167 3435 4223 cruciari
3463 4165 3732 4234 videatur,
3767 4167 4032 4225 incurvus

2423 4251 2566 4296 totus
2595 4255 2658 4295 ac
2687 4249 3011 4294 contractus.
3045 4238 3166 4295 th.

2498 4312 2574 4385 (g)
2608 4312 2732 4366 Cum
2781 4311 2904 4385 tanti
2943 4311 3180 4385 temporis
3227 4327 3421 4385 cano,
3446 4319 3550 4366 etc.
3584 4309 3702 4385 Lib.
3753 4311 3818 4364 de
3855 4308 4034 4385 Carne

2421 4381 2630 4451 Christi,
2674 4399 2793 4451 cap.
2824 4383 2879 4446 4,
2922 4383 3109 4437 eadem
3144 4381 3309 4436 ferme
3340 4383 3498 4436 habet
3523 4400 3535 4436 :
3566 4382 3642 4435 Ab
3675 4383 3789 4450 ipsa
3816 4383 4036 4452 quidem

2424 4472 2632 4510 exorsus
2665 4456 2780 4508 odio
2809 4455 2980 4507 habita
3010 4454 3288 4515 nativitate,
3318 4469 3536 4520 perora;
3567 4469 3661 4523 age
3685 4471 3791 4518 jam
3818 4456 4036 4519 spurci-

2423 4530 2520 4580 tias
2548 4527 2841 4594 genitalium
2866 4525 2918 4577 in
2945 4535 3105 4586 utero,
3129 4525 3511 4586 elementorum,
3541 4524 3811 4576 humorum
3831 4535 3876 4576 et
3903 4542 4037 4578 sau-

2425 4599 2590 4666 guinis
2607 4598 2742 4668 [reda
2757 4597 2989 4664 coagula,
3009 4595 3177 4648 carnis
3195 4611 3258 4650 ea:
3269 4595 3442 4668 eodem
3455 4611 3595 4649 caeno
3612 4594 3812 4668 alenda
3829 4613 3916 4660 per
3931 4613 4039 4648 no-

726 4665 995 4745 passibilis
1034 4681 1087 4725 et
1111 4672 1388 4745 mortalis,
1436 4689 1555 4745 qua:
1576 4665 1722 4726 'saue
1759 4671 1969 4745 indigna
1990 4741 1998 4745 _
2023 4671 2131 4724 Deo
2173 4668 2321 4745 vide:
2348 4685 2401 4745 Ι)
2427 4665 2534 4745 item
2563 4665 2776 4745 nienses.
2809 4668 2909 4721 l’er
2929 4667 3408 4745 cmntnnintelligit
3431 4668 3481 4721 id
3503 4666 3645 4736 quod
3673 4665 4038 4745 Hippocrates

728 4744 903 4797 batur.
938 4743 1026 4795 Sic
1051 4743 1220 4796 advcr.
1253 4741 1380 4796 .Iud.
1419 4760 1436 4796 :
1469 4743 1642 4796 Primo
1661 4743 1878 4796 sordidis
1911 4741 2115 4793 indutus
2144 4753 2236 4802 est,
2266 4740 2321 4792 id

729 4823 822 4875 est,
868 4816 1035 4867 carnis
1080 4814 1330 4882 passibilis
1359 4826 1401 4868 et
1441 4815 1671 4867 mortalis
1700 4813 2015 4882 indignitate.
2052 4811 2147 4864 Vel
2179 4810 2319 4864 indi-

727 4887 980 4955 gnitatent
1016 4885 1269 4955 intelligo,
1301 4890 1420 4947 “'35;
1452 4891 1528 4941 ιῦι
1558 4894 1690 4950 ἄξιον
1715 4887 1998 4955 τυέὲννιδος.
2031 4882 2150 4938 RIG.

806 4955 886 5027 (tl)
917 4953 1000 5008 Ex
1026 4952 1246 5026 flemina:
1274 4957 1503 5010 Immore.
1547 4955 1661 5009 Lib.
1694 4957 1756 5009 de
1773 4952 1900 5027 par.
1927 4953 2115 5009 Christi
2152 4952 2320 5018 dixit,

731 5026 964 5097 humoris
986 5036 1032 5079 et
1060 5028 1318 5095 sanguinis
1343 5029 1477 5097 [teda
1510 5028 1742 5097 coagula.
1771 5026 1889 5097 th.

807 5097 879 5169 (e)
915 5095 1034 5169 Non
1063 5114 1212 5169 pecus
1237 5094 1400 5151 dictus
1425 5109 1536 5166 post
1565 5094 1802 5169 ﬁgurant.
1833 5095 2034 5169 Eodem
2062 5094 2324 5169 vocabulo

732 5166 900 5222 utitur
925 5166 1096 5223 Julius
1141 5167 1402 5224 Firmicus
1441 5169 1534 5224 Iib.
1567 5166 1679 5233 VII,
1723 5183 1842 5237 cap.
1877 5169 1939 5223 I:
1986 5166 2150 5221 Pecus
2187 5167 2324 5219 intra

732 5242 922 5295 uiscera
951 5242 1128 5294 matris
1153 5245 1394 5294 artuatint
1421 5241 1704 5296 conscisum
1731 5259 1763 5292 a
1785 5241 1990 5294 medicis
2018 5243 2321 5362 prq{eretur.

2145 5325 2212 5362 ιο.

2115 5313 2212 5365 tto.

809 5381 874 5454 (Γ)
912 5379 1031 5436 Νοη
1051 5384 1220 5437 decem
1244 5383 1488 5438 mensium
1515 5383 1742 5436 cruciatu
1767 5381 2090 5434 deliberatus.
2119 5379 2206 5435 Sic
2233 5379 2327 5454 ha-

736 5453 860 5508 bent
908 5454 1262 5523 exemplaria;
1311 5471 1428 5525 qua:
1496 5456 1538 5509 si
1592 5455 1743 5507 nobis
1793 5455 2050 5518 integram
2095 5453 2328 5525 auctoris

735 5526 1052 5595 scripturam
1073 5522 1390 5589 servavere.
1423 5525 1615 5581 dixerit
1642 5525 1931 5592 Septimius
1963 5534 2169 5595 partum
2198 5522 2329 5576 deli-

739 5594 935 5654 berari,
966 5596 1216 5720 quamdiu
1245 5596 1401 5652 foetus
1429 5599 1480 5651 in
1513 5607 1663 5651 utero
1697 5596 1988 5664 perﬁcitur,
2019 5594 2204 5648 ordine
2236 5608 2328 5646 na-

739 5666 955 5720 tivitatis
1003 5683 1260 5720 tumanze.
1291 5667 1478 5720 decem
1525 5668 1788 5720 mensium
1831 5666 2002 5720 snatio
2042 5677 2325 5720 currente.

737 5666 955 5722 tivitatis
984 5666 1260 5732 bumanze,
1291 5667 1478 5723 decem
1525 5668 1788 5724 mensium
1831 5666 2002 5735 spatio
2042 5677 2325 5731 currente,

737 5739 1190 5810 quemadmodum
1220 5741 1270 5794 in
1299 5740 1626 5810 Apologetico
1656 5739 1817 5802 dixit,
1850 5749 2165 5810 conceptum
2195 5735 2329 5790 deli-

741 5807 938 5867 berari.
982 5811 1102 5862 dum
1142 5811 1308 5864 adhuc
1346 5807 1557 5880 sanguis
1601 5811 1653 5862 in
1702 5811 1950 5862 hominem
1999 5807 2323 5860 deliberatur.

744 5881 910 5942 Alias,
939 5883 1154 5934 minime
1176 5879 1470 5950 Spei-nenda
1497 5882 1763 5935 videretur
1785 5882 1973 5937 Latinii
1998 5879 2325 5947 conjectura,

746 5953 913 6004 decem
946 5954 1188 6008 mensium
1210 5955 1434 6008 cruciatu
1458 5955 1779 6009 deliberalus.
1800 5952 1932 6007 Nam
1961 5952 2221 6020 ejusmodi
2247 5962 2330 6005 cst

2430 4742 2518 4794 Ill).
2555 4741 2618 4793 de
2645 4749 2750 4792 nat.
2785 4754 2924 4805 puer.
2959 4755 3013 4792 η.
3050 4737 3152 4792 156
3177 4756 3188 4790 ε
3218 4745 3296 4791 Τὰ
3321 4745 3410 4804 γὰρ
3435 4752 3712 4805 κατακλίνω
3742 4741 3793 4791 «οὗ
3831 4746 4038 4807 χωριη,

2423 4817 2589 4868 ὁκόταν
2615 4822 2727 4877 γυνῆ
2754 4817 2872 4879 λάϐῃ
2898 4821 3007 4879 πρὸς
3031 4817 3220 4872 ium-ign
3237 4817 3292 4868 ἣν
3315 4813 3470 4880 μέλλῃ
3494 4823 3548 4865 το
3571 4812 3759 4862 πωλίον
3777 4815 4035 4878 ὑγιαίνειν,

2428 4883 2626 4935 Menses
2670 4898 2769 4934 non
2798 4881 3058 4950 proﬂuunt
3089 4880 3291 4934 mulieri
3332 4892 3474 4934 utero
3503 4883 3747 4950 gestanti,
3784 4885 3825 4932 si
3865 4897 4043 4935 sanus

2426 4970 2552 5021 puer
2574 4954 2776 5021 [uturus
2803 4961 2894 5004 est.
2927 4951 3039 5006 Iloc
3067 4953 3118 5004 in
3150 4953 3267 5006 loco
3294 4951 3626 5014 admirabilis
3654 4951 3894 5004 humanm
3916 4953 4043 5006 ori—

2423 5025 2562 5095 ginis
2591 5024 2878 5092 descriptio
2923 5034 2976 5076 et
3005 5024 3560 5095 infirmitatis_imago,
3605 5037 3760 5095 quam
3803 5023 4041 5095 memini

2428 5093 2511 5149 ine
2539 5095 2731 5164 legisse
2760 5095 2870 5148 fere
2895 5094 3139 5149 eamdem
3167 5094 3306 5161 apud
3331 5093 3580 5160 Plinium,
3605 5093 3693 5162 qui
3719 5094 3897 5146 statim
3925 5110 4034 5146 cx-

2425 5163 2656 5220 clamat:
2693 5163 2790 5218 His
2818 5166 3082 5236 principiis
3122 5166 3282 5218 oritur
3308 5166 3540 5235 carnifex
3576 5164 3795 5225 animus,
3817 5174 3925 5236 etc.
3969 5167 4042 5220 Si

2428 5239 2563 5293 liber
2606 5248 2749 5292 esset
2796 5234 2864 5291 ad
2916 5251 3167 5301 manum,
3201 5237 3376 5292 locum
3424 5234 3593 5290 tutum
3633 5234 4041 5360 ixsq'ribcrem.

3681 5323 3711 5360 ιε
3784 5321 3838 5358 n.

3681 5323 3711 5360 t-:
3744 5309 3838 5360 I'n.

2501 5379 2586 5449 (b)
2618 5378 2806 5433 Lucem
2833 5379 3072 5449 lacrymis
3099 5379 3413 5448 auspicatus,
3443 5391 3549 5434 etc.
3583 5379 3624 5432 Α
3657 5377 3901 5449 miseriis,
3933 5392 4046 5449 va-

2429 5451 2539 5520 gitu
2568 5448 2806 5514 Scilicet,
2837 5448 2998 5504 vitain
3031 5453 3368 5518 auspicatur,
3396 5449 3640 5505 eamdem
3671 5449 3722 5500 in
3758 5448 4048 5503 laboribus

2431 5523 2560 5591 agit,
2590 5533 2749 5592 atque
2781 5522 2847 5576 ad
2877 5522 3134 5576 malorum
3175 5524 3625 5592 complementum
3657 5537 3799 5573 mors
3827 5527 3909 5572 cst
3934 5539 4005 5572 stt
4026 5551 4046 5564 ο

2433 5593 2663 5648 bcundn.
2698 5593 2774 5647 LE
2807 5593 2902 5648 PR.

2504 5665 2564 5735 (i)
2597 5663 2701 5717 Pro
2739 5665 3057 5733 impudentia
3083 5664 3408 5726 idololatriae,
3438 5664 3559 5718 satis
3585 5661 3688 5715 Deo
3713 5661 3897 5735 facere!
3937 5679 4047 5728 per

2431 5732 2978 5804 impudentiam/Mei.
3014 5735 3336 5790 Itlololatrim
3382 5735 3704 5803 impudentia
3752 5732 3868 5804 fuit,
3898 5749 4041 5789 eum

2435 5802 2540 5860 non
2572 5806 2756 5873 puduit
2783 5809 3011 5861 adorare
3039 5806 3243 5876 lapides
3265 5818 3314 5860 et
3338 5802 3498 5876 ligus;
3527 5802 3848 5872 impudentia
3881 5804 4044 5871 tidui,

2432 5892 2553 6002 gum
2599 5879 2816 6003 mligime
2859 5880 3020 5949 pudet
3065 5881 3227 5934 llenm
3275 5879 3498 5936 credere
3551 5887 3730 5933 natum
3776 5879 4050 5934 etcruci-

2455 5965 2616 6003 txutn.
2697 5966 2766 6003 to.

2436 5949 2616 6003 Iixutn.
2647 5949 2766 6005 Rto.
