4268 6492
236 425 344 482 M5

1321 424 1449 480 LIB.
1493 425 1556 478 ιγ
1605 423 1973 482 ADVERSUS
2011 425 2439 484 MARCIONEM.

3424 427 3530 487 414

230 540 478 607 dilectus,
530 542 666 596 hunc
712 543 915 597 mittite:
966 542 1017 598 id
1068 552 1169 610 est,
1219 557 1324 597 non
1368 542 1582 615 Moysen
1622 543 1732 613 jam
1778 556 1829 598 et
1858 546 1906 605 A
1939 545 2292 613 prohibente,
2324 548 2423 604 nisi
2449 548 2569 620 quia
2611 549 2663 604 in
2693 550 2880 621 Spiritu
2926 550 3165 619 viderat;
3209 561 3262 609 et
3289 553 3359 609 ita
3390 554 3530 625 quod

233 635 460 690 Ileliam.
495 636 636 706 Ergo
679 636 978 692 suiliciebat
1021 652 1120 689 vos
1174 638 1286 690 Sola
1329 638 1445 691 sine
1474 637 1832 693 ostentatione

228 727 396 797 Moysi
438 737 492 782 et
522 728 701 783 llelize.
748 728 1058 783 Deliuiendo
1086 728 1165 799 (I)
1194 728 1337 782 ettim
1366 744 1523 796 quem
1563 727 1830 797 audirent,

229 835 598 892 quoscumque
667 822 799 875 alios
853 821 1112 875 vetuisset
1174 820 1366 873 audiri.
1422 820 1527 873 Ant
1572 820 1828 890 numquid

233 912 446 968 Esaiam
474 926 527 969 et
557 916 898 981 Hieremiam,
924 923 1253 982 carterosque
1278 928 1414 983 quos
1442 929 1545 967 non
1575 912 1829 979 ostendit,

232 1008 477 1075 permisit
505 1009 699 1073 audiri,
733 1008 777 1061 si
806 1008 972 1061 vetuit
1018 1022 1150 1076 quos
1196 1005 1465 1061 ostendit?
1506 1006 1655 1060 Nunc
1695 1015 1748 1060 et
1786 1008 1829 1060 si

230 1102 516 1168 prwseutia
552 1102 759 1155 illorum
795 1102 892 1155 fuit
922 1101 1244 1165 necessaria,
1277 1116 1381 1154 non
1424 1100 1606 1170 utique
1634 1101 1683 1154 in
1723 1100 1833 1155 col-

233 1192 413 1260 quuio
434 1194 865 1254 ostemlerenlur.
886 1194 1024 1263 qttod
1049 1192 1420 1248 latniliarilatis
1450 1194 1701 1249 indicium
1728 1204 1831 1250 est:

233 1301 332 1340 nec
364 1287 415 1339 in
446 1289 717 1342 consortio
738 1288 1014 1353 claritatis,
1049 1290 1188 1359 quod
1222 1289 1543 1359 dignationis
1570 1301 1623 1345 et
1652 1291 1834 1362 gratia:

230 1381 539 1447 exetnplum
570 1392 652 1435 est
706 1400 717 1435 :
749 1382 840 1436 sed
889 1385 939 1435 in
968 1383 1216 1437 sordibus
1245 1382 1530 1452 aliquibus,
1564 1384 1704 1453 quod
1736 1384 1831 1439 tle-

230 1472 543 1526 strncliouis
568 1482 937 1541 argumentum
956 1484 1058 1537 est,
1086 1476 1191 1528 imo
1213 1475 1263 1528 in
1289 1474 1523 1529 tenebris
1538 1474 1829 1542 Creatoris,

237 1562 434 1631 quibus
477 1563 828 1619 discutiendis
874 1575 990 1620 erat
1034 1568 1247 1621 missus.
1296 1567 1475 1639 Longe
1518 1571 1679 1623 etiam
1726 1569 1835 1624 dis-

230 1654 367 1707 creti
408 1669 435 1705 ει
484 1655 725 1710 claritate
764 1656 980 1723 Christi,
1022 1657 1111 1726 qtti
1159 1673 1318 1713 voces
1360 1668 1415 1714 et
1458 1660 1638 1715 literas
1692 1661 1835 1731 ipsas

230 1761 417 1799 eorum
450 1747 518 1799 ab
550 1748 837 1819 Evangelia
866 1765 965 1803 suo
1004 1758 1119 1805 erat
1148 1761 1510 1821 separatur-ns.
1543 1753 1717 1808 Sicein
1752 1753 1832 1825 (‘2)

230 1836 439 1891 alit-nus
480 1838 812 1893 demonstrat
840 1840 980 1907 illos,
1023 1842 1148 1897 dum
1195 1857 1374 1898 Secum
1404 1844 1600 1898 habet?
1630 1845 1707 1898 sic
1746 1862 1835 1901 re-

1938 637 2179 704 dixisset,
2218 643 2266 694 in
2296 641 2506 711 Spiritu,
2557 659 2659 699 non
2702 644 2752 698 in
2797 660 2957 700 sensu
3001 646 3345 709 constitutus.
3393 648 3532 704 scire

1937 745 2040 784 non
2076 740 2299 799 poterat.
2329 733 2613 798 Castorum,
2650 735 2693 789 si
2734 736 2811 790 sic
2843 737 3011 793 nescit
3040 738 3192 809 quasi
3223 754 3430 803 errans,
3464 755 3534 795 eo

1936 823 2075 891 quod
2102 834 2309 895 putaret
2332 826 2541 880 illorum
2569 842 2687 883 esse
2714 828 3013 884 Christum:
3038 846 3167 901 ergo
3189 832 3298 901 jam
3324 843 3532 889 constat

1935 924 1989 971 et
2013 931 2170 984 supra
2197 918 2410 972 Petrum
2440 919 2819 991 interrogatum
2844 936 2872 974 a
2896 921 3131 990 Christo,
3156 939 3312 993 quem
3338 940 3394 978 se
3416 926 3531 980 exi.

1936 1010 2214 1064 stimarent
2237 1020 2291 1063 ut
2320 1010 2387 1067 de
2409 1011 2677 1067 Creatoris
2702 1013 2920 1079 dixisse,
2954 1014 3030 1068 'l'u
3060 1033 3112 1070 es
3134 1015 3388 1083 Christus;
3410 1020 3531 1089 quia

1936 1103 1979 1157 si
2007 1112 2129 1155 tunc
2151 1103 2370 1158 alterius
2400 1104 2491 1160 Dei
2523 1104 2668 1158 illum
2692 1105 3046 1172 cognovisset,
3076 1106 3165 1163 hic
3183 1124 3394 1181 quoque
3426 1127 3531 1166 non

1936 1203 2190 1248 errasset.
2222 1194 2372 1262 Quod
2420 1196 2461 1249 si
2498 1195 2617 1250 ideo
2641 1206 2695 1251 et
2725 1196 2810 1251 hic
2840 1198 3059 1264 erravit,
3092 1200 3213 1269 quia
3251 1210 3305 1255 et
3341 1216 3530 1270 supra;

1936 1301 2064 1356 ergo
2103 1295 2280 1342 certus
2311 1297 2389 1340 est
2421 1288 2471 1341 in
2515 1288 2656 1342 ilium
2687 1289 2827 1344 diem
2866 1305 3075 1362 quoque
3115 1293 3309 1347 nullam
3342 1310 3531 1350 novam

1936 1376 2272 1434 divinitatem
2298 1395 2327 1433 a
2355 1380 2567 1434 Christo
2594 1383 2882 1436 revelatam
2903 1425 2918 1450 ,
2951 1394 3004 1438 et
3034 1399 3200 1455 usque
3223 1385 3397 1440 adhuc
3427 1404 3530 1443 non

1936 1485 2147 1526 errasse
2193 1471 2409 1526 Petrum
2439 1513 2454 1539 ,
2512 1471 2726 1526 Christo
2784 1490 2949 1544 usque
2999 1475 3172 1529 adlmc
3234 1477 3365 1531 nihil
3400 1479 3536 1546 ejus-

1938 1563 2080 1617 modi
2117 1564 2423 1629 revelante;
2454 1573 2508 1618 et
2549 1565 2747 1619 tamdiu
2789 1582 2893 1620 non
2921 1567 3138 1623 alterius
3161 1568 3527 1638 deputamlum

1937 1658 2206 1713 Chrisuun
2232 1701 2245 1723 ,
2294 1674 2451 1728 quant
2476 1657 2750 1714 Creatoris
2772 1702 2785 1724 ,
2813 1660 2964 1731 cujus
2995 1676 3207 1716 omnem
3234 1670 3290 1717 et
3333 1664 3418 1718 hic
3447 1680 3537 1719 or-

1938 1752 2113 1807 dinem
2138 1753 2421 1822 expressit.
2447 1752 2577 1806 Tres
2602 1753 2670 1807 de
2706 1753 3034 1807 discentibus
3066 1753 3297 1810 arbitros
3347 1756 3537 1811 futurae

1937 1847 2157 1901 \isionis
2200 1856 2252 1899 et
2286 1847 2431 1899 vocis
2470 1846 2725 1910 assumit;
2768 1854 2821 1900 et
2865 1844 2965 1900 huc
3004 1847 3273 1902 Creatoris
3315 1859 3415 1913 est,
3469 1849 3536 1905 lu

231 1926 550 1994 linquendus
600 1929 789 1995 docet,
839 1948 974 2002 quos
1026 1932 1124 1986 sibi
1171 1934 1381 2003 jungit?
1430 1934 1509 1988 sic
1569 1934 1827 2002 destruit,
1860 1942 1908 2003 Β
1936 1939 2121 2005 tribus,
2162 1939 2327 2008 inquit
2372 1937 2573 2005 (Deut.,
2605 1936 2748 2003 XIX,
2778 1937 2889 2008 15),
2938 1938 3143 1993 testibus
3186 1939 3337 1993 stabit
3387 1958 3536 1996 omne

230 2036 368 2088 quos
412 2020 479 2073 de
524 2022 689 2075 radiis
730 2025 841 2078 suis
887 2025 1155 2079 exstruit?
1198 2026 1332 2093 Quid
1362 2026 1560 2081 faceret
1605 2028 1836 2083 Christus

233 2112 508 2182 ipsorum?
554 2113 730 2167 Credo
773 2115 1068 2170 secandum
1114 2119 1537 2185 perversitatem,
1580 2120 1713 2173 tales
1744 2135 1839 2175 eos

236 2204 549 2270 rerelasset,
582 2206 768 2275 quales
810 2206 1043 2260 christns
1084 2206 1365 2263 Marcionis
1413 2210 1716 2276 debuisset;
1747 2222 1839 2267 aut

232 2308 597 2365 quoseutntpte
629 2296 764 2351 alios
794 2312 998 2363 secum,
1030 2315 1188 2367 quam
1232 2299 1518 2369 prophetas
1547 2317 1694 2355 suos.
1727 2302 1837 2359 Sed

232 2386 359 2455 quid
396 2399 499 2440 tam
532 2388 776 2445 Christus
806 2390 1101 2457 Creatoris,
1132 2409 1286 2461 quam
1330 2409 1511 2447 secum
1553 2394 1837 2452 ostendere

237 2477 613 2543 prtedicatores
656 2481 817 2535 suos?
856 2496 977 2534 cum
1022 2482 1124 2535 illis
1153 2482 1339 2550 videri,
1372 2485 1561 2553 quibus
1599 2485 1649 2538 in
1683 2502 1836 2542 reve-

236 2570 525 2624 lationihus
568 2584 684 2627 erat
712 2577 889 2629 visus:
921 2590 1042 2630 cum
1092 2576 1198 2629 illis
1226 2576 1388 2646 loqui,
1419 2578 1506 2648 qui
1554 2594 1675 2633 eum
1726 2578 1835 2634 fuc-

236 2674 357 2716 r.nt
398 2666 594 2720 loculi:
644 2682 763 2721 cum
810 2670 887 2724 eis
930 2670 1158 2740 gloriam
1206 2684 1357 2725 suam
1403 2672 1835 2740 communicare,

235 2772 265 2807 a
314 2758 506 2825 quibus
552 2760 805 2814 Dominus
849 2762 1032 2832 gloria.-
1078 2765 1565 2833 nttuenpabanlur:
1608 2764 1838 2836 ((001111

240 2850 627 2921 principalibus
672 2855 804 2920 suis,
848 2872 1074 2925 quorum
1127 2856 1265 2911 alter
1318 2858 1493 2927 populi
1527 2857 1841 2914 inlormator

236 2942 548 3011 aliquando,
592 2944 727 2999 alter
780 2948 1101 3002 reformator
1154 2948 1503 3019 quandoque;
1552 2950 1687 3005 alter
1736 2951 1839 3005 ini-

240 3037 401 3090 tiator
434 3037 646 3091 Veteris
671 3038 1018 3105 Testatnenti,
1054 3043 1191 3097 alter
1234 3055 1643 3103 consummatur
1672 3045 1842 3101 Novi?

239 3125 402 3197 Igitur
431 3139 485 3183 et
522 3130 717 3185 Petrus
745 3135 936 3187 merito
970 3134 1048 3207 (3)
1080 3137 1490 3192 contubernium
1535 3137 1728 3194 Christi
1761 3142 1840 3195 sui

238 3237 535 3288 agnoscens
569 3224 935 3282 individuilate
957 3230 1091 3299 ejus,
1120 3231 1359 3301 suggerit
1384 3231 1663 3286 consilium
1695 3251 1707 3286 :
1733 3233 1842 3287 llo-

1940 2031 2182 2084 verbttut.
2231 2029 2297 2082 In
2339 2040 2556 2083 montem
2595 2029 2815 2093 secedit;
2856 2042 3088 2100 agnoseo
3127 2030 3353 2085 formant
3404 2032 3530 2088 lori.

1939 2120 2071 2175 Nam
2104 2130 2157 2175 et
2187 2120 2469 2190 pristinum
2503 2123 2755 2191 pupulum
2801 2122 2939 2190 apud
2981 2133 3215 2177 montem
3249 2132 3302 2178 et
3330 2124 3535 2179 visione

1940 2226 1995 2269 et
2040 2230 2169 2270 voce
2216 2230 2309 2269 sua
2351 2215 2575 2269 Creator
2617 2215 2868 2268 iuitiarat.
2902 2214 3193 2284 Oportebat
3227 2216 3279 2270 in
3315 2230 3379 2271 eo
3408 2232 3534 2287 sng-

1941 2317 2089 2378 gestu
2121 2307 2423 2375 consignari
2461 2306 2669 2361 Novum
2710 2306 3107 2360 'I'estatuentum
3132 2348 3147 2372 ,
3184 2308 3237 2361 in
3266 2323 3372 2377 quo
3401 2323 3533 2361 con-

1941 2406 2196 2472 scripttun
2225 2400 2388 2454 Vetus
2412 2402 2601 2465 luerat;
2627 2399 2929 2456 subeodem
2951 2401 3109 2455 etiam
3132 2401 3327 2456 ambitu
3356 2402 3533 2469 nubis,

1941 2510 2099 2562 quant
2132 2509 2290 2547 nemo
2316 2492 2575 2547 dubitavit
2601 2493 2668 2547 de
2689 2508 2813 2547 aere
2842 2492 3113 2547 Creatoris
3139 2493 3532 2564 conglobatam,

1943 2588 2042 2641 nisi
2082 2597 2136 2640 et
2178 2588 2350 2642 nubes
2388 2602 2516 2642 suas
2558 2587 2647 2641 illo
2682 2587 3008 2651 deduxerat,
3049 2588 3171 2657 quia
3214 2598 3268 2642 et
3301 2588 3413 2657 ipse
3444 2604 3537 2656 per

1941 2681 2136 2735 caelum
2168 2680 2441 2735 Creatoris
2473 2679 2609 2732 viam
2644 2688 2891 2748 ruperat,
2937 2688 3028 2733 aut
3073 2680 3298 2749 proinde
3338 2690 3392 2735 et
3434 2697 3536 2735 nu-

1944 2773 2051 2828 hilu
2100 2773 2369 2828 Creatoris
2419 2773 2661 2842 precario
2715 2786 2841 2825 usus
2870 2781 2985 2825 est.
3029 2771 3215 2842 Itaque
3258 2787 3357 2827 nec
3397 2787 3539 2828 nunc

1943 2876 2088 2921 muta
2132 2866 2299 2921 nuth
2344 2866 2459 2928 fuit,
2506 2863 2599 2919 sed
2643 2879 2745 2917 vox
2782 2864 2933 2917 Salita
2962 2864 3029 2919 de
3055 2866 3220 2927 CII‘IO,
3265 2873 3321 2920 et
3368 2866 3537 2921 l'atris

1946 2975 2140 3013 novum
2168 2959 2533 3013 tesumonium
2562 2972 2725 3029 super
2745 2957 2916 3012 Filio:
2942 2959 3169 3027 atquein
3200 2958 3533 3029 secundo(5)

1944 3052 2178 3115 Psaluto,
2214 3049 2381 3104 Filius
2410 3068 2546 3103 meus
2596 3066 2647 3103 es
2694 3061 2745 3103 tu
2779 3067 2797 3103 :
2845 3066 2937 3119 ego
2976 3050 3126 3103 hodie
3165 3051 3317 3120 genui
3343 3059 3408 3104 te.
3462 3049 3536 3103 lle

1945 3161 2052 3215 quo
2090 3154 2143 3199 et
2188 3159 2280 3213 per
2308 3142 2493 3197 Isaiam
2528 3141 2665 3210 (ls..
2698 3141 2760 3205 L.
2788 3139 2907 3212 I0):
2934 3141 3057 3207 Quis
3090 3140 3254 3195 Deum
3283 3150 3532 3207 mctueus,

1945 3240 2122 3292 audiat
2147 3253 2310 3290 t'Occm
2339 3236 2433 3305 ﬁlii
2461 3236 2607 3305 ejus?
2630 3234 2815 3305 Itaque
2836 3234 2944 3304 jam
2967 3245 3356 3304 reprzeseutaus
3379 3251 3498 3289 eum
3524 3254 3535 3289 :

240 3332 361 3368 num
391 3327 461 3370 est
492 3334 583 3371 uos
604 3318 684 3371 hic
714 3336 842 3375 esse.
874 3321 1075 3377 Boumn
1096 3325 1270 3392 plane,
1291 3326 1376 3379 nhi
1400 3325 1611 3395 Moyses
1642 3329 1845 3385 scilicet
1869 3333 1913 3395 C
1953 3331 2052 3385 llic
2077 3341 2147 3384 est
2179 3328 2315 3397 ﬁlius
2346 3344 2513 3392 meus;
2567 3328 2749 3397 utique
2790 3326 3134 3389 subauditur,
3164 3343 3321 3397 quem
3356 3344 3540 3398 repro-

238 3419 291 3462 et
309 3409 507 3466 Helias.
528 3413 624 3467 Et:
657 3412 928 3469 Faciamus
958 3418 1039 3469 hic
1065 3419 1163 3471 tria
1190 3420 1533 3487 tabernacula,
1552 3438 1704 3476 unum
1728 3424 1837 3490 tibi,

240 3512 286 3554 ct
318 3501 488 3572 Moysi
514 3521 692 3568 uuam,
724 3516 771 3560 et
807 3505 970 3561 llelitv
997 3526 1189 3564 tutum:
1230 3511 1323 3566 sed
1356 3513 1579 3568 nesciens
1610 3516 1731 3580 quid
1760 3517 1841 3571 tli-

241 3604 391 3647 crret.
424 3596 706 3661 Quomodo
755 3603 1033 3657 nesciens?
1062 3612 1310 3659 utrumne
1357 3607 1583 3675 simplici
1616 3624 1835 3677 errore,

242 3701 306 3739 an
349 3691 556 3744 ratione
585 3692 657 3760 (b)
704 3708 862 3763 quam
897 3696 973 3764 (.i)
1005 3696 1338 3753 defendimus
1378 3699 1427 3752 in
1470 3716 1655 3756 caussa
1690 3718 1840 3759 nova:

243 3780 554 3851 prophetae,
595 3787 778 3854 gratia:
808 3791 1071 3855 eestasin,
1106 3790 1154 3845 id
1186 3804 1289 3859 est,
1323 3796 1610 3851 amentiam
1639 3812 1837 3854 conve-

241 3874 395 3928 nire?
426 3872 483 3928 Iu
525 3879 713 3947 spiritu
760 3881 902 3935 enim
952 3882 1111 3939 homo
1153 3888 1495 3954 constitutus,
1544 3895 1837 3960 prtesertim

240 3982 363 4021 eum
392 3969 616 4038 gloriam
660 3972 750 4028 Dei
778 3978 1075 4045 conspicit;
1107 3980 1187 4035 vel
1214 3995 1335 4036 cum
1367 3998 1462 4052 per
1495 3983 1667 4054 ipsum
1700 3986 1841 4043 Deus

241 4060 509 4131 loquitur,
556 4080 777 4122 necesse
849 4078 931 4123 est
983 4072 1191 4127 excidat
1241 4089 1440 4139 censu,
1493 4077 1839 4136 obumbratus

239 4153 448 4209 scilicet
489 4156 683 4212 virtute
715 4159 925 4226 divina;
971 4160 1043 4235 (ε)
1073 4164 1139 4218 de
1173 4183 1277 4235 qtto
1318 4169 1460 4223 inter
1487 4184 1583 4223 nos
1614 4179 1667 4224 et
1710 4188 1836 4242 my-

239 4245 425 4299 chicos
454 4252 679 4319 quaestio
708 4262 807 4306 est.
840 4253 1058 4309 Interim
1088 4255 1238 4313 facile
1266 4270 1347 4313 est
1375 4261 1663 4315 amentiam
1693 4262 1835 4316 Petri

242 4337 491 4407 probare.
525 4341 803 4408 Quomodo
838 4346 978 4400 enim
1024 4346 1236 4418 Moysen
1294 4360 1347 4405 et
1395 4352 1596 4406 Heliam
1642 4368 1838 4422 cogno-

241 4433 442 4497 visset,
478 4435 575 4490 nisi
607 4440 657 4491 iu
698 4438 921 4508 spiritu?
959 4438 1068 4497 Nec
1085 4443 1225 4495 enim
1264 4444 1516 4511 imagines
1542 4463 1726 4500 eorum
1758 4447 1838 4502 vel

239 4532 447 4580 Statuas
506 4529 730 4600 pepulus
781 4532 1052 4590 Ιιειιιιιίδδρι
1133 4545 1187 4590 et
1250 4536 1658 4609 similitudines,
1725 4543 1843 4611 lege

1948 3424 2067 3478 misi
2100 3423 2201 3494 (ϐ).
2253 3418 2308 3475 Si
2356 3422 2499 3475 enim
2549 3419 2853 3489 repromisit
2899 3417 3213 3487 aliquando,
3260 3430 3315 3472 et
3360 3430 3539 3488 postea

1945 3516 2094 3581 dicit,
2135 3514 2229 3568 llic
2278 3523 2386 3577 est;
2438 3512 2554 3583 ejus
2593 3521 2675 3565 est
2716 3510 3018 3565 exltibentis
3068 3524 3201 3565 voce
3245 3510 3318 3564 uti
3363 3511 3412 3563 in
3444 3509 3539 3564 de-

1946 3608 2336 3665 monstratione
2365 3605 2631 3676 promissi,
2676 3605 2764 3676 qtti
2805 3604 3090 3674 aliquando
3117 3605 3400 3675 promisit;
3436 3618 3539 3659 non

1944 3703 2061 3773 ejus
2083 3701 2166 3757 cui
2200 3700 2367 3769 possit
2392 3697 2706 3768 respemleri
2730 3740 2743 3763 ,
2778 3716 2797 3749 ς
2830 3697 2947 3767 Ipse
2968 3696 3110 3751 enim
3139 3706 3193 3750 Ill
3219 3696 3336 3765 quis
3365 3712 3425 3751 es
3452 3696 3541 3766 qtti

1944 3796 2113 3861 dicas,
2154 3794 2251 3847 llic
2292 3804 2364 3848 est
2396 3793 2535 3863 filius
2562 3809 2700 3847 meus
2720 3833 2734 3857 ,
2765 3792 2832 3846 de.
2870 3806 3097 3862 quonon
3128 3791 3297 3861 magis
3324 3790 3539 3860 prmtni-

1942 3888 2084 3951 sisti,
2115 3902 2271 3955 quam
2302 3886 2528 3955 teipsmu
2559 3883 2698 3953 quod
2742 3884 2888 3952 prius
2925 3897 3048 3938 eras
3081 3880 3163 3954 (7)
3194 3881 3483 3937 revelasti?
3516 3900 3535 3932 ι

1949 3980 2103 4035 Hunc
2136 3979 2296 4051 igitur
2325 3978 2514 4040 audite,
2549 3990 2705 4045 quem
2745 3976 2813 4032 ab
2861 3975 3015 4030 initio
3054 3975 3298 4031 edixerat
3322 3974 3543 4028 audien-

1944 4077 2072 4130 dum
2102 4076 2154 4128 in
2188 4072 2405 4127 nomine
2435 4069 2730 4139 prophetm,
2752 4070 3003 4141 quoniam
3034 4076 3088 4123 et
3115 4066 3401 4138 prophetes
3430 4066 3544 4120 exi-

1943 4166 2147 4220 stituari
2198 4162 2427 4218 Itabcbal
2475 4176 2505 4214 a
2558 4161 2772 4231 populo.
2825 4159 2903 4232 (d)
2967 4157 3316 4231 Prop/telam,
3374 4157 3545 4226 inquit

1945 4260 2151 4329 Moyses
2180 4254 2353 4324 (Deut.
2395 4252 2580 4313 XVIII,
2606 4250 2711 4323 I5),
2738 4252 2995 4305 suscitabit
3017 4251 3153 4304 vobis
3174 4248 3308 4304 Deus
3325 4266 3387 4303 εει·
3418 4249 3539 4313 ﬁliis

1944 4349 2116 4402 vestris
2146 4346 2462 4417 (secundum
2487 4346 2753 4397 carnalem
2782 4344 2983 4397 Scilicet
3007 4340 3250 4411 censum)
3290 4340 3368 4409 (8)
3401 4351 3537 4391 tam-

1944 4458 2190 4513 quantum
2212 4457 2229 4493 :
2256 4439 2468 4492 audietis
2486 4437 2565 4508 (9)
2583 4437 2746 4490 illum.
2770 4430 2947 4489 Omnis
2971 4444 3139 4488 autem
3166 4434 3251 4502 qui
3273 4432 3417 4486 illaut
3442 4448 3543 4485 nou

1946 4537 2195 4600 audierit,
2227 4532 2641 4588 exterminabitur
2669 4530 2842 4583 animo
2871 4530 2980 4601 ejus
3009 4528 3072 4583 de
3099 4527 3287 4599 papula
3314 4543 3423 4580 suo.
3455 4526 3543 4580 Sic

1472 4654 1855 4713 LECTIONES
1896 4646 2302 4710 VARIAN'I'ES.

416 4736 710 4815 Dittiniendo
728 4738 798 4815 al.
868 4811 877 4815 Δ
1862 4756 1917 4815 D
2008 4742 2081 4815 (9)
2120 4739 2417 4815 iteprqt‘nisit
2441 4735 2635 4788 Obertlt.

306 4799 381 4871 (3)
416 4799 495 4871 Sic
519 4804 567 4871 in
594 4802 711 4871 κίθζ
728 4807 925 4871 Varroa
1021 4866 1031 4871 _
1862 4799 1914 4815 υ
2122 4799 2239 4871 15m
2262 4805 2402 4871 Puni:
2468 4859 2479 4871 .

306 4862 382 4922 (3)
422 4860 824 4918 Meritmn'Seutl.
864 4866 1061 4919 Obertb.
2011 4860 2085 4922 (δή
2123 4867 2331 4917 Sensum
2355 4860 2521 4913 Paris.
2549 4860 2703 4911 Fran.

308 4872 382 4922 to)
422 4872 647 4914 Meritum
674 4872 824 4918 Seutl.
864 4872 1061 4919 Oberth.
2033 4874 2062 4917 tt
2123 4872 2331 4917 Sensum
2355 4872 2554 4913 Paris.

308 4924 383 4995 (il
425 4928 528 4995 ἔέιιῑι
547 4935 661 4995 me
736 4989 750 4995 _
838 4928 839 4931 “
2011 4872 2087 4995 iui
2126 4928 2395 4979 Audieritis
2413 4928 2554 4976 Pam.

309 4932 385 5049 ta
425 4932 763 5041 tam...

1617 5100 2179 5161 COMMENTARIUS.

318 5209 469 5289 CAP:
503 5212 664 5268 XXII.
691 5244 762 5289 -έ-
786 5215 865 5289 (a)
906 5214 1032 5270 Cum
1075 5216 1442 5289 principalibus
1478 5218 1602 5272 suis.
1627 5218 1843 5274 VatieJ

246 5297 344 5360 nis.
371 5282 491 5356 eod.
506 5282 953 5360 caurprincipibus
964 5282 1086 5343 suis;
1108 5288 1211 5343 Sed
1224 5282 1353 5360 illud
1378 5291 1547 5360 magis
1565 5289 1607 5343 Τ
1611 5291 1845 5345 ertullia—

248 5356 426 5408 nicutn
473 5365 527 5410 et
567 5356 871 5429 Mricantun
905 5359 1099 5428 stylum
1143 5359 1369 5424 redolet,
1415 5356 1549 5429 quos
1596 5362 1663 5414 ita
1696 5369 1847 5415 vocat

244 5434 455 5502 aut-tor,
513 5427 654 5497 quod
685 5429 894 5502 Moyses
922 5427 1175 5502 etIIelias
1209 5427 1458 5501 praecipui
1491 5432 1684 5486 iuerint
1713 5446 1841 5502 pro-

249 5496 541 5574 phetarum
569 5510 829 5574 veterum,
856 5500 1167 5569 jamdudum
1210 5496 1335 5557 ante
1375 5496 1520 5569 illos,
1566 5496 1847 5574 quos-ma-

244 5568 394 5638 jores
422 5584 693 5625 vocamus.
726 5568 864 5626 I’AI.

323 5640 400 5709 (b)
427 5639 592 5717 Quam
613 5642 930 5717 de[etttlittttts
955 5644 1006 5696 in
1032 5660 1209 5699 caussa
1236 5659 1378 5698 nova:
1399 5646 1695 5717 prop/aetiis.
1721 5662 1845 5717 gra-

248 5712 335 5764 tia:
363 5714 599 5777 ecslasitt,
645 5712 699 5764 id
740 5725 813 5767 est
853 5716 1124 5768 autentiuut
1157 5712 1440 5769 convenire.
1502 5716 1615 5771 Hoc
1658 5712 1846 5770 fecisse

250 5781 462 5835 videtur
480 5782 624 5836 libris
642 5783 704 5836 tle
726 5782 942 5845 Erstasi,
962 5801 1186 5856 quorum
1211 5787 1451 5842 meminit
1470 5787 1844 5859 Hieronymus.

1358 5859 1475 5913 th.

328 5926 404 5997 (ιν)
440 5922 513 5977 De
537 5941 636 5996 quo
673 5928 803 5982 inter
830 5943 923 5982 uos
961 5936 1007 5981 et
1042 5928 1302 5999 psyclticos
1340 5930 1553 5997 qutt’stio
1577 5937 1668 5985 cst.
1712 5927 1845 5997 Psy—

1948 5218 2223 5271 ehicnrum
2263 5213 2348 5269 hic
2396 5212 2623 5282 primum
2652 5209 2893 5282 omnium
2938 5207 3076 5262 facta
3106 5215 3187 5261 est
3209 5203 3294 5282 _ah
3319 5210 3541 5282 auctore

1951 5289 2176 5349 mentio;
2231 5278 2407 5355 quare
2458 5293 2602 5353 patet
2660 5283 2807 5355 initio
2853 5280 3124 5335 luereseos
3173 5278 3242 5331 ab
3316 5281 3536 5327 auctore

1952 5360 2092 5413 Intuc
2123 5352 2311 5429 librum
2338 5352 2719 5429 conScriptutn.
2752 5352 2870 5429 Itis.
3002 5420 3045 5429 __
3090 5419 3123 5429 __
3240 5416 3275 5429 η

2026 5429 2107 5499 (d)
2156 5428 2496 5498 PrOpheImn,
2540 5413 2716 5499 inquit
2742 5423 2967 5499 Moyses.
2989 5419 3165 5499 Multo
3207 5413 3536 5499 aliter'b‘att'c

1950 5486 2279 5569 Scripturam
2322 5486 2657 5573 (inaequale
2706 5486 2863 5573 hodie
2916 5493 3160 5573 habetur.
3188 5486 3535 5573 εψιιςιηξιῖίῖᾆ3

1954 5571 2046 5627 sed
2073 5558 2253 5639 potius
2273 5558 2564 5639 secundum
2598 5565 2735 5637 quod
2760 5568 2930 5639 eitaL,
2955 5567 3065 5639 lict.
3098 5561 3161 5615 IIl
3193 5558 3241 5614 et
3276 5558 3539 5639 ‘v‘IlI,httec

1955 5627 2146 5697 mirtim
2200 5655 2320 5692 eum
2362 5639 2443 5691 bis
2487 5627 2859 5712 idips'utnaliis
2886 5636 3363 5712 verbisrepetatur
3396 5627 3535 5712 l)eu-_

1949 5725 2065 5773 ιον..
2094 5708 2276 5773 XVIII,
2304 5724 2527 5780 quorum
2564 5699 2618 5780 ἰιι
2638 5710 2731 5760 iori
2778 5707 2897 5760 loco
2942 5706 3109 5773 magis
3135 5699 3329 5780 accedit
3353 5742 3367 5766 ,
3395 5699 3538 5780 quod

1951 5772 2108 5840 habet
2151 5796 2271 5836 eum
2312 5772 2582 5852 apostolo
2608 5778 2765 5831 I’etrn
2803 5788 3008 5852 auctor,
3036 5772 3313 5852 suscilttbit
3345 5772 3492 5852 _robis
3515 5783 3537 5822 :

1952 5866 2308 5925 praeterquam
2349 5846 2492 5925 quod
2528 5850 2773 5925 ibi‘est:
2820 5850 2905 5902 tibi
2950 5864 3015 5903 ex
3076 5846 3358 5918 posteriori
3408 5853 3537 5895 vero

1950 5917 2069 5984 Ioco
2090 5917 2385 5995 desumpsit
2412 5920 2562 5977 illud.
2592 5917 2731 5977 Pu.
