2134 3246
327 168 381 200 H5

1041 167 1270 212 mammam

1921 173 1980 202 616

328 232 356 256 et
370 228 451 257 Isaias
462 228 525 265 (In,
540 229 571 262 L,
585 229 630 267 IO)
645 237 654 257 :
676 229 740 263 Quit
752 230 779 257 in
788 230 857 257 vobis
870 217 992 261 metuens,
1002 227 1123 256 exaudiat
1138 225 1163 255 A
1176 229 1244 256 ciem
1261 228 1392 257 risiltilem
1408 237 1438 258 se
1459 230 1483 258 ei
1501 230 1662 266 repromittit
1676 231 1729 266 (9).
1747 231 1828 259 etiam
1841 231 1874 258 ad
1890 232 1983 259 Aaro-

327 280 413 302 vocem
427 274 475 309 ﬁlii
487 275 562 312 rjus.’
576 275 661 309 Quam
676 280 703 303 et
723 276 781 311 ipse
793 275 873 303 Pater
890 273 1125 303 commendaturus

333 325 399 348 erat.
417 320 456 357 (τι)
468 321 567 349 Sistens
580 322 651 350 enim
666 322 707 358 (I)
718 322 792 350 verba
804 322 854 357 ﬁlii
865 322 916 355 sui.
929 321 1044 350 dicendo
1056 321 1126 349 sciti-

330 371 393 394 cet:
418 366 469 393 llic
490 372 528 394 est
549 368 619 402 ﬁlius
633 376 704 396 metu
722 368 849 401 dilectus;
874 368 942 395 hunc
954 368 1039 395 audite
1052 386 1060 398 ,
1084 367 1125 393 iu-

330 412 388 447 quit
407 411 458 448 (2).
487 413 578 448 Itaque
605 415 655 441 etsi
670 414 738 442 facta
751 414 891 442 translatio
907 414 943 441 sit
954 412 1098 441 auditionis
1111 420 1126 440 a

330 456 424 494 Moyse
446 464 469 487 et
493 458 569 487 Helia
585 460 611 487 in
626 459 733 488 Christo
755 459 794 496 (ὃ)
806 480 813 492 .
833 459 881 488 sed
897 468 962 489 non,
974 464 1002 487 ut
1020 460 1054 487 ab
1074 459 1127 487 alio

333 503 387 532 dco
398 526 406 537 ,
423 513 474 534 nec
486 506 519 534 ad
534 507 614 534 alium
627 507 768 540 cbristum,
782 507 830 535 sed
842 515 857 534 a
870 507 998 535 Creatore
1009 507 1035 534 in
1051 506 1127 534 Citri-

333 553 404 578 stum
427 551 503 586 ejus,
528 552 674 579 secundum
688 552 872 581 decessioacm
891 552 1010 585 Veteris,
1025 557 1052 580 et
1066 559 1127 579 suc-

334 597 487 624 cessionem
518 597 583 625 Novi
607 598 782 627 Testamenti.
814 599 872 626 Non
898 598 1020 634 legatus,
1045 598 1130 633 inquit

338 640 419 670 Isaias
438 642 501 678 (11..
523 643 616 677 LXIII,
637 643 682 679 9),
708 651 757 672 nec
772 644 891 677 nuntius,
907 644 953 673 sed
967 646 1021 679 ipse
1037 644 1129 672 Domi-

336 695 387 717 nus
401 689 440 724 (6)
456 690 539 718 salvos
561 699 603 718 eos
630 692 689 727 fecit
711 691 771 727 (5);
795 692 853 726 ipse
872 691 927 727 jum
943 691 1092 726 prmdieans
1103 695 1130 718 ct

335 735 452 771 impleas
471 735 571 772 Legem
593 742 620 765 et
645 738 798 773 prophetas.
821 736 939 765 Tradidit
955 737 1033 773 igitur
1052 737 1131 765 I’atcr

337 782 406 811 Filio
419 783 564 819 discipulos
575 791 668 816 novos,
679 784 794 811 ostensis
810 783 882 818 prius
895 791 956 811 cum
976 783 1022 811 illo
1041 783 1131 819 Moyse

337 834 366 858 et
376 829 451 858 Ilelia
469 831 495 858 in
509 830 639 858 claritatis
653 831 838 866 prterogativa,
855 835 935 865 atque
950 830 985 857 ita
1001 829 1130 863 dimissis,

337 875 414 911 quasi
431 876 488 911 jam
510 880 538 904 et
556 875 645 904 officio
668 881 697 905 et
719 876 821 904 honore
844 876 1012 911 dispunctis;
1039 880 1068 902 ιιι
1081 875 1133 903 hoc

1178 282 1239 302 nent
1254 274 1347 303 dicens
1358 274 1465 312 (Num,
1484 275 1544 310 XII,
1561 275 1590 313 6)
1605 284 1613 304 :
1635 276 1693 313 (I0)
1712 276 1743 305 Si
1753 277 1830 311 fuerit
1840 277 1983 312 prophetes

1177 320 1203 347 in
1221 321 1301 354 vobis,
1322 321 1349 349 in
1368 322 1464 349 uisione
1476 330 1617 357 cognoscar
1630 322 1681 355 illi,
1696 327 1720 350 et
1734 323 1760 350 in
1775 323 1870 350 uitiatae
1884 322 1983 358 loquar

1178 368 1212 393 ad
1222 375 1289 398 eum.
1305 376 1356 395 non
1368 368 1495 403 quomodo
1507 368 1542 395 ad
1555 368 1681 405 Moysen:
1697 376 1725 396 os
1748 369 1782 396 ad
1796 376 1825 396 oe
1838 368 1930 403 loquar
1944 368 1985 396 ad

1178 422 1235 441 eum
1248 414 1305 450 (Il)
1318 415 1345 442 in
1357 415 1441 450 specie
1459 415 1564 450 (utique
1578 415 1706 447 hominis.
1718 422 1798 450 quam
1814 419 1873 442 erat
1886 418 1984 450 gesta

1180 461 1267 496 turus)
1277 481 1284 493 ,
1300 462 1388 488 nonin
1399 462 1547 497 aenigmate.
1559 461 1626 489 Nam
1639 461 1690 489 etsi
1705 460 1742 497 (Iv)
1756 460 1872 488 Marcion
1890 460 1986 488 noluit

1179 514 1241 534 eum
1270 507 1466 543 colloquentem
1492 507 1607 535 Domino
1638 511 1797 539 ostensum,
1826 506 1873 534 sed
1901 511 1985 534 start-

1180 558 1234 581 tem
1246 562 1254 585 ;
1266 553 1323 588 (42)
1345 558 1434 581 tamen
1448 559 1476 581 et
1494 557 1569 581 stans
1583 561 1615 581 os
1625 552 1658 580 ad
1673 560 1705 581 os
1724 553 1819 584 stabat,
1841 557 1869 580 et
1881 552 1984 580 faciem

1181 599 1213 627 ad
1228 599 1321 627 faciem
1336 606 1398 627 cum
1414 599 1470 632 illo,
1483 599 1589 634 inquit,
1604 606 1658 627 non
1674 603 1753 626 extra
1769 597 1860 631 illum,
1876 597 1902 625 in
1917 597 1985 633 κιο·

1181 645 1248 673 riam
1265 645 1357 680 ipsius,
1373 645 1470 673 nedum
1485 646 1511 672 in
1525 649 1701 681 conspectum
1717 644 1788 680 (I3).
1803 644 1841 672 De
1853 651 1904 679 qua
1918 643 1986 679 glo-

1182 691 1220 719 ria
1241 691 1385 719 nonaliter
1409 691 1557 719 illustratus
1578 690 1705 718 discessit
1719 698 1733 717 a
1754 689 1880 723 Christo,
1899 697 1986 724 quam

1182 738 1287 766 solebat
1316 745 1331 765 a
1362 737 1512 766 Crcatore:
1543 737 1655 773 proinde
1687 741 1750 764 tmte
1771 736 1866 764 oculos
1880 743 1986 771 percu-

1184 784 1252 812 tiens
1277 783 1334 820 (M)
1357 783 1472 810 filiorum
1494 783 1613 816 Israelis,
1627 781 1854 818 quemadmodum
1868 786 1896 809 t-t
1909 789 1987 809 nunc

1183 831 1308 859 διεκαιί
1324 830 1476 863 Marcionis,
1490 830 1536 866 qui
1551 829 1602 857 hoc
1614 837 1721 866 quoque
1731 833 1921 864 argumentum
1931 826 1986 855 ad-

1184 884 1278 905 versus
1293 884 1323 905 se
1335 876 1425 905 lacere
1439 884 1494 904 non
1509 875 1584 904 vidit.
1601 875 1725 911 Suscipio
1738 875 1765 903 in
1781 882 1824 902 tne
1838 880 1986 910 personam

339 921 426 957 ipsum
438 921 642 950 confirmaretur
657 927 765 958 propter
780 922 941 950 Marcionem
953 943 962 955 ,
976 922 1132 950 societatem
1147 922 1172 953 Β
1185 922 1300 951 Israclis.

338 975 400 996 esse
424 968 505 995 etiam
527 968 657 996 claritatis
681 968 781 996 Christi
805 976 865 996 cttm
886 967 977 1003 Moyse
999 973 1026 995 et
1046 967 1130 995 Helia.

340 1012 437 1041 Totum
453 1020 542 1041 autem
559 1014 678 1042 habitum
692 1014 803 1042 visionis
818 1014 893 1041 istius
909 1014 1038 1042 habemus
1051 1014 1132 1041 etiam

341 1060 411 1097 apud
435 1060 575 1094 Habacuc,
598 1061 641 1089 ubi
661 1061 775 1097 Spiritus
802 1069 834 1089 ex
858 1069 973 1096 persona
1001 1060 1134 1088 interdum

341 1108 523 1143 apostolorum
551 1107 679 1142 (Heliam,
692 1108 738 1141 III,
753 1108 781 1144 ἓ)
825 1108 933 1135 Domine
943 1128 950 1140 ,
964 1108 1050 1134 audivi
1063 1106 1138 1134 aitdi-

343 1159 397 1182 tum
411 1159 492 1187 tuum,
507 1159 531 1182 et
544 1154 658 1181 extimui.
679 1154 764 1188 Quem
780 1155 864 1188 magis
878 1161 957 1189 qttatn
973 1153 1045 1180 vocis
1057 1152 1138 1181 cmic-

343 1199 393 1227 stis
408 1199 496 1233 illius,
511 1199 561 1226 llic
580 1204 617 1227 est
638 1200 708 1233 ﬁlius
727 1207 796 1226 meus
813 1198 919 1226 dilectus
930 1219 936 1231 ,
952 1198 1020 1225 [tunc
1034 1197 1139 1224 audite?

343 1245 508 1274 Cousideram'
522 1254 599 1282 opera
612 1251 657 1273 tua
677 1245 732 1282 (6),
765 1252 787 1273 ct
813 1246 897 1273 excidi
924 1251 1017 1273 tuente.
1047 1245 1139 1278 Quan-

347 1291 383 1320 do
397 1292 437 1329 (7)
461 1292 545 1328 magis
557 1313 564 1324 .
583 1301 663 1327 quam
676 1300 736 1320 cum
758 1293 812 1319 visa
835 1292 956 1319 claritate
971 1292 1040 1326 ejus,
1057 1291 1142 1318 nescit

346 1338 410 1373 quid
429 1338 532 1367 diceret
551 1338 662 1366 Petrus?
690 1338 723 1365 In
749 1338 832 1365 medio
858 1339 967 1365 duorum
991 1337 1142 1364 animalium

347 1385 518 1420 cognosceris,
532 1383 616 1420 Moysi
631 1389 658 1412 ct
687 1383 781 1412 Ηοιίω.
799 1384 836 1412 De
849 1383 946 1419 quibus
959 1389 985 1411 et
1000 1382 1144 1411 Zacharias

351 1429 456 1466 (lac/tu
471 1429 516 1463 IV,
531 1431 548 1458 ὅ
564 1435 589 1458 et
603 1430 648 1466 14)
665 1430 731 1458 vidit
746 1433 771 1457 iu
787 1432 870 1465 figura
886 1431 998 1457 duarttm
1013 1430 1143 1461 olearum,

351 1480 380 1503 et
392 1475 506 1503 duorum
522 1476 685 1504 rautulorum
700 1477 779 1505 clem.
796 1477 861 1504 Nam
877 1475 904 1503 hi
919 1481 992 1506 sunt.
1004 1475 1037 1502 de
1050 1474 1146 1509 quibus

353 1521 455 1550 dictum
468 1527 510 1550 est
524 1522 562 1549 illi
575 1530 583 1548 ι
607 1522 664 1550 Duo
676 1523 728 1557 ﬁlii
740 1522 878 1558 opimitatis
897 1522 1023 1549 adsistunt
1037 1520 1146 1548 Domino

351 1572 475 1599 universi:
488 1575 573 1598 teme.
589 1570 622 1599 Et
636 1578 740 1598 rursum
756 1571 824 1598 idem
836 1571 959 1599 Habacuc
969 1568 1092 1604 (Habua,
1102 1568 1147 1602 III,

1472 966 1586 996 CAPUT
1605 966 1697 995 XXIII.

1221 1016 1279 1044 Stet
1299 1015 1416 1043 christus
1436 1015 1587 1046 Marcionis,
1607 1020 1634 1042 et
1648 1014 1801 1043 exclamet:
1822 1012 1845 1041 0
1867 1013 1990 1050 genitura

1187 1062 1329 1093 t'ncrrdnla,
1343 1069 1473 1096 quousque
1491 1069 1534 1088 ero
1546 1060 1617 1096 apud
1632 1060 1696 1088 vos!
1715 1068 1844 1095 quousque
1857 1059 1991 1086 sustinebo

1188 1117 1231 1135 uos
1247 1108 1328 1144 (I5)?
1351 1108 1445 1135 Statim
1466 1115 1481 1133 a
1506 1115 1548 1134 nte
1568 1107 1661 1135 audire
1685 1106 1804 1138 debebit,
1820 1105 1992 1141 Quisquiscs

1192 1154 1353 1191 (Ῐπιρχὸμιψ)
1363 1154 1572 1189 cperchomenc,
1590 1154 1663 1189 pritts
1677 1153 1728 1181 ede
1743 1153 1787 1188 qui
1804 1153 1853 1186 sis,
1863 1158 1891 1180 et
1904 1160 1919 1180 a
1936 1159 1993 1187 quo

1192 1203 1297 1234 venias,
1312 1206 1338 1229 et
1353 1201 1424 1235 quod
1439 1201 1464 1227 in
1481 1199 1558 1228 nobis
1571 1200 1617 1227 tibi
1628 1199 1683 1235 jus.
1699 1199 1789 1234 USque
1804 1198 1892 1226 adhuc
1908 1198 1995 1226 Crea-

1192 1248 1258 1276 toris
1271 1255 1312 1276 cst
1326 1248 1383 1284 (l6)
1403 1252 1487 1274 totttm
1512 1246 1580 1281 apud
1598 1250 1634 1273 te.
1656 1246 1738 1274 Plane
1753 1246 1774 1274 si
1788 1246 1822 1273 ab
1837 1245 1883 1273 illo
1904 1245 1993 1278 renis,

1193 1299 1223 1323 et
1247 1294 1285 1321 ilii
1306 1294 1373 1328 agis,
1393 1293 1560 1320 admittimus
1581 1292 1804 1327 increpationcm.
1828 1292 1857 1319 Si
1878 1298 1948 1319 vero
1960 1291 1996 1318 ab

1194 1341 1247 1368 alio
1257 1362 1264 1374 ,
1276 1340 1349 1367 dicas
1369 1340 1448 1367 relint
1463 1339 1524 1374 quid
1540 1339 1616 1366 nobis
1630 1346 1755 1374 umquam
1771 1338 1806 1366 de
1821 1343 1867 1365 tuo
1880 1338 1997 1365 coturni-

1195 1387 1265 1419 sisti,
1278 1386 1348 1422 quod
1362 1385 1473 1413 credere
1486 1385 1686 1418 detulissemus,
1701 1390 1728 1412 ut
1739 1384 1888 1420 exprobres
1903 1384 1996 1412 incre-

1196 1433 1335 1460 dulitatem
1346 1453 1353 1465 ,
1377 1432 1422 1467 qui
1435 1439 1484 1459 nec
1498 1431 1584 1466 ipsum
1600 1430 1744 1466 aliquando
1758 1431 1836 1458 nobis
1856 1429 1996 1458 rereIasti.

1197 1479 1282 1513 Quam
1298 1479 1362 1505 olim
1375 1478 1445 1513 apud
1464 1485 1513 1505 nos
1528 1485 1607 1513 agere
1626 1477 1743 1512 cmpisti,
1761 1482 1789 1504 ιιι
1803 1482 1909 1512 tempus
1922 1484 1999 1512 quaa-

1199 1525 1285 1554 raris?
1305 1523 1334 1551 ltt
1348 1524 1447 1559 quibus
1471 1529 1521 1550 nos
1543 1523 1707 1555 sustinuisti.
1729 1527 1757 1550 ut
1776 1523 1933 1558 patientiam
1949 1523 2000 1549 im-

1200 1570 1297 1606 putes?
1321 1569 1418 1596 Asinus
1435 1569 1469 1597 de
1484 1568 1579 1603 ΛΕΜρὶ
1603 1573 1684 1603 puteo
1704 1567 1786 1595 modo
1799 1568 1887 1600 venis,
1904 1572 1931 1595 ct
1943 1567 2001 1603 jam

353 1617 381 1653 ὅ)
395 1626 401 1645 :
416 1616 523 1653 Operuit
536 1617 611 1644 caelos
624 1617 721 1650 virtus;
737 1617 827 1652 utique
840 1616 933 1644 nubilo
950 1615 1006 1643 illo.
1019 1614 1052 1642 Et
1063 1616 1146 1650 spleu-
1161 1615 1184 1646 C

1161 1615 1184 1646 C
1200 1617 1346 1645 exclamas.
1362 1615 1485 1651 Suscipio
1498 1615 1586 1643 adhuc
1601 1619 1628 1643 et
1648 1621 1791 1650 personam
1804 1613 1999 1649 discipulorum

354 1663 402 1690 dor
416 1663 471 1698 ejus
491 1668 518 1690 ut
537 1663 583 1691 lux
595 1665 659 1697 erit;
684 1663 774 1699 utique
789 1670 841 1698 qua
860 1663 940 1690 etiam
964 1661 1076 1689 vestitus
1090 1660 1148 1696 ejus

355 1708 471 1737 refulsit.
491 1709 525 1736 Et
545 1710 567 1737 si
588 1716 830 1737 commemorentur
845 1708 1030 1744 promissionis
1050 1707 1149 1743 Moysi,

356 1756 400 1784 hic
428 1755 578 1783 Invenietur
602 1760 747 1791 expuncta.
774 1756 839 1783 Cum
866 1756 938 1783 enim
971 1754 1152 1783 desiderasset

357 1806 532 1836 conspectum
555 1801 660 1829 Domini
685 1801 789 1837 Moyses
803 1801 915 1829 dicens:
937 1801 968 1829 Si
988 1809 1047 1836 ergo
1070 1800 1154 1827 inveni

359 1847 471 1883 gratiam
490 1855 576 1874 corum
597 1851 630 1877 te.
655 1848 789 1883 manifesta
804 1852 828 1874 te
843 1847 904 1874 mihi
915 1868 923 1881 ,
938 1851 964 1874 ut
977 1850 1155 1882 cognoscenter

360 1893 459 1921 videam
474 1898 518 1927 te;
538 1900 599 1921 eum
615 1898 789 1928 conspectunt
805 1892 962 1921 desiderans
972 1914 980 1926 ,
997 1894 1022 1919 in
1037 1899 1089 1926 quo
1106 1891 1154 1918 lto-

360 1940 460 1969 minem
471 1945 543 1968 esset
551 1940 741 1975 :tcturus,quod
753 1940 882 1975 pmphcta
893 1939 1155 1970 sriebat.Castcrttm,

362 1985 412 2014 Dei
426 1986 515 2021 facient
528 1985 591 2021 (jam
600 1985 731 2021 audierat)
745 1994 817 2013 nemo
831 1987 906 2014 ltomo
921 1986 1012 2013 ridebit
1022 1993 1061 2012 me
1074 1984 1125 2020 (8),
1135 1990 1158 2011 et

363 2032 427 2060 eiset
451 2031 706 2068 (Exod.,XXXIIl).
726 2032 759 2060 Et
784 2033 871 2063 hunc.
895 2033 997 2068 inquit,
1020 2038 1160 2058 sermonem

363 2085 438 2114 quem
451 2078 548 2110 dixisti,
564 2079 658 2113 faciant
677 2078 730 2105 tibi.
749 2078 781 2106 Et
796 2086 888 2106 rursus
902 2078 1006 2110 Moyses
1019 2086 1026 2104 :
1051 2075 1162 2103 Ostende

366 2124 430 2151 milii
452 2123 561 2159 gloriam
575 2128 655 2151 tuam.
673 2123 707 2151 Et
722 2124 851 2152 Dominus
864 2125 988 2153 similiter
1002 2123 1036 2152 de
1051 2124 1141 2151 futuro
1154 2130 1162 2149 :

368 2168 426 2206 Ego
438 2169 579 2204 precedent
589 2170 614 2197 in
627 2170 709 2205 gloria
722 2179 794 2204 mea;
815 2176 842 2199 et
853 2172 964 2206 reliqua.
980 2171 1015 2199 Et
1025 2171 1050 2198 itt
1065 2168 1164 2199 novis-

367 2218 459 2246 Simo:
482 2215 515 2243 Et
532 2221 591 2243 tunc
612 2217 707 2244 videbis
726 2221 867 2253 posteriora
888 2226 953 2245 utea.
976 2218 1032 2246 Non
1048 2219 1164 2251 IutuboS.

370 2273 421 2294 nec
433 2273 527 2299 suras;
540 2266 586 2294 sed
601 2274 680 2302 quam
692 2265 894 2293 desideraverat
906 2265 1019 2301 gloriam
1034 2267 1059 2294 iu
1075 2272 1165 2303 poste-

1201 1663 1227 1690 iu
1241 1670 1308 1697 quos
1321 1661 1432 1690 insiliit:
1457 1660 1480 1688 0
1502 1661 1572 1688 natio
1590 1661 1733 1694 incredula,
1746 1659 1869 1694 quamdiu
1883 1667 1927 1687 ero
1955 1667 2001 1686 oo-

1201 1708 1317 1736 biscmn?
1340 1708 1462 1743 quamdiu
1483 1715 1526 1734 uos
1547 1707 1698 1735 sustinebo?
1724 1706 1799 1734 Ilanc
1831 1706 2002 1742 eruptionem

1203 1755 1261 1789 ejus
1275 1755 1365 1790 utique
1377 1754 1428 1782 hoc
1442 1752 1521 1781 modo
1530 1754 1681 1788 justissime
1693 1757 1894 1788 repercuterem
1906 1760 1913 1779 :
1924 1751 2006 1786 Quis-

1204 1802 1265 1838 quis
1276 1809 1307 1830 es
1321 1802 1482 1837 (επιρχάμινι)
1492 1800 1697 1835 eperchomenc,
1713 1800 1786 1834 prius
1795 1797 1845 1827 edé
1859 1798 1905 1834 qui
1919 1798 1957 1826 sis
1968 1819 1976 1831 ,
1988 1805 2005 1825 a

1205 1856 1259 1884 quo
1271 1848 1374 1881 venias,
1388 1846 1459 1883 quod
1473 1846 1519 1874 tibi
1532 1846 1576 1882 jus
1591 1845 1624 1873 sit
1639 1846 1666 1873 in
1682 1844 1779 1873 nobis?
1797 1844 1889 1880 Usque
1904 1843 2004 1877 adhuc,

1208 1899 1283 1931 puto,
1296 1894 1432 1922 Creatoris
1443 1901 1484 1926 es,
1492 1897 1520 1921 et
1532 1893 1593 1920 ideo
1605 1892 1693 1920 secuti
1707 1898 1800 1919 sumus
1811 1896 2007 1925 recognoscen-

1210 1946 1250 1969 tes
1260 1941 1350 1968 omnia
1366 1939 1437 1967 illius
1450 1939 1476 1966 iu
1493 1944 1528 1967 te.
1552 1937 1629 1972 Quod
1644 1937 1667 1964 si
1682 1936 1717 1965 ab
1728 1937 1776 1964 illo
1789 1936 1874 1968 venis.
1888 1934 2009 1963 admittis

1210 1994 1270 2015 mus
1290 1986 1510 2021 inerepationem.
1529 1983 1559 2012 Si
1582 1990 1646 2011 vero
1658 1983 1702 2010 alii
1716 1982 1783 2017 agis,
1797 1989 1849 2009 oro
1869 1985 1895 2009 te
1908 2001 1915 2013 .
1935 1980 2010 2008 dicas

1211 2034 1275 2070 quid
1296 2033 1372 2061 nobis
1392 2032 1533 2068 aliquando
1553 2029 1712 2058 commisisti
1735 2028 1876 2057 dumtaxat
1897 2027 1931 2055 de
1951 2032 2008 2060 tuo,

1212 2079 1284 2115 quod
1303 2079 1359 2114 jam
1380 2077 1528 2105 credidisse
1543 2076 1749 2107 debuissemus,
1764 2079 1794 2102 ut
1807 2073 1955 2108 exprobres
1969 2073 2010 2100 in-

1214 2125 1417 2158 credulitatem,
1434 2124 1480 2160 qui
1503 2131 1553 2152 nec
1571 2126 1708 2151 auctorem
1733 2126 1807 2149 tuum
1822 2127 1907 2156 usque
1925 2119 2012 2148 adhuc

1215 2172 1294 2200 edis?
1313 2171 1397 2205 Onam
1411 2170 1475 2198 olim
1490 2174 1578 2197 autem
1594 2167 1664 2203 apud
1679 2174 1729 2194 nos
1742 2174 1822 2202 agere
1835 2165 1941 2201 cepisti
1955 2186 1962 2198 ,
1981 2169 2011 2192 ιιι

1217 2224 1322 2253 tempus
1335 2224 1441 2252 quoque
1458 2214 1598 2251 Opponas?
1610 2213 1639 2242 In
1654 2213 1751 2249 quibus
1765 2217 1855 2240 autem
1871 2218 1920 2245 nos
1933 2211 2013 2239 susti-

1219 2263 1320 2297 nuisti,
1344 2267 1373 2290 ut
1393 2266 1420 2290 et
1441 2260 1594 2297 patientiam
1615 2258 1720 2294 jactes?
1740 2258 1839 2286 Asinus
1858 2256 1894 2286 de
1917 2255 2011 2291 λεξορί

369 2313 486 2343 tioribus
497 2314 662 2349 temporibus
674 2312 854 2341 rerelandam.
876 2313 903 2341 In
919 2321 984 2349 qua,
999 2302 1113 2342 faciead
1127 2314 1168 2342 fu-
1179 2310 1207 2341 1)
1220 2318 1300 2349 puteo
1315 2308 1394 2337 modo
1405 2308 1457 2335 huc
1469 2306 1604 2343 apparuit,
1620 2311 1646 2334 et
1660 2305 1714 2341 jam
1728 2303 1872 2333 exclamat.
1885 2302 1952 2337 Quis
1963 2308 2014 2330 non

984 2380 1176 2410 LECTIONES
1195 2376 1399 2409 VARIANTES.

405 2436 443 2502 fl)
461 2440 546 2478 Inquit‘
552 2439 613 2476 add:
625 2440 695 2465 Pam.

417 2473 444 2502 '2)
466 2472 545 2502 qumt
562 2474 642 2502 0mm.
654 2472 695 2496 Pu

407 2472 446 2532 (’2)
466 2472 545 2508 quuit
562 2472 637 2497 omiu.
654 2472 726 2496 Pam.

407 2503 434 2532 I5
466 2503 586 2529 Christum
598 2501 652 2527 eod.
668 2507 758 2527 Wouw.

408 2532 446 2595 (gi
466 2535 533 2573 Qeus
544 2532 620 2560 Seml.
633 2532 732 2558 Obertlt.

441 2568 448 2595 )
467 2564 554 2590 Isactet
565 2563 662 2591 οοσηιι.
680 2593 685 2595 _

409 2593 448 2657 $6)
466 2596 572 2628 Operam
584 2600 649 2631 tuam
660 2593 694 2620 al.

422 2628 436 2652 7
468 2627 563 2657 Quanto
581 2627 663 2653 Parte.
675 2633 694 2657 qi

422 2626 448 2662 fl)
468 2626 563 2662 Quanto
580 2626 663 2662 raris.
675 2626 812 2662 quo_Fran.

412 2660 450 2692 (8)
469 2658 509 2684 Me
518 2658 584 2684 obest
594 2658 648 2691 [τίς.
660 2660 740 2683 Venet.

1266 2436 1293 2467 9)
1312 2434 1494 2467 kept-omiserat.
1504 2430 1580 2467 Segni.

1271 2462 1309 2494 I0)
1330 2462 1359 2491 Et
1371 2465 1444 2490 inser.
1459 2462 1558 2489 Oberlin.

1270 2491 1309 2525 ii)
1326 2497 1363 2522 Ad
1376 2503 1431 2520 eum
1446 2493 1521 2519 οιηὶιι.
1541 2491 1616 2519 Seml.

1271 2525 1309 2559 12)
1327 2529 1356 2553 Et
1368 2527 1427 2552 add.
1442 2525 1490 2559 [τίς.

1270 2556 1308 2590 15)
1328 2556 1583 2590 Conspectu'ObertIt.

1272 2592 1310 2621 I4)
1331 2592 1469 2615 Percutere
1481 2593 1548 2621 Pam.
1568 2618 1574 2621 _
1710 2615 1715 2621 ⁸

1272 2613 1312 2678 ξ
1331 2613 1465 2678 ἓὲὸόῗὲὲιᾱ
1475 2618 1601 2645 sustinebo
1613 2623 1656 2642 vos
1667 2615 1743 2642 συκέα.
1759 2613 1836 2642 Seml.

1300 2531 1312 2687 ἓ

1070 2705 1350 2738 COMMENTARIUS.

422 2781 459 2818 (ι)
474 2781 573 2809 Sittens
584 2780 661 2818 enim,
674 2780 768 2818 inquit:
775 2779 855 2818 uerba
864 2780 915 2818 [itii
925 2781 974 2818 sui,
986 2784 1038 2808 etc.
1054 2779 1170 2818 Rursum

384 2814 465 2846 vei-tit
478 2821 570 2844 auctor
589 2816 668 2844 verba
683 2816 733 2844 Isa.
748 2815 838 2847 XLIV.
855 2816 902 2850 ﬁlii
917 2816 957 2843 sui
968 2836 974 2847 ,
992 2823 1040 2850 pro
1052 2823 1085 2843 eo
1099 2814 1170 2850 quod

386 2860 473 2889 graneo
487 2853 568 2889 mat;
581 2859 639 2889 ceu;
655 2859 770 2889 proque
779 2851 833 2883 alii.
847 2852 917 2889 pueri
931 2852 970 2879 sui
984 2858 1057 2889 ;quo
1071 2850 1170 2889 factum

388 2886 417 2916 iit
434 2887 589 2923 difﬁcillime
611 2887 686 2915 locus
705 2886 748 2915 hic
766 2887 878 2915 inveniri
898 2887 1030 2923 potuerit,
1054 2886 1171 2923 maxime

389 2931 450 2952 cum
475 2923 505 2951 Β.
527 2922 705 2960 Hieronymus
726 2931 759 2951 ex
788 2921 905 2951 ltebrteo'
916 2927 1021 2956 vertat,
1046 2921 1172 2950 suscitans

1224 2777 1340 2805 uerbum.
1359 2775 1428 2803 Pu.

1259 2812 1299 2849 (b)
1320 2810 1440 2849 giarium
1455 2809 1536 2849 notuit
1546 2808 1802 2849 eunucoltoqueutem
1822 2805 1936 2849 Domino
1948 2808 2022 2849 osten-

1223 2841 1297 2877 suin.’
1320 2846 1361 2874 Es
1382 2845 1528 2880 Evangelia
1555 2844 1586 2871 Β.
1607 2841 1836 2880 Lucag‘deleverat
1862 2841 2023 2880 collegimus

1222 2874 1283 2911 iii.
1293 2882 1350 2913 illo.
1359 2874 1598 2916 verumvpreutitur
1609 2880 1652 2907 hic
1660 2878 1778 2916 Marcion
1802 2884 1835 2906 es
1845 2883 1906 2912 cap.
1925 2874 2023 2903 XXXIV

1223 2918 1318 2948 Exodi.
1334 2918 1360 2943 in
1374 2924 1428 2952 quo
1440 2913 1511 2944 id'em
1530 2914 1652 2944 refertur.
1668 2913 1705 2943 Ls
1716 2914 1763 2941 Pu.
