4268 6492
211 367 314 422 -117

1275 363 1402 420 LIB.
1441 363 1504 418 IV
1547 361 1912 420 ADVERSUS
1949 361 2373 422 MARCIONEM.

3405 358 3512 419 M8

212 483 284 536 ita
317 481 636 550 injustitiaiu
668 479 1052 551 iucrepationis
1089 477 1420 544 retudisset,
1454 479 1498 533 si
1539 479 1659 548 ejus
1687 493 1807 534 eum
1838 482 1889 540 Α
1914 479 1968 532 in
2003 480 2108 550 igni
2137 480 2330 551 (inquit
2356 477 2658 550 Dominus),
2685 479 2774 533 sed
2798 479 2851 533 in
2873 479 3055 551 spiritu
3085 480 3213 534 miti.
3261 479 3329 534 At
3367 476 3512 533 enim

209 572 574 637 credidisset,
605 572 694 642 qui
730 570 964 628 uoudum
1003 570 1156 640 queri
1199 569 1514 626 debuisset?
1545 569 1644 623 nisi
1673 568 1812 637 quod

213 679 315 719 uec
343 664 438 720 ille
464 679 560 721 eos
586 664 864 729 insilisset,
891 664 934 716 si
965 678 1070 718 non
1101 662 1227 716 olim
1253 662 1392 732 apud
1423 661 1542 715 illos
1572 661 1622 714 in
1652 660 1812 730 Lege,

218 757 271 810 in
303 756 609 826 prophetis,
647 757 698 810 iu
742 755 1029 810 virtutibus
1061 764 1116 809 et
1147 753 1422 809 beneficiis
1459 751 1776 807 deversatus
1797 792 1813 817 ,

213 848 520 904 incredulos
558 864 772 919 semper
811 849 999 904 fuisset
1034 858 1306 918 expertus.
1347 846 1454 900 Sed
1494 861 1621 902 ecce
1661 844 1818 900 Chri-

213 951 332 998 stus
370 943 544 1015 diligit
573 942 826 1013 parvulos
851 982 863 1006 ,
900 941 1034 996 tales
1065 955 1188 996 esse
1225 941 1427 994 docens
1466 938 1662 992 debere
1682 978 1696 1000 ,
1728 938 1816 1007 qui

218 1049 436 1106 semper
486 1035 721 1106 majores
772 1033 932 1088 velint
982 1046 1121 1087 esse.
1171 1028 1395 1086 Creator
1435 1040 1613 1084 autem
1661 1043 1818 1082 ursos

215 1127 398 1196 pueris
427 1127 644 1182 immisit
671 1168 684 1188 .
710 1125 976 1181 ulciscens
1009 1125 1296 1182 Helismum
1329 1123 1656 1193 prepheten.
1690 1136 1819 1176 con-

213 1218 353 1273 vicia
399 1220 468 1273 ab
513 1221 592 1274 eis
637 1232 856 1290 passum
904 1216 995 1290 (IV
1029 1217 1178 1288 Reg.,
1215 1214 1304 1285 Il).
1355 1216 1498 1269 Satis
1540 1213 1820 1284 impudens

215 1311 527 1376 antithesis,
575 1326 700 1366 cum
748 1320 855 1364 tam
895 1309 1109 1364 diversa
1141 1308 1451 1372 committit,
1495 1307 1743 1376 parvulos
1768 1313 1824 1359 et

219 1417 463 1472 pueros:
508 1403 848 1457 innocentem
891 1399 1066 1456 adlmc
1111 1408 1360 1463 atatem,
1410 1408 1464 1454 et
1497 1398 1682 1468 jmlieii
1710 1397 1819 1465 jam

216 1509 494 1566 eapacem,
525 1508 646 1564 qum
683 1491 974 1548 cenviciari
1008 1499 1238 1561 poterat,
1271 1506 1337 1544 ne
1367 1489 1543 1544 dicam
1576 1488 1825 1557 blasphe-

218 1604 389 1644 mare.
422 1588 536 1656 Qua
571 1585 650 1658 (ι)
689 1601 818 1657 ergo
857 1585 1035 1652 justus
1079 1584 1240 1648 Deus,
1285 1598 1384 1638 nec
1426 1582 1606 1652 pueris
1647 1582 1826 1651 impiis

220 1679 496 1752 pepercit.
539 1678 761 1748 exigens
807 1676 996 1746 majori
1034 1677 1176 1729 :etati
1228 1675 1528 1737 honorem,
1561 1683 1614 1727 et
1643 1673 1827 1742 utique

221 1774 396 1844 magis
447 1788 476 1826 a
527 1771 755 1825 minore.
790 1770 904 1836 Qua
952 1784 1079 1822 vero
1111 1768 1306 1833 bonus,
1338 1766 1475 1822 adeo
1502 1765 1676 1835 diligit
1703 1779 1824 1834 par-

1922 571 2347 624 liumanissimns
2377 570 2537 630 Deus.
2570 585 2664 624 cur
2687 582 2896 624 recusat
2921 586 3064 637 eum,
3093 571 3182 642 qui
3213 585 3272 624 se
3300 579 3404 624 tam
3434 568 3516 622 in-

1920 664 2196 719 dividuum
2239 664 2310 717 illi
2338 664 2588 717 comitem
2622 661 2824 716 oITert?
2876 661 2930 718 Si
2971 663 3091 733 quia
3137 661 3400 731 superbe,
3431 658 3519 715 vel

1920 773 1983 813 ex
2016 756 2284 828 hypocrisi
2312 755 2552 810 dixerat:
2581 756 2780 824 Sequar
2808 765 2853 809 te
2878 771 3192 826 quocumque
3220 755 3360 815 ieris;
3390 766 3518 824 ergo

1923 861 2012 905 aut
2052 850 2359 920 superbiam
2383 891 2395 911 ,
2429 857 2522 903 aut
2553 849 2856 922 hypocrisin
2887 849 3238 904 recusandam
3267 847 3518 918 judican-

1921 944 2011 1006 do,
2046 943 2279 1008 judicem
2307 943 2490 1013 gessit.
2545 941 2606 996 Et
2637 943 2820 1008 utique
2842 941 3135 1009 damnavit,
3170 958 3328 1014 quem
3361 957 3520 997 recu-

1924 1035 2078 1097 sarit,
2132 1050 2236 1088 non
2277 1041 2691 1088 consecuturum
2727 1032 3048 1104 (ΗΜ-111001,
3087 1034 3333 1088 salutem.
3387 1032 3520 1088 Nam

1923 1127 2063 1182 sicut
2087 1125 2153 1179 ad
2185 1125 2410 1179 salutem
2445 1133 2617 1189 vocat,
2649 1141 2807 1196 quem
2842 1143 2946 1180 non
2984 1137 3215 1193 recusat,
3248 1127 3331 1180 vel
3360 1127 3520 1182 etiam

1924 1233 2082 1289 quem
2126 1219 2269 1272 ultro
2310 1227 2497 1281 vocat;
2543 1217 2612 1271 ita
2645 1219 2694 1272 in
2726 1218 3084 1288 perditionem
3117 1221 3332 1273 damnat
3365 1233 3522 1290 quem

1927 1321 2141 1365 recusat
2172 1328 2183 1362 :
2225 1309 2301 1363 Illi
2328 1319 2506 1366 autem
2537 1320 2784 1364 caussato
2815 1311 2978 1379 patris
3004 1311 3370 1381 sepulturam,
3403 1327 3526 1368 etim

1928 1402 2215 1472 respondet
2257 1421 2270 1456 ε
2309 1401 2468 1468 Sine,
2511 1403 2695 1456 mortui
2724 1404 2970 1472 sepeliant
3013 1416 3237 1459 mortuos
3281 1421 3432 1469 suos,
3475 1413 3530 1458 tu

1929 1505 2096 1550 autem
2124 1495 2271 1558 vade,
2306 1503 2354 1545 et
2381 1495 2630 1547 anmtntia
2653 1511 2867 1564 regnum
2896 1493 2990 1547 Dei
3014 1511 3030 1557 ,'
3055 1503 3334 1566 utramque
3359 1496 3530 1566 legem

1931 1589 2203 1644 Creatoris
2232 1587 2514 1642 manifeste
2541 1588 2918 1653 continuavit,
2959 1597 3012 1642 et
3038 1589 3105 1643 de
3132 1588 3435 1643 sacerdotio
3474 1587 3530 1643 in

1934 1680 2172 1734 Levitico
2227 1679 2600 1749 prohibentem
2656 1679 2965 1734 sacerdotes
3020 1681 3289 1750 supremis
3357 1681 3525 1737 etiam

1936 1781 2214 1839 parcntmn
2251 1772 2546 1825 interesse:
2594 1770 2764 1840 Super
2806 1787 3028 1835 onmem,
3085 1771 3256 1840 inquit
3302 1769 3529 1842 (Levit.,

221 1867 380 1921 vulos
405 1905 420 1929 ,
470 1873 527 1917 ut
574 1861 712 1933 apud
754 1860 1044 1933 Egyptum
1095 1857 1421 1913 bcttt'l'cccril
1450 1856 1829 1911 ODSICIFIC'IIHIS
1860 1874 1906 1933 Β
1938 1862 2078 1928 XXI,
2107 1861 2183 1934 I),
2226 1863 2450 1915 animant
2482 1861 2774 1930 defunctam
2822 1861 3059 1916 sacerdos
3115 1879 3217 1915 non
3261 1861 3487 1915 introibit
3517 1901 3534 1927 ,

223 1955 636 2028 protegentibus
693 1966 876 2024 partus
929 1952 1186 2007 llebraios
1234 1950 1604 2021 periclitantes
1653 1950 1830 2005 edicto

222 2050 542 2108 Pharaonis.
575 2049 650 2103 Ita
676 2058 731 2103 et
761 2046 874 2100 Iure
899 2043 1166 2099 affeCtatio
1193 2043 1391 2097 Christi
1421 2058 1541 2098 Cum
1571 2041 1832 2098 Creatore

222 2151 329 2198 est.
356 2140 476 2193 .lam
507 2151 649 2193 nunc
677 2138 815 2191 Deus
841 2134 1128 2188 Marcionis
1150 2174 1163 2197 ,
1195 2135 1281 2202 qui
1312 2133 1639 2188 conuubium
1672 2148 1830 2188 aver-

225 2245 380 2288 satur
408 2229 491 2302 (2)
513 2272 528 2297 ,
572 2226 842 2301 quomodo
887 2226 1050 2282 videri
1081 2235 1261 2296 potest
1291 2225 1633 2295 parvulorum
1666 2224 1834 2280 dilec-

226 2337 333 2391 lor,
382 2323 463 2396 (u)
524 2335 751 2392 quorum
802 2329 909 2373 tota
954 2333 1142 2373 caussa
1192 2319 1515 2373 connubitun
1563 2317 1684 2372 est?
1734 2318 1832 2385 Qui

227 2431 418 2473 semen
467 2413 618 2478 odit,
656 2411 885 2467 fructmn
931 2425 1145 2480 (pioque
1176 2419 1454 2465 execretur
1481 2423 1702 2465 necesse
1730 2417 1832 2463 est.

227 2509 272 2565 Ν
293 2529 319 2558 υ
352 2508 440 2562 ille
468 2507 659 2562 smvior
683 2504 960 2559 habendus
988 2502 1240 2574 [Egyplio
1272 2516 1398 2571 rege
1425 2520 1436 2554 :
1471 2517 1599 2560 nam
1627 2501 1837 2554 Pharao

229 2600 446 2657 educari
471 2613 577 2652 non
605 2598 816 2652 sinebat
840 2596 1103 2656 infantes;
1136 2595 1236 2648 iste
1260 2609 1357 2646 nec
1384 2595 1551 2656 nasci,
1583 2591 1836 2647 auferens

231 2696 402 2749 vitam
437 2691 544 2746 illis
588 2690 755 2746 etiam
801 2689 984 2743 decem
1017 2685 1282 2742 mensium
1314 2686 1362 2738 in
1395 2695 1562 2739 utero.
1598 2687 1666 2738 At
1693 2685 1835 2739 enim

233 2796 441 2858 quanto
470 2785 779 2842 credibilius
803 2825 816 2847 ,
845 2791 902 2836 ut
930 2781 1047 2852 ejus
1074 2781 1362 2850 deputetur
1390 2777 1607 2834 affectio
1637 2781 1686 2832 in
1717 2796 1838 2850 paro

234 2880 412 2944 vulos,
443 2878 528 2946 qui
558 2874 927 2932 benedicendo
958 2873 1286 2928 couuuhium
1319 2871 1369 2925 in
1398 2872 1838 2942 propagationem

235 2973 454 3044 generis
483 2969 724 3033 humani,
760 2969 932 3037 ipsum
954 2980 1163 3035 quoque
1205 2963 1430 3016 h-ttctmn
1459 2964 1708 3016 connubii
1741 2963 1836 3019 be-

240 3061 543 3118 nedicendo
584 3060 858 3131 promisit,
887 3057 977 3127 qui
1004 3058 1073 3111 de
1103 3056 1324 3110 infantia
1360 3057 1562 3126 primus
1597 3067 1696 3112 est.
1733 3056 1837 3111 Re-

243 3163 537 3227 prmseutat
587 3152 810 3208 Creator
853 3151 1053 3222 ignium
1094 3151 1300 3221 plagam
1348 3149 1494 3204 llclia
1536 3151 1840 3220 postulante

243 3249 294 3304 in
325 3247 420 3302 illo
452 3243 918 3318 pseudoprophcta
950 3243 1039 3314 (IV
1071 3242 1224 3313 Reg.,
1260 3240 1322 3314 l).
1374 3245 1623 3313 Agnosco
1649 3245 1842 3314 judicis
1870 3264 1914 3327 ρ

243 3341 625 3404 severitatem;
655 3353 685 3392 e
714 3336 1009 3400 contrario,
1037 3334 1236 3388 Christi
1266 3336 1536 3390 leuitatem
1569 3337 1846 3404 increpan-

247 3435 316 3489 tis
360 3431 441 3505 (ὅ)
490 3430 732 3486 eamdem
761 3427 1282 3484 animadversionem
1317 3428 1645 3484 destinautes
1681 3431 1842 3486 disci-

245 3529 420 3598 pulos,
446 3540 606 3596 super
635 3524 781 3579 illum
808 3521 1042 3576 viculum
1067 3521 1476 3576 Samaritarum.
1504 3524 1771 3592 Agnoscat
1794 3534 1849 3579 et

249 3620 539 3676 luereticus
565 3617 631 3672 ab
656 3616 848 3673 eodem
878 3615 1222 3670 severiSsimo
1240 3615 1422 3684 judice.
1441 3616 1679 3684 promitti
1713 3614 1850 3670 hanc

245 3711 449 3768 Christi
477 3710 775 3766 lenitatem.
808 3706 929 3762 Non
952 3707 1236 3772 contendet,
1261 3707 1423 3776 inquit
1449 3706 1574 3777 (13.,
1599 3706 1844 3778 XLII,2),

248 3821 338 3859 nec
364 3818 461 3857 vox
489 3803 600 3868 eius
639 3802 693 3855 in
737 3799 907 3867 platea
931 3797 1188 3850 audietur.
1222 3797 1846 3867 Arttndittentquassatam

249 3913 351 3951 non
382 3895 703 3959 comminuet,
730 3903 776 3946 et
804 3892 966 3946 linunt
992 3891 1250 3961 {untigans
1274 3908 1372 3945 non
1399 3892 1675 3962 extinguet.
1705 3892 1847 3947 Talis

247 3989 434 4059 utique
474 3985 640 4040 multo
689 3985 859 4054 magis
899 3982 1145 4037 homines
1179 3997 1284 4037 non
1331 3995 1446 4038 erat
1489 3995 1843 4039 crematurus.

253 4080 330 4152 (b)
354 4078 485 4134 Nam
517 4085 574 4134 et
606 4089 731 4133 tunc
757 4075 821 4130 ad
853 4074 1060 4130 Heliam
1097 4071 1202 4145 (111
1233 4073 1385 4146 lieg.,
1415 4074 1559 4141 XIX,
1587 4074 1700 4146 I2),
1727 4075 1847 4130 Non

1936 1967 1984 2012 et
2027 1972 2181 2027 super
2239 1963 2497 2023 parentem
2538 1953 2621 2024 (5)
2663 1970 2807 2008 suum
2851 1971 2952 2008 non
2979 1954 3424 2007 contaminabitur.
3469 1952 3537 2010 Et

1935 2051 2004 2105 de
2047 2049 2332 2104 devotione
2373 2049 2424 2101 iu
2461 2047 2714 2103 Arithmis
2743 2047 2956 2120 (Nam,
2987 2047 3076 2114 Vl,
3111 2047 3144 2103 6
3179 2057 3233 2103 et
3259 2048 3351 2121 7);
3401 2063 3524 2104 nam

1937 2155 1992 2197 et
2017 2144 2145 2209 illic,
2175 2144 2262 2214 qui
2304 2157 2363 2197 se
2397 2142 2508 2196 Deo
2549 2143 2780 2205 voverit,
2833 2142 2974 2197 inter
3002 2152 3196 2197 caetera
3235 2143 3426 2213 jubet,
3471 2157 3540 2200 ne

1938 2251 2100 2306 super
2129 2235 2291 2289 ullam
2325 2235 2558 2288 animam
2606 2233 2841 2288 introeat
2880 2232 3229 2300 defunctam,
3276 2251 3342 2289 ne
3372 2249 3538 2306 super

1941 2328 2109 2399 patris
2137 2327 2378 2396 quidem,
2403 2337 2498 2380 aut
2527 2326 2737 2389 matris,
2767 2333 2861 2379 aut
2885 2324 3084 2380 fratris.
3116 2326 3253 2382 Puto
3277 2337 3455 2381 autem
3486 2334 3545 2383 et

1939 2421 2213 2477 devotioni
2239 2431 2290 2475 et
2319 2418 2624 2474 sacerdotio
2651 2418 2974 2480 destinabat,
3004 2435 3163 2488 quem
3197 2418 3540 2489 praedicando

1942 2527 2110 2582 regno
2146 2512 2236 2565 Dei
2273 2511 2556 2564 imbuerat.
2593 2511 2695 2563 Aut
2721 2509 2764 2564 si
2803 2525 2908 2562 non
2941 2509 3010 2562 ita
3039 2519 3158 2575 est,
3184 2511 3313 2563 satis
3348 2509 3540 2580 impius

1944 2601 2399 2673 prommtiandus,
2435 2601 2523 2670 qui
2556 2601 2700 2654 nulla
2730 2601 2936 2654 ratione
2965 2599 3096 2670 legis
3143 2600 3536 2667 intercedente,

1942 2698 2247 2766 sepulturas
2279 2703 2558 2764 parentum
2589 2692 2791 2762 despici
2834 2707 2860 2744 a
2895 2691 3023 2746 filiis
3053 2692 3374 2761 imperabat.
3403 2693 3540 2749 Cum

1943 2806 2075 2845 vero
2095 2802 2150 2846 et
2174 2790 2388 2844 tertium
2420 2786 2587 2850 illum,
2615 2786 2760 2854 prius
2781 2785 2894 2838 suis
2915 2783 3213 2840 valedicere
3239 2796 3539 2856 parantem,

1947 2880 2197 2951 prohibet
2241 2889 2385 2933 retro
2423 2885 2750 2945 respectare,
2783 2885 2982 2929 sectam
3013 2875 3286 2930 Creatoris
3316 2876 3542 2947 exequi-

1945 2983 2050 3029 tur.
2095 2974 2205 3029 lloe
2249 2981 2301 3027 ct
2333 2971 2422 3026 illc
2469 2969 2712 3025 noluerat
2760 2968 2950 3024 Iccisse
2993 2983 3130 3039 quos
3174 2984 3239 3024 cx
3289 2969 3546 3028 Sodomis

1946 3067 2219 3122 liberarat.

2513 3133 2743 3190 CAPUT
2785 3131 2975 3189 XXIV.

2020 3235 2206 3308 .rllb'gi!
2232 3243 2274 3287 et
2296 3232 2423 3286 alios
2450 3234 2770 3300 septuaginta
2800 3229 3058 3297 apostolos
3098 3247 3264 3300 saper-
3286 3232 3552 3290 duodecim

1951 3325 2194 3396 (Luc.X
2225 3324 2267 3396 ).
2295 3324 2413 3392 Quo
2463 3323 2605 3379 enim
2651 3320 2932 3376 duodecim
2985 3323 3278 3378 secundum
3331 3325 3552 3381 totitlcm

1952 3420 2126 3474 fontes
2159 3418 2209 3470 iu
2243 3417 2400 3478 Elim,
2430 3416 2473 3469 si
2498 3429 2603 3469 non
2633 3427 2686 3469 et
2708 3413 3066 3484 septuaginta,
3092 3414 3385 3470 Secundum
3426 3417 3551 3470 toti-

1952 3511 2076 3567 detn
2109 3509 2327 3565 arbusta
2360 3506 2697 3579 palmarum?
2733 3505 3043 3559 Autithrses
3068 3504 3354 3574 plurimum
3384 3521 3547 3563 caus-

1953 3620 2131 3659 sarmn
2153 3600 2438 3656 diversitas
2456 3599 2600 3661 fecit,
2621 3613 2727 3652 nou
2752 3605 3099 3668 potestatum.
3126 3597 3231 3652 Sed
3256 3599 3345 3670 qui
3373 3599 3555 3657 diver-

1954 3697 2165 3750 sitatem
2186 3709 2371 3748 caussa
2384 3707 2497 3746 rum
2517 3707 2621 3744 non
2641 3689 2900 3758 respexit,
2924 3688 3077 3744 facile
3094 3705 3210 3744 eam
3234 3700 3554 3760 potestatem

1951 3789 2299 3844 existimavit.
2324 3784 2716 3840 Profectionetu
2753 3782 2979 3836 filiorum
3012 3781 3225 3837 I~raelis
3245 3823 3259 3846 ,
3290 3783 3553 3854 Creator,

1951 3883 2114 3937 etiam
2169 3879 2273 3933 illis
2324 3877 2510 3946 spoliis
2567 3890 2850 3930 aureorum
2895 3883 2948 3928 et
2998 3883 3374 3944 argenteorum
3424 3891 3551 3932 vas~

1951 3975 2215 4037 Colorum,
2269 3979 2322 4024 et
2356 3969 2603 4032 vestium,
2655 3967 2722 4035 (c)
2760 3977 2953 4035 praeter
3000 3968 3254 4020 oneribus
3292 3982 3557 4038 conspar-

1951 4070 2160 4123 sionum
2182 4065 2258 4134 (ά)
2282 4061 2642 4117 oIIarcinatam
2661 4059 2846 4114 eduxit
2862 4056 2928 4112 de
2944 4055 3022 4129 (6)
3037 4056 3272 4130 Egyplo
3291 4077 3304 4115 :
3325 4060 3397 4130 (ej
3411 4059 3561 4116 Chri-

1479 4211 1860 4269 LECTIONES
1896 4200 2309 4268 VARIANTES.

342 4329 391 4396 1)
434 4329 556 4396 Quia
585 4327 747 4382 Paris.
777 4339 923 4396 tjrttn.

336 4391 388 4460 τ’)
430 4395 729 4460 {adversatur
765 4391 870 4460 Rig.
904 4402 1060 4460 tenet.

313 4454 389 4520 (5)
433 4454 862 4520 Reprehendentis
881 4457 990 4508 cod.
1025 4469 1204 4509 trouw.

2015 4322 2089 4388 (ι)
2125 4321 2426 4388 Secuturum
2452 4310 2601 4388 Santi.

2125 4384 2321 4447 Patrem
2350 4371 2557 4447 _0bt'rtlt.

2017 4439 2092 4515 (6}
2128 4446 2202 4497 Ex
2227 4439 2378 4494 Seml.

1605 4577 2167 4640 COMMENTARIUS.

329 4722 482 4779 CAP.
506 4721 849 4793 XXIll.——(a)
869 4722 1094 4791 Quorum
1117 4732 1221 4777 tota
1233 4738 1414 4777 caussa
1436 4722 1742 4776 connnbium
1764 4730 1855 4773 est.
1886 4721 1938 4780 ])
1965 4713 2178 4793 quaead
2435 4706 2549 4793 P’at‘.
2577 4707 2704 4793 βεστ

259 4795 448 4851 Totam
469 4811 704 4848 caussam
731 4795 924 4864 accipit
964 4806 1150 4849 auctor
1179 4811 1274 4864 pro
1305 4795 1571 4863 pleraque;
1604 4807 1726 4845 nam
1757 4793 1856 4844 tria

263 4870 403 4922 bona
417 4866 668 4921 connubii
685 4865 960 4920 adnotavit
974 4882 1078 4919 non
1096 4883 1200 4920 uno
1214 4867 1265 4920 in
1287 4866 1405 4920 loco
1423 4864 1483 4918 Β.
1504 4865 1855 4933 Augusunus,

264 4938 449 5002 Iidem,
492 4945 889 4992 sacramentum
912 4979 928 5003 ,
955 4946 1013 4992 et
1054 4937 1257 5008 prolem
1283 4976 1298 4998 ,
1338 4951 1459 5008 cum
1501 4933 1713 5008 interitu
1748 4933 1858 5002 ple-

263 5011 417 5081 rique
448 5007 558 5064 fere
601 5008 829 5077 prolium
860 5005 1478 5081 caussa'matrimouimu
1510 5005 1852 5060 contrahant.

263 5077 397 5136 Nam
447 5089 636 5144 totum,
679 5081 849 5148 inquit
893 5079 1117 5141 Nonius.
1147 5077 1291 5149 quod
1320 5078 1438 5148 plus
1480 5085 1714 5149 putatur,
1747 5090 1851 5131 non

268 5167 366 5218 pro
406 5161 599 5206 cuncto
646 5149 838 5204 alicubi
882 5151 1052 5220 accipi
1103 5148 1297 5221 potest.
1351 5149 1404 5203 ld
1449 5148 1853 5221 enimidisertis

266 5223 447 5277 verbis
486 5223 680 5274 iudicat
724 5233 938 5286 anetor,
984 5220 1112 5276 cum
1156 5222 1318 5289 paulo
1359 5230 1475 5291 post
1544 5220 1849 5290 subjungit:

270 5292 297 5347 1
303 5309 452 5364 psum
479 5308 674 5362 quoque
703 5294 924 5362 fructum
953 5293 1191 5347 connubii
1227 5293 1564 5347 benedicendo
1586 5292 1851 5363 promisit,

267 5365 363 5434 qui
381 5364 446 5434 de
462 5364 678 5434 infantia
705 5365 897 5433 primus
923 5374 1013 5418 est.
1044 5365 1178 5421 PAII.
1606 5432 1635 5434 η
1656 5391 1667 5400 ·

344 5433 426 5506 (1))
470 5431 679 5506 Νευροί
706 5431 836 5506 tum:
852 5437 928 5506 ad
960 5434 1165 5506 Heliam
1195 5453 1296 5491 non
1323 5435 1376 5488 in
1402 5435 1526 5505 igni.
1556 5432 1764 5506 Alludit
1787 5431 1852 5485 ad

272 5501 549 5561 historiam
573 5504 726 5577 Elim.
757 5501 822 5559 111
848 5504 1001 5577 αρε..
1035 5505 1178 5561 XIX.
1209 5507 1360 5573 Quod
1387 5501 1564 5577 autem
1593 5503 1852 5577 ait,_Nam

271 5589 318 5632 et
359 5585 478 5630 tunc
511 5577 582 5630 ad
616 5575 808 5638 filiam,
861 5573 961 5631 hoc
1007 5587 1108 5641 est,
1163 5580 1325 5632 etiam
1367 5578 1417 5629 in
1449 5575 1624 5629 Veteri
1666 5573 1853 5628 Testa-

275 5656 457 5701 mento
491 5648 655 5701 Deum
683 5661 805 5702 esse
837 5650 1022 5703 mitem
1069 5657 1123 5700 et
1163 5647 1567 5702 misericordem
1596 5654 1650 5699 et
1677 5645 1857 5714 placa-

275 5718 460 5789 bilem.
483 5717 808 5785 Proc0pius:
831 5725 908 5772 ὃτι
937 5723 985 5772 δὲ
1013 5722 1066 5771 οὖ
1095 5725 1189 5789 περ
1211 5725 1309 5788 πῦρ
1342 5724 1366 5771 ὁ
1386 5734 1471 5778 τῆς
1497 5725 1710 5776 ualuisse
1740 5724 1860 5779 Θεὸς,

276 5784 422 5848 IIICI:
457 5784 753 5852 διδέαὴιι,
802 5793 881 5842 καὶ
928 5790 989 5844 δι’
1034 5784 1177 5846 tiaras
1216 5784 1384 5850 πάντες
1427 5794 1591 5857 ἡμιῖς⁶
1626 5789 1729 5842 ἀλλ’
1764 5792 1867 5842 οὗόὶ

278 5865 403 5933 uisci
433 5869 585 5916 λιπτῇ
611 5899 626 5926 ,
670 5860 734 5913 δι’
754 5865 901 5932 adipi;
941 5866 990 5916 δὶ
1039 5869 1221 5932 lipsi-es
1265 5867 1488 5930 παρεῖναι
1518 5870 1706 5919 iturae.
1738 5858 1867 5914 Vide

2036 4785 2189 4841 CAP.
2206 4778 2547 4850 XXIV.—(r)
2570 4779 3004 4851 I’rwteroneribns
3018 4781 3451 4851 consparsionnm.
3469 4781 3562 4840 Sic

1964 4860 2154 4930 legitur
2179 4860 2227 4909 in
2251 4849 2765 4930 exetiqilaruitaque
2788 4849 2874 4904 hie
2897 4862 3080 4918 prccter
3097 4849 3472 4930 adverbiascit,
3504 4864 3562 4930 et

1962 4923 2229 5000 significat
2257 4936 2520 4995 prtt'tcrea.
2545 4923 2719 4977 Oncra
2747 4931 2926 5000 autem
2961 4925 3403 5000 cousparsignum
3425 4927 3562 5000 dicit

1962 4993 2147 5056 l’n‘iina:
2175 4993 2402 5051 massam
2420 4993 2933 5062 aqttzucdustiargine
2962 5004 3215 5048 coactam.
3239 4994 3406 5051 Exodi
3440 4995 3557 5063 XII,

1959 5073 2060 5128 5b:
2105 5077 2295 5125 ἀνέλαϐε
2325 5072 2374 5121 δὲ
2403 5072 2427 5118 ὁ
2454 5073 2561 5126 λαός
2585 5075 2639 5136 rt}
2658 5069 2809 5136 γσταῖς
2840 5067 3004 5119 αὐτῶν.
3038 5063 3360 5136 Hesychius:
3391 5073 3553 5134 Σταῖς,

1957 5152 2152 5215 φύραμα
2181 5147 2377 5210 ἀλεύρου
2403 5143 2573 5206 πυριῧ.
2607 5135 2936 5213 Glossarium
2982 5135 3157 5215 vetus,
3183 5140 3557 5215 "17¢,jyI-Cp80

1961 5205 2109 5280 Item,
2138 5205 2350 5282 φύρκμί,
2381 5223 2571 5271 massa,
2600 5205 2936 5282 conspersio,
2963 5206 3326 5282 Sic_atlvcrsu_s
3355 5205 3556 5282 Vtricu-

1960 5277 2210 5346 tiniauos,
2259 5277 2309 5336 in
2353 5279 2721 5344 conspersimus
2748 5278 2970 5330 alvearia
3012 5277 3348 5343 absconderit,
3390 5281 3550 5334 donec

1959 5368 2118 5412 totum
2187 5356 2625 5425 confet'ntentetttt'.
2663 5347 2874 5425 __\"er_si_o
2925 5347 3137 5416 vulgata
3192 5347 3551 5425 Epistolarum

1957 5429 2104 5482 Pauli
2135 5426 2200 5480 ad
2230 5417 2470 5479 Cdrinth.
2502 5422 2541 5490 I,
2570 5420 2624 5486 5,
2659 5417 2728 5474 Ut
2753 5420 2864 5474 sitis
2885 5433 3012 5471 nova
3063 5426 3372 5488 conspersio,
3427 5422 3562 5476 sicut

1959 5501 2075 5554 estis
2101 5497 2286 5566 azymi.
2324 5497 2439 5548 1116.

1990 5622 2002 5630 ἡ
2033 5570 2117 5640 (ιι)
2142 5563 2530 5640 Olfarcinatam.
2559 5563 2724 5640 E__xod.
2749 5567 2812 5619 τὰ
2839 5566 3099 5632 pyri/«eat
3118 5565 3269 5618 εὗτῶν
3291 5566 3560 5631 emerat”;

1962 5649 2008 5696 ἓν
2027 5633 2122 5701 eoi;
2156 5646 2364 5710 ἱματίοις
2384 5639 2552 5690 αὐτῶν.
2583 5633 2699 5689 “lc.
2796 5705 2807 5710 Δ
3008 5704 3034 5710 η
3100 5697 3112 5708 .

2040 5709 2118 5782 (e)
2147 5704 2374 5782 Christus
2417 5717 2585 5782 autem
2632 5721 2719 5757 nec
2761 5705 2951 5775 virgam
2983 5704 3266 5782 discipulis.
3296 5714 3400 5782 etc.
3436 5707 3554 5782 ALe-

1967 5777 2144 5852 gerem
2174 5796 2294 5836 cum
2327 5778 2582 5852 Pam_elio,
2615 5792 2704 5852 nec
2731 5791 2925 5852 peram;
2952 5777 3196 5852 congruit
3231 5778 3372 5831 enim
3400 5779 3556 5847 plane

1973 5845 2129 5910 lectio
2155 5853 2269 5908 hac
2293 5866 2411 5906 cum
2441 5848 2637 5918 Evang.
2671 5846 2728 5902 Il.
2761 5845 2934 5904 Lucan.
2965 5846 3042 5902 Ls
3072 5847 3168 5903 Pu.
