  <div class='ocr_page' id='page_1' title='image "/cluster/home/n/w/nwhite01/storage/ocr_20150623/2/hvd.32044015466741/233.png"; bbox 0 0 4268 6492; ppageno 0'>
   <div class='ocr_carea' id='block_1_1' title="bbox 711 382 820 440">
    <p class='ocr_par' dir='ltr' id='par_1_1' title="bbox 711 382 820 440">
     <span class='ocr_line' id='line_1_1' title="bbox 711 382 820 440; baseline -0.009 0"><span class='ocrx_word' id='word_1_1' title='bbox 711 382 820 440; x_wconf 77' lang='grc'><strong>419</strong></span> 
     </span>
    </p>
   </div>
   <div class='ocr_carea' id='block_1_2' title="bbox 2120 378 2578 434">
    <p class='ocr_par' dir='ltr' id='par_1_2' title="bbox 2120 378 2578 434">
     <span class='ocr_line' id='line_1_2' title="bbox 2120 378 2578 434; baseline 0.004 -3"><span class='ocrx_word' id='word_1_2' title='bbox 2120 378 2349 434; x_wconf 75' lang='grc' dir='ltr'><strong>ΤΕΙΠὊ</strong></span> <span class='ocrx_word' id='word_1_3' title='bbox 2357 379 2578 433; x_wconf 77' lang='lat' dir='ltr'><strong>LLlANl</strong></span> 
     </span>
    </p>
   </div>
   <div class='ocr_carea' id='block_1_3' title="bbox 3903 385 4015 442">
    <p class='ocr_par' dir='ltr' id='par_1_3' title="bbox 3903 385 4015 442">
     <span class='ocr_line' id='line_1_3' title="bbox 3903 385 4015 442; baseline -0.018 0"><span class='ocrx_word' id='word_1_4' title='bbox 3903 385 4015 442; x_wconf 70' lang='grc'><strong>420</strong></span> 
     </span>
    </p>
   </div>
   <div class='ocr_carea' id='block_1_4' title="bbox 712 497 4018 575">
    <p class='ocr_par' dir='ltr' id='par_1_4' title="bbox 712 497 4018 575">
     <span class='ocr_line' id='line_1_4' title="bbox 712 497 4018 575; baseline 0.001 -18"><span class='ocrx_word' id='word_1_5' title='bbox 712 511 829 559; x_wconf 88' lang='lat' dir='ltr'><strong>stus</strong></span> <span class='ocrx_word' id='word_1_6' title='bbox 868 509 1046 556; x_wconf 90' lang='lat' dir='ltr'><strong>autem</strong></span> <span class='ocrx_word' id='word_1_7' title='bbox 1091 515 1193 557; x_wconf 92' lang='lat' dir='ltr'><strong>nec</strong></span> <span class='ocrx_word' id='word_1_8' title='bbox 1226 500 1428 573; x_wconf 77' lang='lat' dir='ltr'><strong>virgam</strong></span> <span class='ocrx_word' id='word_1_9' title='bbox 1469 498 1550 572; x_wconf 91' lang='lat' dir='ltr'><strong>(l)</strong></span> <span class='ocrx_word' id='word_1_10' title='bbox 1586 497 1863 569; x_wconf 77' lang='lat' dir='ltr'><strong>discipulis</strong></span> <span class='ocrx_word' id='word_1_11' title='bbox 1901 498 1954 552; x_wconf 89' lang='lat' dir='ltr'><strong>in</strong></span> <span class='ocrx_word' id='word_1_12' title='bbox 1990 498 2131 552; x_wconf 91' lang='lat' dir='ltr'><strong>viam</strong></span> <span class='ocrx_word' id='word_1_13' title='bbox 2172 499 2308 554; x_wconf 85' lang='lat' dir='ltr'><strong>ferre</strong></span> <span class='ocrx_word' id='word_1_14' title='bbox 2337 498 2605 563; x_wconf 84' lang='lat' dir='ltr'><strong>Aditum,</strong></span> <span class='ocrx_word' id='word_1_15' title='bbox 2634 498 2712 553; x_wconf 90' lang='lat' dir='ltr'><strong>sic</strong></span> <span class='ocrx_word' id='word_1_16' title='bbox 2752 513 2961 570; x_wconf 92' lang='lat' dir='ltr'><strong>quoquc</strong></span> <span class='ocrx_word' id='word_1_17' title='bbox 3000 498 3355 568; x_wconf 74' lang='lat' dir='ltr'><strong>confirmavit,</strong></span> <span class='ocrx_word' id='word_1_18' title='bbox 3389 502 3514 557; x_wconf 90' lang='lat' dir='ltr'><strong>dum</strong></span> <span class='ocrx_word' id='word_1_19' title='bbox 3563 503 3689 560; x_wconf 91' lang='lat' dir='ltr'><strong>illud</strong></span> <span class='ocrx_word' id='word_1_20' title='bbox 3719 505 3869 575; x_wconf 91' lang='lat' dir='ltr'><strong>jubet</strong></span> <span class='ocrx_word' id='word_1_21' title='bbox 3915 507 4018 559; x_wconf 87' lang='lat' dir='ltr'><strong>ad-</strong></span> 
     </span>
    </p>
   </div>
   <div class='ocr_carea' id='block_1_5' title="bbox 714 591 2307 667">
    <p class='ocr_par' dir='ltr' id='par_1_5' title="bbox 714 591 2307 667">
     <span class='ocr_line' id='line_1_5' title="bbox 714 591 2307 667; baseline -0.004 -16"><span class='ocrx_word' id='word_1_22' title='bbox 714 595 1063 667; x_wconf 72' lang='lat' dir='ltr'><strong>prtescripsil.</strong></span> <span class='ocrx_word' id='word_1_23' title='bbox 1092 595 1170 650; x_wconf 90' lang='lat' dir='ltr'><strong>llli</strong></span> <span class='ocrx_word' id='word_1_24' title='bbox 1198 596 1341 650; x_wconf 91' lang='lat' dir='ltr'><strong>enim</strong></span> <span class='ocrx_word' id='word_1_25' title='bbox 1374 594 1424 649; x_wconf 92' lang='lat' dir='ltr'><strong>in</strong></span> <span class='ocrx_word' id='word_1_26' title='bbox 1454 591 1796 648; x_wconf 89' lang='lat' dir='ltr'><strong>solitudinem</strong></span> <span class='ocrx_word' id='word_1_27' title='bbox 1827 591 2307 661; x_wconf 85' lang='lat' dir='ltr'><strong>promovebantur;</strong></span> 
     </span>
    </p>
   </div>
   <div class='ocr_carea' id='block_1_6' title="bbox 713 683 2310 742">
    <p class='ocr_par' dir='ltr' id='par_1_6' title="bbox 713 683 2310 742">
     <span class='ocr_line' id='line_1_6' title="bbox 713 683 2310 742; baseline -0.002 -1"><span class='ocrx_word' id='word_1_28' title='bbox 713 687 768 742; x_wconf 91' lang='lat' dir='ltr'><strong>hi</strong></span> <span class='ocrx_word' id='word_1_29' title='bbox 809 698 985 742; x_wconf 89' lang='lat' dir='ltr'><strong>autem</strong></span> <span class='ocrx_word' id='word_1_30' title='bbox 1032 687 1084 742; x_wconf 91' lang='lat' dir='ltr'><strong>iu</strong></span> <span class='ocrx_word' id='word_1_31' title='bbox 1132 687 1375 742; x_wconf 89' lang='lat' dir='ltr'><strong>civitates</strong></span> <span class='ocrx_word' id='word_1_32' title='bbox 1421 685 1783 740; x_wconf 73' lang='lat' dir='ltr'><strong>mittebantur.</strong></span> <span class='ocrx_word' id='word_1_33' title='bbox 1815 683 2102 739; x_wconf 83' lang='lat' dir='ltr'><strong>Considera</strong></span> <span class='ocrx_word' id='word_1_34' title='bbox 2152 698 2310 738; x_wconf 86' lang='lat' dir='ltr'><strong>eaus-</strong></span> 
     </span>
    </p>
   </div>
   <div class='ocr_carea' id='block_1_7' title="bbox 712 773 2313 846">
    <p class='ocr_par' dir='ltr' id='par_1_7' title="bbox 712 773 2313 846">
     <span class='ocr_line' id='line_1_7' title="bbox 712 773 2313 846; baseline -0.005 -12"><span class='ocrx_word' id='word_1_35' title='bbox 712 794 892 834; x_wconf 86' lang='lat' dir='ltr'><strong>sarum</strong></span> <span class='ocrx_word' id='word_1_36' title='bbox 921 778 1276 843; x_wconf 81' lang='lat' dir='ltr'><strong>offerentiam,</strong></span> <span class='ocrx_word' id='word_1_37' title='bbox 1309 789 1363 833; x_wconf 91' lang='lat' dir='ltr'><strong>et</strong></span> <span class='ocrx_word' id='word_1_38' title='bbox 1391 776 1656 846; x_wconf 78' lang='lat' dir='ltr'><strong>intelliges</strong></span> <span class='ocrx_word' id='word_1_39' title='bbox 1687 791 1844 830; x_wconf 91' lang='lat' dir='ltr'><strong>uuam</strong></span> <span class='ocrx_word' id='word_1_40' title='bbox 1869 783 1922 830; x_wconf 91' lang='lat' dir='ltr'><strong>ct</strong></span> <span class='ocrx_word' id='word_1_41' title='bbox 1946 773 2188 829; x_wconf 88' lang='lat' dir='ltr'><strong>eamdem</strong></span> <span class='ocrx_word' id='word_1_42' title='bbox 2219 788 2313 843; x_wconf 90' lang='lat' dir='ltr'><strong>po-</strong></span> 
     </span>
    </p>
   </div>
   <div class='ocr_carea' id='block_1_8' title="bbox 716 869 2310 943">
    <p class='ocr_par' dir='ltr' id='par_1_8' title="bbox 716 869 2310 943">
     <span class='ocr_line' id='line_1_8' title="bbox 716 869 2310 943; baseline -0.006 -16"><span class='ocrx_word' id='word_1_43' title='bbox 716 882 961 927; x_wconf 90' lang='lat' dir='ltr'><strong>testatem</strong></span> <span class='ocrx_word' id='word_1_44' title='bbox 984 914 998 936; x_wconf 91' lang='lat'><strong>,</strong></span> <span class='ocrx_word' id='word_1_45' title='bbox 1029 888 1149 943; x_wconf 75' lang='lat' dir='ltr'><strong>qua:</strong></span> <span class='ocrx_word' id='word_1_46' title='bbox 1188 871 1481 927; x_wconf 88' lang='lat' dir='ltr'><strong>secundum</strong></span> <span class='ocrx_word' id='word_1_47' title='bbox 1513 870 1785 939; x_wconf 89' lang='lat' dir='ltr'><strong>penuriam</strong></span> <span class='ocrx_word' id='word_1_48' title='bbox 1827 879 1880 923; x_wconf 91' lang='lat' dir='ltr'><strong>et</strong></span> <span class='ocrx_word' id='word_1_49' title='bbox 1917 869 2123 938; x_wconf 91' lang='lat' dir='ltr'><strong>copiam</strong></span> <span class='ocrx_word' id='word_1_50' title='bbox 2154 883 2310 936; x_wconf 84' lang='lat' dir='ltr'><strong>expe-</strong></span> 
     </span>
    </p>
   </div>
   <div class='ocr_carea' id='block_1_9' title="bbox 713 961 2315 1035">
    <p class='ocr_par' dir='ltr' id='par_1_9' title="bbox 713 961 2315 1035">
     <span class='ocr_line' id='line_1_9' title="bbox 713 961 2315 1035; baseline -0.003 -16"><span class='ocrx_word' id='word_1_51' title='bbox 713 967 970 1022; x_wconf 88' lang='lat' dir='ltr'><strong>ditioncm</strong></span> <span class='ocrx_word' id='word_1_52' title='bbox 1024 981 1241 1022; x_wconf 88' lang='lat' dir='ltr'><strong>suorum</strong></span> <span class='ocrx_word' id='word_1_53' title='bbox 1297 964 1590 1035; x_wconf 77' lang='lat' dir='ltr'><strong>disposuit;</strong></span> <span class='ocrx_word' id='word_1_54' title='bbox 1647 961 1870 1033; x_wconf 87' lang='lat' dir='ltr'><strong>proinde</strong></span> <span class='ocrx_word' id='word_1_55' title='bbox 1923 977 2018 1032; x_wconf 90' lang='lat' dir='ltr'><strong>per</strong></span> <span class='ocrx_word' id='word_1_56' title='bbox 2067 961 2315 1015; x_wconf 84' lang='lat' dir='ltr'><strong>civitates</strong></span> 
     </span>
    </p>
   </div>
   <div class='ocr_carea' id='block_1_10' title="bbox 717 1055 2316 1124">
    <p class='ocr_par' dir='ltr' id='par_1_10' title="bbox 717 1055 2316 1124">
     <span class='ocr_line' id='line_1_10' title="bbox 717 1055 2316 1124; baseline -0.003 -11"><span class='ocrx_word' id='word_1_57' title='bbox 717 1059 1108 1114; x_wconf 85' lang='lat' dir='ltr'><strong>abundaturam</strong></span> <span class='ocrx_word' id='word_1_58' title='bbox 1170 1057 1592 1120; x_wconf 90' lang='lat' dir='ltr'><strong>circmncidens,</strong></span> <span class='ocrx_word' id='word_1_59' title='bbox 1639 1057 1776 1111; x_wconf 90' lang='lat' dir='ltr'><strong>sicut</strong></span> <span class='ocrx_word' id='word_1_60' title='bbox 1813 1064 1866 1110; x_wconf 88' lang='lat' dir='ltr'><strong>et</strong></span> <span class='ocrx_word' id='word_1_61' title='bbox 1908 1055 2168 1124; x_wconf 83' lang='lat' dir='ltr'><strong>egituram</strong></span> <span class='ocrx_word' id='word_1_62' title='bbox 2222 1069 2316 1122; x_wconf 82' lang='lat' dir='ltr'><strong>per</strong></span> 
     </span>
    </p>
   </div>
   <div class='ocr_carea' id='block_1_11' title="bbox 714 1147 2318 1218">
    <p class='ocr_par' dir='ltr' id='par_1_11' title="bbox 714 1147 2318 1218">
     <span class='ocr_line' id='line_1_11' title="bbox 714 1147 2318 1218; baseline -0.006 -10"><span class='ocrx_word' id='word_1_63' title='bbox 714 1151 1059 1208; x_wconf 77' lang='lat' dir='ltr'><strong>solitudinem</strong></span> <span class='ocrx_word' id='word_1_64' title='bbox 1082 1157 1353 1205; x_wconf 84' lang='lat' dir='ltr'><strong>struxerat</strong></span> <span class='ocrx_word' id='word_1_65' title='bbox 1380 1149 1480 1218; x_wconf 71' lang='lat'><strong>(2).</strong></span> <span class='ocrx_word' id='word_1_66' title='bbox 1507 1147 1590 1218; x_wconf 93' lang='lat' dir='ltr'><strong>(a)</strong></span> <span class='ocrx_word' id='word_1_67' title='bbox 1622 1147 1796 1202; x_wconf 85' lang='lat' dir='ltr'><strong>Etiam</strong></span> <span class='ocrx_word' id='word_1_68' title='bbox 1828 1148 2174 1202; x_wconf 86' lang='lat' dir='ltr'><strong>calciamenta</strong></span> <span class='ocrx_word' id='word_1_69' title='bbox 2201 1161 2318 1216; x_wconf 87' lang='lat' dir='ltr'><strong>por-</strong></span> 
     </span>
    </p>
   </div>
   <div class='ocr_carea' id='block_1_12' title="bbox 725 1241 2316 1313">
    <p class='ocr_par' dir='ltr' id='par_1_12' title="bbox 725 1241 2316 1313">
     <span class='ocr_line' id='line_1_12' title="bbox 725 1241 2316 1313; baseline -0.003 -13"><span class='ocrx_word' id='word_1_70' title='bbox 725 1254 838 1300; x_wconf 83' lang='lat' dir='ltr'><strong>tare</strong></span> <span class='ocrx_word' id='word_1_71' title='bbox 863 1245 1030 1300; x_wconf 82' lang='lat' dir='ltr'><strong>vetuit</strong></span> <span class='ocrx_word' id='word_1_72' title='bbox 1063 1244 1202 1299; x_wconf 88' lang='lat' dir='ltr'><strong>illos.</strong></span> <span class='ocrx_word' id='word_1_73' title='bbox 1237 1243 1354 1313; x_wconf 89' lang='lat' dir='ltr'><strong>Ipse</strong></span> <span class='ocrx_word' id='word_1_74' title='bbox 1381 1243 1522 1298; x_wconf 89' lang='lat' dir='ltr'><strong>enim</strong></span> <span class='ocrx_word' id='word_1_75' title='bbox 1553 1251 1686 1306; x_wconf 88' lang='lat' dir='ltr'><strong>erat,</strong></span> <span class='ocrx_word' id='word_1_76' title='bbox 1729 1241 1830 1297; x_wconf 91' lang='lat' dir='ltr'><strong>sub</strong></span> <span class='ocrx_word' id='word_1_77' title='bbox 1859 1257 1964 1312; x_wconf 92' lang='lat' dir='ltr'><strong>quo</strong></span> <span class='ocrx_word' id='word_1_78' title='bbox 1995 1256 2092 1295; x_wconf 84' lang='lat' dir='ltr'><strong>nec</strong></span> <span class='ocrx_word' id='word_1_79' title='bbox 2133 1243 2184 1295; x_wconf 91' lang='lat' dir='ltr'><strong>in</strong></span> <span class='ocrx_word' id='word_1_80' title='bbox 2224 1256 2316 1296; x_wconf 87' lang='lat' dir='ltr'><strong>so-</strong></span> 
     </span>
    </p>
   </div>
   <div class='ocr_carea' id='block_1_13' title="bbox 723 1334 2314 1409">
    <p class='ocr_par' dir='ltr' id='par_1_13' title="bbox 723 1334 2314 1409">
     <span class='ocr_line' id='line_1_13' title="bbox 723 1334 2314 1409; baseline -0.006 -15"><span class='ocrx_word' id='word_1_81' title='bbox 723 1338 949 1394; x_wconf 87' lang='lat' dir='ltr'><strong>litmline</strong></span> <span class='ocrx_word' id='word_1_82' title='bbox 972 1354 1066 1409; x_wconf 89' lang='lat' dir='ltr'><strong>per</strong></span> <span class='ocrx_word' id='word_1_83' title='bbox 1092 1345 1174 1392; x_wconf 90' lang='lat' dir='ltr'><strong>tot</strong></span> <span class='ocrx_word' id='word_1_84' title='bbox 1192 1352 1362 1392; x_wconf 89' lang='lat' dir='ltr'><strong>annos</strong></span> <span class='ocrx_word' id='word_1_85' title='bbox 1385 1337 1610 1407; x_wconf 88' lang='lat' dir='ltr'><strong>populus</strong></span> <span class='ocrx_word' id='word_1_86' title='bbox 1630 1335 1975 1391; x_wconf 75' lang='lat' dir='ltr'><strong>calciamenta</strong></span> <span class='ocrx_word' id='word_1_87' title='bbox 2005 1334 2314 1389; x_wconf 81' lang='lat' dir='ltr'><strong>detriverat.</strong></span> 
     </span>
    </p>
   </div>
   <div class='ocr_carea' id='block_1_14' title="bbox 716 1423 2316 1499">
    <p class='ocr_par' dir='ltr' id='par_1_14' title="bbox 716 1423 2316 1499">
     <span class='ocr_line' id='line_1_14' title="bbox 716 1423 2316 1499; baseline -0.004 -12"><span class='ocrx_word' id='word_1_88' title='bbox 716 1429 1010 1498; x_wconf 82' lang='lat' dir='ltr'><strong>Neminem,</strong></span> <span class='ocrx_word' id='word_1_89' title='bbox 1041 1429 1230 1498; x_wconf 88' lang='lat' dir='ltr'><strong>inquit,</strong></span> <span class='ocrx_word' id='word_1_90' title='bbox 1259 1445 1347 1499; x_wconf 88' lang='lat' dir='ltr'><strong>per</strong></span> <span class='ocrx_word' id='word_1_91' title='bbox 1367 1430 1502 1483; x_wconf 79' lang='lat' dir='ltr'><strong>niam</strong></span> <span class='ocrx_word' id='word_1_92' title='bbox 1525 1429 1608 1497; x_wconf 77' lang='lat'><strong>(3)</strong></span> <span class='ocrx_word' id='word_1_93' title='bbox 1637 1427 1952 1482; x_wconf 71' lang='lat' dir='ltr'><strong>salutaret-is.</strong></span> <span class='ocrx_word' id='word_1_94' title='bbox 1982 1425 2026 1480; x_wconf 93' lang='grc' dir='ltr'><strong>Ο</strong></span> <span class='ocrx_word' id='word_1_95' title='bbox 2049 1423 2316 1481; x_wconf 85' lang='lat' dir='ltr'><strong>Christum</strong></span> 
     </span>
    </p>
   </div>
   <div class='ocr_carea' id='block_1_15' title="bbox 722 1520 2316 1593">
    <p class='ocr_par' dir='ltr' id='par_1_15' title="bbox 722 1520 2316 1593">
     <span class='ocr_line' id='line_1_15' title="bbox 722 1520 2316 1593; baseline -0.004 -12"><span class='ocrx_word' id='word_1_96' title='bbox 722 1526 1112 1581; x_wconf 86' lang='lat' dir='ltr'><strong>destructorem</strong></span> <span class='ocrx_word' id='word_1_97' title='bbox 1141 1522 1552 1593; x_wconf 82' lang='lat' dir='ltr'><strong>Prophetarum.</strong></span> <span class='ocrx_word' id='word_1_98' title='bbox 1583 1537 1611 1574; x_wconf 91' lang='lat' dir='ltr'><strong>a</strong></span> <span class='ocrx_word' id='word_1_99' title='bbox 1639 1520 1830 1591; x_wconf 84' lang='lat' dir='ltr'><strong>quibus</strong></span> <span class='ocrx_word' id='word_1_100' title='bbox 1858 1520 1961 1575; x_wconf 90' lang='lat' dir='ltr'><strong>hoc</strong></span> <span class='ocrx_word' id='word_1_101' title='bbox 1988 1534 2198 1590; x_wconf 91' lang='lat' dir='ltr'><strong>quoque</strong></span> <span class='ocrx_word' id='word_1_102' title='bbox 2223 1534 2316 1574; x_wconf 83' lang='lat' dir='ltr'><strong>ac-</strong></span> 
     </span>
    </p>
   </div>
   <div class='ocr_carea' id='block_1_16' title="bbox 717 1610 2321 1687">
    <p class='ocr_par' dir='ltr' id='par_1_16' title="bbox 717 1610 2321 1687">
     <span class='ocr_line' id='line_1_16' title="bbox 717 1610 2321 1687; baseline -0.005 -15"><span class='ocrx_word' id='word_1_103' title='bbox 717 1618 889 1687; x_wconf 80' lang='lat' dir='ltr'><strong>cepit!</strong></span> <span class='ocrx_word' id='word_1_104' title='bbox 924 1614 1204 1680; x_wconf 72' lang='lat' dir='ltr'><strong>Heliszeus,</strong></span> <span class='ocrx_word' id='word_1_105' title='bbox 1245 1629 1365 1669; x_wconf 93' lang='lat' dir='ltr'><strong>cum</strong></span> <span class='ocrx_word' id='word_1_106' title='bbox 1397 1612 1583 1668; x_wconf 83' lang='lat' dir='ltr'><strong>Gieziu</strong></span> <span class='ocrx_word' id='word_1_107' title='bbox 1628 1625 1852 1681; x_wconf 90' lang='lat' dir='ltr'><strong>puerum</strong></span> <span class='ocrx_word' id='word_1_108' title='bbox 1882 1626 2037 1665; x_wconf 83' lang='lat' dir='ltr'><strong>suum</strong></span> <span class='ocrx_word' id='word_1_109' title='bbox 2084 1610 2321 1665; x_wconf 88' lang='lat' dir='ltr'><strong>mitteret</strong></span> 
     </span>
    </p>
   </div>
   <div class='ocr_carea' id='block_1_17' title="bbox 714 1702 2316 1768">
    <p class='ocr_par' dir='ltr' id='par_1_17' title="bbox 714 1702 2316 1768">
     <span class='ocr_line' id='line_1_17' title="bbox 714 1702 2316 1768; baseline -0.007 -2"><span class='ocrx_word' id='word_1_110' title='bbox 714 1710 768 1767; x_wconf 87' lang='lat' dir='ltr'><strong>iu</strong></span> <span class='ocrx_word' id='word_1_111' title='bbox 787 1711 923 1764; x_wconf 90' lang='lat' dir='ltr'><strong>viam</strong></span> <span class='ocrx_word' id='word_1_112' title='bbox 946 1708 1013 1764; x_wconf 91' lang='lat' dir='ltr'><strong>ad</strong></span> <span class='ocrx_word' id='word_1_113' title='bbox 1034 1709 1196 1762; x_wconf 89' lang='lat' dir='ltr'><strong>lilium</strong></span> <span class='ocrx_word' id='word_1_114' title='bbox 1227 1704 1578 1761; x_wconf 87' lang='lat' dir='ltr'><strong>Sunamitidis</strong></span> <span class='ocrx_word' id='word_1_115' title='bbox 1596 1704 2019 1758; x_wconf 89' lang='lat' dir='ltr'><strong>resuscitaudum</strong></span> <span class='ocrx_word' id='word_1_116' title='bbox 2040 1702 2106 1758; x_wconf 90' lang='lat' dir='ltr'><strong>de</strong></span> <span class='ocrx_word' id='word_1_117' title='bbox 2124 1712 2316 1768; x_wconf 90' lang='lat' dir='ltr'><strong>morte,</strong></span> 
     </span>
    </p>
   </div>
   <div class='ocr_carea' id='block_1_18' title="bbox 717 1795 2322 1873">
    <p class='ocr_par' dir='ltr' id='par_1_18' title="bbox 717 1795 2322 1873">
     <span class='ocr_line' id='line_1_18' title="bbox 717 1795 2322 1873; baseline -0.006 -17"><span class='ocrx_word' id='word_1_118' title='bbox 717 1813 866 1873; x_wconf 89' lang='lat' dir='ltr'><strong>puto,</strong></span> <span class='ocrx_word' id='word_1_119' title='bbox 910 1802 988 1857; x_wconf 88' lang='lat' dir='ltr'><strong>sic</strong></span> <span class='ocrx_word' id='word_1_120' title='bbox 1034 1800 1086 1856; x_wconf 88' lang='lat' dir='ltr'><strong>ei</strong></span> <span class='ocrx_word' id='word_1_121' title='bbox 1131 1800 1385 1870; x_wconf 64' lang='lat' dir='ltr'><strong>praecepit</strong></span> <span class='ocrx_word' id='word_1_122' title='bbox 1433 1795 1522 1867; x_wconf 77' lang='lat' dir='ltr'><strong>(1V</strong></span> <span class='ocrx_word' id='word_1_123' title='bbox 1575 1797 1729 1868; x_wconf 85' lang='lat' dir='ltr'><strong>Reg.,</strong></span> <span class='ocrx_word' id='word_1_124' title='bbox 1778 1795 1877 1861; x_wconf 81' lang='lat' dir='ltr'><strong>IV,</strong></span> <span class='ocrx_word' id='word_1_125' title='bbox 1920 1796 2051 1864; x_wconf 72' lang='lat'><strong>29):</strong></span> <span class='ocrx_word' id='word_1_126' title='bbox 2106 1796 2322 1865; x_wconf 82' lang='lat' dir='ltr'><strong>Accinge</strong></span> 
     </span>
    </p>
   </div>
   <div class='ocr_carea' id='block_1_19' title="bbox 2417 593 4024 671">
    <p class='ocr_par' dir='ltr' id='par_1_19' title="bbox 2417 593 4024 671">
     <span class='ocr_line' id='line_1_19' title="bbox 2417 593 4024 671; baseline 0.004 -24"><span class='ocrx_word' id='word_1_127' title='bbox 2417 593 2652 648; x_wconf 90' lang='lat' dir='ltr'><strong>nuntiari</strong></span> <span class='ocrx_word' id='word_1_128' title='bbox 2711 594 3189 665; x_wconf 89' lang='lat' dir='ltr'><strong>appropinquasse.</strong></span> <span class='ocrx_word' id='word_1_129' title='bbox 3247 597 3400 664; x_wconf 87' lang='lat' dir='ltr'><strong>Quod</strong></span> <span class='ocrx_word' id='word_1_130' title='bbox 3455 598 3596 653; x_wconf 89' lang='lat' dir='ltr'><strong>cnim</strong></span> <span class='ocrx_word' id='word_1_131' title='bbox 3651 600 3805 671; x_wconf 81' lang='lat' dir='ltr'><strong>longe</strong></span> <span class='ocrx_word' id='word_1_132' title='bbox 3858 600 4024 655; x_wconf 86' lang='lat' dir='ltr'><strong>fuerit</strong></span> 
     </span>
    </p>
   </div>
   <div class='ocr_carea' id='block_1_20' title="bbox 2416 684 4019 758">
    <p class='ocr_par' dir='ltr' id='par_1_20' title="bbox 2416 684 4019 758">
     <span class='ocr_line' id='line_1_20' title="bbox 2416 684 4019 758; baseline 0.002 -20"><span class='ocrx_word' id='word_1_133' title='bbox 2416 684 2721 755; x_wconf 87' lang='lat' dir='ltr'><strong>aliquando,</strong></span> <span class='ocrx_word' id='word_1_134' title='bbox 2765 684 2816 740; x_wconf 92' lang='lat' dir='ltr'><strong>id</strong></span> <span class='ocrx_word' id='word_1_135' title='bbox 2859 695 3034 756; x_wconf 88' lang='lat' dir='ltr'><strong>potest</strong></span> <span class='ocrx_word' id='word_1_136' title='bbox 3062 686 3163 741; x_wconf 91' lang='lat' dir='ltr'><strong>dici</strong></span> <span class='ocrx_word' id='word_1_137' title='bbox 3197 689 3679 758; x_wconf 84' lang='lat' dir='ltr'><strong>appropinquasse.</strong></span> <span class='ocrx_word' id='word_1_138' title='bbox 3730 691 3784 744; x_wconf 89' lang='lat' dir='ltr'><strong>Si</strong></span> <span class='ocrx_word' id='word_1_139' title='bbox 3835 702 4019 746; x_wconf 88' lang='lat' dir='ltr'><strong>autem</strong></span> 
     </span>
    </p>
   </div>
   <div class='ocr_carea' id='block_1_21' title="bbox 2417 779 4021 853">
    <p class='ocr_par' dir='ltr' id='par_1_21' title="bbox 2417 779 4021 853">
     <span class='ocr_line' id='line_1_21' title="bbox 2417 779 4021 853; baseline 0.002 -21"><span class='ocrx_word' id='word_1_140' title='bbox 2417 793 2710 848; x_wconf 89' lang='lat' dir='ltr'><strong>numquam</strong></span> <span class='ocrx_word' id='word_1_141' title='bbox 2757 788 2901 834; x_wconf 89' lang='lat' dir='ltr'><strong>retro</strong></span> <span class='ocrx_word' id='word_1_142' title='bbox 2945 779 3154 846; x_wconf 86' lang='lat' dir='ltr'><strong>fuisset,</strong></span> <span class='ocrx_word' id='word_1_143' title='bbox 3190 789 3472 849; x_wconf 86' lang='lat' dir='ltr'><strong>antequam</strong></span> <span class='ocrx_word' id='word_1_144' title='bbox 3503 783 4021 853; x_wconf 75' lang='lat' dir='ltr'><strong>appropinquasset,</strong></span> 
     </span>
    </p>
   </div>
   <div class='ocr_carea' id='block_1_22' title="bbox 2419 869 4022 944">
    <p class='ocr_par' dir='ltr' id='par_1_22' title="bbox 2419 869 4022 944">
     <span class='ocr_line' id='line_1_22' title="bbox 2419 869 4022 944; baseline 0.003 -22"><span class='ocrx_word' id='word_1_145' title='bbox 2419 884 2517 924; x_wconf 90' lang='lat' dir='ltr'><strong>nec</strong></span> <span class='ocrx_word' id='word_1_146' title='bbox 2569 869 2670 923; x_wconf 90' lang='lat' dir='ltr'><strong>dici</strong></span> <span class='ocrx_word' id='word_1_147' title='bbox 2723 871 2982 938; x_wconf 88' lang='lat' dir='ltr'><strong>potuisset</strong></span> <span class='ocrx_word' id='word_1_148' title='bbox 3031 872 3508 942; x_wconf 86' lang='lat' dir='ltr'><strong>appropinquasse,</strong></span> <span class='ocrx_word' id='word_1_149' title='bbox 3554 873 3694 944; x_wconf 90' lang='lat' dir='ltr'><strong>quod</strong></span> <span class='ocrx_word' id='word_1_150' title='bbox 3729 890 4022 943; x_wconf 86' lang='lat' dir='ltr'><strong>numquam</strong></span> 
     </span>
    </p>
   </div>
   <div class='ocr_carea' id='block_1_23' title="bbox 2418 961 4024 1037">
    <p class='ocr_par' dir='ltr' id='par_1_23' title="bbox 2418 961 4024 1037">
     <span class='ocr_line' id='line_1_23' title="bbox 2418 961 4024 1037; baseline 0.002 -21"><span class='ocrx_word' id='word_1_151' title='bbox 2418 961 2575 1032; x_wconf 80' lang='lat' dir='ltr'><strong>longe</strong></span> <span class='ocrx_word' id='word_1_152' title='bbox 2607 963 2814 1018; x_wconf 88' lang='lat' dir='ltr'><strong>fuisset.</strong></span> <span class='ocrx_word' id='word_1_153' title='bbox 2860 965 3029 1019; x_wconf 86' lang='lat' dir='ltr'><strong>Omne</strong></span> <span class='ocrx_word' id='word_1_154' title='bbox 3059 964 3201 1034; x_wconf 90' lang='lat' dir='ltr'><strong>quod</strong></span> <span class='ocrx_word' id='word_1_155' title='bbox 3231 981 3426 1021; x_wconf 82' lang='lat' dir='ltr'><strong>novum</strong></span> <span class='ocrx_word' id='word_1_156' title='bbox 3456 977 3511 1021; x_wconf 89' lang='lat' dir='ltr'><strong>et</strong></span> <span class='ocrx_word' id='word_1_157' title='bbox 3554 967 3883 1037; x_wconf 82' lang='lat' dir='ltr'><strong>incognitum</strong></span> <span class='ocrx_word' id='word_1_158' title='bbox 3915 977 4024 1030; x_wconf 89' lang='lat' dir='ltr'><strong>est,</strong></span> 
     </span>
    </p>
   </div>
   <div class='ocr_carea' id='block_1_24' title="bbox 2419 1055 4017 1129">
    <p class='ocr_par' dir='ltr' id='par_1_24' title="bbox 2419 1055 4017 1129">
     <span class='ocr_line' id='line_1_24' title="bbox 2419 1055 4017 1129; baseline 0.002 -20"><span class='ocrx_word' id='word_1_159' title='bbox 2419 1055 2652 1109; x_wconf 87' lang='lat' dir='ltr'><strong>subitum</strong></span> <span class='ocrx_word' id='word_1_160' title='bbox 2683 1065 2785 1111; x_wconf 88' lang='lat' dir='ltr'><strong>est.</strong></span> <span class='ocrx_word' id='word_1_161' title='bbox 2835 1055 3005 1112; x_wconf 88' lang='lat' dir='ltr'><strong>Omne</strong></span> <span class='ocrx_word' id='word_1_162' title='bbox 3031 1057 3173 1129; x_wconf 88' lang='lat' dir='ltr'><strong>quod</strong></span> <span class='ocrx_word' id='word_1_163' title='bbox 3202 1059 3433 1114; x_wconf 88' lang='lat' dir='ltr'><strong>subitum</strong></span> <span class='ocrx_word' id='word_1_164' title='bbox 3476 1069 3578 1124; x_wconf 90' lang='lat' dir='ltr'><strong>est,</strong></span> <span class='ocrx_word' id='word_1_165' title='bbox 3630 1076 3751 1115; x_wconf 89' lang='lat' dir='ltr'><strong>cum</strong></span> <span class='ocrx_word' id='word_1_166' title='bbox 3797 1076 4017 1114; x_wconf 86' lang='lat' dir='ltr'><strong>annun-</strong></span> 
     </span>
    </p>
   </div>
   <div class='ocr_carea' id='block_1_25' title="bbox 2423 1146 4108 1221">
    <p class='ocr_par' dir='ltr' id='par_1_25' title="bbox 2423 1146 4108 1221">
     <span class='ocr_line' id='line_1_25' title="bbox 2423 1146 4108 1221; baseline 0.002 -20"><span class='ocrx_word' id='word_1_167' title='bbox 2423 1146 2598 1212; x_wconf 89' lang='lat' dir='ltr'><strong>tiatur,</strong></span> <span class='ocrx_word' id='word_1_168' title='bbox 2632 1156 2758 1204; x_wconf 91' lang='lat' dir='ltr'><strong>tunc</strong></span> <span class='ocrx_word' id='word_1_169' title='bbox 2798 1150 3025 1217; x_wconf 88' lang='lat' dir='ltr'><strong>primum</strong></span> <span class='ocrx_word' id='word_1_170' title='bbox 3054 1150 3288 1219; x_wconf 88' lang='lat' dir='ltr'><strong>speciem</strong></span> <span class='ocrx_word' id='word_1_171' title='bbox 3317 1151 3598 1219; x_wconf 85' lang='lat' dir='ltr'><strong>inducens,</strong></span> <span class='ocrx_word' id='word_1_172' title='bbox 3633 1163 3758 1206; x_wconf 92' lang='lat' dir='ltr'><strong>tunc</strong></span> <span class='ocrx_word' id='word_1_173' title='bbox 3788 1152 4027 1221; x_wconf 87' lang='lat' dir='ltr'><strong>primum</strong></span> <span class='ocrx_word' id='word_1_174' title='bbox 4105 1182 4108 1184; x_wconf 89' lang='lat'><strong>-</strong></span> 
     </span>
    </p>
   </div>
   <div class='ocr_carea' id='block_1_26' title="bbox 2420 1241 4026 1314">
    <p class='ocr_par' dir='ltr' id='par_1_26' title="bbox 2420 1241 4026 1314">
     <span class='ocr_line' id='line_1_26' title="bbox 2420 1241 4026 1314; baseline 0.002 -22"><span class='ocrx_word' id='word_1_175' title='bbox 2420 1241 2610 1309; x_wconf 84' lang='lat' dir='ltr'><strong>accipit</strong></span> <span class='ocrx_word' id='word_1_176' title='bbox 2653 1250 2884 1310; x_wconf 85' lang='lat' dir='ltr'><strong>tempus.</strong></span> <span class='ocrx_word' id='word_1_177' title='bbox 2915 1241 3206 1306; x_wconf 80' lang='lat' dir='ltr'><strong>Ca-tcrum,</strong></span> <span class='ocrx_word' id='word_1_178' title='bbox 3239 1259 3335 1298; x_wconf 91' lang='lat' dir='ltr'><strong>nec</strong></span> <span class='ocrx_word' id='word_1_179' title='bbox 3373 1244 3766 1299; x_wconf 79' lang='lat' dir='ltr'><strong>retrotardasse</strong></span> <span class='ocrx_word' id='word_1_180' title='bbox 3803 1243 4026 1314; x_wconf 89' lang='lat' dir='ltr'><strong>poterit,</strong></span> 
     </span>
    </p>
   </div>
   <div class='ocr_carea' id='block_1_27' title="bbox 2421 1330 4029 1407">
    <p class='ocr_par' dir='ltr' id='par_1_27' title="bbox 2421 1330 4029 1407">
     <span class='ocr_line' id='line_1_27' title="bbox 2421 1330 4029 1407; baseline 0.005 -25"><span class='ocrx_word' id='word_1_181' title='bbox 2421 1330 2674 1400; x_wconf 85' lang='lat' dir='ltr'><strong>quamdiu</strong></span> <span class='ocrx_word' id='word_1_182' title='bbox 2715 1347 2818 1386; x_wconf 92' lang='lat' dir='ltr'><strong>nou</strong></span> <span class='ocrx_word' id='word_1_183' title='bbox 2847 1335 3299 1399; x_wconf 76' lang='lat' dir='ltr'><strong>annuntialiatur;</strong></span> <span class='ocrx_word' id='word_1_184' title='bbox 3347 1351 3446 1390; x_wconf 90' lang='lat' dir='ltr'><strong>nec</strong></span> <span class='ocrx_word' id='word_1_185' title='bbox 3476 1353 3539 1390; x_wconf 90' lang='lat' dir='ltr'><strong>cx</strong></span> <span class='ocrx_word' id='word_1_186' title='bbox 3585 1353 3691 1407; x_wconf 88' lang='lat' dir='ltr'><strong>quo</strong></span> <span class='ocrx_word' id='word_1_187' title='bbox 3716 1337 4029 1390; x_wconf 88' lang='lat' dir='ltr'><strong>annuntiari</strong></span> 
     </span>
    </p>
   </div>
   <div class='ocr_carea' id='block_1_28' title="bbox 2421 1424 4032 1501">
    <p class='ocr_par' dir='ltr' id='par_1_28' title="bbox 2421 1424 4032 1501">
     <span class='ocr_line' id='line_1_28' title="bbox 2421 1424 4032 1501; baseline 0.004 -23"><span class='ocrx_word' id='word_1_188' title='bbox 2421 1424 2665 1494; x_wconf 69' lang='lat' dir='ltr'><strong>cmperit,</strong></span> <span class='ocrx_word' id='word_1_189' title='bbox 2707 1427 3185 1497; x_wconf 88' lang='lat' dir='ltr'><strong>appropinquassc.</strong></span> <span class='ocrx_word' id='word_1_190' title='bbox 3244 1429 3414 1483; x_wconf 78' lang='lat' dir='ltr'><strong>Etiam</strong></span> <span class='ocrx_word' id='word_1_191' title='bbox 3459 1429 3641 1499; x_wconf 78' lang='lat' dir='ltr'><strong>adjicit</strong></span> <span class='ocrx_word' id='word_1_192' title='bbox 3685 1429 3786 1501; x_wconf 97' lang='lat'><strong>(8),</strong></span> <span class='ocrx_word' id='word_1_193' title='bbox 3842 1441 3899 1484; x_wconf 92' lang='lat' dir='ltr'><strong>ut</strong></span> <span class='ocrx_word' id='word_1_194' title='bbox 3949 1430 4032 1484; x_wconf 91' lang='lat' dir='ltr'><strong>cis</strong></span> 
     </span>
    </p>
   </div>
   <div class='ocr_carea' id='block_1_29' title="bbox 2423 1517 4032 1589">
    <p class='ocr_par' dir='ltr' id='par_1_29' title="bbox 2423 1517 4032 1589">
     <span class='ocr_line' id='line_1_29' title="bbox 2423 1517 4032 1589; baseline 0.003 -19"><span class='ocrx_word' id='word_1_195' title='bbox 2423 1517 2513 1587; x_wconf 91' lang='lat' dir='ltr'><strong>qui</strong></span> <span class='ocrx_word' id='word_1_196' title='bbox 2568 1517 2690 1572; x_wconf 90' lang='lat' dir='ltr'><strong>illos</strong></span> <span class='ocrx_word' id='word_1_197' title='bbox 2725 1534 2832 1572; x_wconf 89' lang='lat' dir='ltr'><strong>non</strong></span> <span class='ocrx_word' id='word_1_198' title='bbox 2887 1520 3240 1589; x_wconf 82' lang='lat' dir='ltr'><strong>recepissent,</strong></span> <span class='ocrx_word' id='word_1_199' title='bbox 3288 1521 3566 1576; x_wconf 87' lang='lat' dir='ltr'><strong>dicerent:</strong></span> <span class='ocrx_word' id='word_1_200' title='bbox 3613 1522 3808 1576; x_wconf 81' lang='lat' dir='ltr'><strong>Scitote</strong></span> <span class='ocrx_word' id='word_1_201' title='bbox 3856 1533 4032 1575; x_wconf 81' lang='lat' dir='ltr'><strong>tamen</strong></span> 
     </span>
    </p>
   </div>
   <div class='ocr_carea' id='block_1_30' title="bbox 2423 1609 4031 1682">
    <p class='ocr_par' dir='ltr' id='par_1_30' title="bbox 2423 1609 4031 1682">
     <span class='ocr_line' id='line_1_30' title="bbox 2423 1609 4031 1682; baseline 0.006 -21"><span class='ocrx_word' id='word_1_202' title='bbox 2423 1609 2862 1678; x_wconf 60' lang='lat' dir='ltr'><strong>appr-apinquasse</strong></span> <span class='ocrx_word' id='word_1_203' title='bbox 2888 1628 3099 1682; x_wconf 80' lang='lat' dir='ltr'><strong>regnum</strong></span> <span class='ocrx_word' id='word_1_204' title='bbox 3128 1611 3246 1667; x_wconf 89' lang='lat' dir='ltr'><strong>Dei.</strong></span> <span class='ocrx_word' id='word_1_205' title='bbox 3275 1612 3328 1668; x_wconf 91' lang='lat' dir='ltr'><strong>Sl</strong></span> <span class='ocrx_word' id='word_1_206' title='bbox 3376 1614 3478 1669; x_wconf 90' lang='lat' dir='ltr'><strong>hoc</strong></span> <span class='ocrx_word' id='word_1_207' title='bbox 3507 1631 3614 1668; x_wconf 89' lang='lat' dir='ltr'><strong>non</strong></span> <span class='ocrx_word' id='word_1_208' title='bbox 3643 1626 3695 1668; x_wconf 90' lang='lat' dir='ltr'><strong>et</strong></span> <span class='ocrx_word' id='word_1_209' title='bbox 3725 1615 4031 1670; x_wconf 78' lang='lat' dir='ltr'><strong>commina-</strong></span> 
     </span>
    </p>
   </div>
   <div class='ocr_carea' id='block_1_31' title="bbox 2427 1699 4033 1774">
    <p class='ocr_par' dir='ltr' id='par_1_31' title="bbox 2427 1699 4033 1774">
     <span class='ocr_line' id='line_1_31' title="bbox 2427 1699 4033 1774; baseline 0.003 -20"><span class='ocrx_word' id='word_1_210' title='bbox 2427 1699 2589 1756; x_wconf 88' lang='lat' dir='ltr'><strong>tionis</strong></span> <span class='ocrx_word' id='word_1_211' title='bbox 2629 1702 2800 1771; x_wconf 78' lang='lat' dir='ltr'><strong>gratia</strong></span> <span class='ocrx_word' id='word_1_212' title='bbox 2843 1704 3079 1769; x_wconf 82' lang='lat' dir='ltr'><strong>mandat,</strong></span> <span class='ocrx_word' id='word_1_213' title='bbox 3111 1706 3398 1761; x_wconf 80' lang='lat' dir='ltr'><strong>vanissime</strong></span> <span class='ocrx_word' id='word_1_214' title='bbox 3427 1707 3664 1761; x_wconf 85' lang='lat' dir='ltr'><strong>mandat.</strong></span> <span class='ocrx_word' id='word_1_215' title='bbox 3696 1708 3833 1774; x_wconf 83' lang='lat' dir='ltr'><strong>Quid</strong></span> <span class='ocrx_word' id='word_1_216' title='bbox 3885 1707 4033 1761; x_wconf 87' lang='lat' dir='ltr'><strong>enim</strong></span> 
     </span>
    </p>
   </div>
   <div class='ocr_carea' id='block_1_32' title="bbox 2425 1791 4030 1867">
    <p class='ocr_par' dir='ltr' id='par_1_32' title="bbox 2425 1791 4030 1867">
     <span class='ocr_line' id='line_1_32' title="bbox 2425 1791 4030 1867; baseline 0.003 -23"><span class='ocrx_word' id='word_1_217' title='bbox 2425 1791 2492 1846; x_wconf 90' lang='lat' dir='ltr'><strong>ad</strong></span> <span class='ocrx_word' id='word_1_218' title='bbox 2544 1793 2663 1848; x_wconf 88' lang='lat' dir='ltr'><strong>illos</strong></span> <span class='ocrx_word' id='word_1_219' title='bbox 2705 1794 2747 1846; x_wconf 94' lang='lat' dir='ltr'><strong>si</strong></span> <span class='ocrx_word' id='word_1_220' title='bbox 2799 1795 3248 1866; x_wconf 88' lang='lat' dir='ltr'><strong>appropinquaret</strong></span> <span class='ocrx_word' id='word_1_221' title='bbox 3293 1813 3536 1867; x_wconf 81' lang='lat' dir='ltr'><strong>regnum,</strong></span> <span class='ocrx_word' id='word_1_222' title='bbox 3590 1799 3689 1852; x_wconf 89' lang='lat' dir='ltr'><strong>nisi</strong></span> <span class='ocrx_word' id='word_1_223' title='bbox 3739 1800 3858 1866; x_wconf 89' lang='lat' dir='ltr'><strong>quia</strong></span> <span class='ocrx_word' id='word_1_224' title='bbox 3904 1813 4030 1853; x_wconf 88' lang='lat' dir='ltr'><strong>cum</strong></span> 
     </span>
    </p>
   </div>
   <div class='ocr_carea' id='block_1_33' title="bbox 716 1885 4024 1961">
    <p class='ocr_par' dir='ltr' id='par_1_33' title="bbox 716 1885 4024 1961">
     <span class='ocr_line' id='line_1_33' title="bbox 716 1885 4024 1961; baseline -0.002 -10"><span class='ocrx_word' id='word_1_225' title='bbox 716 1896 916 1952; x_wconf 80' lang='lat' dir='ltr'><strong>lumbos</strong></span> <span class='ocrx_word' id='word_1_226' title='bbox 939 1903 1073 1957; x_wconf 88' lang='lat' dir='ltr'><strong>tuos,</strong></span> <span class='ocrx_word' id='word_1_227' title='bbox 1096 1904 1144 1948; x_wconf 89' lang='lat' dir='ltr'><strong>et</strong></span> <span class='ocrx_word' id='word_1_228' title='bbox 1168 1909 1309 1947; x_wconf 88' lang='lat' dir='ltr'><strong>sume</strong></span> <span class='ocrx_word' id='word_1_229' title='bbox 1333 1892 1569 1946; x_wconf 82' lang='lat' dir='ltr'><strong>bacillum</strong></span> <span class='ocrx_word' id='word_1_230' title='bbox 1591 1907 1757 1944; x_wconf 84' lang='lat' dir='ltr'><strong>meum</strong></span> <span class='ocrx_word' id='word_1_231' title='bbox 1781 1890 1833 1944; x_wconf 90' lang='lat' dir='ltr'><strong>in</strong></span> <span class='ocrx_word' id='word_1_232' title='bbox 1856 1905 2083 1955; x_wconf 89' lang='lat' dir='ltr'><strong>manum,</strong></span> <span class='ocrx_word' id='word_1_233' title='bbox 2107 1898 2152 1942; x_wconf 91' lang='lat' dir='ltr'><strong>et</strong></span> <span class='ocrx_word' id='word_1_234' title='bbox 2173 1887 2316 1941; x_wconf 84' lang='lat' dir='ltr'><strong>vade:</strong></span> <span class='ocrx_word' id='word_1_235' title='bbox 2351 1901 2399 1960; x_wconf 76' lang='grc' dir='ltr'><strong>Β</strong></span> <span class='ocrx_word' id='word_1_236' title='bbox 2423 1885 2626 1954; x_wconf 88' lang='lat' dir='ltr'><strong>judicio</strong></span> <span class='ocrx_word' id='word_1_237' title='bbox 2656 1889 3084 1957; x_wconf 76' lang='lat' dir='ltr'><strong>appropinquat?</strong></span> <span class='ocrx_word' id='word_1_238' title='bbox 3122 1890 3172 1943; x_wconf 93' lang='lat' dir='ltr'><strong>in</strong></span> <span class='ocrx_word' id='word_1_239' title='bbox 3204 1890 3432 1945; x_wconf 88' lang='lat' dir='ltr'><strong>salutem</strong></span> <span class='ocrx_word' id='word_1_240' title='bbox 3463 1893 3664 1948; x_wconf 79' lang='lat' dir='ltr'><strong>scilicet</strong></span> <span class='ocrx_word' id='word_1_241' title='bbox 3689 1909 3899 1956; x_wconf 90' lang='lat' dir='ltr'><strong>eorum,</strong></span> <span class='ocrx_word' id='word_1_242' title='bbox 3932 1895 4024 1961; x_wconf 87' lang='lat' dir='ltr'><strong>qui</strong></span> 
     </span>
    </p>
   </div>
   <div class='ocr_carea' id='block_1_34' title="bbox 715 1983 2318 2061">
    <p class='ocr_par' dir='ltr' id='par_1_34' title="bbox 715 1983 2318 2061">
     <span class='ocr_line' id='line_1_34' title="bbox 715 1983 2318 2061; baseline -0.005 -16"><span class='ocrx_word' id='word_1_243' title='bbox 715 2006 1077 2061; x_wconf 81' lang='lat' dir='ltr'><strong>quemcumque</strong></span> <span class='ocrx_word' id='word_1_244' title='bbox 1103 1989 1391 2044; x_wconf 73' lang='lat' dir='ltr'><strong>conveneris</strong></span> <span class='ocrx_word' id='word_1_245' title='bbox 1424 1989 1475 2041; x_wconf 87' lang='lat' dir='ltr'><strong>in</strong></span> <span class='ocrx_word' id='word_1_246' title='bbox 1501 1988 1602 2053; x_wconf 80' lang='lat' dir='ltr'><strong>via,</strong></span> <span class='ocrx_word' id='word_1_247' title='bbox 1636 2002 1698 2040; x_wconf 89' lang='lat' dir='ltr'><strong>ne</strong></span> <span class='ocrx_word' id='word_1_248' title='bbox 1725 1986 2040 2040; x_wconf 74' lang='lat' dir='ltr'><strong>benedixcris</strong></span> <span class='ocrx_word' id='word_1_249' title='bbox 2069 2003 2219 2050; x_wconf 86' lang='lat' dir='ltr'><strong>eum;</strong></span> <span class='ocrx_word' id='word_1_250' title='bbox 2265 1983 2318 2038; x_wconf 87' lang='lat' dir='ltr'><strong>id</strong></span> 
     </span>
    </p>
   </div>
   <div class='ocr_carea' id='block_1_35' title="bbox 717 2079 2310 2149">
    <p class='ocr_par' dir='ltr' id='par_1_35' title="bbox 717 2079 2310 2149">
     <span class='ocr_line' id='line_1_35' title="bbox 717 2079 2310 2149; baseline -0.006 -11"><span class='ocrx_word' id='word_1_251' title='bbox 717 2093 820 2149; x_wconf 89' lang='lat' dir='ltr'><strong>est,</strong></span> <span class='ocrx_word' id='word_1_252' title='bbox 866 2098 934 2137; x_wconf 91' lang='lat' dir='ltr'><strong>ne</strong></span> <span class='ocrx_word' id='word_1_253' title='bbox 962 2080 1317 2138; x_wconf 82' lang='lat' dir='ltr'><strong>Salutaveris:</strong></span> <span class='ocrx_word' id='word_1_254' title='bbox 1349 2088 1396 2132; x_wconf 82' lang='lat' dir='ltr'><strong>et</strong></span> <span class='ocrx_word' id='word_1_255' title='bbox 1433 2079 1517 2147; x_wconf 87' lang='lat' dir='ltr'><strong>qui</strong></span> <span class='ocrx_word' id='word_1_256' title='bbox 1561 2088 1608 2132; x_wconf 88' lang='lat' dir='ltr'><strong>te</strong></span> <span class='ocrx_word' id='word_1_257' title='bbox 1637 2079 1964 2142; x_wconf 75' lang='lat' dir='ltr'><strong>benedixerit,</strong></span> <span class='ocrx_word' id='word_1_258' title='bbox 1995 2094 2054 2131; x_wconf 92' lang='lat' dir='ltr'><strong>ne</strong></span> <span class='ocrx_word' id='word_1_259' title='bbox 2099 2093 2310 2147; x_wconf 86' lang='lat' dir='ltr'><strong>respon-</strong></span> 
     </span>
    </p>
   </div>
   <div class='ocr_carea' id='block_1_36' title="bbox 719 2170 2321 2240">
    <p class='ocr_par' dir='ltr' id='par_1_36' title="bbox 719 2170 2321 2240">
     <span class='ocr_line' id='line_1_36' title="bbox 719 2170 2321 2240; baseline -0.005 -10"><span class='ocrx_word' id='word_1_260' title='bbox 719 2175 854 2230; x_wconf 85' lang='lat' dir='ltr'><strong>deris</strong></span> <span class='ocrx_word' id='word_1_261' title='bbox 884 2176 951 2240; x_wconf 87' lang='lat' dir='ltr'><strong>ei,</strong></span> <span class='ocrx_word' id='word_1_262' title='bbox 983 2175 1034 2230; x_wconf 89' lang='lat' dir='ltr'><strong>id</strong></span> <span class='ocrx_word' id='word_1_263' title='bbox 1065 2182 1180 2240; x_wconf 90' lang='lat' dir='ltr'><strong>est,</strong></span> <span class='ocrx_word' id='word_1_264' title='bbox 1220 2189 1287 2228; x_wconf 91' lang='lat' dir='ltr'><strong>ne</strong></span> <span class='ocrx_word' id='word_1_265' title='bbox 1315 2173 1708 2228; x_wconf 88' lang='lat' dir='ltr'><strong>resalutaveris.</strong></span> <span class='ocrx_word' id='word_1_266' title='bbox 1739 2171 1870 2239; x_wconf 64' lang='lat' dir='ltr'><strong>Quae</strong></span> <span class='ocrx_word' id='word_1_267' title='bbox 1898 2180 1982 2226; x_wconf 88' lang='lat' dir='ltr'><strong>est</strong></span> <span class='ocrx_word' id='word_1_268' title='bbox 2008 2173 2148 2226; x_wconf 88' lang='lat' dir='ltr'><strong>enim</strong></span> <span class='ocrx_word' id='word_1_269' title='bbox 2182 2170 2321 2223; x_wconf 87' lang='lat' dir='ltr'><strong>inter</strong></span> 
     </span>
    </p>
   </div>
   <div class='ocr_carea' id='block_1_37' title="bbox 718 2263 2322 2332">
    <p class='ocr_par' dir='ltr' id='par_1_37' title="bbox 718 2263 2322 2332">
     <span class='ocr_line' id='line_1_37' title="bbox 718 2263 2322 2332; baseline -0.003 -10"><span class='ocrx_word' id='word_1_270' title='bbox 718 2268 833 2323; x_wconf 86' lang='lat' dir='ltr'><strong>vias</strong></span> <span class='ocrx_word' id='word_1_271' title='bbox 862 2267 1185 2332; x_wconf 87' lang='lat' dir='ltr'><strong>benedictio,</strong></span> <span class='ocrx_word' id='word_1_272' title='bbox 1218 2265 1318 2320; x_wconf 90' lang='lat' dir='ltr'><strong>uisi</strong></span> <span class='ocrx_word' id='word_1_273' title='bbox 1346 2279 1410 2320; x_wconf 82' lang='lat' dir='ltr'><strong>ex</strong></span> <span class='ocrx_word' id='word_1_274' title='bbox 1441 2279 1667 2319; x_wconf 90' lang='lat' dir='ltr'><strong>occursu</strong></span> <span class='ocrx_word' id='word_1_275' title='bbox 1695 2274 1876 2318; x_wconf 89' lang='lat' dir='ltr'><strong>mutua</strong></span> <span class='ocrx_word' id='word_1_276' title='bbox 1916 2263 2204 2318; x_wconf 81' lang='lat' dir='ltr'><strong>salutatio?</strong></span> <span class='ocrx_word' id='word_1_277' title='bbox 2233 2263 2322 2317; x_wconf 88' lang='lat' dir='ltr'><strong>Sic</strong></span> 
     </span>
    </p>
   </div>
   <div class='ocr_carea' id='block_1_38' title="bbox 719 2337 2321 2427">
    <p class='ocr_par' dir='ltr' id='par_1_38' title="bbox 719 2337 2321 2427">
     <span class='ocr_line' id='line_1_38' title="bbox 719 2337 2321 2427; baseline -0.006 -10"><span class='ocrx_word' id='word_1_278' title='bbox 719 2373 772 2418; x_wconf 89' lang='lat' dir='ltr'><strong>et</strong></span> <span class='ocrx_word' id='word_1_279' title='bbox 807 2363 1079 2425; x_wconf 75' lang='grc' dir='ltr'><strong>υοηιὶιιιιε,</strong></span> <span class='ocrx_word' id='word_1_280' title='bbox 1111 2359 1165 2412; x_wconf 88' lang='lat' dir='ltr'><strong>in</strong></span> <span class='ocrx_word' id='word_1_281' title='bbox 1194 2374 1348 2427; x_wconf 87' lang='lat' dir='ltr'><strong>quam</strong></span> <span class='ocrx_word' id='word_1_282' title='bbox 1391 2357 1676 2412; x_wconf 73' lang='lat' dir='ltr'><strong>introissent</strong></span> <span class='ocrx_word' id='word_1_283' title='bbox 1705 2357 1932 2420; x_wconf 87' lang='lat' dir='ltr'><strong>donmm,</strong></span> <span class='ocrx_word' id='word_1_284' title='bbox 1950 2337 2138 2425; x_wconf 48' lang='lat' dir='ltr'><strong>&#39;pacem</strong></span> <span class='ocrx_word' id='word_1_285' title='bbox 2167 2356 2211 2409; x_wconf 85' lang='lat' dir='ltr'><strong>ei</strong></span> <span class='ocrx_word' id='word_1_286' title='bbox 2239 2356 2321 2415; x_wconf 55' lang='lat' dir='ltr'><strong>cli-,-</strong></span> 
     </span>
    </p>
   </div>
   <div class='ocr_carea' id='block_1_39' title="bbox 718 2445 2321 2520">
    <p class='ocr_par' dir='ltr' id='par_1_39' title="bbox 718 2445 2321 2520">
     <span class='ocr_line' id='line_1_39' title="bbox 718 2445 2321 2520; baseline -0.002 -14"><span class='ocrx_word' id='word_1_287' title='bbox 718 2468 831 2506; x_wconf 84' lang='lat' dir='ltr'><strong>cere</strong></span> <span class='ocrx_word' id='word_1_288' title='bbox 875 2449 974 2520; x_wconf 66' lang='grc' dir='ltr'><strong>(ιι),</strong></span> <span class='ocrx_word' id='word_1_289' title='bbox 1019 2448 1267 2518; x_wconf 87' lang='lat' dir='ltr'><strong>exemplo</strong></span> <span class='ocrx_word' id='word_1_290' title='bbox 1306 2447 1496 2503; x_wconf 87' lang='lat' dir='ltr'><strong>eodem</strong></span> <span class='ocrx_word' id='word_1_291' title='bbox 1527 2456 1628 2501; x_wconf 90' lang='lat' dir='ltr'><strong>est.</strong></span> <span class='ocrx_word' id='word_1_292' title='bbox 1667 2445 1934 2501; x_wconf 78' lang='lat' dir='ltr'><strong>Mandavit</strong></span> <span class='ocrx_word' id='word_1_293' title='bbox 1963 2447 2105 2502; x_wconf 88' lang='lat' dir='ltr'><strong>enim</strong></span> <span class='ocrx_word' id='word_1_294' title='bbox 2136 2456 2190 2501; x_wconf 91' lang='lat' dir='ltr'><strong>et</strong></span> <span class='ocrx_word' id='word_1_295' title='bbox 2221 2445 2321 2502; x_wconf 91' lang='lat' dir='ltr'><strong>hoc</strong></span> 
     </span>
    </p>
   </div>
   <div class='ocr_carea' id='block_1_40' title="bbox 719 2540 2317 2610">
    <p class='ocr_par' dir='ltr' id='par_1_40' title="bbox 719 2540 2317 2610">
     <span class='ocr_line' id='line_1_40' title="bbox 719 2540 2317 2610; baseline -0.003 -10"><span class='ocrx_word' id='word_1_296' title='bbox 719 2544 1002 2610; x_wconf 67' lang='lat' dir='ltr'><strong>Helisaeus,</strong></span> <span class='ocrx_word' id='word_1_297' title='bbox 1045 2557 1167 2596; x_wconf 91' lang='lat' dir='ltr'><strong>cum</strong></span> <span class='ocrx_word' id='word_1_298' title='bbox 1208 2542 1480 2596; x_wconf 75' lang='lat' dir='ltr'><strong>introisset</strong></span> <span class='ocrx_word' id='word_1_299' title='bbox 1522 2540 1590 2595; x_wconf 90' lang='lat' dir='ltr'><strong>ad</strong></span> <span class='ocrx_word' id='word_1_300' title='bbox 1627 2540 1949 2604; x_wconf 87' lang='lat' dir='ltr'><strong>Sunamitin,</strong></span> <span class='ocrx_word' id='word_1_301' title='bbox 1979 2540 2181 2596; x_wconf 90' lang='lat' dir='ltr'><strong>diceret</strong></span> <span class='ocrx_word' id='word_1_302' title='bbox 2221 2540 2269 2595; x_wconf 92' lang='lat' dir='ltr'><strong>ci</strong></span> <span class='ocrx_word' id='word_1_303' title='bbox 2304 2557 2317 2596; x_wconf 90' lang='lat'>:</span> 
     </span>
    </p>
   </div>
   <div class='ocr_carea' id='block_1_41' title="bbox 724 2631 2321 2704">
    <p class='ocr_par' dir='ltr' id='par_1_41' title="bbox 724 2631 2321 2704">
     <span class='ocr_line' id='line_1_41' title="bbox 724 2631 2321 2704; baseline -0.001 -16"><span class='ocrx_word' id='word_1_304' title='bbox 724 2633 840 2688; x_wconf 78' lang='lat' dir='ltr'><strong>Pax</strong></span> <span class='ocrx_word' id='word_1_305' title='bbox 888 2635 995 2688; x_wconf 78' lang='lat' dir='ltr'><strong>viro</strong></span> <span class='ocrx_word' id='word_1_306' title='bbox 1039 2642 1146 2696; x_wconf 85' lang='lat' dir='ltr'><strong>tuo,</strong></span> <span class='ocrx_word' id='word_1_307' title='bbox 1188 2649 1292 2704; x_wconf 71' lang='lat' dir='ltr'><strong>pax</strong></span> <span class='ocrx_word' id='word_1_308' title='bbox 1335 2634 1444 2701; x_wconf 79' lang='lat' dir='ltr'><strong>ﬁlio</strong></span> <span class='ocrx_word' id='word_1_309' title='bbox 1486 2643 1572 2686; x_wconf 90' lang='lat' dir='ltr'><strong>tuo</strong></span> <span class='ocrx_word' id='word_1_310' title='bbox 1624 2631 1725 2704; x_wconf 84' lang='lat'><strong>(5).</strong></span> <span class='ocrx_word' id='word_1_311' title='bbox 1775 2631 1900 2686; x_wconf 69' lang='lat' dir='ltr'><strong>llaec</strong></span> <span class='ocrx_word' id='word_1_312' title='bbox 1947 2642 2104 2686; x_wconf 90' lang='lat' dir='ltr'><strong>erunt</strong></span> <span class='ocrx_word' id='word_1_313' title='bbox 2142 2633 2321 2703; x_wconf 87' lang='lat' dir='ltr'><strong>potius</strong></span> 
     </span>
    </p>
   </div>
   <div class='ocr_carea' id='block_1_42' title="bbox 725 2728 2323 2796">
    <p class='ocr_par' dir='ltr' id='par_1_42' title="bbox 725 2728 2323 2796">
     <span class='ocr_line' id='line_1_42' title="bbox 725 2728 2323 2796; baseline 0 -14"><span class='ocrx_word' id='word_1_314' title='bbox 725 2740 926 2783; x_wconf 70' lang='lat' dir='ltr'><strong>nostra:</strong></span> <span class='ocrx_word' id='word_1_315' title='bbox 954 2728 1272 2793; x_wconf 86' lang='lat' dir='ltr'><strong>antitheses,</strong></span> <span class='ocrx_word' id='word_1_316' title='bbox 1300 2743 1419 2795; x_wconf 81' lang='lat' dir='ltr'><strong>qua:</strong></span> <span class='ocrx_word' id='word_1_317' title='bbox 1441 2736 1773 2796; x_wconf 86' lang='lat' dir='ltr'><strong>comparant,</strong></span> <span class='ocrx_word' id='word_1_318' title='bbox 1802 2741 1905 2781; x_wconf 92' lang='lat' dir='ltr'><strong>non</strong></span> <span class='ocrx_word' id='word_1_319' title='bbox 1933 2743 2052 2796; x_wconf 77' lang='lat' dir='ltr'><strong>qua:</strong></span> <span class='ocrx_word' id='word_1_320' title='bbox 2075 2737 2323 2796; x_wconf 90' lang='lat' dir='ltr'><strong>separant</strong></span> 
     </span>
    </p>
   </div>
   <div class='ocr_carea' id='block_1_43' title="bbox 721 2817 2318 2892">
    <p class='ocr_par' dir='ltr' id='par_1_43' title="bbox 721 2817 2318 2892">
     <span class='ocr_line' id='line_1_43' title="bbox 721 2817 2318 2892; baseline -0.002 -15"><span class='ocrx_word' id='word_1_321' title='bbox 721 2822 1013 2877; x_wconf 80' lang='lat' dir='ltr'><strong>Christum.</strong></span> <span class='ocrx_word' id='word_1_322' title='bbox 1037 2819 1237 2892; x_wconf 77' lang='lat' dir='ltr'><strong>Dignus</strong></span> <span class='ocrx_word' id='word_1_323' title='bbox 1260 2831 1332 2874; x_wconf 78' lang='lat' dir='ltr'><strong>est</strong></span> <span class='ocrx_word' id='word_1_324' title='bbox 1359 2817 1440 2890; x_wconf 83' lang='lat'><strong>(6)</strong></span> <span class='ocrx_word' id='word_1_325' title='bbox 1463 2831 1640 2874; x_wconf 89' lang='lat' dir='ltr'><strong>autem</strong></span> <span class='ocrx_word' id='word_1_326' title='bbox 1672 2821 1935 2888; x_wconf 82' lang='lat' dir='ltr'><strong>operarius</strong></span> <span class='ocrx_word' id='word_1_327' title='bbox 1956 2820 2185 2874; x_wconf 81' lang='lat' dir='ltr'><strong>mercede</strong></span> <span class='ocrx_word' id='word_1_328' title='bbox 2204 2837 2318 2887; x_wconf 83' lang='lat' dir='ltr'><strong>sua,</strong></span> 
     </span>
    </p>
   </div>
   <div class='ocr_carea' id='block_1_44' title="bbox 721 2914 2324 2987">
    <p class='ocr_par' dir='ltr' id='par_1_44' title="bbox 721 2914 2324 2987">
     <span class='ocr_line' id='line_1_44' title="bbox 721 2914 2324 2987; baseline 0 -16"><span class='ocrx_word' id='word_1_329' title='bbox 721 2917 842 2986; x_wconf 84' lang='lat' dir='ltr'><strong>quis</strong></span> <span class='ocrx_word' id='word_1_330' title='bbox 876 2917 1044 2987; x_wconf 81' lang='lat' dir='ltr'><strong>magis</strong></span> <span class='ocrx_word' id='word_1_331' title='bbox 1089 2916 1448 2987; x_wconf 85' lang='lat' dir='ltr'><strong>pronuntiarit</strong></span> <span class='ocrx_word' id='word_1_332' title='bbox 1485 2930 1644 2984; x_wconf 87' lang='lat' dir='ltr'><strong>quam</strong></span> <span class='ocrx_word' id='word_1_333' title='bbox 1695 2915 1833 2970; x_wconf 90' lang='lat' dir='ltr'><strong>Deus</strong></span> <span class='ocrx_word' id='word_1_334' title='bbox 1859 2914 2057 2984; x_wconf 80' lang='lat' dir='ltr'><strong>judcx?</strong></span> <span class='ocrx_word' id='word_1_335' title='bbox 2087 2916 2219 2980; x_wconf 86' lang='lat' dir='ltr'><strong>Quia</strong></span> <span class='ocrx_word' id='word_1_336' title='bbox 2268 2926 2324 2971; x_wconf 88' lang='lat' dir='ltr'><strong>et</strong></span> 
     </span>
    </p>
   </div>
   <div class='ocr_carea' id='block_1_45' title="bbox 721 3004 2320 3080">
    <p class='ocr_par' dir='ltr' id='par_1_45' title="bbox 721 3004 2320 3080">
     <span class='ocr_line' id='line_1_45' title="bbox 721 3004 2320 3080; baseline -0.001 -14"><span class='ocrx_word' id='word_1_337' title='bbox 721 3009 825 3066; x_wconf 90' lang='lat' dir='ltr'><strong>hoc</strong></span> <span class='ocrx_word' id='word_1_338' title='bbox 854 3010 1023 3080; x_wconf 90' lang='lat' dir='ltr'><strong>ipsum</strong></span> <span class='ocrx_word' id='word_1_339' title='bbox 1049 3009 1289 3078; x_wconf 89' lang='lat' dir='ltr'><strong>judicare</strong></span> <span class='ocrx_word' id='word_1_340' title='bbox 1315 3019 1416 3072; x_wconf 87' lang='lat' dir='ltr'><strong>est,</strong></span> <span class='ocrx_word' id='word_1_341' title='bbox 1445 3004 1662 3078; x_wconf 87' lang='lat' dir='ltr'><strong>dignum</strong></span> <span class='ocrx_word' id='word_1_342' title='bbox 1704 3006 1880 3063; x_wconf 87' lang='lat' dir='ltr'><strong>facere</strong></span> <span class='ocrx_word' id='word_1_343' title='bbox 1911 3009 2160 3064; x_wconf 86' lang='lat' dir='ltr'><strong>mercede</strong></span> <span class='ocrx_word' id='word_1_344' title='bbox 2188 3023 2320 3079; x_wconf 79' lang='lat' dir='ltr'><strong>ope-</strong></span> 
     </span>
    </p>
   </div>
   <div class='ocr_carea' id='block_1_46' title="bbox 721 3099 2319 3171">
    <p class='ocr_par' dir='ltr' id='par_1_46' title="bbox 721 3099 2319 3171">
     <span class='ocr_line' id='line_1_46' title="bbox 721 3099 2319 3171; baseline 0 -14"><span class='ocrx_word' id='word_1_345' title='bbox 721 3103 940 3157; x_wconf 87' lang='lat' dir='ltr'><strong>rarium.</strong></span> <span class='ocrx_word' id='word_1_346' title='bbox 974 3100 1128 3156; x_wconf 84' lang='lat' dir='ltr'><strong>Nulla</strong></span> <span class='ocrx_word' id='word_1_347' title='bbox 1165 3100 1446 3156; x_wconf 89' lang='lat' dir='ltr'><strong>retributio</strong></span> <span class='ocrx_word' id='word_1_348' title='bbox 1479 3117 1583 3156; x_wconf 89' lang='lat' dir='ltr'><strong>non</strong></span> <span class='ocrx_word' id='word_1_349' title='bbox 1624 3116 1690 3156; x_wconf 83' lang='lat' dir='ltr'><strong>ex</strong></span> <span class='ocrx_word' id='word_1_350' title='bbox 1714 3099 2044 3171; x_wconf 89' lang='lat' dir='ltr'><strong>judicalione</strong></span> <span class='ocrx_word' id='word_1_351' title='bbox 2064 3103 2319 3158; x_wconf 88' lang='lat' dir='ltr'><strong>constitit.</strong></span> 
     </span>
    </p>
   </div>
   <div class='ocr_carea' id='block_1_47' title="bbox 720 3192 2321 3262">
    <p class='ocr_par' dir='ltr' id='par_1_47' title="bbox 720 3192 2321 3262">
     <span class='ocr_line' id='line_1_47' title="bbox 720 3192 2321 3262; baseline -0.001 -12"><span class='ocrx_word' id='word_1_352' title='bbox 720 3194 839 3250; x_wconf 83' lang='lat' dir='ltr'><strong>Jam</strong></span> <span class='ocrx_word' id='word_1_353' title='bbox 885 3207 1029 3248; x_wconf 89' lang='lat' dir='ltr'><strong>nunc</strong></span> <span class='ocrx_word' id='word_1_354' title='bbox 1071 3202 1127 3246; x_wconf 89' lang='lat' dir='ltr'><strong>et</strong></span> <span class='ocrx_word' id='word_1_355' title='bbox 1175 3193 1261 3248; x_wconf 89' lang='lat' dir='ltr'><strong>hic</strong></span> <span class='ocrx_word' id='word_1_356' title='bbox 1311 3192 1396 3248; x_wconf 88' lang='lat' dir='ltr'><strong>lex</strong></span> <span class='ocrx_word' id='word_1_357' title='bbox 1445 3193 1787 3262; x_wconf 77' lang='lat' dir='ltr'><strong>consignatur</strong></span> <span class='ocrx_word' id='word_1_358' title='bbox 1825 3192 2113 3258; x_wconf 88' lang='lat' dir='ltr'><strong>Creatoris,</strong></span> <span class='ocrx_word' id='word_1_359' title='bbox 2161 3195 2321 3250; x_wconf 90' lang='lat' dir='ltr'><strong>etiam</strong></span> 
     </span>
    </p>
   </div>
   <div class='ocr_carea' id='block_1_48' title="bbox 2424 1979 4039 2052">
    <p class='ocr_par' dir='ltr' id='par_1_48' title="bbox 2424 1979 4039 2052">
     <span class='ocr_line' id='line_1_48' title="bbox 2424 1979 4039 2052; baseline 0.005 -21"><span class='ocrx_word' id='word_1_360' title='bbox 2424 1979 2886 2034; x_wconf 84' lang='lat' dir='ltr'><strong>annuutiationem</strong></span> <span class='ocrx_word' id='word_1_361' title='bbox 2914 1981 3030 2049; x_wconf 89' lang='lat' dir='ltr'><strong>ejus</strong></span> <span class='ocrx_word' id='word_1_362' title='bbox 3062 1982 3410 2052; x_wconf 87' lang='lat' dir='ltr'><strong>recepissent.</strong></span> <span class='ocrx_word' id='word_1_363' title='bbox 3444 1983 3769 2051; x_wconf 80' lang='lat' dir='ltr'><strong>Quomodo?</strong></span> <span class='ocrx_word' id='word_1_364' title='bbox 3799 1987 3842 2039; x_wconf 94' lang='lat' dir='ltr'><strong>si</strong></span> <span class='ocrx_word' id='word_1_365' title='bbox 3885 2000 4039 2039; x_wconf 85' lang='lat' dir='ltr'><strong>cont-</strong></span> 
     </span>
    </p>
   </div>
   <div class='ocr_carea' id='block_1_49' title="bbox 2423 2074 4028 2142">
    <p class='ocr_par' dir='ltr' id='par_1_49' title="bbox 2423 2074 4028 2142">
     <span class='ocr_line' id='line_1_49' title="bbox 2423 2074 4028 2142; baseline 0.002 -13"><span class='ocrx_word' id='word_1_366' title='bbox 2423 2074 2645 2129; x_wconf 90' lang='lat' dir='ltr'><strong>minatio</strong></span> <span class='ocrx_word' id='word_1_367' title='bbox 2694 2087 2801 2127; x_wconf 92' lang='lat' dir='ltr'><strong>non</strong></span> <span class='ocrx_word' id='word_1_368' title='bbox 2856 2081 3033 2142; x_wconf 87' lang='lat' dir='ltr'><strong>potest</strong></span> <span class='ocrx_word' id='word_1_369' title='bbox 3081 2080 3198 2130; x_wconf 88' lang='lat' dir='ltr'><strong>sine</strong></span> <span class='ocrx_word' id='word_1_370' title='bbox 3246 2078 3586 2142; x_wconf 88' lang='lat' dir='ltr'><strong>executione,</strong></span> <span class='ocrx_word' id='word_1_371' title='bbox 3640 2077 3809 2132; x_wconf 89' lang='lat' dir='ltr'><strong>habes</strong></span> <span class='ocrx_word' id='word_1_372' title='bbox 3855 2079 4028 2132; x_wconf 81' lang='lat' dir='ltr'><strong>Deum</strong></span> 
     </span>
    </p>
   </div>
   <div class='ocr_carea' id='block_1_50' title="bbox 2421 2165 4039 2239">
    <p class='ocr_par' dir='ltr' id='par_1_50' title="bbox 2421 2165 4039 2239">
     <span class='ocr_line' id='line_1_50' title="bbox 2421 2165 4039 2239; baseline 0.002 -17"><span class='ocrx_word' id='word_1_373' title='bbox 2421 2175 2763 2222; x_wconf 85' lang='lat' dir='ltr'><strong>executorem</strong></span> <span class='ocrx_word' id='word_1_374' title='bbox 2793 2165 2842 2218; x_wconf 90' lang='lat' dir='ltr'><strong>in</strong></span> <span class='ocrx_word' id='word_1_375' title='bbox 2871 2167 3278 2232; x_wconf 89' lang='lat' dir='ltr'><strong>comminatore,</strong></span> <span class='ocrx_word' id='word_1_376' title='bbox 3323 2179 3377 2222; x_wconf 91' lang='lat' dir='ltr'><strong>et</strong></span> <span class='ocrx_word' id='word_1_377' title='bbox 3399 2167 3634 2236; x_wconf 90' lang='lat' dir='ltr'><strong>judicem</strong></span> <span class='ocrx_word' id='word_1_378' title='bbox 3675 2169 3726 2222; x_wconf 90' lang='lat' dir='ltr'><strong>in</strong></span> <span class='ocrx_word' id='word_1_379' title='bbox 3766 2175 4039 2239; x_wconf 81' lang='lat' dir='ltr'><strong>utroque?</strong></span> 
     </span>
    </p>
   </div>
   <div class='ocr_carea' id='block_1_51' title="bbox 2421 2258 4035 2328">
    <p class='ocr_par' dir='ltr' id='par_1_51' title="bbox 2421 2258 4035 2328">
     <span class='ocr_line' id='line_1_51' title="bbox 2421 2258 4035 2328; baseline -0.001 -14"><span class='ocrx_word' id='word_1_380' title='bbox 2421 2260 2510 2316; x_wconf 90' lang='lat' dir='ltr'><strong>Sic</strong></span> <span class='ocrx_word' id='word_1_381' title='bbox 2553 2271 2609 2316; x_wconf 89' lang='lat' dir='ltr'><strong>et</strong></span> <span class='ocrx_word' id='word_1_382' title='bbox 2654 2261 2923 2328; x_wconf 64' lang='lat' dir='ltr'><strong>pulverem</strong></span> <span class='ocrx_word' id='word_1_383' title='bbox 2977 2258 3124 2327; x_wconf 82' lang='lat' dir='ltr'><strong>iuhe‘t</strong></span> <span class='ocrx_word' id='word_1_384' title='bbox 3162 2261 3338 2315; x_wconf 80' lang='lat' dir='ltr'><strong>excuti</strong></span> <span class='ocrx_word' id='word_1_385' title='bbox 3389 2262 3440 2313; x_wconf 92' lang='lat' dir='ltr'><strong>in</strong></span> <span class='ocrx_word' id='word_1_386' title='bbox 3489 2262 3627 2325; x_wconf 94' lang='lat' dir='ltr'><strong>illos,</strong></span> <span class='ocrx_word' id='word_1_387' title='bbox 3677 2261 3727 2315; x_wconf 91' lang='lat' dir='ltr'><strong>iu</strong></span> <span class='ocrx_word' id='word_1_388' title='bbox 3773 2263 4035 2316; x_wconf 74' lang='lat' dir='ltr'><strong>testifica-</strong></span> 
     </span>
    </p>
   </div>
   <div class='ocr_carea' id='block_1_52' title="bbox 2425 2351 4034 2423">
    <p class='ocr_par' dir='ltr' id='par_1_52' title="bbox 2425 2351 4034 2423">
     <span class='ocr_line' id='line_1_52' title="bbox 2425 2351 4034 2423; baseline 0 -16"><span class='ocrx_word' id='word_1_389' title='bbox 2425 2352 2646 2416; x_wconf 87' lang='lat' dir='ltr'><strong>tionem,</strong></span> <span class='ocrx_word' id='word_1_390' title='bbox 2701 2351 2776 2423; x_wconf 89' lang='lat' dir='ltr'><strong>(b)</strong></span> <span class='ocrx_word' id='word_1_391' title='bbox 2820 2365 2870 2408; x_wconf 91' lang='lat' dir='ltr'><strong>et</strong></span> <span class='ocrx_word' id='word_1_392' title='bbox 2914 2353 3222 2406; x_wconf 71' lang='lat' dir='ltr'><strong>ha&#39;reuliam</strong></span> <span class='ocrx_word' id='word_1_393' title='bbox 3256 2351 3336 2423; x_wconf 91' lang='lat'><strong>(9)</strong></span> <span class='ocrx_word' id='word_1_394' title='bbox 3380 2361 3535 2406; x_wconf 67' lang='lat' dir='ltr'><strong>terra:</strong></span> <span class='ocrx_word' id='word_1_395' title='bbox 3581 2367 3789 2419; x_wconf 90' lang='lat' dir='ltr'><strong>eorum,</strong></span> <span class='ocrx_word' id='word_1_396' title='bbox 3834 2352 4034 2407; x_wconf 86' lang='lat' dir='ltr'><strong>nedum</strong></span> 
     </span>
    </p>
   </div>
   <div class='ocr_carea' id='block_1_53' title="bbox 2423 2443 4038 2515">
    <p class='ocr_par' dir='ltr' id='par_1_53' title="bbox 2423 2443 4038 2515">
     <span class='ocr_line' id='line_1_53' title="bbox 2423 2443 4038 2515; baseline 0 -16"><span class='ocrx_word' id='word_1_397' title='bbox 2423 2445 2923 2500; x_wconf 69' lang='lat' dir='ltr'><strong>comiuuuicaiionis</strong></span> <span class='ocrx_word' id='word_1_398' title='bbox 2973 2444 3222 2515; x_wconf 70' lang='lat' dir='ltr'><strong>reliqum.</strong></span> <span class='ocrx_word' id='word_1_399' title='bbox 3268 2443 3324 2498; x_wconf 91' lang='lat' dir='ltr'><strong>Si</strong></span> <span class='ocrx_word' id='word_1_400' title='bbox 3370 2445 3514 2498; x_wconf 89' lang='lat' dir='ltr'><strong>enim</strong></span> <span class='ocrx_word' id='word_1_401' title='bbox 3563 2443 3926 2498; x_wconf 89' lang='lat' dir='ltr'><strong>inhumanitas</strong></span> <span class='ocrx_word' id='word_1_402' title='bbox 3979 2453 4038 2499; x_wconf 85' lang='lat' dir='ltr'><strong>et</strong></span> 
     </span>
    </p>
   </div>
   <div class='ocr_carea' id='block_1_54' title="bbox 2424 2538 4033 2611">
    <p class='ocr_par' dir='ltr' id='par_1_54' title="bbox 2424 2538 4033 2611">
     <span class='ocr_line' id='line_1_54' title="bbox 2424 2538 4033 2611; baseline -0.002 -17"><span class='ocrx_word' id='word_1_403' title='bbox 2424 2540 2817 2611; x_wconf 82' lang='lat' dir='ltr'><strong>inhospitalitas</strong></span> <span class='ocrx_word' id='word_1_404' title='bbox 2864 2540 3061 2594; x_wconf 90' lang='lat' dir='ltr'><strong>nullam</strong></span> <span class='ocrx_word' id='word_1_405' title='bbox 3092 2538 3160 2594; x_wconf 92' lang='lat' dir='ltr'><strong>ab</strong></span> <span class='ocrx_word' id='word_1_406' title='bbox 3202 2554 3270 2594; x_wconf 88' lang='lat' dir='ltr'><strong>eo</strong></span> <span class='ocrx_word' id='word_1_407' title='bbox 3301 2539 3549 2594; x_wconf 64' lang='lat' dir='ltr'><strong>relatura:</strong></span> <span class='ocrx_word' id='word_1_408' title='bbox 3578 2548 3702 2592; x_wconf 88' lang='lat' dir='ltr'><strong>sunt</strong></span> <span class='ocrx_word' id='word_1_409' title='bbox 3748 2539 4033 2605; x_wconf 88' lang='lat' dir='ltr'><strong>ultionem,</strong></span> 
     </span>
    </p>
   </div>
   <div class='ocr_carea' id='block_1_55' title="bbox 2425 2628 4034 2703">
    <p class='ocr_par' dir='ltr' id='par_1_55' title="bbox 2425 2628 4034 2703">
     <span class='ocr_line' id='line_1_55' title="bbox 2425 2628 4034 2703; baseline -0.002 -15"><span class='ocrx_word' id='word_1_410' title='bbox 2425 2634 2510 2688; x_wconf 91' lang='lat' dir='ltr'><strong>cui</strong></span> <span class='ocrx_word' id='word_1_411' title='bbox 2535 2634 2609 2687; x_wconf 84' lang='lat' dir='ltr'><strong>rei</strong></span> <span class='ocrx_word' id='word_1_412' title='bbox 2631 2633 2906 2703; x_wconf 69' lang='lat' dir='ltr'><strong>praemittit</strong></span> <span class='ocrx_word' id='word_1_413' title='bbox 2927 2628 3377 2698; x_wconf 83' lang='lat' dir='ltr'><strong>testificationem,</strong></span> <span class='ocrx_word' id='word_1_414' title='bbox 3400 2631 3572 2685; x_wconf 88' lang='lat' dir='ltr'><strong>minas</strong></span> <span class='ocrx_word' id='word_1_415' title='bbox 3596 2631 3777 2699; x_wconf 90' lang='lat' dir='ltr'><strong>utique</strong></span> <span class='ocrx_word' id='word_1_416' title='bbox 3805 2640 4034 2700; x_wconf 85' lang='lat' dir='ltr'><strong>porten-</strong></span> 
     </span>
    </p>
   </div>
   <div class='ocr_carea' id='block_1_56' title="bbox 2425 2721 4038 2790">
    <p class='ocr_par' dir='ltr' id='par_1_56' title="bbox 2425 2721 4038 2790">
     <span class='ocr_line' id='line_1_56' title="bbox 2425 2721 4038 2790; baseline -0.002 -9"><span class='ocrx_word' id='word_1_417' title='bbox 2425 2726 2684 2782; x_wconf 88' lang='lat' dir='ltr'><strong>dentem?</strong></span> <span class='ocrx_word' id='word_1_418' title='bbox 2711 2726 2901 2790; x_wconf 85' lang='lat' dir='ltr'><strong>Porro,</strong></span> <span class='ocrx_word' id='word_1_419' title='bbox 2929 2739 3050 2778; x_wconf 89' lang='lat' dir='ltr'><strong>cum</strong></span> <span class='ocrx_word' id='word_1_420' title='bbox 3097 2724 3254 2777; x_wconf 91' lang='lat' dir='ltr'><strong>etiam</strong></span> <span class='ocrx_word' id='word_1_421' title='bbox 3279 2721 3502 2776; x_wconf 91' lang='lat' dir='ltr'><strong>Creator</strong></span> <span class='ocrx_word' id='word_1_422' title='bbox 3528 2723 3578 2775; x_wconf 91' lang='lat' dir='ltr'><strong>in</strong></span> <span class='ocrx_word' id='word_1_423' title='bbox 3614 2722 4038 2778; x_wconf 85' lang='lat' dir='ltr'><strong>Deuteronomio</strong></span> 
     </span>
    </p>
   </div>
   <div class='ocr_carea' id='block_1_57' title="bbox 2427 2812 4036 2890">
    <p class='ocr_par' dir='ltr' id='par_1_57' title="bbox 2427 2812 4036 2890">
     <span class='ocr_line' id='line_1_57' title="bbox 2427 2812 4036 2890; baseline 0 -20"><span class='ocrx_word' id='word_1_424' title='bbox 2427 2817 2628 2890; x_wconf 61' lang='lat' dir='ltr'><strong>(Deut,</strong></span> <span class='ocrx_word' id='word_1_425' title='bbox 2671 2816 2863 2880; x_wconf 80' lang='lat' dir='ltr'><strong>XXIII,</strong></span> <span class='ocrx_word' id='word_1_426' title='bbox 2903 2814 2983 2888; x_wconf 78' lang='lat'><strong>5),</strong></span> <span class='ocrx_word' id='word_1_427' title='bbox 3020 2812 3093 2887; x_wconf 86' lang='lat' dir='ltr'><strong>(c)</strong></span> <span class='ocrx_word' id='word_1_428' title='bbox 3139 2814 3473 2868; x_wconf 84' lang='lat' dir='ltr'><strong>Ammonitas</strong></span> <span class='ocrx_word' id='word_1_429' title='bbox 3517 2824 3571 2868; x_wconf 90' lang='lat' dir='ltr'><strong>et</strong></span> <span class='ocrx_word' id='word_1_430' title='bbox 3599 2813 3857 2869; x_wconf 84' lang='lat' dir='ltr'><strong>Moabitas</strong></span> <span class='ocrx_word' id='word_1_431' title='bbox 3904 2829 4036 2884; x_wconf 91' lang='lat' dir='ltr'><strong>pro-</strong></span> 
     </span>
    </p>
   </div>
   <div class='ocr_carea' id='block_1_58' title="bbox 2427 2906 4039 2981">
    <p class='ocr_par' dir='ltr' id='par_1_58' title="bbox 2427 2906 4039 2981">
     <span class='ocr_line' id='line_1_58' title="bbox 2427 2906 4039 2981; baseline -0.003 -14"><span class='ocrx_word' id='word_1_432' title='bbox 2427 2913 2606 2968; x_wconf 89' lang='lat' dir='ltr'><strong>hibeat</strong></span> <span class='ocrx_word' id='word_1_433' title='bbox 2637 2912 2800 2981; x_wconf 88' lang='lat' dir='ltr'><strong>recipi</strong></span> <span class='ocrx_word' id='word_1_434' title='bbox 2849 2911 2900 2964; x_wconf 95' lang='lat' dir='ltr'><strong>in</strong></span> <span class='ocrx_word' id='word_1_435' title='bbox 2951 2909 3268 2973; x_wconf 88' lang='lat' dir='ltr'><strong>Ecelesiam,</strong></span> <span class='ocrx_word' id='word_1_436' title='bbox 3310 2907 3451 2977; x_wconf 91' lang='lat' dir='ltr'><strong>quod</strong></span> <span class='ocrx_word' id='word_1_437' title='bbox 3501 2908 3753 2978; x_wconf 85' lang='lat' dir='ltr'><strong>populum</strong></span> <span class='ocrx_word' id='word_1_438' title='bbox 3798 2906 4039 2979; x_wconf 64' lang='lat' dir='ltr'><strong>Egypto</strong></span> 
     </span>
    </p>
   </div>
   <div class='ocr_carea' id='block_1_59' title="bbox 2427 2998 4035 3076">
    <p class='ocr_par' dir='ltr' id='par_1_59' title="bbox 2427 2998 4035 3076">
     <span class='ocr_line' id='line_1_59' title="bbox 2427 2998 4035 3076; baseline -0.004 -15"><span class='ocrx_word' id='word_1_439' title='bbox 2427 3006 2719 3076; x_wconf 89' lang='lat' dir='ltr'><strong>profectum</strong></span> <span class='ocrx_word' id='word_1_440' title='bbox 2763 3003 3054 3058; x_wconf 91' lang='lat' dir='ltr'><strong>inhumane</strong></span> <span class='ocrx_word' id='word_1_441' title='bbox 3083 3008 3137 3054; x_wconf 91' lang='lat' dir='ltr'><strong>et</strong></span> <span class='ocrx_word' id='word_1_442' title='bbox 3176 2998 3571 3070; x_wconf 89' lang='lat' dir='ltr'><strong>inhospitaliter</strong></span> <span class='ocrx_word' id='word_1_443' title='bbox 3597 2999 3767 3069; x_wconf 84' lang='lat' dir='ltr'><strong>cepiis</strong></span> <span class='ocrx_word' id='word_1_444' title='bbox 3811 2998 4035 3054; x_wconf 90' lang='lat' dir='ltr'><strong>defrau-</strong></span> 
     </span>
    </p>
   </div>
   <div class='ocr_carea' id='block_1_60' title="bbox 2425 3093 4038 3166">
    <p class='ocr_par' dir='ltr' id='par_1_60' title="bbox 2425 3093 4038 3166">
     <span class='ocr_line' id='line_1_60' title="bbox 2425 3093 4038 3166; baseline -0.006 -11"><span class='ocrx_word' id='word_1_445' title='bbox 2425 3100 2677 3155; x_wconf 84' lang='lat' dir='ltr'><strong>dassent:</strong></span> <span class='ocrx_word' id='word_1_446' title='bbox 2745 3113 2874 3166; x_wconf 79' lang='lat' dir='ltr'><strong>ergo</strong></span> <span class='ocrx_word' id='word_1_447' title='bbox 2947 3097 2998 3150; x_wconf 92' lang='lat' dir='ltr'><strong>in</strong></span> <span class='ocrx_word' id='word_1_448' title='bbox 3061 3095 3334 3150; x_wconf 87' lang='lat' dir='ltr'><strong>Christum</strong></span> <span class='ocrx_word' id='word_1_449' title='bbox 3401 3093 3526 3149; x_wconf 90' lang='lat' dir='ltr'><strong>inde</strong></span> <span class='ocrx_word' id='word_1_450' title='bbox 3579 3107 3826 3148; x_wconf 86' lang='lat' dir='ltr'><strong>manasse</strong></span> <span class='ocrx_word' id='word_1_451' title='bbox 3901 3107 4038 3147; x_wconf 87' lang='lat' dir='ltr'><strong>con-</strong></span> 
     </span>
    </p>
   </div>
   <div class='ocr_carea' id='block_1_61' title="bbox 2426 3182 4039 3259">
    <p class='ocr_par' dir='ltr' id='par_1_61' title="bbox 2426 3182 4039 3259">
     <span class='ocr_line' id='line_1_61' title="bbox 2426 3182 4039 3259; baseline -0.004 -15"><span class='ocrx_word' id='word_1_452' title='bbox 2426 3190 2589 3244; x_wconf 87' lang='lat' dir='ltr'><strong>stabit</strong></span> <span class='ocrx_word' id='word_1_453' title='bbox 2611 3186 2692 3259; x_wconf 78' lang='grc' dir='ltr'><strong>(ιι)</strong></span> <span class='ocrx_word' id='word_1_454' title='bbox 2742 3183 3248 3242; x_wconf 87' lang='lat' dir='ltr'><strong>communicationis</strong></span> <span class='ocrx_word' id='word_1_455' title='bbox 3302 3182 3693 3245; x_wconf 85' lang='lat' dir='ltr'><strong>interdictum;</strong></span> <span class='ocrx_word' id='word_1_456' title='bbox 3740 3182 3829 3236; x_wconf 90' lang='lat' dir='ltr'><strong>ubi</strong></span> <span class='ocrx_word' id='word_1_457' title='bbox 3873 3182 4039 3237; x_wconf 89' lang='lat' dir='ltr'><strong>habet</strong></span> 
     </span>
    </p>
   </div>
   <div class='ocr_carea' id='block_1_62' title="bbox 720 3275 4033 3355">
    <p class='ocr_par' dir='ltr' id='par_1_62' title="bbox 720 3275 4033 3355">
     <span class='ocr_line' id='line_1_62' title="bbox 720 3275 4033 3355; baseline -0.004 -12"><span class='ocrx_word' id='word_1_458' title='bbox 720 3287 887 3343; x_wconf 77' lang='lat' dir='ltr'><strong>boves</strong></span> <span class='ocrx_word' id='word_1_459' title='bbox 914 3295 1204 3355; x_wconf 90' lang='lat' dir='ltr'><strong>operantes</strong></span> <span class='ocrx_word' id='word_1_460' title='bbox 1224 3283 1414 3355; x_wconf 77' lang='lat' dir='ltr'><strong>dignos</strong></span> <span class='ocrx_word' id='word_1_461' title='bbox 1436 3284 1713 3354; x_wconf 84' lang='lat' dir='ltr'><strong>operarios</strong></span> <span class='ocrx_word' id='word_1_462' title='bbox 1743 3285 2316 3355; x_wconf 89' lang='lat' dir='ltr'><strong>mercedcjudicantis;</strong></span> <span class='ocrx_word' id='word_1_463' title='bbox 2347 3290 2392 3355; x_wconf 73' lang='grc' dir='ltr'>α</span> <span class='ocrx_word' id='word_1_464' title='bbox 2429 3284 2688 3337; x_wconf 89' lang='lat' dir='ltr'><strong>formam:</strong></span> <span class='ocrx_word' id='word_1_465' title='bbox 2732 3280 2831 3348; x_wconf 83' lang='lat' dir='ltr'><strong>Qui</strong></span> <span class='ocrx_word' id='word_1_466' title='bbox 2873 3296 2958 3334; x_wconf 77' lang='lat' dir='ltr'><strong>vos</strong></span> <span class='ocrx_word' id='word_1_467' title='bbox 2992 3278 3204 3348; x_wconf 80' lang='lat' dir='ltr'><strong>spernit,</strong></span> <span class='ocrx_word' id='word_1_468' title='bbox 3247 3294 3326 3330; x_wconf 87' lang='lat' dir='ltr'><strong>me</strong></span> <span class='ocrx_word' id='word_1_469' title='bbox 3369 3276 3580 3347; x_wconf 79' lang='lat' dir='ltr'><strong>spernit.</strong></span> <span class='ocrx_word' id='word_1_470' title='bbox 3622 3275 3733 3329; x_wconf 91' lang='lat' dir='ltr'><strong>lloc</strong></span> <span class='ocrx_word' id='word_1_471' title='bbox 3776 3285 3832 3330; x_wconf 88' lang='lat' dir='ltr'><strong>et</strong></span> <span class='ocrx_word' id='word_1_472' title='bbox 3861 3275 4033 3346; x_wconf 78' lang='lat' dir='ltr'><strong>Moysi</strong></span> 
     </span>
    </p>
   </div>
   <div class='ocr_carea' id='block_1_63' title="bbox 721 3373 2320 3449">
    <p class='ocr_par' dir='ltr' id='par_1_63' title="bbox 721 3373 2320 3449">
     <span class='ocr_line' id='line_1_63' title="bbox 721 3373 2320 3449; baseline 0.001 -17"><span class='ocrx_word' id='word_1_473' title='bbox 721 3376 868 3443; x_wconf 81' lang='lat' dir='ltr'><strong>Bovi,</strong></span> <span class='ocrx_word' id='word_1_474' title='bbox 903 3377 1074 3448; x_wconf 91' lang='lat' dir='ltr'><strong>inquit</strong></span> <span class='ocrx_word' id='word_1_475' title='bbox 1114 3375 1370 3449; x_wconf 87' lang='lat' dir='ltr'><strong>(Deuter.,</strong></span> <span class='ocrx_word' id='word_1_476' title='bbox 1401 3374 1567 3443; x_wconf 80' lang='lat' dir='ltr'><strong>XXV,</strong></span> <span class='ocrx_word' id='word_1_477' title='bbox 1599 3373 1677 3447; x_wconf 76' lang='grc'><strong>4),</strong></span> <span class='ocrx_word' id='word_1_478' title='bbox 1724 3378 1902 3431; x_wconf 88' lang='lat' dir='ltr'><strong>terenti</strong></span> <span class='ocrx_word' id='word_1_479' title='bbox 1949 3393 2004 3431; x_wconf 86' lang='lat' dir='ltr'><strong>os</strong></span> <span class='ocrx_word' id='word_1_480' title='bbox 2041 3395 2143 3433; x_wconf 89' lang='lat' dir='ltr'><strong>non</strong></span> <span class='ocrx_word' id='word_1_481' title='bbox 2174 3379 2320 3433; x_wconf 83' lang='lat' dir='ltr'><strong>colli-</strong></span> 
     </span>
    </p>
   </div>
   <div class='ocr_carea' id='block_1_64' title="bbox 721 3468 2318 3542">
    <p class='ocr_par' dir='ltr' id='par_1_64' title="bbox 721 3468 2318 3542">
     <span class='ocr_line' id='line_1_64' title="bbox 721 3468 2318 3542; baseline 0.003 -18"><span class='ocrx_word' id='word_1_482' title='bbox 721 3470 882 3541; x_wconf 82' lang='lat' dir='ltr'><strong>gabis.</strong></span> <span class='ocrx_word' id='word_1_483' title='bbox 910 3469 1044 3538; x_wconf 82' lang='lat' dir='ltr'><strong>Quis</strong></span> <span class='ocrx_word' id='word_1_484' title='bbox 1075 3479 1182 3524; x_wconf 88' lang='lat' dir='ltr'><strong>tam</strong></span> <span class='ocrx_word' id='word_1_485' title='bbox 1225 3480 1488 3541; x_wconf 66' lang='lat' dir='ltr'><strong>praestans</strong></span> <span class='ocrx_word' id='word_1_486' title='bbox 1517 3469 1568 3523; x_wconf 89' lang='lat' dir='ltr'><strong>in</strong></span> <span class='ocrx_word' id='word_1_487' title='bbox 1600 3468 1864 3535; x_wconf 88' lang='lat' dir='ltr'><strong>homines,</strong></span> <span class='ocrx_word' id='word_1_488' title='bbox 1899 3471 2000 3525; x_wconf 86' lang='lat' dir='ltr'><strong>nisi</strong></span> <span class='ocrx_word' id='word_1_489' title='bbox 2043 3473 2131 3542; x_wconf 90' lang='lat' dir='ltr'><strong>qui</strong></span> <span class='ocrx_word' id='word_1_490' title='bbox 2172 3484 2225 3528; x_wconf 89' lang='lat' dir='ltr'><strong>et</strong></span> <span class='ocrx_word' id='word_1_491' title='bbox 2268 3475 2318 3528; x_wconf 92' lang='lat' dir='ltr'><strong>in</strong></span> 
     </span>
    </p>
   </div>
   <div class='ocr_carea' id='block_1_65' title="bbox 721 3560 2323 3636">
    <p class='ocr_par' dir='ltr' id='par_1_65' title="bbox 721 3560 2323 3636">
     <span class='ocr_line' id='line_1_65' title="bbox 721 3560 2323 3636; baseline 0.002 -18"><span class='ocrx_word' id='word_1_492' title='bbox 721 3562 988 3634; x_wconf 79' lang='lat' dir='ltr'><strong>pecudes?</strong></span> <span class='ocrx_word' id='word_1_493' title='bbox 1013 3563 1170 3629; x_wconf 89' lang='lat' dir='ltr'><strong>Quod</strong></span> <span class='ocrx_word' id='word_1_494' title='bbox 1211 3562 1257 3617; x_wconf 88' lang='lat' dir='ltr'><strong>si</strong></span> <span class='ocrx_word' id='word_1_495' title='bbox 1299 3571 1353 3617; x_wconf 90' lang='lat' dir='ltr'><strong>et</strong></span> <span class='ocrx_word' id='word_1_496' title='bbox 1381 3560 1627 3616; x_wconf 85' lang='lat' dir='ltr'><strong>Christus</strong></span> <span class='ocrx_word' id='word_1_497' title='bbox 1669 3561 1860 3632; x_wconf 84' lang='lat' dir='ltr'><strong>dignos</strong></span> <span class='ocrx_word' id='word_1_498' title='bbox 1904 3563 2152 3620; x_wconf 86' lang='lat' dir='ltr'><strong>mercede</strong></span> <span class='ocrx_word' id='word_1_499' title='bbox 2196 3581 2323 3636; x_wconf 90' lang='lat' dir='ltr'><strong>pro-</strong></span> 
     </span>
    </p>
   </div>
   <div class='ocr_carea' id='block_1_66' title="bbox 722 3655 2319 3727">
    <p class='ocr_par' dir='ltr' id='par_1_66' title="bbox 722 3655 2319 3727">
     <span class='ocr_line' id='line_1_66' title="bbox 722 3655 2319 3727; baseline 0.003 -17"><span class='ocrx_word' id='word_1_500' title='bbox 722 3657 934 3710; x_wconf 89' lang='lat' dir='ltr'><strong>nuntiat</strong></span> <span class='ocrx_word' id='word_1_501' title='bbox 961 3655 1241 3727; x_wconf 85' lang='lat' dir='ltr'><strong>operarios</strong></span> <span class='ocrx_word' id='word_1_502' title='bbox 1261 3695 1277 3719; x_wconf 91' lang='lat'><strong>,</strong></span> <span class='ocrx_word' id='word_1_503' title='bbox 1307 3656 1578 3710; x_wconf 81' lang='lat' dir='ltr'><strong>excusavit</strong></span> <span class='ocrx_word' id='word_1_504' title='bbox 1626 3664 1950 3726; x_wconf 67' lang='lat' dir='ltr'><strong>praeceptum</strong></span> <span class='ocrx_word' id='word_1_505' title='bbox 1996 3657 2125 3713; x_wconf 91' lang='lat' dir='ltr'><strong>illud</strong></span> <span class='ocrx_word' id='word_1_506' title='bbox 2153 3659 2319 3715; x_wconf 83' lang='lat' dir='ltr'><strong>Crea-</strong></span> 
     </span>
    </p>
   </div>
   <div class='ocr_carea' id='block_1_67' title="bbox 722 3745 2323 3819">
    <p class='ocr_par' dir='ltr' id='par_1_67' title="bbox 722 3745 2323 3819">
     <span class='ocr_line' id='line_1_67' title="bbox 722 3745 2323 3819; baseline 0.002 -16"><span class='ocrx_word' id='word_1_507' title='bbox 722 3747 873 3814; x_wconf 89' lang='lat' dir='ltr'><strong>toris,</strong></span> <span class='ocrx_word' id='word_1_508' title='bbox 907 3747 976 3804; x_wconf 89' lang='lat' dir='ltr'><strong>de</strong></span> <span class='ocrx_word' id='word_1_509' title='bbox 1003 3747 1143 3802; x_wconf 86' lang='lat' dir='ltr'><strong>vasis</strong></span> <span class='ocrx_word' id='word_1_510' title='bbox 1172 3746 1349 3803; x_wconf 90' lang='lat' dir='ltr'><strong>aureis</strong></span> <span class='ocrx_word' id='word_1_511' title='bbox 1391 3756 1445 3802; x_wconf 91' lang='lat' dir='ltr'><strong>et</strong></span> <span class='ocrx_word' id='word_1_512' title='bbox 1479 3748 1747 3818; x_wconf 79' lang='lat' dir='ltr'><strong>argenteis</strong></span> <span class='ocrx_word' id='word_1_513' title='bbox 1774 3745 2141 3819; x_wconf 67' lang='lat' dir='ltr'><strong>Egyptiorum</strong></span> <span class='ocrx_word' id='word_1_514' title='bbox 2173 3751 2323 3807; x_wconf 88' lang='lat' dir='ltr'><strong>aufe-</strong></span> 
     </span>
    </p>
   </div>
   <div class='ocr_carea' id='block_1_68' title="bbox 721 3839 2322 3910">
    <p class='ocr_par' dir='ltr' id='par_1_68' title="bbox 721 3839 2322 3910">
     <span class='ocr_line' id='line_1_68' title="bbox 721 3839 2322 3910; baseline 0.002 -14"><span class='ocrx_word' id='word_1_515' title='bbox 721 3841 922 3897; x_wconf 87' lang='lat' dir='ltr'><strong>rendis.</strong></span> <span class='ocrx_word' id='word_1_516' title='bbox 991 3840 1090 3910; x_wconf 90' lang='lat' dir='ltr'><strong>Qui</strong></span> <span class='ocrx_word' id='word_1_517' title='bbox 1143 3840 1288 3896; x_wconf 90' lang='lat' dir='ltr'><strong>enim</strong></span> <span class='ocrx_word' id='word_1_518' title='bbox 1338 3839 1495 3896; x_wconf 87' lang='lat' dir='ltr'><strong>villas</strong></span> <span class='ocrx_word' id='word_1_519' title='bbox 1552 3849 1609 3896; x_wconf 90' lang='lat' dir='ltr'><strong>et</strong></span> <span class='ocrx_word' id='word_1_520' title='bbox 1662 3839 1821 3895; x_wconf 85' lang='lat' dir='ltr'><strong>urbes</strong></span> <span class='ocrx_word' id='word_1_521' title='bbox 1859 3845 2062 3910; x_wconf 86' lang='lat' dir='ltr'><strong>cperati</strong></span> <span class='ocrx_word' id='word_1_522' title='bbox 2111 3841 2322 3900; x_wconf 78' lang='lat' dir='ltr'><strong>fuerant</strong></span> 
     </span>
    </p>
   </div>
   <div class='ocr_carea' id='block_1_69' title="bbox 724 3931 2322 4006">
    <p class='ocr_par' dir='ltr' id='par_1_69' title="bbox 724 3931 2322 4006">
     <span class='ocr_line' id='line_1_69' title="bbox 724 3931 2322 4006; baseline 0.001 -18"><span class='ocrx_word' id='word_1_523' title='bbox 724 3933 1016 4006; x_wconf 63' lang='lat' dir='ltr'><strong>Egyptiis,</strong></span> <span class='ocrx_word' id='word_1_524' title='bbox 1061 3933 1208 4003; x_wconf 74' lang='lat' dir='ltr'><strong>digni</strong></span> <span class='ocrx_word' id='word_1_525' title='bbox 1253 3932 1436 4002; x_wconf 87' lang='lat' dir='ltr'><strong>utique</strong></span> <span class='ocrx_word' id='word_1_526' title='bbox 1488 3931 1720 4002; x_wconf 87' lang='lat' dir='ltr'><strong>operarii</strong></span> <span class='ocrx_word' id='word_1_527' title='bbox 1771 3932 2052 3999; x_wconf 89' lang='lat' dir='ltr'><strong>mercede,</strong></span> <span class='ocrx_word' id='word_1_528' title='bbox 2104 3950 2208 3990; x_wconf 92' lang='lat' dir='ltr'><strong>non</strong></span> <span class='ocrx_word' id='word_1_529' title='bbox 2257 3936 2322 3990; x_wconf 91' lang='lat' dir='ltr'><strong>ad</strong></span> 
     </span>
    </p>
   </div>
   <div class='ocr_carea' id='block_1_70' title="bbox 723 4021 2320 4096">
    <p class='ocr_par' dir='ltr' id='par_1_70' title="bbox 723 4021 2320 4096">
     <span class='ocr_line' id='line_1_70' title="bbox 723 4021 2320 4096; baseline 0.002 -14"><span class='ocrx_word' id='word_1_530' title='bbox 723 4025 966 4082; x_wconf 85' lang='lat' dir='ltr'><strong>fraudem</strong></span> <span class='ocrx_word' id='word_1_531' title='bbox 1016 4033 1144 4080; x_wconf 88' lang='lat' dir='ltr'><strong>sunt</strong></span> <span class='ocrx_word' id='word_1_532' title='bbox 1185 4024 1429 4079; x_wconf 89' lang='lat' dir='ltr'><strong>instructi</strong></span> <span class='ocrx_word' id='word_1_533' title='bbox 1483 4021 1586 4096; x_wconf 85' lang='lat'><strong>(7),</strong></span> <span class='ocrx_word' id='word_1_534' title='bbox 1619 4023 1712 4080; x_wconf 90' lang='lat' dir='ltr'><strong>sed</strong></span> <span class='ocrx_word' id='word_1_535' title='bbox 1763 4023 1830 4081; x_wconf 88' lang='lat' dir='ltr'><strong>ad</strong></span> <span class='ocrx_word' id='word_1_536' title='bbox 1869 4026 2132 4082; x_wconf 88' lang='lat' dir='ltr'><strong>mercedis</strong></span> <span class='ocrx_word' id='word_1_537' title='bbox 2169 4044 2320 4085; x_wconf 81' lang='lat' dir='ltr'><strong>com-</strong></span> 
     </span>
    </p>
   </div>
   <div class='ocr_carea' id='block_1_71' title="bbox 723 4115 2321 4194">
    <p class='ocr_par' dir='ltr' id='par_1_71' title="bbox 723 4115 2321 4194">
     <span class='ocr_line' id='line_1_71' title="bbox 723 4115 2321 4194; baseline 0.003 -20"><span class='ocrx_word' id='word_1_538' title='bbox 723 4118 1122 4188; x_wconf 87' lang='lat' dir='ltr'><strong>pensationem,</strong></span> <span class='ocrx_word' id='word_1_539' title='bbox 1177 4132 1336 4188; x_wconf 87' lang='lat' dir='ltr'><strong>quam</strong></span> <span class='ocrx_word' id='word_1_540' title='bbox 1381 4115 1516 4171; x_wconf 91' lang='lat' dir='ltr'><strong>alias</strong></span> <span class='ocrx_word' id='word_1_541' title='bbox 1561 4131 1592 4171; x_wconf 90' lang='lat' dir='ltr'><strong>a</strong></span> <span class='ocrx_word' id='word_1_542' title='bbox 1641 4117 2066 4174; x_wconf 90' lang='lat' dir='ltr'><strong>dominatoribus</strong></span> <span class='ocrx_word' id='word_1_543' title='bbox 2107 4121 2321 4194; x_wconf 75' lang='lat' dir='ltr'><strong>exigere</strong></span> 
     </span>
    </p>
   </div>
   <div class='ocr_carea' id='block_1_72' title="bbox 723 4209 2320 4284">
    <p class='ocr_par' dir='ltr' id='par_1_72' title="bbox 723 4209 2320 4284">
     <span class='ocr_line' id='line_1_72' title="bbox 723 4209 2320 4284; baseline 0.001 -15"><span class='ocrx_word' id='word_1_544' title='bbox 723 4228 831 4270; x_wconf 86' lang='lat' dir='ltr'><strong>non</strong></span> <span class='ocrx_word' id='word_1_545' title='bbox 858 4219 1119 4284; x_wconf 86' lang='lat' dir='ltr'><strong>poterant.</strong></span> <span class='ocrx_word' id='word_1_546' title='bbox 1144 4210 1386 4282; x_wconf 76' lang='lat' dir='ltr'><strong>Regnum</strong></span> <span class='ocrx_word' id='word_1_547' title='bbox 1410 4209 1528 4280; x_wconf 90' lang='lat' dir='ltr'><strong>Dei,</strong></span> <span class='ocrx_word' id='word_1_548' title='bbox 1551 4225 1726 4282; x_wconf 88' lang='lat' dir='ltr'><strong>neque</strong></span> <span class='ocrx_word' id='word_1_549' title='bbox 1745 4226 1946 4268; x_wconf 89' lang='lat' dir='ltr'><strong>novum</strong></span> <span class='ocrx_word' id='word_1_550' title='bbox 1970 4227 2144 4283; x_wconf 89' lang='lat' dir='ltr'><strong>neque</strong></span> <span class='ocrx_word' id='word_1_551' title='bbox 2171 4216 2320 4272; x_wconf 84' lang='lat' dir='ltr'><strong>inau-</strong></span> 
     </span>
    </p>
   </div>
   <div class='ocr_carea' id='block_1_73' title="bbox 2424 3368 4036 3448">
    <p class='ocr_par' dir='ltr' id='par_1_73' title="bbox 2424 3368 4036 3448">
     <span class='ocr_line' id='line_1_73' title="bbox 2424 3368 4036 3448; baseline -0.008 -13"><span class='ocrx_word' id='word_1_552' title='bbox 2424 3382 2649 3435; x_wconf 85' lang='lat' dir='ltr'><strong>Creator</strong></span> <span class='ocrx_word' id='word_1_553' title='bbox 2679 3373 2892 3448; x_wconf 87' lang='lat' dir='ltr'><strong>(Num.,</strong></span> <span class='ocrx_word' id='word_1_554' title='bbox 2922 3372 3064 3438; x_wconf 78' lang='lat' dir='ltr'><strong>XIV,</strong></span> <span class='ocrx_word' id='word_1_555' title='bbox 3094 3372 3187 3443; x_wconf 69' lang='grc'><strong>27)</strong></span> <span class='ocrx_word' id='word_1_556' title='bbox 3213 3389 3225 3426; x_wconf 92' lang='lat'><strong>:</strong></span> <span class='ocrx_word' id='word_1_557' title='bbox 3257 3368 3381 3425; x_wconf 85' lang='lat' dir='ltr'><strong>Non</strong></span> <span class='ocrx_word' id='word_1_558' title='bbox 3411 3379 3458 3424; x_wconf 84' lang='lat' dir='ltr'><strong>te</strong></span> <span class='ocrx_word' id='word_1_559' title='bbox 3482 3379 3910 3439; x_wconf 85' lang='lat' dir='ltr'><strong>contempserunt,</strong></span> <span class='ocrx_word' id='word_1_560' title='bbox 3943 3369 4036 3422; x_wconf 84' lang='lat' dir='ltr'><strong>sed</strong></span> 
     </span>
    </p>
   </div>
   <div class='ocr_carea' id='block_1_74' title="bbox 2425 3461 4033 3536">
    <p class='ocr_par' dir='ltr' id='par_1_74' title="bbox 2425 3461 4033 3536">
     <span class='ocr_line' id='line_1_74' title="bbox 2425 3461 4033 3536; baseline -0.006 -12"><span class='ocrx_word' id='word_1_561' title='bbox 2425 3487 2524 3526; x_wconf 90' lang='lat' dir='ltr'><strong>me.</strong></span> <span class='ocrx_word' id='word_1_562' title='bbox 2568 3469 2698 3525; x_wconf 87' lang='lat' dir='ltr'><strong>Tam</strong></span> <span class='ocrx_word' id='word_1_563' title='bbox 2745 3467 2888 3523; x_wconf 90' lang='lat' dir='ltr'><strong>enim</strong></span> <span class='ocrx_word' id='word_1_564' title='bbox 2917 3464 3194 3536; x_wconf 85' lang='lat' dir='ltr'><strong>apostolus</strong></span> <span class='ocrx_word' id='word_1_565' title='bbox 3236 3462 3467 3534; x_wconf 82' lang='lat' dir='ltr'><strong>Moyses,</strong></span> <span class='ocrx_word' id='word_1_566' title='bbox 3500 3477 3659 3533; x_wconf 90' lang='lat' dir='ltr'><strong>quam</strong></span> <span class='ocrx_word' id='word_1_567' title='bbox 3709 3469 3762 3518; x_wconf 91' lang='lat' dir='ltr'><strong>et</strong></span> <span class='ocrx_word' id='word_1_568' title='bbox 3786 3461 4033 3530; x_wconf 80' lang='lat' dir='ltr'><strong>Apostoli</strong></span> 
     </span>
    </p>
   </div>
   <div class='ocr_carea' id='block_1_75' title="bbox 2427 3553 4030 3635">
    <p class='ocr_par' dir='ltr' id='par_1_75' title="bbox 2427 3553 4030 3635">
     <span class='ocr_line' id='line_1_75' title="bbox 2427 3553 4030 3635; baseline -0.009 -15"><span class='ocrx_word' id='word_1_569' title='bbox 2427 3562 2722 3635; x_wconf 57' lang='lat' dir='ltr'><strong>prophetat.</strong></span> <span class='ocrx_word' id='word_1_570' title='bbox 2755 3558 3040 3630; x_wconf 67' lang='lat' dir='ltr'><strong>Equanda</strong></span> <span class='ocrx_word' id='word_1_571' title='bbox 3069 3557 3173 3613; x_wconf 90' lang='lat' dir='ltr'><strong>erit</strong></span> <span class='ocrx_word' id='word_1_572' title='bbox 3209 3554 3499 3610; x_wconf 84' lang='lat' dir='ltr'><strong>auctoritas</strong></span> <span class='ocrx_word' id='word_1_573' title='bbox 3531 3554 3807 3624; x_wconf 88' lang='lat' dir='ltr'><strong>utriusque</strong></span> <span class='ocrx_word' id='word_1_574' title='bbox 3835 3553 4030 3618; x_wconf 85' lang='lat' dir='ltr'><strong>officii,</strong></span> 
     </span>
    </p>
   </div>
   <div class='ocr_carea' id='block_1_76' title="bbox 2426 3649 4032 3729">
    <p class='ocr_par' dir='ltr' id='par_1_76' title="bbox 2426 3649 4032 3729">
     <span class='ocr_line' id='line_1_76' title="bbox 2426 3649 4032 3729; baseline -0.007 -11"><span class='ocrx_word' id='word_1_575' title='bbox 2426 3663 2494 3718; x_wconf 89' lang='lat' dir='ltr'><strong>ab</strong></span> <span class='ocrx_word' id='word_1_576' title='bbox 2533 3677 2639 3718; x_wconf 93' lang='lat' dir='ltr'><strong>uno</strong></span> <span class='ocrx_word' id='word_1_577' title='bbox 2682 3661 2981 3729; x_wconf 89' lang='lat' dir='ltr'><strong>eodemque</strong></span> <span class='ocrx_word' id='word_1_578' title='bbox 3020 3656 3240 3712; x_wconf 91' lang='lat' dir='ltr'><strong>domino</strong></span> <span class='ocrx_word' id='word_1_579' title='bbox 3267 3654 3647 3725; x_wconf 84' lang='lat' dir='ltr'><strong>Apostolorum</strong></span> <span class='ocrx_word' id='word_1_580' title='bbox 3692 3661 3747 3706; x_wconf 86' lang='lat' dir='ltr'><strong>et</strong></span> <span class='ocrx_word' id='word_1_581' title='bbox 3789 3649 4032 3721; x_wconf 86' lang='lat' dir='ltr'><strong>Prophe-</strong></span> 
     </span>
    </p>
   </div>
   <div class='ocr_carea' id='block_1_77' title="bbox 2429 3743 4032 3821">
    <p class='ocr_par' dir='ltr' id='par_1_77' title="bbox 2429 3743 4032 3821">
     <span class='ocr_line' id='line_1_77' title="bbox 2429 3743 4032 3821; baseline -0.009 -12"><span class='ocrx_word' id='word_1_582' title='bbox 2429 3766 2622 3809; x_wconf 88' lang='lat' dir='ltr'><strong>tarum.</strong></span> <span class='ocrx_word' id='word_1_583' title='bbox 2651 3753 2782 3821; x_wconf 87' lang='lat' dir='ltr'><strong>Quis</strong></span> <span class='ocrx_word' id='word_1_584' title='bbox 2809 3766 2950 3806; x_wconf 88' lang='lat' dir='ltr'><strong>nuuc</strong></span> <span class='ocrx_word' id='word_1_585' title='bbox 2977 3749 3125 3805; x_wconf 82' lang='lat' dir='ltr'><strong>dabit</strong></span> <span class='ocrx_word' id='word_1_586' title='bbox 3153 3756 3447 3818; x_wconf 84' lang='lat' dir='ltr'><strong>potestatem</strong></span> <span class='ocrx_word' id='word_1_587' title='bbox 3487 3743 3724 3799; x_wconf 82' lang='lat' dir='ltr'><strong>calcandi</strong></span> <span class='ocrx_word' id='word_1_588' title='bbox 3758 3759 3911 3813; x_wconf 85' lang='lat' dir='ltr'><strong>super</strong></span> <span class='ocrx_word' id='word_1_589' title='bbox 3940 3758 4032 3796; x_wconf 87' lang='lat' dir='ltr'><strong>co-</strong></span> 
     </span>
    </p>
   </div>
   <div class='ocr_carea' id='block_1_78' title="bbox 2427 3835 4032 3917">
    <p class='ocr_par' dir='ltr' id='par_1_78' title="bbox 2427 3835 4032 3917">
     <span class='ocr_line' id='line_1_78' title="bbox 2427 3835 4032 3917; baseline -0.009 -13"><span class='ocrx_word' id='word_1_590' title='bbox 2427 3852 2599 3904; x_wconf 86' lang='lat' dir='ltr'><strong>lubros</strong></span> <span class='ocrx_word' id='word_1_591' title='bbox 2651 3857 2698 3903; x_wconf 85' lang='lat' dir='ltr'><strong>et</strong></span> <span class='ocrx_word' id='word_1_592' title='bbox 2764 3844 3034 3917; x_wconf 83' lang='lat' dir='ltr'><strong>scorpios?</strong></span> <span class='ocrx_word' id='word_1_593' title='bbox 3086 3841 3348 3898; x_wconf 90' lang='lat' dir='ltr'><strong>Utrumne</strong></span> <span class='ocrx_word' id='word_1_594' title='bbox 3416 3839 3656 3892; x_wconf 90' lang='lat' dir='ltr'><strong>omnium</strong></span> <span class='ocrx_word' id='word_1_595' title='bbox 3718 3835 4032 3890; x_wconf 90' lang='lat' dir='ltr'><strong>animalium</strong></span> 
     </span>
    </p>
   </div>
   <div class='ocr_carea' id='block_1_79' title="bbox 2431 3930 4034 4007">
    <p class='ocr_par' dir='ltr' id='par_1_79' title="bbox 2431 3930 4034 4007">
     <span class='ocr_line' id='line_1_79' title="bbox 2431 3930 4034 4007; baseline -0.009 -9"><span class='ocrx_word' id='word_1_596' title='bbox 2431 3942 2706 4002; x_wconf 89' lang='lat' dir='ltr'><strong>Dominus.</strong></span> <span class='ocrx_word' id='word_1_597' title='bbox 2741 3956 2809 3996; x_wconf 92' lang='lat' dir='ltr'><strong>an</strong></span> <span class='ocrx_word' id='word_1_598' title='bbox 2840 3955 2938 3995; x_wconf 90' lang='lat' dir='ltr'><strong>nec</strong></span> <span class='ocrx_word' id='word_1_599' title='bbox 2966 3938 3126 3994; x_wconf 89' lang='lat' dir='ltr'><strong>unius</strong></span> <span class='ocrx_word' id='word_1_600' title='bbox 3158 3938 3374 3992; x_wconf 77' lang='lat' dir='ltr'><strong>lacerta:</strong></span> <span class='ocrx_word' id='word_1_601' title='bbox 3408 3932 3523 4007; x_wconf 86' lang='lat' dir='ltr'><strong>(l0)</strong></span> <span class='ocrx_word' id='word_1_602' title='bbox 3553 3933 3726 3988; x_wconf 88' lang='lat' dir='ltr'><strong>Dens?</strong></span> <span class='ocrx_word' id='word_1_603' title='bbox 3755 3931 3862 3987; x_wconf 88' lang='lat' dir='ltr'><strong>Sed</strong></span> <span class='ocrx_word' id='word_1_604' title='bbox 3894 3930 4034 3985; x_wconf 88' lang='lat' dir='ltr'><strong>bene</strong></span> 
     </span>
    </p>
   </div>
   <div class='ocr_carea' id='block_1_80' title="bbox 2425 4021 4033 4108">
    <p class='ocr_par' dir='ltr' id='par_1_80' title="bbox 2425 4021 4033 4108">
     <span class='ocr_line' id='line_1_80' title="bbox 2425 4021 4033 4108; baseline -0.012 -15"><span class='ocrx_word' id='word_1_605' title='bbox 2425 4035 2807 4108; x_wconf 81' lang='lat' dir='ltr'><strong>quodCreator</strong></span> <span class='ocrx_word' id='word_1_606' title='bbox 2822 4034 2960 4087; x_wconf 89' lang='lat' dir='ltr'><strong>hanc</strong></span> <span class='ocrx_word' id='word_1_607' title='bbox 2979 4039 3294 4103; x_wconf 85' lang='lat' dir='ltr'><strong>potestatem</strong></span> <span class='ocrx_word' id='word_1_608' title='bbox 3322 4027 3555 4098; x_wconf 89' lang='lat' dir='ltr'><strong>parvulis</strong></span> <span class='ocrx_word' id='word_1_609' title='bbox 3584 4025 3762 4095; x_wconf 92' lang='lat' dir='ltr'><strong>pueris</strong></span> <span class='ocrx_word' id='word_1_610' title='bbox 3791 4021 3906 4095; x_wconf 85' lang='lat' dir='ltr'><strong>(ll)</strong></span> <span class='ocrx_word' id='word_1_611' title='bbox 3937 4036 4033 4091; x_wconf 87' lang='lat' dir='ltr'><strong>per</strong></span> 
     </span>
    </p>
   </div>
   <div class='ocr_carea' id='block_1_81' title="bbox 2424 4115 4033 4199">
    <p class='ocr_par' dir='ltr' id='par_1_81' title="bbox 2424 4115 4033 4199">
     <span class='ocr_line' id='line_1_81' title="bbox 2424 4115 4033 4199; baseline -0.011 -15"><span class='ocrx_word' id='word_1_612' title='bbox 2424 4128 2614 4184; x_wconf 86' lang='lat' dir='ltr'><strong>Isaiam</strong></span> <span class='ocrx_word' id='word_1_613' title='bbox 2665 4124 2784 4199; x_wconf 85' lang='lat' dir='ltr'><strong>(Is.,</strong></span> <span class='ocrx_word' id='word_1_614' title='bbox 2819 4124 2913 4190; x_wconf 83' lang='lat' dir='ltr'><strong>XI,</strong></span> <span class='ocrx_word' id='word_1_615' title='bbox 2942 4123 3014 4194; x_wconf 90' lang='lat'><strong>8)</strong></span> <span class='ocrx_word' id='word_1_616' title='bbox 3046 4121 3376 4192; x_wconf 84' lang='lat' dir='ltr'><strong>repromisit,</strong></span> <span class='ocrx_word' id='word_1_617' title='bbox 3416 4119 3686 4188; x_wconf 86' lang='lat' dir='ltr'><strong>conjicere</strong></span> <span class='ocrx_word' id='word_1_618' title='bbox 3728 4130 3945 4170; x_wconf 90' lang='lat' dir='ltr'><strong>manum</strong></span> <span class='ocrx_word' id='word_1_619' title='bbox 3976 4115 4033 4168; x_wconf 94' lang='lat' dir='ltr'><strong>in</strong></span> 
     </span>
    </p>
   </div>
   <div class='ocr_carea' id='block_1_82' title="bbox 2427 4206 4034 4287">
    <p class='ocr_par' dir='ltr' id='par_1_82' title="bbox 2427 4206 4034 4287">
     <span class='ocr_line' id='line_1_82' title="bbox 2427 4206 4034 4287; baseline -0.009 -10"><span class='ocrx_word' id='word_1_620' title='bbox 2427 4233 2710 4277; x_wconf 86' lang='lat' dir='ltr'><strong>cavernam</strong></span> <span class='ocrx_word' id='word_1_621' title='bbox 2736 4216 3006 4287; x_wconf 89' lang='lat' dir='ltr'><strong>aspidum,</strong></span> <span class='ocrx_word' id='word_1_622' title='bbox 3023 4224 3080 4270; x_wconf 91' lang='lat' dir='ltr'><strong>et</strong></span> <span class='ocrx_word' id='word_1_623' title='bbox 3099 4214 3153 4270; x_wconf 92' lang='lat' dir='ltr'><strong>in</strong></span> <span class='ocrx_word' id='word_1_624' title='bbox 3174 4211 3350 4270; x_wconf 89' lang='lat' dir='ltr'><strong>cubile</strong></span> <span class='ocrx_word' id='word_1_625' title='bbox 3375 4220 3620 4266; x_wconf 88' lang='lat' dir='ltr'><strong>natorum</strong></span> <span class='ocrx_word' id='word_1_626' title='bbox 3639 4206 3904 4280; x_wconf 86' lang='lat' dir='ltr'><strong>aspidum,</strong></span> <span class='ocrx_word' id='word_1_627' title='bbox 3931 4220 4034 4263; x_wconf 83' lang='lat' dir='ltr'><strong>nec</strong></span> 
     </span>
    </p>
   </div>
   <div class='ocr_carea' id='block_1_83' title="bbox 1932 4304 2766 4372">
    <p class='ocr_par' dir='ltr' id='par_1_83' title="bbox 1932 4304 2766 4372">
     <span class='ocr_line' id='line_1_83' title="bbox 1932 4304 2766 4372; baseline 0.002 -11"><span class='ocrx_word' id='word_1_628' title='bbox 1932 4304 2227 4365; x_wconf 85' lang='lat' dir='ltr'><strong>LECTION</strong></span> <span class='ocrx_word' id='word_1_629' title='bbox 2232 4310 2312 4368; x_wconf 87' lang='lat' dir='ltr'><strong>ES</strong></span> <span class='ocrx_word' id='word_1_630' title='bbox 2348 4308 2766 4372; x_wconf 78' lang='lat' dir='ltr'><strong>VARIANTES.</strong></span> 
     </span>
    </p>
   </div>
   <div class='ocr_carea' id='block_1_84' title="bbox 812 4396 1264 4449">
    <p class='ocr_par' dir='ltr' id='par_1_84' title="bbox 812 4396 1264 4449">
     <span class='ocr_line' id='line_1_84' title="bbox 812 4396 1264 4449; baseline -0.011 0"><span class='ocrx_word' id='word_1_631' title='bbox 812 4396 860 4449; x_wconf 82' lang='lat' dir='ltr'><strong>il</strong></span> <span class='ocrx_word' id='word_1_632' title='bbox 898 4397 1074 4448; x_wconf 87' lang='lat' dir='ltr'><strong>Peram</strong></span> <span class='ocrx_word' id='word_1_633' title='bbox 1111 4396 1264 4446; x_wconf 82' lang='lat' dir='ltr'><strong>Fran.</strong></span> 
     </span>
    </p>
   </div>
   <div class='ocr_carea' id='block_1_85' title="bbox 810 4456 1483 4510">
    <p class='ocr_par' dir='ltr' id='par_1_85' title="bbox 810 4456 1483 4510">
     <span class='ocr_line' id='line_1_85' title="bbox 810 4456 1483 4510; baseline -0.004 0"><span class='ocrx_word' id='word_1_634' title='bbox 810 4456 860 4510; x_wconf 73' lang='lat'><strong>2)</strong></span> <span class='ocrx_word' id='word_1_635' title='bbox 894 4461 1314 4510; x_wconf 76' lang='lat' dir='ltr'><strong>Strtnxeratnotal</strong></span> <span class='ocrx_word' id='word_1_636' title='bbox 1329 4456 1483 4509; x_wconf 77' lang='lat' dir='ltr'><strong>Ithen.</strong></span> 
     </span>
    </p>
   </div>
   <div class='ocr_carea' id='block_1_86' title="bbox 808 4518 1282 4572">
    <p class='ocr_par' dir='ltr' id='par_1_86' title="bbox 808 4518 1282 4572">
     <span class='ocr_line' id='line_1_86' title="bbox 808 4518 1282 4572; baseline -0.006 0"><span class='ocrx_word' id='word_1_637' title='bbox 808 4518 861 4572; x_wconf 57' lang='grc' dir='ltr'>δῖ</span> <span class='ocrx_word' id='word_1_638' title='bbox 906 4522 960 4572; x_wconf 86' lang='lat' dir='ltr'><strong>In</strong></span> <span class='ocrx_word' id='word_1_639' title='bbox 985 4523 1062 4572; x_wconf 85' lang='lat' dir='ltr'><strong>via</strong></span> <span class='ocrx_word' id='word_1_640' title='bbox 1087 4518 1282 4572; x_wconf 81' lang='lat' dir='ltr'><strong>Oberth.</strong></span> 
     </span>
    </p>
   </div>
   <div class='ocr_carea' id='block_1_87' title="bbox 811 4579 1530 4772">
    <p class='ocr_par' dir='ltr' id='par_1_87' title="bbox 811 4579 1530 4772">
     <span class='ocr_line' id='line_1_87' title="bbox 811 4579 1530 4648; baseline -0.004 -13"><span class='ocrx_word' id='word_1_641' title='bbox 811 4579 854 4635; x_wconf 76' lang='grc' dir='ltr'><strong>ι’</strong></span> <span class='ocrx_word' id='word_1_642' title='bbox 905 4584 968 4635; x_wconf 89' lang='lat' dir='ltr'><strong>Ut</strong></span> <span class='ocrx_word' id='word_1_643' title='bbox 988 4586 1037 4634; x_wconf 88' lang='lat' dir='ltr'><strong>in</strong></span> <span class='ocrx_word' id='word_1_644' title='bbox 1061 4598 1155 4648; x_wconf 90' lang='lat' dir='ltr'><strong>q...</strong></span> <span class='ocrx_word' id='word_1_645' title='bbox 1180 4584 1407 4635; x_wconf 80' lang='lat' dir='ltr'><strong>dicerent</strong></span> <span class='ocrx_word' id='word_1_646' title='bbox 1426 4579 1530 4634; x_wconf 81' lang='lat' dir='ltr'><strong>alii.</strong></span> 
     </span>
     <span class='ocr_line' id='line_1_88' title="bbox 811 4590 1349 4772; baseline -0.006 -74"><span class='ocrx_word' id='word_1_647' title='bbox 811 4590 862 4772; x_wconf 48' lang='grc' dir='ltr'><strong>δὲ</strong></span> <span class='ocrx_word' id='word_1_648' title='bbox 901 4647 1007 4697; x_wconf 87' lang='lat' dir='ltr'><strong>&#39;l‘uo</strong></span> <span class='ocrx_word' id='word_1_649' title='bbox 1024 4648 1174 4717; x_wconf 68' lang='lat' dir='ltr'><strong>entia.</strong></span> <span class='ocrx_word' id='word_1_650' title='bbox 1198 4644 1349 4696; x_wconf 85' lang='lat' dir='ltr'><strong>Seml.</strong></span> 
     </span>
     <span class='ocr_line' id='line_1_89' title="bbox 811 4707 1377 4761; baseline -0.007 0"><span class='ocrx_word' id='word_1_651' title='bbox 811 4712 839 4761; x_wconf 85' lang='lat'><strong>6</strong></span> <span class='ocrx_word' id='word_1_652' title='bbox 896 4709 983 4761; x_wconf 84' lang='lat' dir='ltr'><strong>Est</strong></span> <span class='ocrx_word' id='word_1_653' title='bbox 1002 4715 1151 4761; x_wconf 82' lang='lat' dir='ltr'><strong>omtlt.</strong></span> <span class='ocrx_word' id='word_1_654' title='bbox 1179 4707 1377 4760; x_wconf 83' lang='lat' dir='ltr'><strong>Oberth.</strong></span> 
     </span>
    </p>
   </div>
   <div class='ocr_carea' id='block_1_88' title="bbox 2494 4402 3007 4465">
    <p class='ocr_par' dir='ltr' id='par_1_88' title="bbox 2494 4402 3007 4465">
     <span class='ocr_line' id='line_1_90' title="bbox 2494 4402 3007 4465; baseline -0.012 -11"><span class='ocrx_word' id='word_1_655' title='bbox 2494 4402 2570 4465; x_wconf 88' lang='lat'><strong>(7)</strong></span> <span class='ocrx_word' id='word_1_656' title='bbox 2613 4402 2846 4465; x_wconf 19' lang='lat' dir='ltr'><strong>Instincti,</strong></span> <span class='ocrx_word' id='word_1_657' title='bbox 2865 4402 3007 4465; x_wconf 70' lang='lat' dir='ltr'><strong>Pani.</strong></span> 
     </span>
    </p>
   </div>
   <div class='ocr_carea' id='block_1_89' title="bbox 2517 4402 3159 4530">
    <p class='ocr_par' dir='ltr' id='par_1_89' title="bbox 2517 4402 3159 4530">
     <span class='ocr_line' id='line_1_91' title="bbox 2517 4402 3007 4453; baseline -0.01 0"><span class='ocrx_word' id='word_1_658' title='bbox 2517 4405 2544 4453; x_wconf 88' lang='lat'><strong>7</strong></span> <span class='ocrx_word' id='word_1_659' title='bbox 2613 4402 2830 4452; x_wconf 82' lang='lat' dir='ltr'><strong>Instincti</strong></span> <span class='ocrx_word' id='word_1_660' title='bbox 2865 4402 3007 4450; x_wconf 88' lang='lat' dir='ltr'><strong>Pam.</strong></span> 
     </span>
     <span class='ocr_line' id='line_1_92' title="bbox 2517 4402 3159 4530; baseline -0.009 -15"><span class='ocrx_word' id='word_1_661' title='bbox 2517 4402 2570 4530; x_wconf 53' lang='grc' dir='ltr'><strong>εἶ</strong></span> <span class='ocrx_word' id='word_1_662' title='bbox 2609 4461 2885 4530; x_wconf 87' lang='lat' dir='ltr'><strong>Di_citalii;_</strong></span> <span class='ocrx_word' id='word_1_663' title='bbox 2922 4462 3070 4530; x_wconf 88' lang='lat' dir='ltr'><strong>edic_it</strong></span> <span class='ocrx_word' id='word_1_664' title='bbox 3091 4460 3159 4530; x_wconf 75' lang='lat' dir='ltr'><strong>al.</strong></span> 
     </span>
    </p>
   </div>
   <div class='ocr_carea' id='block_1_90' title="bbox 2426 4469 4032 4643">
    <p class='ocr_par' dir='ltr' id='par_1_90' title="bbox 2426 4469 4032 4643">
     <span class='ocr_line' id='line_1_93' title="bbox 2517 4469 3499 4532; baseline -0.008 -17"><span class='ocrx_word' id='word_1_665' title='bbox 2517 4469 2568 4530; x_wconf 91' lang='lat'><strong>8)</strong></span> <span class='ocrx_word' id='word_1_666' title='bbox 2609 4469 2739 4515; x_wconf 90' lang='lat' dir='ltr'><strong>Dicit</strong></span> <span class='ocrx_word' id='word_1_667' title='bbox 2761 4469 2881 4524; x_wconf 79' lang='lat' dir='ltr'><strong>alii;</strong></span> <span class='ocrx_word' id='word_1_668' title='bbox 2922 4469 3070 4512; x_wconf 86' lang='lat' dir='ltr'><strong>edicit</strong></span> <span class='ocrx_word' id='word_1_669' title='bbox 3091 4469 3159 4532; x_wconf 71' lang='lat' dir='ltr'><strong>at.</strong></span> <span class='ocrx_word' id='word_1_670' title='bbox 3489 4521 3499 4532; x_wconf 39' lang='grc' dir='ltr'><strong>ο</strong></span> 
     </span>
     <span class='ocr_line' id='line_1_94' title="bbox 2426 4469 4032 4643; baseline -0.007 -64"><span class='ocrx_word' id='word_1_671' title='bbox 2426 4469 2971 4643; x_wconf 40' lang='grc' dir='ltr'><strong>ωὲὶὶῦἒῗὴωτεηιίεω</strong></span> <span class='ocrx_word' id='word_1_672' title='bbox 3012 4525 3180 4576; x_wconf 84' lang='lat' dir='ltr'><strong>Pam.</strong></span> <span class='ocrx_word' id='word_1_673' title='bbox 3221 4520 3580 4572; x_wconf 84' lang='lat' dir='ltr'><strong>adhorrentiam</strong></span> <span class='ocrx_word' id='word_1_674' title='bbox 3613 4527 3762 4570; x_wconf 71' lang='lat' dir='ltr'><strong>nan.</strong></span> <span class='ocrx_word' id='word_1_675' title='bbox 3786 4531 3801 4582; x_wconf 89' lang='lat'><strong>;</strong></span> <span class='ocrx_word' id='word_1_676' title='bbox 3824 4517 4032 4569; x_wconf 83' lang='lat' dir='ltr'><strong>horren-</strong></span> 
     </span>
    </p>
   </div>
   <div class='ocr_carea' id='block_1_91' title="bbox 811 4644 2319 4719">
    <p class='ocr_par' dir='ltr' id='par_1_91' title="bbox 811 4644 1349 4719">
     <span class='ocr_line' id='line_1_95' title="bbox 811 4644 1349 4719; baseline 0 0"><span class='ocrx_word' id='word_1_677' title='bbox 811 4644 862 4719; x_wconf 66' lang='grc' dir='ltr'><strong>ξ)</strong></span> <span class='ocrx_word' id='word_1_678' title='bbox 896 4644 1349 4719; x_wconf 61' lang='lat' dir='ltr'><strong>Ino</strong></span> 
     </span>
    </p>
   </div>
   <div class='ocr_carea' id='block_1_92' title="bbox 2424 4644 3207 4719">
    <p class='ocr_par' dir='ltr' id='par_1_92' title="bbox 2488 4645 3207 4719">
     <span class='ocr_line' id='line_1_96' title="bbox 2488 4645 3207 4719; baseline -0.013 -13"><span class='ocrx_word' id='word_1_679' title='bbox 2488 4655 2594 4719; x_wconf 78' lang='lat'><strong>(10)</strong></span> <span class='ocrx_word' id='word_1_680' title='bbox 2633 4653 2852 4719; x_wconf 55' lang='lat' dir='ltr'><strong>lacertae</strong></span> <span class='ocrx_word' id='word_1_681' title='bbox 2883 4645 3207 4719; x_wconf 75' lang='lat' dir='ltr'><strong>qnuu._Sentl.</strong></span> 
     </span>
    </p>
   </div>
   <div class='ocr_carea' id='block_1_93' title="bbox 808 4655 3084 4782">
    <p class='ocr_par' dir='ltr' id='par_1_93' title="bbox 808 4655 3084 4782">
     <span class='ocr_line' id='line_1_97' title="bbox 808 4655 3084 4772; baseline -0.003 -67"><span class='ocrx_word' id='word_1_682' title='bbox 811 4655 862 4772; x_wconf 39' lang='grc' dir='ltr'><strong>δὲ</strong></span> <span class='ocrx_word' id='word_1_683' title='bbox 901 4655 1007 4697; x_wconf 77' lang='lat' dir='ltr'><strong>Tuo</strong></span> <span class='ocrx_word' id='word_1_684' title='bbox 1024 4655 1174 4717; x_wconf 69' lang='grc' dir='ltr'><strong>οημα.</strong></span> <span class='ocrx_word' id='word_1_685' title='bbox 1198 4655 1349 4696; x_wconf 75' lang='grc' dir='ltr'><strong>δειηιο</strong></span> <span class='ocrx_word' id='word_1_686' title='bbox 2488 4655 2572 4719; x_wconf 84' lang='grc'><strong>(10</strong></span> <span class='ocrx_word' id='word_1_687' title='bbox 2636 4655 2852 4723; x_wconf 62' lang='lat' dir='ltr'><strong>Lacertae</strong></span> <span class='ocrx_word' id='word_1_688' title='bbox 2883 4655 3031 4700; x_wconf 83' lang='lat' dir='ltr'><strong>onutt.</strong></span> <span class='ocrx_word' id='word_1_689' title='bbox 3057 4655 3084 4698; x_wconf 69' lang='grc' dir='ltr'><em>δ</em></span> 
     </span>
     <span class='ocr_line' id='line_1_98' title="bbox 808 4655 3084 4782; baseline -0.003 -14"><span class='ocrx_word' id='word_1_690' title='bbox 808 4712 839 4761; x_wconf 80' lang='grc'>6</span> <span class='ocrx_word' id='word_1_691' title='bbox 896 4709 983 4761; x_wconf 64' lang='lat' dir='ltr'><strong>Est</strong></span> <span class='ocrx_word' id='word_1_692' title='bbox 1002 4715 1151 4761; x_wconf 76' lang='grc' dir='ltr'><strong>οπιιιι-</strong></span> <span class='ocrx_word' id='word_1_693' title='bbox 1179 4707 1377 4760; x_wconf 71' lang='grc' dir='ltr'><strong>Οδενυιι</strong></span> <span class='ocrx_word' id='word_1_694' title='bbox 2485 4655 2594 4782; x_wconf 47' lang='lat' dir='ltr'><strong>(ill</strong></span> <span class='ocrx_word' id='word_1_695' title='bbox 2633 4713 2862 4766; x_wconf 85' lang='lat' dir='ltr'><strong>Puerohs</strong></span> <span class='ocrx_word' id='word_1_696' title='bbox 2885 4709 3084 4765; x_wconf 85' lang='lat' dir='ltr'><strong>Oberth.</strong></span> 
     </span>
    </p>
   </div>
   <div class='ocr_carea' id='block_1_94' title="bbox 2087 4796 2649 4859">
    <p class='ocr_par' dir='ltr' id='par_1_94' title="bbox 2087 4796 2649 4859">
     <span class='ocr_line' id='line_1_99' title="bbox 2087 4796 2649 4859; baseline -0.004 -3"><span class='ocrx_word' id='word_1_697' title='bbox 2087 4796 2649 4859; x_wconf 77' lang='lat' dir='ltr'><strong>COMMENTARlUS.</strong></span> 
     </span>
    </p>
   </div>
   <div class='ocr_carea' id='block_1_95' title="bbox 795 4884 2320 4959">
    <p class='ocr_par' dir='ltr' id='par_1_95' title="bbox 795 4884 2320 4959">
     <span class='ocr_line' id='line_1_100' title="bbox 795 4884 2320 4959; baseline 0.005 -17"><span class='ocrx_word' id='word_1_698' title='bbox 795 4885 872 4959; x_wconf 88' lang='lat' dir='ltr'><strong>(a)</strong></span> <span class='ocrx_word' id='word_1_699' title='bbox 918 4884 1087 4940; x_wconf 82' lang='lat' dir='ltr'><strong>Etiam</strong></span> <span class='ocrx_word' id='word_1_700' title='bbox 1117 4885 1450 4959; x_wconf 79' lang='lat' dir='ltr'><strong>calciamenta</strong></span> <span class='ocrx_word' id='word_1_701' title='bbox 1478 4894 1684 4959; x_wconf 76' lang='lat' dir='ltr'><strong>portare</strong></span> <span class='ocrx_word' id='word_1_702' title='bbox 1712 4891 1863 4959; x_wconf 69' lang='lat' dir='ltr'><strong>uetuit</strong></span> <span class='ocrx_word' id='word_1_703' title='bbox 1898 4890 2037 4947; x_wconf 86' lang='lat' dir='ltr'><strong>illos.</strong></span> <span class='ocrx_word' id='word_1_704' title='bbox 2086 4892 2201 4948; x_wconf 83' lang='lat' dir='ltr'><strong>Non</strong></span> <span class='ocrx_word' id='word_1_705' title='bbox 2251 4895 2320 4950; x_wconf 82' lang='lat' dir='ltr'><strong>ita</strong></span> 
     </span>
    </p>
   </div>
   <div class='ocr_carea' id='block_1_96' title="bbox 726 4955 2319 5028">
    <p class='ocr_par' dir='ltr' id='par_1_96' title="bbox 726 4955 2319 5028">
     <span class='ocr_line' id='line_1_101' title="bbox 726 4955 2319 5028; baseline 0.002 -12"><span class='ocrx_word' id='word_1_706' title='bbox 726 4955 843 5016; x_wconf 70' lang='lat' dir='ltr'><strong>haec</strong></span> <span class='ocrx_word' id='word_1_707' title='bbox 856 4955 1067 5026; x_wconf 84' lang='lat' dir='ltr'><strong>accipe,</strong></span> <span class='ocrx_word' id='word_1_708' title='bbox 1097 4966 1155 5011; x_wconf 92' lang='lat' dir='ltr'><strong>ut</strong></span> <span class='ocrx_word' id='word_1_709' title='bbox 1193 4955 1488 5026; x_wconf 82' lang='lat' dir='ltr'><strong>discipulos</strong></span> <span class='ocrx_word' id='word_1_710' title='bbox 1513 4958 1649 5013; x_wconf 89' lang='lat' dir='ltr'><strong>albis</strong></span> <span class='ocrx_word' id='word_1_711' title='bbox 1691 4957 1918 5028; x_wconf 79' lang='lat' dir='ltr'><strong>pedibus</strong></span> <span class='ocrx_word' id='word_1_712' title='bbox 1947 4963 2196 5019; x_wconf 88' lang='lat' dir='ltr'><strong>incedere</strong></span> <span class='ocrx_word' id='word_1_713' title='bbox 2223 4980 2319 5020; x_wconf 87' lang='lat' dir='ltr'><strong>vo-</strong></span> 
     </span>
    </p>
   </div>
   <div class='ocr_carea' id='block_1_97' title="bbox 725 5028 2320 5094">
    <p class='ocr_par' dir='ltr' id='par_1_97' title="bbox 725 5028 2320 5094">
     <span class='ocr_line' id='line_1_102' title="bbox 725 5028 2320 5094; baseline 0.002 -8"><span class='ocrx_word' id='word_1_714' title='bbox 725 5030 883 5086; x_wconf 90' lang='lat' dir='ltr'><strong>luerit</strong></span> <span class='ocrx_word' id='word_1_715' title='bbox 922 5029 1168 5084; x_wconf 82' lang='lat' dir='ltr'><strong>Christus</strong></span> <span class='ocrx_word' id='word_1_716' title='bbox 1198 5028 1483 5094; x_wconf 88' lang='lat' dir='ltr'><strong>Dominus;</strong></span> <span class='ocrx_word' id='word_1_717' title='bbox 1515 5028 1609 5084; x_wconf 89' lang='lat' dir='ltr'><strong>sed</strong></span> <span class='ocrx_word' id='word_1_718' title='bbox 1655 5038 1858 5086; x_wconf 88' lang='lat' dir='ltr'><strong>tantum</strong></span> <span class='ocrx_word' id='word_1_719' title='bbox 1899 5050 1966 5089; x_wconf 91' lang='lat' dir='ltr'><strong>ne</strong></span> <span class='ocrx_word' id='word_1_720' title='bbox 2005 5034 2072 5092; x_wconf 89' lang='lat' dir='ltr'><strong>de</strong></span> <span class='ocrx_word' id='word_1_721' title='bbox 2110 5035 2320 5091; x_wconf 88' lang='lat' dir='ltr'><strong>calcea-</strong></span> 
     </span>
    </p>
   </div>
   <div class='ocr_carea' id='block_1_98' title="bbox 726 5099 2322 5173">
    <p class='ocr_par' dir='ltr' id='par_1_98' title="bbox 726 5099 2322 5173">
     <span class='ocr_line' id='line_1_103' title="bbox 726 5099 2322 5173; baseline 0.003 -16"><span class='ocrx_word' id='word_1_722' title='bbox 726 5101 922 5157; x_wconf 88' lang='lat' dir='ltr'><strong>mentis</strong></span> <span class='ocrx_word' id='word_1_723' title='bbox 968 5101 1082 5173; x_wconf 4' lang='lat' dir='ltr'><strong>sihiq</strong></span> <span class='ocrx_word' id='word_1_724' title='bbox 1111 5099 1459 5173; x_wconf 80' lang='lat' dir='ltr'><strong>providerent</strong></span> <span class='ocrx_word' id='word_1_725' title='bbox 1498 5101 1690 5170; x_wconf 88' lang='lat' dir='ltr'><strong>quibus</strong></span> <span class='ocrx_word' id='word_1_726' title='bbox 1734 5106 1806 5157; x_wconf 91' lang='lat' dir='ltr'><strong>uti</strong></span> <span class='ocrx_word' id='word_1_727' title='bbox 1859 5116 2092 5173; x_wconf 89' lang='lat' dir='ltr'><strong>possent.</strong></span> <span class='ocrx_word' id='word_1_728' title='bbox 2125 5107 2213 5161; x_wconf 89' lang='lat' dir='ltr'><strong>ubi</strong></span> <span class='ocrx_word' id='word_1_729' title='bbox 2257 5121 2322 5162; x_wconf 85' lang='lat' dir='ltr'><strong>ea</strong></span> 
     </span>
    </p>
   </div>
   <div class='ocr_carea' id='block_1_99' title="bbox 726 5171 2320 5244">
    <p class='ocr_par' dir='ltr' id='par_1_99' title="bbox 726 5171 2320 5244">
     <span class='ocr_line' id='line_1_104' title="bbox 726 5171 2320 5244; baseline 0.001 -15"><span class='ocrx_word' id='word_1_730' title='bbox 726 5188 844 5244; x_wconf 67' lang='lat' dir='ltr'><strong>quae</strong></span> <span class='ocrx_word' id='word_1_731' title='bbox 889 5173 940 5244; x_wconf 81' lang='lat' dir='ltr'><strong>in</strong></span> <span class='ocrx_word' id='word_1_732' title='bbox 991 5171 1211 5244; x_wconf 56' lang='lat' dir='ltr'><strong>pcdﬂius</strong></span> <span class='ocrx_word' id='word_1_733' title='bbox 1261 5171 1547 5244; x_wconf 82' lang='lat' dir='ltr'><strong>hebebant,</strong></span> <span class='ocrx_word' id='word_1_734' title='bbox 1589 5174 1767 5228; x_wconf 87' lang='lat' dir='ltr'><strong>attrita</strong></span> <span class='ocrx_word' id='word_1_735' title='bbox 1811 5171 2010 5231; x_wconf 79' lang='lat' dir='ltr'><strong>essent.</strong></span> <span class='ocrx_word' id='word_1_736' title='bbox 2063 5177 2132 5233; x_wconf 90' lang='lat' dir='ltr'><strong>Ut</strong></span> <span class='ocrx_word' id='word_1_737' title='bbox 2177 5178 2320 5232; x_wconf 91' lang='lat' dir='ltr'><strong>enim</strong></span> 
     </span>
    </p>
   </div>
   <div class='ocr_carea' id='block_1_100' title="bbox 727 5242 2322 5318">
    <p class='ocr_par' dir='ltr' id='par_1_100' title="bbox 727 5242 2322 5318">
     <span class='ocr_line' id='line_1_105' title="bbox 727 5242 2322 5318; baseline 0.001 -18"><span class='ocrx_word' id='word_1_738' title='bbox 727 5242 848 5318; x_wconf 77' lang='lat' dir='ltr'><strong>cum</strong></span> <span class='ocrx_word' id='word_1_739' title='bbox 879 5243 1060 5318; x_wconf 80' lang='lat' dir='ltr'><strong>Veteri</strong></span> <span class='ocrx_word' id='word_1_740' title='bbox 1091 5242 1439 5318; x_wconf 79' lang='lat' dir='ltr'><strong>Testamento</strong></span> <span class='ocrx_word' id='word_1_741' title='bbox 1465 5243 1590 5297; x_wconf 92' lang='lat' dir='ltr'><strong>illud</strong></span> <span class='ocrx_word' id='word_1_742' title='bbox 1619 5258 1900 5318; x_wconf 76' lang='lat' dir='ltr'><strong>congruat,</strong></span> <span class='ocrx_word' id='word_1_743' title='bbox 1930 5249 2019 5318; x_wconf 90' lang='lat' dir='ltr'><strong>qui</strong></span> <span class='ocrx_word' id='word_1_744' title='bbox 2051 5247 2322 5303; x_wconf 85' lang='lat' dir='ltr'><strong>lsraelitas</strong></span> 
     </span>
    </p>
   </div>
   <div class='ocr_carea' id='block_1_101' title="bbox 727 5314 2322 5386">
    <p class='ocr_par' dir='ltr' id='par_1_101' title="bbox 727 5314 2322 5386">
     <span class='ocr_line' id='line_1_106' title="bbox 727 5314 2322 5386; baseline 0.003 -16"><span class='ocrx_word' id='word_1_745' title='bbox 727 5315 864 5371; x_wconf 85' lang='lat' dir='ltr'><strong>adeo</strong></span> <span class='ocrx_word' id='word_1_746' title='bbox 906 5315 1086 5370; x_wconf 84' lang='lat' dir='ltr'><strong>salvos</strong></span> <span class='ocrx_word' id='word_1_747' title='bbox 1129 5323 1186 5369; x_wconf 91' lang='lat' dir='ltr'><strong>et</strong></span> <span class='ocrx_word' id='word_1_748' title='bbox 1229 5314 1524 5386; x_wconf 84' lang='lat' dir='ltr'><strong>incolumes</strong></span> <span class='ocrx_word' id='word_1_749' title='bbox 1566 5329 1662 5383; x_wconf 90' lang='lat' dir='ltr'><strong>per</strong></span> <span class='ocrx_word' id='word_1_750' title='bbox 1703 5331 1792 5370; x_wconf 89' lang='lat' dir='ltr'><strong>an.</strong></span> <span class='ocrx_word' id='word_1_751' title='bbox 1821 5317 1909 5380; x_wconf 72' lang='grc'><strong>40,</strong></span> <span class='ocrx_word' id='word_1_752' title='bbox 1950 5314 2218 5386; x_wconf 61' lang='lat' dir='ltr'><strong>&#39;przestitit,</strong></span> <span class='ocrx_word' id='word_1_753' title='bbox 2266 5328 2322 5374; x_wconf 90' lang='lat' dir='ltr'><strong>ut</strong></span> 
     </span>
    </p>
   </div>
   <div class='ocr_carea' id='block_1_102' title="bbox 729 5384 2321 5456">
    <p class='ocr_par' dir='ltr' id='par_1_102' title="bbox 729 5384 2321 5456">
     <span class='ocr_line' id='line_1_107' title="bbox 729 5384 2321 5456; baseline 0.002 -16"><span class='ocrx_word' id='word_1_754' title='bbox 729 5402 902 5456; x_wconf 87' lang='lat' dir='ltr'><strong>neque</strong></span> <span class='ocrx_word' id='word_1_755' title='bbox 946 5394 1121 5441; x_wconf 84' lang='lat' dir='ltr'><strong>vestes</strong></span> <span class='ocrx_word' id='word_1_756' title='bbox 1170 5399 1343 5455; x_wconf 88' lang='lat' dir='ltr'><strong>neque</strong></span> <span class='ocrx_word' id='word_1_757' title='bbox 1374 5384 1554 5456; x_wconf 68' lang='lat' dir='ltr'><strong>calcei</strong></span> <span class='ocrx_word' id='word_1_758' title='bbox 1599 5384 2026 5455; x_wconf 87' lang='lat' dir='ltr'><strong>contererentur,</strong></span> <span class='ocrx_word' id='word_1_759' title='bbox 2077 5384 2215 5445; x_wconf 89' lang='lat' dir='ltr'><strong>idem</strong></span> <span class='ocrx_word' id='word_1_760' title='bbox 2271 5391 2321 5444; x_wconf 92' lang='lat' dir='ltr'><strong>in</strong></span> 
     </span>
    </p>
   </div>
   <div class='ocr_carea' id='block_1_103' title="bbox 729 5455 2326 5530">
    <p class='ocr_par' dir='ltr' id='par_1_103' title="bbox 729 5455 2326 5530">
     <span class='ocr_line' id='line_1_108' title="bbox 729 5455 2326 5530; baseline 0.002 -18"><span class='ocrx_word' id='word_1_761' title='bbox 729 5455 880 5530; x_wconf 81' lang='lat' dir='ltr'><strong>Novo</strong></span> <span class='ocrx_word' id='word_1_762' title='bbox 907 5458 1019 5530; x_wconf 78' lang='lat' dir='ltr'><strong>suis</strong></span> <span class='ocrx_word' id='word_1_763' title='bbox 1033 5457 1284 5530; x_wconf 78' lang='lat' dir='ltr'><strong>eamdem</strong></span> <span class='ocrx_word' id='word_1_764' title='bbox 1317 5455 1563 5530; x_wconf 82' lang='lat' dir='ltr'><strong>fiduciam</strong></span> <span class='ocrx_word' id='word_1_765' title='bbox 1588 5466 1846 5527; x_wconf 65' lang='lat' dir='ltr'><strong>praestare</strong></span> <span class='ocrx_word' id='word_1_766' title='bbox 1876 5463 2071 5530; x_wconf 87' lang='lat' dir='ltr'><strong>poterit</strong></span> <span class='ocrx_word' id='word_1_767' title='bbox 2095 5471 2148 5516; x_wconf 92' lang='lat' dir='ltr'><strong>et</strong></span> <span class='ocrx_word' id='word_1_768' title='bbox 2172 5477 2326 5517; x_wconf 85' lang='lat' dir='ltr'><strong>secu-</strong></span> 
     </span>
    </p>
   </div>
   <div class='ocr_carea' id='block_1_104' title="bbox 727 5526 2109 5599">
    <p class='ocr_par' dir='ltr' id='par_1_104' title="bbox 727 5526 2109 5599">
     <span class='ocr_line' id='line_1_109' title="bbox 727 5526 2109 5599; baseline -0.001 -13"><span class='ocrx_word' id='word_1_769' title='bbox 727 5529 968 5599; x_wconf 81' lang='lat' dir='ltr'><strong>ritatem.</strong></span> <span class='ocrx_word' id='word_1_770' title='bbox 997 5526 1049 5582; x_wconf 91' lang='lat' dir='ltr'><strong>Id</strong></span> <span class='ocrx_word' id='word_1_771' title='bbox 1079 5527 1220 5582; x_wconf 90' lang='lat' dir='ltr'><strong>enim</strong></span> <span class='ocrx_word' id='word_1_772' title='bbox 1248 5537 1529 5582; x_wconf 77' lang='lat' dir='ltr'><strong>contextus</strong></span> <span class='ocrx_word' id='word_1_773' title='bbox 1554 5526 1668 5596; x_wconf 89' lang='lat' dir='ltr'><strong>ipse</strong></span> <span class='ocrx_word' id='word_1_774' title='bbox 1693 5526 1891 5599; x_wconf 58' lang='lat' dir='ltr'><strong>exigitf</strong></span> <span class='ocrx_word' id='word_1_775' title='bbox 1909 5531 1986 5586; x_wconf 75' lang='lat' dir='ltr'><strong>LE</strong></span> <span class='ocrx_word' id='word_1_776' title='bbox 2012 5532 2109 5586; x_wconf 83' lang='lat' dir='ltr'><strong>Pa.</strong></span> 
     </span>
    </p>
   </div>
   <div class='ocr_carea' id='block_1_105' title="bbox 806 5598 2323 5671">
    <p class='ocr_par' dir='ltr' id='par_1_105' title="bbox 806 5598 2323 5671">
     <span class='ocr_line' id='line_1_110' title="bbox 806 5598 2323 5671; baseline 0.002 -17"><span class='ocrx_word' id='word_1_777' title='bbox 806 5602 882 5671; x_wconf 91' lang='lat' dir='ltr'><strong>(b)</strong></span> <span class='ocrx_word' id='word_1_778' title='bbox 929 5598 994 5671; x_wconf 74' lang='lat' dir='ltr'><strong>Et</strong></span> <span class='ocrx_word' id='word_1_779' title='bbox 1037 5599 1331 5671; x_wconf 64' lang='lat' dir='ltr'><strong>Itatrentiam</strong></span> <span class='ocrx_word' id='word_1_780' title='bbox 1369 5607 1515 5653; x_wconf 66' lang='lat' dir='ltr'><strong>terra:</strong></span> <span class='ocrx_word' id='word_1_781' title='bbox 1546 5617 1738 5653; x_wconf 89' lang='lat' dir='ltr'><strong>eorum.</strong></span> <span class='ocrx_word' id='word_1_782' title='bbox 1773 5598 1826 5655; x_wconf 90' lang='lat' dir='ltr'><strong>lu</strong></span> <span class='ocrx_word' id='word_1_783' title='bbox 1856 5603 2147 5671; x_wconf 79' lang='lat' dir='ltr'><strong>exemplari</strong></span> <span class='ocrx_word' id='word_1_784' title='bbox 2185 5605 2323 5659; x_wconf 78' lang='lat' dir='ltr'><strong>scri-</strong></span> 
     </span>
    </p>
   </div>
   <div class='ocr_carea' id='block_1_106' title="bbox 732 5669 2324 5743">
    <p class='ocr_par' dir='ltr' id='par_1_106' title="bbox 732 5669 2324 5743">
     <span class='ocr_line' id='line_1_111' title="bbox 732 5669 2324 5743; baseline 0 -17"><span class='ocrx_word' id='word_1_785' title='bbox 732 5669 874 5726; x_wconf 83' lang='lat' dir='ltr'><strong>bitur</strong></span> <span class='ocrx_word' id='word_1_786' title='bbox 905 5689 916 5723; x_wconf 91' lang='lat'><strong>:</strong></span> <span class='ocrx_word' id='word_1_787' title='bbox 950 5670 1108 5743; x_wconf 81' lang='lat' dir='ltr'><strong>Sicet</strong></span> <span class='ocrx_word' id='word_1_788' title='bbox 1141 5669 1393 5736; x_wconf 84' lang='lat' dir='ltr'><strong>pulverem</strong></span> <span class='ocrx_word' id='word_1_789' title='bbox 1414 5671 1559 5740; x_wconf 84' lang='lat' dir='ltr'><strong>jubet</strong></span> <span class='ocrx_word' id='word_1_790' title='bbox 1599 5684 1646 5725; x_wconf 89' lang='lat' dir='ltr'><strong>et</strong></span> <span class='ocrx_word' id='word_1_791' title='bbox 1667 5673 1828 5726; x_wconf 72' lang='lat' dir='ltr'><strong>excuti</strong></span> <span class='ocrx_word' id='word_1_792' title='bbox 1852 5674 1905 5727; x_wconf 87' lang='lat' dir='ltr'><strong>in</strong></span> <span class='ocrx_word' id='word_1_793' title='bbox 1932 5669 2050 5727; x_wconf 78' lang='lat' dir='ltr'><strong>illos</strong></span> <span class='ocrx_word' id='word_1_794' title='bbox 2076 5676 2130 5727; x_wconf 88' lang='lat' dir='ltr'><strong>in</strong></span> <span class='ocrx_word' id='word_1_795' title='bbox 2156 5677 2324 5743; x_wconf 60' lang='lat' dir='ltr'><strong>testi/io</strong></span> 
     </span>
    </p>
   </div>
   <div class='ocr_carea' id='block_1_107' title="bbox 731 5741 2323 5805">
    <p class='ocr_par' dir='ltr' id='par_1_107' title="bbox 731 5741 2323 5805">
     <span class='ocr_line' id='line_1_112' title="bbox 731 5741 2323 5805; baseline 0.004 -9"><span class='ocrx_word' id='word_1_796' title='bbox 731 5743 978 5796; x_wconf 76' lang='lat' dir='ltr'><strong>cntionem</strong></span> <span class='ocrx_word' id='word_1_797' title='bbox 1008 5741 1087 5805; x_wconf 89' lang='lat' dir='ltr'><strong>ei;</strong></span> <span class='ocrx_word' id='word_1_798' title='bbox 1117 5743 1206 5793; x_wconf 84' lang='lat' dir='ltr'><strong>her</strong></span> <span class='ocrx_word' id='word_1_799' title='bbox 1232 5750 1277 5793; x_wconf 89' lang='lat' dir='ltr'><strong>et</strong></span> <span class='ocrx_word' id='word_1_800' title='bbox 1315 5743 1466 5794; x_wconf 86' lang='lat' dir='ltr'><strong>etiam</strong></span> <span class='ocrx_word' id='word_1_801' title='bbox 1491 5752 1640 5796; x_wconf 64' lang='lat' dir='ltr'><strong>terrm</strong></span> <span class='ocrx_word' id='word_1_802' title='bbox 1677 5760 1783 5798; x_wconf 87' lang='lat' dir='ltr'><strong>cor.</strong></span> <span class='ocrx_word' id='word_1_803' title='bbox 1819 5744 2136 5800; x_wconf 78' lang='lat' dir='ltr'><strong>Hzrrentiam</strong></span> <span class='ocrx_word' id='word_1_804' title='bbox 2165 5741 2323 5802; x_wconf 65' lang='lat' dir='ltr'><strong>terra:</strong></span> 
     </span>
    </p>
   </div>
   <div class='ocr_carea' id='block_1_108' title="bbox 733 5812 2325 5887">
    <p class='ocr_par' dir='ltr' id='par_1_108' title="bbox 733 5812 2325 5887">
     <span class='ocr_line' id='line_1_113' title="bbox 733 5812 2325 5887; baseline 0.004 -21"><span class='ocrx_word' id='word_1_805' title='bbox 733 5813 930 5887; x_wconf 74' lang='lat' dir='ltr'><strong>dixisse</strong></span> <span class='ocrx_word' id='word_1_806' title='bbox 957 5812 1185 5887; x_wconf 73' lang='lat' dir='ltr'><strong>videtur,</strong></span> <span class='ocrx_word' id='word_1_807' title='bbox 1230 5822 1285 5887; x_wconf 82' lang='lat' dir='ltr'><strong>ut</strong></span> <span class='ocrx_word' id='word_1_808' title='bbox 1327 5814 1622 5887; x_wconf 25' lang='lat' dir='ltr'><strong>esplic‘aret</strong></span> <span class='ocrx_word' id='word_1_809' title='bbox 1659 5817 1798 5886; x_wconf 86' lang='lat' dir='ltr'><strong>quod</strong></span> <span class='ocrx_word' id='word_1_810' title='bbox 1843 5817 2078 5887; x_wconf 88' lang='lat' dir='ltr'><strong>pulveris</strong></span> <span class='ocrx_word' id='word_1_811' title='bbox 2108 5818 2325 5873; x_wconf 88' lang='lat' dir='ltr'><strong>nomine</strong></span> 
     </span>
    </p>
   </div>
   <div class='ocr_carea' id='block_1_109' title="bbox 737 5883 1613 5953">
    <p class='ocr_par' dir='ltr' id='par_1_109' title="bbox 737 5883 1613 5953">
     <span class='ocr_line' id='line_1_114' title="bbox 737 5883 1613 5953; baseline 0.007 -18"><span class='ocrx_word' id='word_1_812' title='bbox 737 5884 907 5938; x_wconf 87' lang='lat' dir='ltr'><strong>Lucas</strong></span> <span class='ocrx_word' id='word_1_813' title='bbox 943 5883 1166 5953; x_wconf 84' lang='lat' dir='ltr'><strong>intelligi</strong></span> <span class='ocrx_word' id='word_1_814' title='bbox 1193 5884 1451 5940; x_wconf 79' lang='lat' dir='ltr'><strong>voluerat.</strong></span> <span class='ocrx_word' id='word_1_815' title='bbox 1495 5883 1613 5941; x_wconf 76' lang='lat' dir='ltr'><strong>RIG.</strong></span> 
     </span>
    </p>
   </div>
   <div class='ocr_carea' id='block_1_110' title="bbox 2500 4883 4030 4962">
    <p class='ocr_par' dir='ltr' id='par_1_110' title="bbox 2500 4883 4030 4962">
     <span class='ocr_line' id='line_1_115' title="bbox 2500 4883 4030 4962; baseline -0.004 -15"><span class='ocrx_word' id='word_1_816' title='bbox 2500 4894 2579 4962; x_wconf 91' lang='lat' dir='ltr'><strong>(c)</strong></span> <span class='ocrx_word' id='word_1_817' title='bbox 2609 4892 2920 4947; x_wconf 85' lang='lat' dir='ltr'><strong>Ammonitas</strong></span> <span class='ocrx_word' id='word_1_818' title='bbox 2945 4901 2993 4946; x_wconf 90' lang='lat' dir='ltr'><strong>et</strong></span> <span class='ocrx_word' id='word_1_819' title='bbox 3025 4889 3277 4962; x_wconf 76' lang='lat' dir='ltr'><strong>Moabitas</strong></span> <span class='ocrx_word' id='word_1_820' title='bbox 3297 4886 3562 4962; x_wconf 77' lang='lat' dir='ltr'><strong>prohibeat</strong></span> <span class='ocrx_word' id='word_1_821' title='bbox 3587 4886 3746 4957; x_wconf 85' lang='lat' dir='ltr'><strong>recipi</strong></span> <span class='ocrx_word' id='word_1_822' title='bbox 3766 4883 4030 4962; x_wconf 79' lang='lat' dir='ltr'><strong>in_Eccle-</strong></span> 
     </span>
    </p>
   </div>
   <div class='ocr_carea' id='block_1_111' title="bbox 2426 4958 4029 5031">
    <p class='ocr_par' dir='ltr' id='par_1_111' title="bbox 2426 4958 4029 5031">
     <span class='ocr_line' id='line_1_116' title="bbox 2426 4958 4029 5031; baseline -0.003 -12"><span class='ocrx_word' id='word_1_823' title='bbox 2426 4958 2576 5019; x_wconf 67' lang='lat' dir='ltr'><strong>siam.</strong></span> <span class='ocrx_word' id='word_1_824' title='bbox 2608 4963 2852 5019; x_wconf 78' lang='lat' dir='ltr'><strong>Ecclesia:</strong></span> <span class='ocrx_word' id='word_1_825' title='bbox 2879 4962 3194 5018; x_wconf 88' lang='lat' dir='ltr'><strong>vocabulum</strong></span> <span class='ocrx_word' id='word_1_826' title='bbox 3219 4958 3511 5031; x_wconf 87' lang='lat' dir='ltr'><strong>Septimius</strong></span> <span class='ocrx_word' id='word_1_827' title='bbox 3527 4958 3902 5015; x_wconf 89' lang='lat' dir='ltr'><strong>accommodat</strong></span> <span class='ocrx_word' id='word_1_828' title='bbox 3927 4958 4029 5014; x_wconf 86' lang='lat' dir='ltr'><strong>.lu-</strong></span> 
     </span>
    </p>
   </div>
   <div class='ocr_carea' id='block_1_112' title="bbox 2425 5033 3131 5105">
    <p class='ocr_par' dir='ltr' id='par_1_112' title="bbox 2425 5033 3131 5105">
     <span class='ocr_line' id='line_1_117' title="bbox 2425 5033 3131 5105; baseline -0.007 -14"><span class='ocrx_word' id='word_1_829' title='bbox 2425 5037 2593 5091; x_wconf 89' lang='lat' dir='ltr'><strong>daicis</strong></span> <span class='ocrx_word' id='word_1_830' title='bbox 2625 5037 2975 5105; x_wconf 88' lang='lat' dir='ltr'><strong>temporibus.</strong></span> <span class='ocrx_word' id='word_1_831' title='bbox 3011 5033 3131 5089; x_wconf 77' lang='lat' dir='ltr'><strong>Bm.</strong></span> 
     </span>
    </p>
   </div>
   <div class='ocr_carea' id='block_1_113' title="bbox 2501 5099 4029 5177">
    <p class='ocr_par' dir='ltr' id='par_1_113' title="bbox 2501 5099 4029 5177">
     <span class='ocr_line' id='line_1_118' title="bbox 2501 5099 4029 5177; baseline -0.003 -17"><span class='ocrx_word' id='word_1_832' title='bbox 2501 5107 2583 5177; x_wconf 91' lang='lat' dir='ltr'><strong>(d)</strong></span> <span class='ocrx_word' id='word_1_833' title='bbox 2613 5099 3093 5160; x_wconf 69' lang='lat' dir='ltr'><strong>Conantunicationis</strong></span> <span class='ocrx_word' id='word_1_834' title='bbox 3119 5104 3464 5157; x_wconf 87' lang='lat' dir='ltr'><strong>interdictum.</strong></span> <span class='ocrx_word' id='word_1_835' title='bbox 3495 5101 3584 5177; x_wconf 81' lang='lat' dir='ltr'><strong>Sic</strong></span> <span class='ocrx_word' id='word_1_836' title='bbox 3609 5099 3706 5177; x_wconf 76' lang='lat' dir='ltr'><strong>lib.</strong></span> <span class='ocrx_word' id='word_1_837' title='bbox 3739 5100 3807 5177; x_wconf 81' lang='lat' dir='ltr'><strong>de</strong></span> <span class='ocrx_word' id='word_1_838' title='bbox 3837 5099 4029 5177; x_wconf 63' lang='lat' dir='ltr'><strong>Metio-</strong></span> 
     </span>
    </p>
   </div>
   <div class='ocr_carea' id='block_1_114' title="bbox 2462 5173 4024 5247">
    <p class='ocr_par' dir='ltr' id='par_1_114' title="bbox 2462 5173 4024 5247">
     <span class='ocr_line' id='line_1_119' title="bbox 2462 5173 4024 5247; baseline -0.001 -17"><span class='ocrx_word' id='word_1_839' title='bbox 2462 5173 2635 5232; x_wconf 71' lang='lat' dir='ltr'><strong>atnia:</strong></span> <span class='ocrx_word' id='word_1_840' title='bbox 2672 5177 2776 5232; x_wconf 84' lang='lat' dir='ltr'><strong>Sed</strong></span> <span class='ocrx_word' id='word_1_841' title='bbox 2807 5179 2948 5231; x_wconf 87' lang='lat' dir='ltr'><strong>illam</strong></span> <span class='ocrx_word' id='word_1_842' title='bbox 2979 5177 3181 5247; x_wconf 84' lang='lat' dir='ltr'><strong>quidem</strong></span> <span class='ocrx_word' id='word_1_843' title='bbox 3205 5193 3236 5227; x_wconf 89' lang='lat' dir='ltr'><strong>a</strong></span> <span class='ocrx_word' id='word_1_844' title='bbox 3261 5173 3719 5247; x_wconf 74' lang='lat' dir='ltr'><strong>communicatione</strong></span> <span class='ocrx_word' id='word_1_845' title='bbox 3741 5173 4024 5247; x_wconf 61' lang='lat' dir='ltr'><strong>depellunt.</strong></span> 
     </span>
    </p>
   </div>
   <div class='ocr_carea' id='block_1_115' title="bbox 2452 5244 4030 5304">
    <p class='ocr_par' dir='ltr' id='par_1_115' title="bbox 2452 5244 4030 5304">
     <span class='ocr_line' id='line_1_120' title="bbox 2452 5244 4030 5304; baseline -0.002 -3"><span class='ocrx_word' id='word_1_846' title='bbox 2452 5251 2549 5304; x_wconf 73' lang='lat' dir='ltr'><strong>lic.</strong></span> <span class='ocrx_word' id='word_1_847' title='bbox 2564 5244 3132 5302; x_wconf 79' lang='lat' dir='ltr'><strong>——Contmuuicalionis</strong></span> <span class='ocrx_word' id='word_1_848' title='bbox 3161 5247 3503 5301; x_wconf 83' lang='lat' dir='ltr'><strong>interdictum.</strong></span> <span class='ocrx_word' id='word_1_849' title='bbox 3522 5244 3595 5297; x_wconf 89' lang='lat' dir='ltr'><strong>De</strong></span> <span class='ocrx_word' id='word_1_850' title='bbox 3611 5244 3909 5298; x_wconf 75' lang='lat' dir='ltr'><strong>interdictis</strong></span> <span class='ocrx_word' id='word_1_851' title='bbox 3923 5249 4030 5298; x_wconf 78' lang='lat' dir='ltr'><strong>Ec—</strong></span> 
     </span>
    </p>
   </div>
   <div class='ocr_carea' id='block_1_116' title="bbox 2428 5314 4028 5389">
    <p class='ocr_par' dir='ltr' id='par_1_116' title="bbox 2428 5314 4028 5389">
     <span class='ocr_line' id='line_1_121' title="bbox 2428 5314 4028 5389; baseline -0.004 -13"><span class='ocrx_word' id='word_1_852' title='bbox 2428 5321 2605 5376; x_wconf 68' lang='lat' dir='ltr'><strong>clesiae</strong></span> <span class='ocrx_word' id='word_1_853' title='bbox 2628 5319 2678 5374; x_wconf 92' lang='lat' dir='ltr'><strong>id</strong></span> <span class='ocrx_word' id='word_1_854' title='bbox 2701 5321 2950 5389; x_wconf 88' lang='lat' dir='ltr'><strong>explicari</strong></span> <span class='ocrx_word' id='word_1_855' title='bbox 2975 5327 3168 5389; x_wconf 85' lang='lat' dir='ltr'><strong>potest.</strong></span> <span class='ocrx_word' id='word_1_856' title='bbox 3197 5318 3432 5389; x_wconf 72' lang='lat' dir='ltr'><strong>Diligens</strong></span> <span class='ocrx_word' id='word_1_857' title='bbox 3452 5315 3650 5389; x_wconf 81' lang='lat' dir='ltr'><strong>etenim</strong></span> <span class='ocrx_word' id='word_1_858' title='bbox 3674 5314 4028 5389; x_wconf 82' lang='lat' dir='ltr'><strong>formularum</strong></span> 
     </span>
    </p>
   </div>
   <div class='ocr_carea' id='block_1_117' title="bbox 2428 5385 4028 5459">
    <p class='ocr_par' dir='ltr' id='par_1_117' title="bbox 2428 5385 4028 5459">
     <span class='ocr_line' id='line_1_122' title="bbox 2428 5385 4028 5459; baseline -0.006 -14"><span class='ocrx_word' id='word_1_859' title='bbox 2428 5391 2719 5445; x_wconf 90' lang='lat' dir='ltr'><strong>forensium</strong></span> <span class='ocrx_word' id='word_1_860' title='bbox 2766 5385 3081 5445; x_wconf 69' lang='lat' dir='ltr'><strong>observator</strong></span> <span class='ocrx_word' id='word_1_861' title='bbox 3112 5399 3166 5444; x_wconf 90' lang='lat' dir='ltr'><strong>et</strong></span> <span class='ocrx_word' id='word_1_862' title='bbox 3207 5385 3344 5459; x_wconf 68' lang='lat' dir='ltr'><strong>juris</strong></span> <span class='ocrx_word' id='word_1_863' title='bbox 3385 5385 3746 5459; x_wconf 80' lang='lat' dir='ltr'><strong>Tcrtullianus</strong></span> <span class='ocrx_word' id='word_1_864' title='bbox 3775 5387 3824 5439; x_wconf 87' lang='lat' dir='ltr'><strong>id</strong></span> <span class='ocrx_word' id='word_1_865' title='bbox 3856 5401 4028 5459; x_wconf 49' lang='lat' dir='ltr'><strong>Oppo7</strong></span> 
     </span>
    </p>
   </div>
   <div class='ocr_carea' id='block_1_118' title="bbox 2427 5457 4029 5532">
    <p class='ocr_par' dir='ltr' id='par_1_118' title="bbox 2427 5457 4029 5532">
     <span class='ocr_line' id='line_1_123' title="bbox 2427 5457 4029 5532; baseline -0.004 -14"><span class='ocrx_word' id='word_1_866' title='bbox 2427 5463 2555 5518; x_wconf 80' lang='lat' dir='ltr'><strong>snit.</strong></span> <span class='ocrx_word' id='word_1_867' title='bbox 2609 5462 2761 5532; x_wconf 82' lang='lat' dir='ltr'><strong>Apud</strong></span> <span class='ocrx_word' id='word_1_868' title='bbox 2800 5457 3222 5517; x_wconf 75' lang='lat' dir='ltr'><strong>.lureconsultos</strong></span> <span class='ocrx_word' id='word_1_869' title='bbox 3253 5458 3596 5532; x_wconf 83' lang='lat' dir='ltr'><strong>interdictum</strong></span> <span class='ocrx_word' id='word_1_870' title='bbox 3646 5469 3728 5510; x_wconf 86' lang='lat' dir='ltr'><strong>est</strong></span> <span class='ocrx_word' id='word_1_871' title='bbox 3765 5458 3910 5526; x_wconf 88' lang='lat' dir='ltr'><strong>quod</strong></span> <span class='ocrx_word' id='word_1_872' title='bbox 3959 5457 4029 5512; x_wconf 90' lang='lat' dir='ltr'><strong>ad</strong></span> 
     </span>
    </p>
   </div>
   <div class='ocr_carea' id='block_1_119' title="bbox 2428 5531 4027 5603">
    <p class='ocr_par' dir='ltr' id='par_1_119' title="bbox 2428 5531 4027 5603">
     <span class='ocr_line' id='line_1_124' title="bbox 2428 5531 4027 5603; baseline -0.003 -16"><span class='ocrx_word' id='word_1_873' title='bbox 2428 5543 2636 5603; x_wconf 88' lang='lat' dir='ltr'><strong>tempus</strong></span> <span class='ocrx_word' id='word_1_874' title='bbox 2662 5531 2706 5587; x_wconf 34' lang='lat' dir='ltr'><strong>’a</strong></span> <span class='ocrx_word' id='word_1_875' title='bbox 2751 5534 2930 5603; x_wconf 82' lang='lat' dir='ltr'><strong>judice</strong></span> <span class='ocrx_word' id='word_1_876' title='bbox 2975 5532 3188 5596; x_wconf 88' lang='lat' dir='ltr'><strong>dicitur,</strong></span> <span class='ocrx_word' id='word_1_877' title='bbox 3221 5541 3275 5586; x_wconf 93' lang='lat' dir='ltr'><strong>et</strong></span> <span class='ocrx_word' id='word_1_878' title='bbox 3321 5531 3897 5603; x_wconf 35' lang='grc' dir='ltr'><strong>εἰοεεεηηδηιλεγὸμέενιγ</strong></span> <span class='ocrx_word' id='word_1_879' title='bbox 3947 5532 4027 5603; x_wconf 65' lang='lat' dir='ltr'><strong>es.</strong></span> 
     </span>
    </p>
   </div>
   <div class='ocr_carea' id='block_1_120' title="bbox 2426 5598 4028 5677">
    <p class='ocr_par' dir='ltr' id='par_1_120' title="bbox 2426 5598 4028 5677">
     <span class='ocr_line' id='line_1_125' title="bbox 2426 5598 4028 5677; baseline -0.005 -17"><span class='ocrx_word' id='word_1_880' title='bbox 2426 5598 2839 5675; x_wconf 65' lang='grc' dir='ltr'><strong>ἀμφίσϐητοὺνὶ-ων</strong></span> <span class='ocrx_word' id='word_1_881' title='bbox 2879 5610 2986 5677; x_wconf 70' lang='grc' dir='ltr'><strong>περὶ</strong></span> <span class='ocrx_word' id='word_1_882' title='bbox 3034 5620 3211 5673; x_wconf 69' lang='grc' dir='ltr'><strong>νομῆες</strong></span> <span class='ocrx_word' id='word_1_883' title='bbox 3263 5598 3346 5656; x_wconf 73' lang='lat' dir='ltr'><strong>sic</strong></span> <span class='ocrx_word' id='word_1_884' title='bbox 3386 5598 4028 5677; x_wconf 55' lang='lat' dir='ltr'><strong>interdictuunhlcelesim</strong></span> 
     </span>
    </p>
   </div>
   <div class='ocr_carea' id='block_1_121' title="bbox 2428 5671 4025 5746">
    <p class='ocr_par' dir='ltr' id='par_1_121' title="bbox 2428 5671 4025 5746">
     <span class='ocr_line' id='line_1_126' title="bbox 2428 5671 4025 5746; baseline -0.003 -17"><span class='ocrx_word' id='word_1_885' title='bbox 2428 5671 2511 5731; x_wconf 80' lang='lat' dir='ltr'><strong>est</strong></span> <span class='ocrx_word' id='word_1_886' title='bbox 2537 5679 2804 5746; x_wconf 87' lang='lat' dir='ltr'><strong>separatio</strong></span> <span class='ocrx_word' id='word_1_887' title='bbox 2835 5693 2862 5728; x_wconf 92' lang='lat' dir='ltr'><strong>a</strong></span> <span class='ocrx_word' id='word_1_888' title='bbox 2909 5671 3177 5731; x_wconf 76' lang='lat' dir='ltr'><strong>comunmi</strong></span> <span class='ocrx_word' id='word_1_889' title='bbox 3219 5683 3362 5746; x_wconf 67' lang='lat' dir='ltr'><strong>centu</strong></span> <span class='ocrx_word' id='word_1_890' title='bbox 3397 5671 3658 5746; x_wconf 66' lang='lat' dir='ltr'><strong>fidelium</strong></span> <span class='ocrx_word' id='word_1_891' title='bbox 3689 5671 3754 5746; x_wconf 73' lang='lat' dir='ltr'><strong>ad</strong></span> <span class='ocrx_word' id='word_1_892' title='bbox 3789 5680 4025 5746; x_wconf 75' lang='lat' dir='ltr'><strong>tempus,</strong></span> 
     </span>
    </p>
   </div>
   <div class='ocr_carea' id='block_1_122' title="bbox 2428 5740 4025 5817">
    <p class='ocr_par' dir='ltr' id='par_1_122' title="bbox 2428 5740 4025 5817">
     <span class='ocr_line' id='line_1_127' title="bbox 2428 5740 4025 5817; baseline -0.006 -15"><span class='ocrx_word' id='word_1_893' title='bbox 2428 5740 2712 5817; x_wconf 52' lang='lat' dir='ltr'><strong>donec&#39;qui</strong></span> <span class='ocrx_word' id='word_1_894' title='bbox 2739 5755 3046 5810; x_wconf 71' lang='grc' dir='ltr'><strong>ἀκοινώνητος</strong></span> <span class='ocrx_word' id='word_1_895' title='bbox 3074 5757 3157 5802; x_wconf 91' lang='lat' dir='ltr'><strong>est</strong></span> <span class='ocrx_word' id='word_1_896' title='bbox 3202 5760 3297 5811; x_wconf 91' lang='lat' dir='ltr'><strong>pro</strong></span> <span class='ocrx_word' id='word_1_897' title='bbox 3326 5741 3536 5798; x_wconf 91' lang='lat' dir='ltr'><strong>delictis</strong></span> <span class='ocrx_word' id='word_1_898' title='bbox 3564 5740 4025 5817; x_wconf 40' lang='lat' dir='ltr'><strong>satisfeceritLIn-</strong></span> 
     </span>
    </p>
   </div>
   <div class='ocr_carea' id='block_1_123' title="bbox 2433 5813 4023 5890">
    <p class='ocr_par' dir='ltr' id='par_1_123' title="bbox 2433 5813 4023 5890">
     <span class='ocr_line' id='line_1_128' title="bbox 2433 5813 4023 5890; baseline -0.003 -18"><span class='ocrx_word' id='word_1_899' title='bbox 2433 5813 2748 5882; x_wconf 87' lang='lat' dir='ltr'><strong>terdietum,</strong></span> <span class='ocrx_word' id='word_1_900' title='bbox 2803 5822 2952 5890; x_wconf 90' lang='lat' dir='ltr'><strong>quasi</strong></span> <span class='ocrx_word' id='word_1_901' title='bbox 3004 5820 3204 5890; x_wconf 85' lang='lat' dir='ltr'><strong>interim</strong></span> <span class='ocrx_word' id='word_1_902' title='bbox 3258 5817 3494 5890; x_wconf 59' lang='lat' dir='ltr'><strong>dictum,</strong></span> <span class='ocrx_word' id='word_1_903' title='bbox 3552 5823 3609 5890; x_wconf 77' lang='lat' dir='ltr'><strong>ut</strong></span> <span class='ocrx_word' id='word_1_904' title='bbox 3669 5813 3808 5884; x_wconf 89' lang='lat' dir='ltr'><strong>apud</strong></span> <span class='ocrx_word' id='word_1_905' title='bbox 3841 5813 4023 5890; x_wconf 88' lang='lat' dir='ltr'><strong>_Tu|l.</strong></span> 
     </span>
    </p>
   </div>
   <div class='ocr_carea' id='block_1_124' title="bbox 2431 5885 4024 5960">
    <p class='ocr_par' dir='ltr' id='par_1_124' title="bbox 2431 5885 4024 5960">
     <span class='ocr_line' id='line_1_129' title="bbox 2431 5885 4024 5960; baseline -0.005 -14"><span class='ocrx_word' id='word_1_906' title='bbox 2431 5891 2528 5950; x_wconf 84' lang='lat' dir='ltr'><strong>lib.</strong></span> <span class='ocrx_word' id='word_1_907' title='bbox 2559 5889 2645 5946; x_wconf 81' lang='lat' dir='ltr'><strong>VII</strong></span> <span class='ocrx_word' id='word_1_908' title='bbox 2667 5885 2835 5960; x_wconf 58' lang='lat' dir='ltr'><strong>Epist;</strong></span> <span class='ocrx_word' id='word_1_909' title='bbox 2866 5891 3011 5946; x_wconf 87' lang='lat' dir='ltr'><strong>famil</strong></span> <span class='ocrx_word' id='word_1_910' title='bbox 3056 5905 3142 5959; x_wconf 89' lang='lat' dir='ltr'><strong>ep.</strong></span> <span class='ocrx_word' id='word_1_911' title='bbox 3165 5889 3266 5946; x_wconf 61' lang='grc' dir='ltr'><strong>δ’ἐξ</strong></span> <span class='ocrx_word' id='word_1_912' title='bbox 3299 5885 3614 5943; x_wconf 83' lang='lat' dir='ltr'><strong>Urbanitatis</strong></span> <span class='ocrx_word' id='word_1_913' title='bbox 3634 5886 4024 5957; x_wconf 74' lang='lat' dir='ltr'><strong>possessionem,</strong></span> 
     </span>
    </p>
   </div>
  </div>
