4268 6492
231 400 329 457 491

1329 397 1458 454 LIB.
1501 399 1566 455 IV
1605 397 1970 455 ADVERSUS
2008 398 2428 457 MARCIONEM.

3423 399 3530 456 422

233 519 453 572 omnino
482 518 622 572 laedi.
671 517 734 570 Et
777 515 960 586 utique
1006 514 1206 570 scimus
1258 514 1443 585 (salva
1493 515 1832 586 simplicitate
1861 517 1910 574 A
1939 515 2427 586 detiqoisscnterga
2451 516 2614 571 Deum
2641 516 2896 586 ignotum,
2921 515 3296 588 ponctonc(.’>)
3322 527 3527 583 notum;

234 610 560 680 Scriptum;
598 626 720 665 nam
749 624 848 665 nec
874 621 927 665 et
961 609 1089 679 ipsa:
1119 610 1302 665 bestia:
1331 625 1525 666 nocere
1556 619 1831 680 peterunt,

235 703 327 758 ubi
361 705 492 758 tidcs
535 703 732 771 fuerit)
779 703 1000 775 figurate
1045 703 1287 773 scorpios
1315 714 1368 758 et
1413 703 1662 758 colubros
1707 719 1832 774 por-

239 795 382 849 tendi
414 795 668 863 spiritalia
696 795 931 862 maliti-.13,
962 811 1189 865 quorum
1214 795 1324 864 ipse
1351 809 1561 864 quoque
1589 795 1834 864 princeps

236 890 289 941 in
314 889 599 956 Serpentis,
616 898 668 942 et
690 889 958 953 draconis,
981 896 1036 941 ct
1057 887 1452 941 immanissinun
1476 885 1556 959 (l)
1580 887 1834 957 cujusque

238 982 426 1036 bestia:
472 980 685 1036 nomine
714 981 998 1050 deputetur
1040 997 1200 1048 penes
1231 981 1560 1045 Creatorem,
1592 979 1832 1050 largitnm

238 1072 378 1126 hanc
417 1082 732 1142 potestatein
772 1073 938 1144 priori
985 1072 1201 1128 Christo
1241 1087 1366 1137 suo;
1415 1073 1554 1126 sicut
1599 1086 1833 1141 nonage-

235 1168 404 1220 sitnus
432 1165 674 1220 Psalmos
699 1164 764 1218 ad
807 1181 927 1220 eum
960 1163 1076 1238 (Ps.
1106 1165 1216 1230 XC,
1248 1166 1336 1236 ιδ)
1362 1182 1375 1220 :
1409 1165 1578 1234 Super
1604 1165 1831 1235 aspidem

235 1269 282 1312 et
302 1261 588 1313 basiliscum
609 1260 830 1325 incedes,
855 1270 900 1315 et
921 1260 1241 1315 conculcabis
1264 1259 1455 1312 leonem
1473 1268 1520 1314 et
1541 1260 1834 1326 draconem;

234 1355 378 1408 sicut
405 1354 564 1409 etiam
599 1353 761 1408 Isaias
791 1353 915 1425 (Is.,
959 1353 1168 1416 XXVII,
1195 1354 1280 1422 I):
1306 1351 1412 1406 Illa
1434 1353 1515 1406 die
1539 1353 1836 1423 superducet

235 1444 488 1498 Dominus
518 1444 654 1499 Deus
691 1445 995 1498 macltwram
1021 1454 1268 1511 sanctam,
1296 1461 1535 1516 magnam
1561 1455 1606 1499 et
1633 1449 1833 1517 fortem,

234 1533 505 1592 Christum
535 1538 740 1592 scilicet
772 1552 950 1603 suum,
993 1537 1046 1590 in
1089 1535 1362 1590 draconem
1387 1537 1533 1590 illum
1574 1539 1835 1591 colubrum

236 1648 475 1701 magnum
518 1641 564 1684 et
592 1641 891 1689 tortuosum.
923 1640 970 1683 et
1008 1630 1276 1698 iuterﬁciet
1319 1646 1434 1684 eum
1459 1631 1548 1683 illa
1583 1631 1684 1684 die.
1731 1630 1835 1684 Sed

234 1741 356 1780 Cttttt
392 1724 527 1778 idem
563 1723 690 1796 (Is.,
722 1722 942 1787 XXXV,
974 1723 1030 1793 8)
1060 1741 1072 1778 ε
1114 1721 1211 1776 Via
1237 1725 1428 1776 munda
1457 1732 1503 1777 et
1544 1725 1622 1776 via
1659 1735 1838 1778 sancta

233 1818 514 1883 vocabitur,
548 1829 593 1872 et
624 1835 723 1872 non
747 1817 977 1871 transibit
1003 1817 1108 1870 illic
1133 1817 1469 1879 intmundum,
1495 1833 1582 1870 nec
1609 1818 1700 1870 erit
1731 1817 1838 1870 illic

1941 622 2046 662 non
2098 618 2276 663 tamen
2326 611 2549 664 zelotem
2599 624 2720 663 eutn
2775 610 3012 678 experiri
3059 609 3390 677 debuissent,
3440 613 3529 680 qui

1939 699 2215 757 dissimilis
2256 701 2527 758 Creatoris
2554 703 2843 759 inducitur.
2877 703 3038 774 Igitur
3065 704 3109 758 si
3143 720 3238 760 nec
3277 707 3530 762 materias

1942 795 2291 861 przcmiserat,
2332 810 2361 849 a
2405 796 2595 864 quibus
2640 795 2836 866 aliquid
2867 796 3219 862 occultasset;
3267 812 3365 853 nec
3406 813 3530 854 reos

1941 883 2220 952 habuerat,
2252 902 2278 940 a
2310 887 2504 957 quibus
2540 889 2890 952 occultasset;
2921 904 3017 944 nec
3055 888 3316 944 debuerat
3343 891 3528 946 occul-

1942 988 2103 1044 tasse,
2137 980 2296 1033 etiam
2325 981 2368 1034 si
2398 980 2669 1035 habuisset
2690 996 2704 1038 :
2727 981 2836 1051 jam
2867 997 2964 1036 nec
2991 982 3253 1037 revelator
3273 984 3386 1053 ipse
3405 985 3528 1048 erit,

1939 1075 2028 1141 qui
2057 1073 2398 1127 absconditor
2429 1088 2533 1127 non
2561 1074 2652 1127 fuit
2678 1091 2691 1128 :
2734 1074 2805 1127 ita
2838 1089 2936 1129 nec
2964 1073 3218 1129 Dominus
3247 1075 3390 1140 cmli,
3435 1091 3532 1131 nec

1942 1165 2099 1221 Peter
2134 1163 2370 1229 Christi;
2417 1164 2510 1220 sed
2542 1165 2651 1232 ille,
2706 1164 2756 1218 in
2785 1179 2945 1234 quem
2990 1175 3299 1235 competunt
3328 1167 3528 1224 omnia.

1939 1257 2071 1312 Nam
2111 1267 2166 1312 et
2207 1257 2486 1312 abscondit
2519 1259 2797 1327 pragmisso
2828 1257 3168 1312 obscuritatis
3208 1257 3531 1328 pr0pheticzn

1942 1354 2318 1417 instrumento,
2343 1353 2495 1422 cujus
2523 1351 2850 1405 intellectum
2881 1350 3011 1405 fides
3041 1360 3371 1406 mereretur:
3415 1351 3534 1407 Nisi

1941 1449 2082 1502 enim
2131 1446 2254 1518 (Is.,
2303 1445 2417 1513 VII,
2468 1447 2522 1517 9)
2572 1447 2906 1512 credideritis,
2961 1463 3059 1500 non
3109 1445 3433 1518 intelligetis;
3480 1453 3535 1502 et

1942 1555 2064 1594 reos
2105 1539 2290 1593 habuit
2321 1538 2498 1611 (liam.
2535 1539 2574 1609 Ι)
2617 1541 2889 1608 sapientes
2933 1548 3093 1608 atque
3123 1538 3432 1608 prudentes,
3466 1555 3531 1593 ex

1943 1631 2106 1700 ipsius
2129 1632 2382 1700 operibus
2420 1641 2495 1685 tot
2523 1647 2585 1685 ac
2626 1632 2784 1684 tantis
2814 1630 3200 1700 intelligibilem
3228 1630 3394 1685 Deum
3426 1646 3534 1686 non

1942 1726 2296 1796 requirentes,
2338 1727 2420 1780 vel
2468 1741 2746 1794 perperam
2793 1725 2845 1779 in
2891 1724 3036 1777 illum
3069 1723 3532 1794 philosophantes,

1941 1828 1996 1873 et
2027 1817 2233 1887 ingenia
2268 1817 2533 1872 lucreticis
2577 1816 3070 1882 sulnninistrantes;
3117 1825 3172 1869 et
3213 1817 3532 1883 novissime,

232 1914 315 1966 ria
344 1914 645 1965 immunda:
685 1912 772 1980 qui
817 1922 988 1965 autent
1029 1911 1245 1980 dispersi
1271 1919 1434 1971 erunt,
1463 1909 1645 1964 cadent
1679 1911 1731 1963 in
1758 1927 1834 1976 ea,
1870 1915 1917 1975 Β
1945 1911 2146 1966 zelotes
2172 1921 2271 1966 est.
2308 1911 2545 1980 Denique
2585 1911 2711 1964 olim
2745 1909 2846 1964 hoc
2875 1926 2968 1980 per
3013 1910 3202 1965 Isaiam
3244 1912 3532 1966 conciona-

233 2015 278 2059 et
325 2023 427 2059 non
467 2005 736 2068 errabant;
768 2015 814 2058 et
842 2021 944 2058 non
982 2006 1075 2058 erit
1097 2006 1211 2074 jam
1241 2004 1346 2057 illic
1384 2005 1480 2067 leo,
1515 2021 1604 2057 nec
1632 2021 1695 2058 ea:
1729 2009 1837 2059 bes-

231 2100 315 2151 tiis
347 2099 576 2166 pessimis
605 2099 873 2166 quicquam
902 2098 1136 2152 ascendet
1173 2097 1228 2150 in
1261 2113 1393 2159 eam,
1433 2113 1522 2150 nec
1561 2098 1838 2152 invenietur

234 2190 366 2244 illic.
399 2190 533 2243 Cum
568 2190 648 2242 via
682 2189 840 2244 tidem
869 2189 1218 2252 demonstret,
1249 2204 1344 2258 per
1371 2205 1529 2260 quam
1559 2189 1626 2243 ad
1670 2191 1834 2244 Deum

235 2285 631 2354 perveniemus,
673 2284 784 2354 jam
816 2293 939 2338 tunc
966 2283 1137 2338 eidem
1168 2284 1288 2348 via‘,
1323 2283 1374 2337 id
1405 2292 1488 2338 est
1515 2282 1658 2350 lidei,
1701 2284 1837 2339 hanc

230 2380 597 2449 crogatioucm
627 2379 708 2451 ('2)
733 2387 786 2434 et
808 2378 1192 2448 subjectionem
1219 2377 1508 2432 bestiarum
1535 2377 1832 2446 pollicetur.

236 2469 474 2540 Denique
501 2479 556 2524 et
587 2481 827 2538 tempora
853 2470 1222 2540 promissionis
1247 2484 1544 2540 congruere
1573 2471 1834 2537 invenias,

235 2561 278 2613 si
311 2578 430 2628 qua:
459 2561 800 2624 antecedunt,
828 2563 970 2631 legas
999 2560 1122 2630 (Is.,
1149 2561 1366 2626 XXXV,
1399 2560 1452 2632 5)
1476 2580 1488 2615 :
1514 2560 1831 2627 lnvalescite,

235 2668 417 2705 manus
447 2653 691 2716 dimissw,
724 2659 769 2706 et
795 2669 958 2722 genua
983 2651 1226 2706 resoluta.
1257 2650 1402 2706 Tunc
1433 2654 1674 2721 pate/ient
1703 2655 1836 2706 oculi

236 2760 510 2810 ra'corum,
560 2754 605 2796 et
650 2759 800 2797 aures
844 2744 1112 2797 exaudiens
1163 2744 1455 2798 surdorum.
1505 2743 1649 2798 Tunc
1692 2747 1836 2799 saliet

246 2835 466 2890 claudus
499 2847 548 2890 ut
577 2853 771 2902 cervus,
813 2846 858 2890 et
885 2837 1026 2889 clara
1053 2837 1146 2890 erit
1176 2836 1350 2907 lingua
1375 2848 1646 2891 mutorum.
1678 2837 1838 2908 Igitur

245 2927 332 2980 ubi
365 2927 752 2980 medicinarum
781 2926 949 2981 edidit
980 2927 1255 2991 beneficia,
1287 2937 1410 2982 tunc
1437 2939 1491 2983 et
1517 2929 1758 3000 scorpios
1785 2939 1838 2984 ct

235 3027 516 3088 serpentes
553 3021 754 3073 sanctis
796 3019 908 3072 suis
936 3018 1193 3085 subdidit,
1227 3019 1315 3074 ille
1348 3019 1557 3075 scilicet
1583 3022 1674 3092 qui
1702 3021 1839 3078 hanc

239 3123 580 3182 potestatem,
613 3123 671 3168 ut
715 3123 769 3169 et
793 3114 912 3168 allis
951 3124 1250 3184 priestaret,
1298 3114 1443 3184 prior
1481 3128 1762 3187 acceperat
1806 3134 1837 3172 a

237 3207 418 3276 Patre,
449 3217 505 3264 et
539 3208 832 3264 secundum
869 3209 1113 3264 ordinem
1148 3210 1540 3280 praedicationis
1575 3213 1834 3269 exhibuit.

813 3301 1041 3358 CAPUT
1081 3301 1248 3357 XXV.

309 3395 442 3461 Quis
461 3395 716 3450 Dominus
735 3397 856 3451 cadi
881 3397 1234 3464 iuvocabitur,
1254 3398 1342 3469 qui
1366 3413 1471 3454 non
1494 3399 1642 3470 prius
1667 3399 1838 3457 factor

238 3486 578 3541 ostenditur?
627 3486 832 3543 Gratias
874 3490 1039 3555 enim,
1099 3491 1287 3560 inquit,
1337 3508 1434 3562 ago
1483 3502 1530 3546 et
1573 3495 1832 3562 conﬁteor,

242 3577 462 3632 Domine
487 3580 619 3644 caeli,
649 3579 785 3650 quod
811 3596 869 3634 ea
894 3597 1010 3648 qua:
1037 3591 1178 3634 erant
1205 3583 1502 3637 abscondita
1530 3586 1840 3653 sapientibus

239 3683 284 3726 et
308 3674 660 3741 prudentibus,
689 3675 981 3729 revelareris
1010 3675 1398 3745 parvulis.Qua‘.
1425 3675 1560 3729 ista?
1585 3686 1638 3730 et
1661 3679 1841 3748 cujus?

246 3777 301 3821 ct
345 3783 512 3838 aquo
550 3768 892 3823 abscondita?
919 3778 974 3824 et
1019 3784 1050 3823 a
1095 3783 1201 3839 quo
1245 3770 1517 3824 revelata?
1568 3769 1625 3824 Si
1668 3785 1698 3825 a
1732 3772 1841 3826 Deo

241 3861 529 3916 Marcionis
575 3860 886 3914 abscondita
937 3870 991 3916 et
1020 3861 1274 3926 revelata,
1309 3863 1399 3932 qui
1441 3863 1658 3917 omnino
1709 3863 1842 3920 nihil

244 3957 597 4026 prmiuiserat,
650 3955 701 4010 in
747 3971 854 4026 quo
907 3955 1104 4020 aliquid
1143 3954 1512 4010 absolinditum
1557 3965 1701 4011 esset
1741 3972 1840 4027 poo

243 4053 452 4117 tuisset,
486 4067 591 4107 nou
626 4051 950 4122 prophetias,
985 4066 1092 4106 non
1121 4051 1422 4122 parabolas,
1451 4067 1554 4108 non
1584 4054 1836 4119 visiones,

243 4165 348 4203 non
379 4150 485 4203 ulla
516 4163 717 4211 rerum,
763 4158 855 4202 aut
882 4147 1192 4212 verborum,
1234 4156 1325 4201 aut
1368 4148 1640 4202 nominum
1680 4163 1839 4220 arguv

244 4249 449 4306 sucula,
477 4255 573 4310 per
598 4240 882 4310 allegorias
911 4249 963 4293 et
995 4239 1210 4310 ﬁguras,
1246 4240 1332 4294 vel
1373 4241 1714 4310 aenigmatum
1744 4257 1838 4298 ne-

244 4333 399 4388 bulas
443 4331 795 4396 obumbrata;
836 4331 930 4386 sed
963 4331 1132 4400 ipsam
1171 4331 1588 4401 magnitudinem
1633 4333 1714 4387 sui
1752 4334 1845 4388 ab-

244 4426 552 4491 sconderat,
575 4440 674 4494 qua
684 4440 733 4478 ιιι
761 4439 880 4479 cum
904 4425 1134 4478 maxime
1149 4439 1246 4495 per
1263 4424 1532 4480 Christum
1554 4427 1842 4496 revolabat,

246 4519 378 4573 satis
430 4517 632 4589 inique.
688 4515 825 4583 Quid
891 4517 1033 4571 enim
1081 4514 1418 4587 deliquerant
1465 4520 1736 4588 sapientes
1791 4529 1847 4577 et

245 4608 560 4681 prudentes,
590 4617 650 4663 ut
679 4608 1101 4663 absconderetur
1129 4609 1232 4664 illis
1264 4609 1446 4665 Dens?
1472 4611 1538 4666 ad
1566 4629 1723 4683 quem
1754 4629 1844 4669 co-

1943 2003 2117 2069 bator,
2150 2002 2292 2073 quod
2331 2003 2577 2058 Christus
2615 2003 2915 2072 gratulatur
2967 2002 3091 2075 (Is.,
3123 2003 3370 2068 XXXIX,
3400 2005 3488 2076 14)
3516 2023 3530 2059 :

1939 2095 2164 2149 Perdant
2191 2095 2494 2164 sapientiam
2521 2096 2845 2165 sapientium,
2879 2105 2924 2149 et
2955 2097 3276 2165 prudentiam
3303 2098 3532 2167 pruden-

1939 2189 2064 2241 tium
2093 2189 2283 2243 celabo.
2315 2189 2463 2243 Sicut
2497 2197 2552 2242 ct
2581 2188 2704 2242 alibi
2748 2186 2870 2259 (Is.,
2903 2187 3063 2255 XLV,
3092 2187 3148 2261 ὅ)
3177 2199 3282 2243 tam
3310 2190 3535 2244 abscon-

1939 2280 2104 2346 disse,
2135 2297 2293 2350 quam
2342 2281 2632 2336 revelatum
2680 2296 2800 2336 eSse
2839 2281 3135 2351 signiﬁcat:
3172 2282 3238 2336 lit
3277 2283 3407 2337 dabo
3431 2283 3534 2338 illis

1941 2373 2205 2426 thesauros
2273 2374 2627 2440 absconditos,
2679 2373 2954 2428 invisibiles
3002 2376 3230 2444 aperiam
3284 2376 3406 2429 illis.
3468 2376 3536 2430 Et

1941 2483 2126 2521 rursus
2165 2465 2287 2535 (Is.,
2322 2466 2506 2533 XLIV,
2535 2465 2631 2532 20)
2671 2467 2835 2535 :Quis
2873 2468 3008 2522 alius
3035 2468 3252 2538 disjiciet
3283 2467 3361 2540 (a)
3385 2470 3534 2540 signa

1940 2560 2389 2626 ventriloquorum,
2437 2569 2483 2614 et
2524 2561 2856 2614 diuinationes
2882 2576 2943 2615 ea:
2993 2563 3178 2626 corde;
3220 2572 3450 2618 avertens
3479 2565 3533 2618 in

1940 2653 2217 2723 posteriora
2258 2654 2530 2721 sapientes,
2564 2663 2608 2706 et
2649 2653 2976 2723 cogitationes
3012 2670 3188 2708 eorum
3234 2654 3536 2724 infatuans.’

1940 2744 1997 2800 Si
2031 2755 2208 2799 autem
2249 2756 2299 2800 et
2328 2744 2597 2798 Christum
2628 2759 2781 2799 suum
2814 2745 3230 2802 illuminatorem
3260 2747 3533 2801 nationum

1941 2839 2237 2910 designavit
2261 2837 2386 2911 (Is.,
2411 2838 2570 2903 XLII,
2599 2837 2654 2910 6)
2678 2857 2689 2891 :
2721 2837 2902 2893 Posuit
2929 2849 2974 2895 te
2993 2843 3044 2894 in
3063 2839 3226 2894 lucem
3248 2842 3534 2906 nationum;

1941 2949 2075 3004 quas
2127 2933 2548 3004 interpretamur
2599 2932 2652 2986 in
2703 2933 2920 2986 nomine
2974 2933 3339 3001 parvulorum,
3371 2949 3536 2990 sensu

1941 3030 2144 3084 scilicet
2173 3039 2321 3084 retro
2362 3043 2572 3098 parvas.
2617 3037 2672 3082 et
2721 3025 3076 3096 imprudentia
3119 3026 3376 3091 infantes;
3421 3027 3534 3095 jam

1943 3136 2074 3176 vero
2103 3130 2158 3176 et
2184 3120 2481 3175 humilitate
2511 3120 2630 3174 ﬁdei
2662 3119 2919 3190 pusillas:
2961 3119 3168 3174 facilius
3206 3121 3388 3190 utique
3411 3135 3533 3175 crc-

1943 3214 2132 3270 dcmus
2153 3213 2398 3268 eumdem
2417 3214 2575 3267 etiam
2599 3212 2831 3282 parvulis
2849 3211 3115 3267 revelasse
3134 3225 3226 3280 per
3238 3211 3534 3282 Christum,

1863 3305 1909 3369 C
1942 3306 2031 3376 qui
2081 3315 2135 3360 et
2179 3315 2325 3360 retro
2370 3303 2734 3370 absconderit,
2765 3313 2818 3358 et
2869 3318 2964 3373 per
3009 3302 3280 3357 Christum
3331 3304 3538 3359 revela-

1941 3413 1970 3452 a
2001 3397 2260 3453 Creatore
2298 3396 2608 3451 abscomlita
2648 3395 3022 3459 reti-afuerant,
3080 3393 3357 3464 patefecit;
3406 3411 3535 3466 ergo

1939 3491 2047 3562 jam
2071 3490 2310 3545 Creatori
2337 3488 2601 3560 negmiutn
2623 3487 2805 3557 gessit,
2830 3502 2916 3542 res
2936 3488 3052 3557 ejus
3076 3487 3400 3543 edisscrcns.
3430 3489 3536 3547 Sed

1944 3587 1996 3641 in
2027 3586 2464 3648 destructionem,
2491 3582 2682 3651 inquis,
2723 3584 2797 3638 uti
2833 3583 3132 3638 traduceret
3155 3597 3246 3638 eas
3272 3605 3285 3639 :
3315 3599 3442 3653 ergo
3468 3583 3538 3641 il-

1944 3681 2007 3735 lis
2055 3679 2355 3735 traduxisse
2399 3678 2673 3743 debuerat,
2707 3679 2898 3747 quibus
2925 3679 3149 3734 Creator
3178 3679 3532 3748 abscondidit,

1947 3772 2144 3825 tionem
2175 3770 2562 3840 repromiserit.
2592 3769 2700 3824 Aut
2723 3769 2769 3824 si
2801 3769 2940 3824 Deus
2969 3770 3270 3833 Marcionis.
3312 3787 3374 3828 ea
3418 3787 3538 3842 quas

1945 3863 2280 3932 sapientibus
2345 3871 2402 3916 et
2469 3860 2839 3930 prudentibus.
2893 3861 2950 3917 Si
3013 3863 3154 3918 enim
3213 3863 3539 3934 benignitate

1946 3957 2204 4020 faciebat,
2255 3955 2360 4010 illis
2401 3963 2516 4011 erat
2559 3955 2760 4026 agnitio
2803 3956 3123 4026 praestanda,
3171 3957 3362 4027 quibus
3420 3959 3536 4013 fuc-

1947 4061 2030 4105 rat
2100 4060 2318 4120 negata;
2378 4063 2482 4103 non
2541 4047 2808 4117 parvulis,
2858 4050 3048 4119 quibus
3123 4047 3251 4104 nihil
3313 4049 3540 4108 Creator

1948 4142 2229 4198 inviderat.
2283 4141 2347 4196 Et
2378 4152 2556 4196 tamen
2587 4155 2755 4210 usque
2799 4141 2996 4208 adhuc,
3048 4151 3193 4213 puto,
3248 4144 3539 4213 probamus

1947 4236 2336 4290 extructionem
2367 4235 2546 4305 potius
2574 4232 2729 4303 chis
2771 4241 2827 4287 et
2872 4232 3263 4302 Prophetarum
3311 4236 3540 4292 inveniri

1948 4330 2000 4385 in
2060 4326 2311 4396 Christo,
2377 4343 2535 4399 quam
2588 4326 3030 4381 destructionem.
3077 4326 3151 4397 (ὁ)
3209 4325 3396 4382 Omnia
3445 4329 3542 4384 sibi

1950 4423 2137 4477 tradita
2203 4421 2332 4477 dicit
2403 4438 2436 4476 a
2504 4419 2682 4474 Patre.
2744 4419 2942 4476 Credas
3010 4419 3054 4475 si
3121 4420 3393 4476 Creatoris
3456 4431 3544 4478 est

1947 4518 2210 4580 Christus,
2250 4516 2400 4587 cujus
2444 4515 2658 4578 omnia;
2691 4513 2780 4584 qui
2822 4527 2929 4568 non
2977 4513 3169 4568 minori
3217 4528 3278 4570 se
3325 4512 3543 4571 tradidit

1949 4612 2129 4666 omnia
2155 4611 2294 4666 Filio
2323 4611 2560 4674 Creator,
2593 4623 2713 4678 quae
2738 4623 2830 4672 per
2860 4622 2980 4662 eum
3010 4606 3269 4675 condidit,
3305 4623 3398 4678 per
3424 4623 3542 4665 ser.

247 4700 612 4774 gnoscendum
641 4715 747 4755 non
775 4699 1060 4756 sulfecerat
1085 4702 1345 4771 sapientia
1373 4713 1533 4775 atque
1561 4706 1839 4776 prudentia
1865 4704 1921 4766 D
1948 4719 2161 4762 monem
2211 4718 2365 4758 suum
2413 4701 2638 4756 scilicet.
2682 4701 2969 4765 Creterum,
3022 4699 3069 4756 si
3116 4701 3543 4771 eperchomenos

249 4795 483 4860 illorum,
528 4793 670 4849 nulla
700 4793 782 4847 via
811 4792 933 4848 data
978 4793 1046 4847 ah
1077 4793 1192 4864 ipso
1219 4810 1312 4866 per
1351 4795 1582 4867 aliquam
1617 4813 1842 4869 opermn

247 4887 705 4960 praedicationem;
733 4886 814 4941 vel
845 4886 1086 4959 vestigia,
1122 4903 1215 4957 per
1243 4903 1363 4958 qua:
1387 4891 1658 4961 sapientes
1684 4903 1844 4963 atque

247 4979 541 5050 prudentes
580 4979 996 5038 deducerentur.
1052 4982 1365 5053 Quanquam
1397 4993 1451 5038 et
1490 4983 1535 5038 si
1581 4984 1631 5038 in
1664 4985 1843 5056 aliquo

1949 4801 2252 4870 ὶπερχόμενος
2310 4795 2416 4861 ille,
2464 4809 2585 4864 quae
2635 4801 2758 4848 sunt
2800 4792 2978 4848 omnia
3027 4809 3146 4863 quas
3191 4795 3265 4850 illi
3314 4810 3344 4849 a
3385 4795 3543 4852 Patre
3613 4823 3617 4828 ε

1947 4901 2071 4948 sunt
2113 4888 2342 4945 tradita?
2371 4903 2489 4958 qua:
2538 4895 2662 4942 sunt
2705 4885 3010 4941 Creatoris?
3055 4887 3197 4958 Ergo
3236 4887 3374 4944 bona
3419 4897 3546 4944 sunt

1946 5001 2065 5056 quae
2115 4983 2272 5038 Pater
2329 4980 2465 5035 Filio
2515 4979 2762 5045 tradidit;
2809 4988 2864 5035 et
2909 4978 3081 5036 bonus
3122 4977 3233 5049 jam
3293 4977 3536 5049 Creator,

1477 5076 1857 5144 LECTIONES
1897 5077 2303 5144 VARIANTES.

339 5163 388 5216 ll
426 5163 829 5216 Eminentissime
853 5165 994 5213 Pam.

339 5166 355 5214 l
426 5166 829 5216 Eminentissime
853 5166 994 5213 Pam.

311 5166 389 5293 is}
429 5227 804 5278 Evacuationem
826 5229 970 5277 Pam.
999 5231 1333 5278 evocationem
1356 5228 1519 5284 Paris.

2013 5175 2087 5240 (5)
2123 5171 2264 5222 Nunc
2284 5162 2434 5220 Seml.

1599 5315 2158 5375 COMMENTARIUS.

250 5400 467 5468 amabo,
515 5401 770 5472 quibusvis
807 5401 1084 5456 interdictis
1131 5402 1485 5474 defendamus.
1516 5406 1845 5466 Justinianus

252 5485 435 5530 tamen
485 5477 646 5547 A_ug._
681 5474 880 5528 dietum
929 5488 1052 5529 esse
1099 5475 1241 5539 vult,
1310 5479 1459 5547 quasi
1525 5480 1658 5532 inter
1715 5484 1845 5536 duos

252 5549 469 5601 dictum.
511 5543 588 5598 LE
621 5545 712 5598 Pa.

323 5616 478 5671 CAP.
495 5613 818 5686 XXV.—(a)
835 5615 998 5685 Signa
1023 5617 1646 5686 ventri/aquorumNertit
1661 5633 1847 5678 auctor

250 5705 316 5744 cx
345 5702 523 5758 graeco
545 5693 940 5758 ἐγγαστριμύθων,
973 5686 1128 5756 idque
1163 5705 1266 5742 non
1288 5689 1373 5743 hic
1408 5692 1586 5755 modo,
1605 5693 1699 5748 sed
1729 5696 1846 5748 ubi-

252 5775 486 5832 cumque
639 5760 993 5832 Ilieronyntus
1039 5762 1195 5813 vertit
1225 5759 1516 5830 Pyt/iones,
1545 5765 1614 5816 ita
1637 5765 1842 5832 dictos,

247 5826 616 5901 juxtaVCytilli
655 5841 707 5882 et
759 5826 930 5884 lsichii
961 5830 1148 5902 Ionica,
1177 5826 1317 5899 quod
1342 5834 1601 5902 [ingerent
1626 5850 1683 5891 se
1711 5826 1848 5890 Deos

253 5899 555 5957 habere’in
585 5909 770 5955 ventre
815 5911 974 5972 atque
1008 5899 1129 5957 ideo
1154 5918 1220 5958 ex
1266 5899 1452 5959 ventre
1479 5905 1844 5976 loquerentur,

1950 5427 2056 5479 quo
2083 5408 2138 5462 fit
2170 5417 2226 5461 ut
2253 5403 2503 5459 mulieres
2533 5401 2834 5473 pythonicre
2859 5401 3247 5473 frequentiores
3269 5405 3398 5464 viris
3427 5408 3545 5465 fue-

1954 5486 2075 5536 rint.
2113 5481 2244 5536 νΑιι.

2026 5551 2104 5623 (h)
2141 5550 2324 5605 Omnia
2353 5548 2454 5623 sibi
2470 5548 2662 5623 tradita
2693 5545 2814 5623 dicit
2860 5563 2890 5598 a
2922 5545 3324 5623 Patre._Pergit_
3350 5551 3544 5608 iterum

1951 5624 2002 5678 in
2037 5619 2212 5677 verbis
2241 5621 2581 5688 cvangelieis.
2622 5619 2777 5687 Atqui
2807 5629 2989 5671 contra
3041 5620 3252 5674 at'ianos
3301 5621 3446 5688 facit,
3490 5633 3544 5679 et

1951 5695 2208 5764 quosdam
2261 5693 2633 5764 arianizsntes
2670 5689 2988 5764 hodiernos,
3041 5689 3399 5764 quodmaddit
3456 5693 3544 5749 hic

1950 5761 2157 5830 auctor,
2180 5764 2296 5835 quia
2322 5780 2422 5816 non
2455 5762 2634 5816 ntinori
2656 5776 2709 5835 se
2733 5761 2940 5835 trmlidit
2962 5765 3131 5835 omnia
3153 5761 3292 5816 Filio
3310 5761 3539 5818 Creator.

1951 5836 2154 5891 Eodem
2194 5833 2364 5890 modo
2439 5835 2599 5888 etiam
2652 5833 2817 5904 iswui
2875 5833 3048 5886 locum
3120 5833 3544 5904 interpretantur

1951 5908 2055 5962 BB.
2088 5907 2319 5961 Hilarius
2344 5915 2398 5960 et
2425 5905 2749 5974 Augustinus
2773 5903 2988 5959 alicubi.
3020 5905 3157 5958 Pu.
