4268 6492
715 375 821 434 423

2117 373 2581 432 τειιτυιιιΑΝι

3911 386 4019 444 424

703 495 864 565 cujus
913 493 1092 550 omnia
1145 492 1282 551 bona
1340 502 1496 561 sunt;
1547 503 1600 550 et
1645 491 1733 549 ille
1775 492 1886 565 jam
1939 505 2044 547 non
2098 491 2300 553 bonus.
2331 493 2384 552 Α
2411 492 2604 548 merito
2630 493 2828 552 vidisse
2858 511 2962 554 non
2997 505 3275 567 poterant,
3310 496 3354 553 si
3386 513 3490 554 non
3539 509 3694 554 erant
3733 503 4013 556 consecuti

701 587 790 659 qui
817 587 868 642 in
895 585 1066 642 aliena
1095 586 1230 642 bona
1260 587 1487 654 invasit,
1533 586 1592 640 ut
1629 585 1766 641 Filio
1804 583 2071 648 traderet,
2104 583 2305 637 docens

700 678 877 734 alieno
897 678 1186 734 abstinere.
1215 676 1375 735 Certe
1404 678 1838 734 mendicissimus
1857 718 1872 743 ,
1895 677 1983 748 qui
2011 690 2109 731 nec
2138 675 2304 729 lilium

703 769 843 826 unde
871 770 1065 826 ditaret
1089 769 1273 827 habuit
1297 812 1312 839 ,
1357 771 1457 825 nisi
1487 770 1554 825 de
1584 770 1784 826 alieno.
1816 772 1921 824 Aut
1965 769 2009 824 si
2057 767 2190 822 nihil
2239 767 2308 821 de

703 862 973 920 Creatoris
1003 864 1253 920 traditum
1279 875 1358 921 est
1390 865 1440 920 ei
1465 880 1495 920 a
1526 864 1682 919 Patre
1703 905 1716 929 ,
1749 873 1804 919 et
1831 861 2103 933 quomodo
2133 859 2309 915 homi-

703 972 826 1013 nem
866 957 1140 1014 Creatoris
1182 958 1283 1013 sibi
1323 957 1597 1012 vindieat?
1639 960 1742 1012 Aut
1783 956 1828 1012 si
1872 956 2016 1010 solus
2059 954 2220 1009 homo
2260 953 2310 1008 ei

703 1050 928 1106 traditus
956 1060 1078 1117 est;
1112 1051 1291 1106 omnia
1328 1049 1487 1104 homo
1520 1066 1624 1105 non
1670 1060 1773 1106 est.
1811 1047 2089 1119 Scriptura
2130 1056 2308 1100 autem

702 1142 942 1198 omnium
961 1141 1124 1197 edicit
1152 1140 1491 1197 traditionem
1520 1140 1655 1197 Filio
1675 1140 1892 1195 factam.
1921 1138 2036 1194 Sed
2064 1137 2164 1194 etsi
2196 1154 2306 1192 om-

705 1235 792 1288 nia
822 1234 888 1289 ad
919 1233 1193 1288 hominum
1225 1249 1419 1305 genera
1449 1275 1464 1299 ,
1493 1232 1542 1289 id
1568 1243 1652 1290 est
1677 1276 1690 1296 ,
1722 1232 1786 1288 ad
1833 1248 2020 1287 omnes
2067 1233 2312 1286 nationes

707 1326 1149 1396 interpretaberis
1173 1366 1187 1392 ,
1218 1335 1272 1381 ct
1302 1325 1396 1379 has
1425 1325 1562 1381 Filio
1595 1325 1878 1380 tradidisse
1900 1323 2170 1380 Creatoris
2195 1331 2310 1378 est:

709 1417 827 1492 (Ps.
863 1419 926 1485 ll,
957 1419 1015 1490 8)
1043 1418 1190 1474 Dabo
1219 1419 1305 1473 tibi
1341 1429 1507 1490 gentes
1537 1418 1886 1473 haereditate»:
1917 1428 2089 1482 tuam,
2121 1425 2168 1469 et
2189 1431 2312 1485 pos-

705 1513 977 1568 sessionem
999 1522 1137 1566 tuam
1166 1512 1405 1567 terminos
1431 1522 1593 1566 terrw.
1631 1514 1736 1566 Aut
1757 1513 1799 1565 si
1829 1511 1981 1565 habet
2013 1520 2064 1564 et
2092 1510 2204 1578 ipse
2227 1508 2316 1562 ali-

708 1621 808 1677 qua
836 1621 929 1660 sua
959 1646 975 1671 ,
1023 1620 1142 1675 qua:
1169 1604 1346 1659 omnia
1381 1604 1514 1657 Eilio
1541 1604 1776 1657 traderet
1800 1643 1813 1664 .
1849 1605 2050 1672 pariter
2069 1616 2191 1656 eum
2219 1600 2314 1653 ho-

711 1698 856 1752 mine
884 1696 1160 1752 Creatoris
1184 1737 1199 1762 ,
1229 1695 1456 1751 ostende
1486 1710 1648 1749 unum
1678 1695 1892 1764 aliquod
1921 1692 1999 1763 (l)
2028 1709 2091 1746 ex
2138 1692 2314 1745 ttllllll-

709 1790 847 1855 bus,
883 1791 934 1844 in
982 1789 1141 1844 [idem
1171 1829 1186 1852 ,
1237 1789 1288 1843 in
1338 1790 1681 1859 exemplum;
1730 1801 1796 1841 ne
1826 1795 1930 1840 tam
1972 1785 2161 1839 merito
2209 1798 2314 1838 non

2410 591 2942 655 representationctn
2969 606 3155 647 eorum
3185 608 3304 663 qua!
3333 609 3602 663 nunquam
3638 595 4018 663 przcdicarant.

2410 680 2511 733 ιιίέί
2539 682 2790 750 quoniam
2815 682 2894 755 (ὃ)
2924 693 3171 754 poterant
3193 685 3391 742 vidisse
3418 726 3432 746 .
3465 687 3554 756 qui
3585 686 3664 754 (0)
3692 688 3781 742 Dei
3815 689 3895 741 sui
3931 703 4022 740 res

2409 785 2542 840 quas
2561 774 2721 828 etiam
2752 776 3170 844 pra-dicaverant
3191 819 3204 842 ,
3236 793 3341 832 nou
3379 789 3557 834 tamen
3587 780 4022 837 viderantiﬂaec

2411 875 2588 920 autem
2622 864 2851 922 felicitas
2879 871 2977 923 erit
3020 870 3280 936 aliorum,
3311 873 3400 942 qui
3437 871 3724 936 videbant,
3773 890 3890 942 qttzl‘.
3929 875 4024 927 alii

2415 963 2618 1011 tantmn
2649 959 3091 1028 przedieaverant.
3138 961 3375 1031 Denique
3416 964 3764 1018 ostendemus
3787 1007 3801 1030 ,
3831 974 3884 1020 et
3909 965 4024 1034 jam

2413 1049 2749 1105 ostendimus
2772 1091 2787 1116 ,
2824 1066 2887 1106 ea
2916 1053 3028 1107 visa
3054 1054 3104 1106 in
3127 1051 3342 1108 Christo
3367 1096 3380 1120 ,
3425 1069 3546 1125 qum
3586 1055 3794 1109 fuerant
3827 1056 4030 1125 przedi—

2413 1149 2530 1195 cata
2556 1157 2571 1205 ;
2601 1140 2912 1198 abscondita
2940 1155 3116 1199 tamen
3143 1147 3284 1200 etab
3308 1145 3438 1216 ipsis
3461 1149 3734 1216 prOphetis
3758 1189 3773 1214 ,
3803 1158 3860 1201 ut
3902 1148 4030 1200 ahs-

2420 1238 2781 1291 condercutur
2807 1245 2862 1292 et
2884 1252 2916 1292 a
2941 1239 3270 1307 sapientibus
3295 1248 3350 1294 et
3377 1254 3406 1292 a
3438 1240 3786 1308 prudentilms
3813 1241 4025 1294 samuli.

2424 1327 2479 1382 lu
2507 1327 2794 1398 Evangelio
2819 1330 3059 1385 veritatis
3083 1373 3096 1396 ,
3128 1331 3262 1401 legis
3285 1331 3474 1386 doctor
3501 1333 3780 1386 Dominum
3809 1347 4031 1402 aegros-

2416 1434 2548 1476 sus;
2579 1421 2718 1489 Quid
2744 1424 2971 1492 faciens,
3009 1426 3214 1494 inquit,
3250 1426 3402 1478 vitam
3434 1435 3672 1479 attentam
3700 1443 3983 1497 consequar
4003 1429 4030 1482 Ρ

2417 1513 2474 1570 1η
2507 1515 2760 1571 haeretica
2790 1517 2895 1571 vita
2924 1517 3262 1574 soluunnodo
3295 1519 3462 1588 posita
3492 1528 3576 1573 est
3600 1561 3613 1581 ,
3639 1521 3754 1575 sine
3797 1533 4021 1576 aeterne

2419 1609 2692 1663 tucntione
2716 1651 2732 1674 ,
2763 1618 2815 1661 ιιι
2841 1607 3029 1663 doctor
3055 1609 3122 1664 de
3148 1625 3209 1664 ea
3239 1611 3345 1664 vita
3382 1611 3626 1665 videatur
3661 1612 4025 1676 consuluisse,

2419 1717 2538 1772 quze
2569 1702 2619 1756 in
2653 1702 2767 1771 lege
2800 1704 3121 1772 promittitur
3148 1720 3176 1756 a
3225 1702 3478 1759 Creatore
3523 1705 3758 1772 longaeva
3816 1707 3931 1774 (7);
3972 1716 4031 1761 et

2423 1794 2680 1849 Dominus
2707 1795 2828 1850 ideo
2855 1795 2932 1850 illi
2958 1795 3252 1851 secundum
3285 1796 3455 1868 legem
3488 1813 3804 1867 responsum
3836 1799 4028 1852 dedis-

709 1881 924 1938 credam
952 1881 1074 1952 ejus
1093 1895 1214 1937 esse
1245 1880 1421 1935 omnia
1451 1880 1602 1948 cujus
1625 1878 1756 1934 nihil
1789 1877 1945 1932 video
1973 1917 1987 1942 ,
2015 1893 2170 1947 quam
2193 1891 2307 1930 me-

2426 1905 2475 1945 se
2502 1890 2608 1960 (8):
2637 1889 2832 1960 Diliges
2858 1887 3136 1944 Dominum
3169 1888 3334 1944 Deum
3363 1899 3503 1944 tuum
3522 1908 3587 1945 ea:
3608 1902 3709 1946 toto
3733 1894 3888 1946 corde
3916 1904 4026 1958 tua,

646 2029 648 2034 .
711 1977 814 2032 rito
843 1974 1058 2032 credam
1084 2015 1099 2039 ,
1130 1976 1288 2030 etiam
1318 1989 1439 2044 qua:
1466 1990 1570 2028 non
1605 1972 1762 2026 video
1807 1972 1926 2040 ejus
1957 1986 2075 2025 esse
2099 2012 2115 2036 ,
2162 1970 2317 2036 cujus

711 2078 835 2124 sunt
860 2069 1107 2122 universa
1135 2083 1252 2137 qua:
1289 2065 1466 2120 video.
1498 2063 1603 2119 Sed
1639 2062 1816 2135 (Matt.
1850 2062 1914 2117 XI
1936 2104 1949 2126 ,
1980 2062 2072 2131 27)
2104 2080 2117 2115 :
2153 2060 2316 2114 Nemo

711 2162 804 2216 scit
817 2161 903 2231 qui
930 2161 994 2215 sit
1017 2158 1165 2214 Pater
1206 2159 1305 2212 nisi
1331 2156 1375 2211 Ρ
1379 2158 1522 2220 ilius;
1545 2168 1590 2210 et
1615 2157 1780 2226 quisit
1810 2153 1997 2218 Filius,
2022 2156 2117 2209 nisi
2143 2153 2315 2218 Pater,

713 2264 759 2308 et
797 2255 1091 2322 cuicumque
1123 2251 1292 2306 Filius
1321 2251 1613 2304 revelavcrit
1641 2249 1741 2321 (‘2).
1776 2249 1950 2320 Atque
1977 2248 2047 2302 ita
2075 2245 2320 2302 Christus

713 2346 950 2414 ignotum
986 2347 1148 2400 Deum
1177 2343 1402 2414 praedico
1422 2342 1515 2397 vit.
1554 2341 1629 2413 (υ)
1666 2343 1800 2396 llinc
1829 2342 1971 2396 enim
2011 2350 2066 2396 et
2091 2341 2180 2396 alii
2211 2340 2319 2396 ba:-

715 2440 865 2495 retiei
894 2438 1180 2493 fulciuntur
1204 2479 1218 2503 ,
1253 2446 1588 2508 opponentes
1615 2433 1922 2489 Creatorem
1953 2434 2204 2488 omnibus
2224 2447 2318 2489 no-

715 2541 826 2588 tum
851 2574 865 2598 ,
896 2541 949 2587 et
978 2530 1159 2586 lsraeli
1185 2569 1203 2598 ,
1233 2530 1526 2585 secundum
1571 2527 1990 2582 familiaritatem
2018 2568 2032 2592 ,
2062 2537 2116 2582 et
2144 2527 2319 2581 natio-

715 2623 871 2678 nibus
901 2621 1203 2677 secundum
1240 2630 1508 2675 naturam.
1539 2619 1606 2674 Et
1634 2617 1905 2689 quomodo
1952 2619 2066 2688 ipse
2097 2627 2322 2673 testatur

717 2731 816 2772 nec
844 2716 1023 2772 Israeli
1053 2715 1324 2786 cognitum
1366 2729 1425 2770 se
1467 2712 1569 2784 (Is.
1611 2711 1652 2780 Ι,
1687 2711 1741 2784 5)
1777 2729 1790 2766 :
1825 2711 1991 2767 Israel
2029 2723 2199 2766 autem
2245 2727 2324 2766 me

716 2823 818 2862 non
840 2807 1076 2879 cognorit
1100 2848 1115 2872 ,
1147 2817 1192 2861 et
1221 2807 1440 2877 populus
1472 2822 1552 2860 me
1579 2821 1679 2858 non
1710 2803 2000 2858 intellexit?
2029 2817 2126 2858 nec
2153 2803 2323 2857 natio-

717 2900 872 2955 nibus
901 2897 998 2971 (Is.
1028 2897 1190 2966 LXV,
1219 2899 1311 2969 5):
1343 2897 1472 2953 Ecce
1500 2897 1633 2950 enim
1663 2911 1755 2949 nec
1793 2896 1856 2949 de
1881 2894 2197 2961 nationibus,
2244 2892 2326 2947 iu-

717 2994 870 3065 quit,
905 3009 1051 3047 nemo
1073 2994 1098 3046 ?
1125 2993 1351 3061 Propter
1381 2991 1523 3062 quod
1555 2999 1611 3045 et
1641 2988 1764 3044 illas
1786 2989 2119 3044 stillicidium
2150 2987 2324 3042 situla:

717 3086 1041 3158 deputavit,
1092 3094 1148 3141 et
1192 3086 1414 3139 Sionem
1452 3093 1700 3153 tanquam
1752 3081 2025 3152 speculam
2073 3083 2125 3136 in
2169 3082 2323 3136 vinea

717 3177 1005 3250 dereliquit
1035 3177 1129 3246 (Is.
1163 3176 1354 3242 LVXI,
1387 3176 1477 3245 i5)
1512 3193 1524 3229 :
1563 3173 1692 3231 Vide
1727 3191 1858 3247 ergo
1887 3192 1953 3231 an
1988 3177 2325 3231 euntirtnatio

2421 1993 2466 2036 et
2498 1999 2560 2036 ea:
2599 1991 2704 2036 tota
2729 1987 2902 2036 anima
2945 1992 3067 2049 tua,
3125 1992 3173 2035 et
3233 1983 3348 2036 totis
3378 1983 3563 2037 viribus
3593 1986 3731 2048 tuis;
3770 1986 4030 2055 quoniam

2420 2075 2488 2128 de
2520 2075 2634 2145 lege
2671 2073 2794 2128 vita
2831 2075 3218 2130 sciscitabatur.
3270 2076 3375 2131 Sed
3420 2077 3620 2130 sciebat
3663 2079 3848 2148 utique
3894 2079 4032 2147 legis

2421 2165 2610 2222 doctor
2629 2210 2644 2234 ,
2674 2183 2782 2238 quo
2810 2178 2966 2236 pacto
3001 2170 3162 2223 vitam
3191 2167 3415 2238 legalem
3439 2172 3692 2240 consequi
3727 2186 3943 2240 posset,
3973 2180 4034 2226 ut

2424 2275 2530 2313 non
2556 2260 2623 2314 de
2646 2276 2707 2314 ea
2732 2261 3152 2330 interrogasset,
3173 2261 3327 2328 cujus
3351 2261 3563 2331 regulas
3586 2263 3746 2315 etiam
3774 2262 4028 2316 docebat.

2421 2351 2529 2407 Sed
2559 2352 2680 2422 quia
2707 2363 2763 2406 et
2793 2352 2986 2407 mortui
3011 2352 3120 2422 jam
3153 2354 3556 2408 suseitabantur
3587 2370 3616 2407 a
3648 2354 3864 2408 Christo
3885 2399 3897 2417 ,
3926 2370 4033 2410 ex-

2423 2443 2712 2500 suscitatns
2739 2445 2804 2498 ad
2840 2459 2991 2512 spem
3024 2455 3241 2500 aeternae
3271 2445 3389 2499 vita:
3425 2461 3522 2514 per
3556 2445 3799 2515 exempla
3833 2447 4035 2500 recidi-

2424 2552 2505 2591 va:
2524 2579 2540 2604 ,
2573 2553 2641 2592 ne
2670 2539 2790 2609 plus
2818 2537 3016 2609 aliquid
3045 2538 3440 2594 observationis
3468 2541 3705 2610 exigeret
3745 2540 4035 2594 sublimior

2425 2644 2550 2700 spes
2582 2630 2658 2701 (9)
2682 2672 2696 2696 ,
2729 2630 2929 2685 ideirco
2959 2631 3227 2684 mnsulttit
3264 2630 3331 2684 de
3361 2641 3578 2686 aeterna.-
3605 2633 3727 2686 vitte
3766 2647 4035 2687 consecu-

2427 2723 2592 2776 tione.
2625 2721 2803 2790 Itaque
2834 2721 3092 2775 Dominus
3130 2733 3187 2775 ut
3233 2737 3331 2777 nec
3372 2724 3485 2792 ipse
3523 2723 3690 2786 alius.
3736 2739 3838 2778 nec
3881 2725 4034 2777 aliud

2428 2826 2624 2866 novum
2651 2810 2887 2867 inferens
2912 2822 3236 2882 praeceptum
3261 2855 3274 2877 ,
3299 2831 3457 2884 quam
3489 2816 3630 2885 quod
3663 2817 4036 2886 principaliter

2427 2902 2492 2957 ad
2519 2917 2733 2956 omnem
2765 2904 3026 2967 salutem,
3059 2918 3112 2959 et
3159 2913 3440 2974 utramque
3466 2906 3628 2960 vitam
3662 2909 3786 2962 facit
3809 2951 3823 2975 ,
3855 2911 4034 2980 ipsmn

2426 3005 2588 3067 caput
2613 2998 2660 3052 ei
2686 2998 2818 3068 legis
2837 3000 3061 3067 oppoait
3087 3000 3422 3057 omnifariam
3450 3000 3704 3072 diligendi
3741 3003 4034 3058 Dominum

2431 3089 2594 3144 Deum
2635 3103 2813 3143 suum.
2843 3089 3082 3159 Denique
3103 3132 3116 3153 ,
3147 3091 3192 3144 si
3218 3091 3285 3143 de
3313 3091 3419 3146 vita
3451 3092 3685 3162 l0ugawa
3710 3105 3763 3148 et
3793 3094 3888 3148 ille
3910 3111 4039 3149 eou-

2429 3181 2589 3235 suluit
2611 3221 2626 3244 ,
2657 3190 2712 3235 et
2737 3179 2981 3234 Christus
3021 3181 3332 3249 respondit,
3364 3197 3483 3251 qua:
3511 3184 3578 3236 sit
3610 3200 3772 3252 penes
3803 3185 4038 3239 Creato-

719 3276 790 3330 sit
843 3273 1170 3344 prophetica:
1230 3272 1378 3326 vocis
1398 3313 1413 3336 ,
1447 3269 1822 3340 exprobrantis
1869 3260 2220 3340 ignorantiam
2273 3269 2324 3322 in
2352 3279 2400 3343 ο
2433 3288 2544 3328 rem
2569 3288 2584 3337 ;
2614 3287 2717 3326 non
2745 3273 2814 3326 de
2844 3283 3042 3326 aeterna
3063 3313 3077 3334 ,
3105 3289 3224 3341 qum
3246 3277 3316 3327 sit
3343 3289 3506 3342 penes
3532 3274 3814 3329 Marcionis
3838 3280 4038 3344 Deum,

722 3368 889 3422 Deum
919 3366 1203 3420 humanam
1232 3404 1246 3429 ,
1280 3378 1399 3433 qua:
1428 3363 1588 3417 fuerit
1625 3361 1691 3416 ad
1718 3361 1908 3416 Filium
1957 3375 2148 3431 usque.
2192 3359 2324 3415 Nam

721 3467 778 3515 et
806 3457 929 3513 ideo
959 3456 1261 3521 subtexuit,
1295 3456 1364 3510 ab
1393 3469 1460 3510 eo
1489 3454 2000 3526 cognoseil'atrem,
2030 3455 2114 3508 cui
2159 3453 2327 3508 Filius

721 3556 1043 3613 revelaverit
1071 3552 1172 3624 (Is.
1197 3551 1362 3624 XLII)
1389 3569 1400 3606 :
1428 3553 1677 3622 quoniam
1703 3552 1816 3620 ipse
1839 3560 1983 3616 erat,
2015 3550 2104 3620 qui
2135 3551 2327 3618 positus

723 3666 752 3705 τι
787 3651 942 3706 Patre
982 3648 1291 3703 illtttninatio
1343 3644 1626 3700 Nationum
1663 3645 2112 3710 annuntiabatnr,
2146 3643 2328 3713 utique

727 3746 838 3800 Deo
864 3743 1332 3799 illuminandarum
1372 3741 1533 3796 etiam
1565 3739 1778 3795 lsraelis
1798 3781 1812 3803 ,
1842 3738 2028 3807 utique
2060 3753 2153 3807 per
2181 3738 2329 3808 agni-

726 3841 925 3892 tionem
953 3835 1043 3890 Dci
1088 3834 1407 3903 pleniorem.
1450 3831 1526 3886 Ita
1561 3847 1666 3885 non
1704 3829 1988 3901 proﬁcient
2017 3839 2330 3900 argumenta

726 3931 782 3987 in
825 3929 983 3984 iidem
1018 3927 1111 3983 Dei
1143 3924 1401 3991 alterius,
1446 3939 1564 3994 qua:
1593 3922 1833 3978 Creatori
1872 3933 2181 3992 competere
2205 3937 2330 3993 pos-

728 4033 853 4079 sunt
879 4040 892 4090 ;
917 4021 1040 4093 quia
1071 4035 1191 4090 quae
1223 4033 1327 4072 non
1350 4024 1658 4088 competent
1680 4014 1760 4086 (5)
1783 4013 2022 4070 Creatori
2049 4056 2064 4080 ,
2097 4013 2212 4069 lucc
2241 4029 2334 4084 po-

729 4125 911 4172 terunt
939 4115 992 4170 in
1022 4113 1182 4169 ﬁdem
1214 4111 1476 4183 prolicere
1501 4110 1594 4165 Dei
1623 4108 1863 4163 alterius.
1887 4107 1941 4162 Si
1972 4116 2027 4163 et
2054 4109 2334 4179 sequentia

730 4206 986 4277 inspicias
1010 4221 1023 4260 :
1058 4203 1202 4258 Beati
1223 4201 1360 4256 oculi
1377 4202 1462 4271 qui
1492 4201 1660 4255 vident
1685 4214 1798 4270 qua:
1819 4199 1993 4252 uidetis
2017 4214 2034 4251 :
2062 4199 2176 4252 dico
2201 4199 2335 4253 enim

730 4299 867 4354 vobis
891 4339 906 4364 ,
933 4298 1055 4368 quia
1081 4295 1341 4366 prop/reue
1372 4309 1472 4348 non
1503 4293 1738 4347 uiderunt
1762 4307 1877 4360 qua:
1900 4307 1984 4345 vos
2015 4290 2094 4363 (4)
2121 4292 2334 4358 uidetis;

730 4391 801 4449 de
844 4391 1112 4462 superiori
1159 4403 1319 4444 sensu
1368 4385 1737 4450 descendunt;
1782 4384 1919 4441 adeo
1950 4388 2248 4449 neminem,
2279 4393 2339 4440 ut

732 4483 909 4540 decuit
928 4523 944 4548 ,
975 4481 1140 4537 Deum
1165 4479 1519 4551 cognovisse:
1550 4476 1766 4548 quando
1809 4491 1910 4533 nec
1955 4476 2228 4548 prophetat
2255 4477 2335 4532 vi-

732 4576 936 4632 dissent
965 4589 1084 4644 qua:
1103 4572 1203 4628 sub
1221 4570 1438 4626 Christo
1459 4569 1798 4624 videbantur.
1828 4567 1959 4622 Nam
1982 4567 2028 4622 si
2054 4583 2158 4624 non
2187 4583 2338 4624 meus

2431 3365 2702 3436 quomodo
2745 3366 3090 3432 consequitur
3117 3365 3414 3418 :cternam?
3443 3365 3557 3421 Non
3607 3367 3787 3436 utique
3840 3367 4038 3421 eodem

2433 3457 2593 3511 modo
2619 3471 2724 3526 quo
2750 3465 2804 3513 et
2833 3458 3149 3529 longaevam.
3183 3459 3286 3514 Pro
3310 3457 3612 3513 dill'ercntia
3644 3460 3786 3514 enim
3823 3475 4038 3515 merce-

2433 3550 2559 3606 dttnt
2585 3592 2600 3617 ,
2629 3566 2912 3621 operarum
2941 3568 3153 3623 quoque
3182 3552 3449 3607 credenda
3473 3553 3724 3606 distantia
3753 3563 3858 3608 est.
3893 3554 4044 3624 Ergo

2435 3659 2540 3697 non
2569 3659 2633 3699 es
2666 3632 2951 3698 dilectione
2977 3644 3066 3698 Dei
3096 3644 3170 3698 tui
3195 3655 3554 3714 consequetur
3579 3644 3743 3698 vitam
3770 3654 4043 3700 arternam

2435 3736 2771 3792 Marcionites
2796 3779 2810 3801 ,
2839 3739 2978 3793 sicut
3017 3738 3306 3808 longzevam
3339 3737 3566 3792 dilector
3602 3737 3895 3794 Creatoris.
3931 3739 4042 3794 Sed

2435 3829 2592 3900 quale
2619 3838 2702 3882 est
2726 3870 2741 3893 ,
2775 3838 2831 3882 ut
2859 3845 2965 3884 non
2994 3831 3162 3899 magis
3187 3829 3491 3901 diligendus
3519 3832 3620 3886 sit.
3656 3832 3744 3890 ιιιιί
3775 3845 4041 3887 :eternam

2439 3920 2755 3992 pollicetur,
2788 3923 2831 3976 si
2860 3921 3161 3993 diligendus
3185 3935 3267 3978 est
3306 3925 3396 3993 qui
3425 3924 3718 3995 lougtevam
3749 3929 4049 3996 repromit-

2439 4014 2542 4068 tit?
2572 4014 2712 4085 Ergo
2737 4014 2982 4085 ejusdem
3010 4016 3113 4070 crit
3135 4025 3360 4085 utraque
3384 4016 3524 4081 vita,
3567 4030 3689 4070 cum
3736 4015 3931 4072 eadem
3959 4027 4049 4073 est

2438 4107 2648 4176 utrique
2672 4107 2792 4160 vita:
2819 4106 3081 4176 captanda
3108 4106 3409 4175 disciplina.
3435 4106 3587 4174 Quod
3609 4105 3837 4164 Creator
3857 4109 4044 4167 docet.

2440 4198 2491 4254 id
2517 4209 2573 4253 et
2596 4197 2812 4253 Christo
2828 4211 2964 4267 Opus
2987 4206 3071 4252 est
3099 4197 3244 4269 diligi
3275 4196 3410 4268 (l0),
3448 4207 3505 4252 ut
3535 4209 3774 4268 praestet,
3804 4201 4039 4256 interve-

2440 4290 2622 4346 niente
2651 4299 2704 4344 et
2734 4288 2823 4344 hic
2864 4289 2952 4343 illa
3007 4291 3444 4360 praescriptione,
3493 4305 3595 4360 qua
3646 4289 3860 4348 facilius
3899 4294 4050 4363 apud

2440 4397 2561 4437 eum
2587 4381 2817 4436 debeant
2841 4381 2987 4436 credi
3015 4382 3219 4452 majora
3246 4382 3386 4452 apud
3419 4399 3578 4453 quem
3610 4385 3817 4440 minora
3850 4402 4050 4456 prtece-

2441 4476 2611 4542 duut;
2641 4491 2799 4547 quam
2822 4475 2960 4546 apud
2987 4489 3111 4529 eum
3135 4475 3219 4530 cui
3252 4474 3450 4529 nullam
3473 4475 3541 4531 de
3561 4475 3858 4546 majoribus
3880 4480 4046 4535 fidem

2442 4568 2619 4638 aliqua
2645 4567 2850 4621 minora
2878 4577 3336 4637 prteparaverunt.
3367 4567 3574 4623 Viderit
3605 4585 3747 4625 nunc
3791 4571 3837 4625 si
3886 4582 4050 4627 auer-

740 4675 887 4724 esset
912 4665 1189 4729 Christus,
1222 4678 1320 4719 nec
1349 4662 1730 4734 prophetarum
1755 4661 1856 4716 hoc
1878 4662 1930 4715 in
1963 4660 2080 4716 loco
2108 4663 2335 4717 mentio-
2365 4676 2418 4736 1)
2447 4677 2568 4716 nam
2614 4660 2784 4715 nostri
2825 4658 3169 4714 addiderunt.
3215 4659 3325 4715 lloc
3376 4659 3506 4715 mihi
3551 4663 3684 4716 satis
3731 4670 3814 4717 est
3837 4703 3853 4728 ,
3904 4664 4051 4734 quod

735 4775 859 4816 nctn
882 4758 1218 4813 eollocasset.
1235 4755 1374 4824 Quid
1397 4756 1538 4810 enim
1568 4753 1760 4809 mirum
1778 4754 1822 4809 si
1849 4769 1954 4808 non
1986 4753 2228 4808 viderant
2252 4769 2338 4810 res

738 4851 834 4908 Dei
865 4849 1064 4923 ignoti,
1091 4857 1313 4904 cttauto
1347 4857 1466 4918 post
1509 4862 1621 4901 :evo
1667 4845 1934 4902 revelati?
1980 4846 2109 4913 Quae
2155 4856 2334 4900 autem

738 4944 922 5001 luisset
951 4942 1176 4997 felicitas
1221 4955 1407 4995 eorum
1447 4940 1538 5010 qui
1570 4949 1695 4994 tunc
1741 4937 2034 5004 videbant,
2080 4954 2199 5009 quze
2246 4938 2338 4993 alii

2439 4751 2686 4809 Christus
2715 4751 2803 4806 ille
2829 4759 3046 4805 :eterna:
3071 4792 3085 4816 ,
3115 4766 3221 4805 non
3253 4750 3424 4821 longa:
3464 4751 3586 4808 vitze
3633 4752 3886 4809 invitator
3909 4797 3924 4818 ,
3980 4756 4052 4810 de

2441 4846 2679 4916 longa-va
2709 4844 2986 4900 consultus
3015 4859 3174 4914 quam
3215 4844 3562 4912 destruebat,
3613 4861 3718 4901 non
3767 4846 3836 4901 ad
3883 4856 4050 4904 teter-

2443 4954 2564 4994 nam
2594 4936 2771 5007 potius
2792 4935 3104 4992 exhortatus
3125 4945 3208 4992 est
3249 4935 3538 5005 hominem,
3566 4952 3726 5009 quam
3753 4937 4046 4996 inferebat.

1965 5071 2342 5129 LECTIONES
2376 5071 2790 5128 VARIANTES.

831 5196 874 5258 I)
916 5195 1144 5258 Aliquem
1575 5251 1585 5258 _
1715 5253 1722 5258 _
1957 5251 1984 5258 __
2071 5247 2081 5258 .
2141 5255 2150 5258 _
2263 5247 2272 5256 ,

826 5247 875 5320 2)
912 5260 971 5309 Et
993 5247 1283 5320 eluieumque
1307 5252 1431 5320 [ilius
1452 5251 1749 5320 revelaverit
1774 5248 1922 5320 οιτιὶζιἰ
1948 5247 2098 5320 Sami.
2133 5247 2342 5320 tantile-

739 5312 896 5374 raiulo
919 5318 1084 5371 scribit
1112 5331 1128 5368 :
1157 5312 1308 5368 Νἱιιιιο
1333 5318 1465 5366 enim
1488 5318 1578 5365 scit
1602 5316 1816 5374 Patrem,
1833 5315 1927 5362 nisi
1951 5314 2098 5371 titius,
2117 5321 2170 5363 ct
2192 5312 2342 5361 liliqu

743 5387 834 5437 nisi
858 5392 1019 5447 pater,
1048 5390 1099 5431 et
1119 5383 1408 5447 cuictunque
1434 5378 1558 5427 lilius
1582 5376 1899 5427 revelaverit.

807 5444 869 5508 (3'
917 5444 1208 5508 Competunt
1227 5445 1370 5492 Pam.

808 5455 884 5572 (μί)
922 5508 1017 5558 Vos
1038 5504 1168 5558 abest
1199 5507 1349 5554 Fruu.

808 5504 884 5575 (ι)
922 5508 1017 5558 Vos
1035 5504 1168 5558 obest
1199 5507 1349 5554 Fruu.

2506 5186 2578 5244 (5)
2619 5184 2709 5243 Qui
2729 5184 2848 5235 add.
2876 5186 3019 5235 Pam.

2505 5249 2579 5310 (ϐ)
2619 5249 2680 5310 Hi
2714 5247 2809 5298 vult
2831 5256 2942 5298 Jmt.

2505 5309 2580 5376 (7)
2623 5309 2838 5376 {literne
2861 5312 2981 5376 «τιτι.
3009 5309 3206 5364 Obertlt.

2508 5371 2581 5438 (8)
2626 5372 2769 5438 Dedit
2794 5371 2944 5438 Scutl.

2533 5439 2585 5496 υ)
2626 5436 2744 5496 Spei
2766 5436 2908 5486 nltcn.

2545 5453 2909 5562 i6j°liiii§3§lii
2926 5497 3022 5550 Dei
3045 5507 3342 5563 przeceptum
3366 5500 3476 5555 cod.
3509 5505 3696 5556 Wouw.

2089 5624 2651 5683 COMMENTARIUS.

820 5754 897 5827 (a)
936 5753 1066 5808 Hinc
1089 5753 1222 5827 enim
1248 5749 1336 5803 alii
1363 5747 1580 5827 futti'etici
1608 5746 1904 5827 fulciuntur.
1928 5741 2137 5827 Quales
2159 5755 2350 5827 nempe

751 5813 965 5882 luerunt
996 5827 1048 5886 ii.
1068 5825 1156 5895 qui
1177 5831 1392 5893 propter
1409 5813 1713 5895 frequentes
1749 5816 2097 5895 revelationes
2129 5815 2178 5895 in
2201 5813 2349 5867 Scri-

752 5909 906 5972 Ptura
926 5884 1209 5968 expressas
1229 5884 1443 5950 Patrem
1465 5884 1588 5948 eum
1613 5889 1746 5945 Filio
1765 5884 2181 5951 contendebant,
2201 5896 2348 5938 eum-

2455 5740 2682 5820 demqne
2699 5755 2829 5820 esse
2869 5742 3219 5820 asserebant:
3260 5745 3311 5799 in
3356 5745 3621 5817 ejusmodi
3657 5746 3819 5818 itnpia
3862 5747 4048 5805 deliri.t

2456 5813 2671 5883 impegit
2699 5811 2950 5868 Praxeas.
2984 5813 3058 5868 in:
3092 5816 3196 5872 Ριι.
