4268 6492
198 403 309 459 425

1299 399 1428 455 LIB.
1472 399 1539 456 IV
1577 397 1935 457 ADVERSUS
1970 399 2394 458 MARCIONEM.

3391 402 3500 462 496

197 516 339 586 Quid
370 558 386 581 ,
429 530 526 570 oro
574 523 625 572 te
649 557 664 585 ,
714 514 931 571 iecisset
961 511 1206 570 Christus
1247 512 1520 569 Creatoris
1548 556 1561 577 ,
1612 515 1655 569 si
1704 517 1790 585 qui
1820 518 1871 576 Α
1900 513 2102 583 perdidi
2129 513 2267 584 apud
2302 515 2464 569 Deum
2495 512 2641 569 illum
2669 551 2685 579 ,
2716 521 2774 568 ut
2819 512 2958 583 apud
2987 527 3108 568 eum
3154 528 3389 584 quaeram
3442 530 3498 573 et

198 610 443 664 Creatori
483 610 755 680 diligendo
782 608 1144 664 :edilicaverat
1190 605 1459 663 hominem
1485 649 1500 672 ,
1532 621 1637 660 non
1683 616 1801 663 erat

199 700 530 757 Creatoris?
579 701 755 758 Credo
806 710 1052 772 negasset
1100 700 1427 771 diligendum
1466 698 1798 756 Creatorem.

774 793 1000 849 CAPUT
1042 792 1231 848 XXVI.

248 886 383 941 Cum
424 887 475 941 in
514 885 745 956 quodam
788 886 907 940 loco
943 884 1091 955 (Luc.
1132 884 1225 956 XI)
1257 898 1463 943 orasset
1492 886 1556 942 ad
1589 888 1800 943 Patrem

202 977 353 1031 illum
388 979 747 1049 superiorem,
798 978 927 1033 satis
957 976 1355 1047 impudentibus
1402 988 1458 1034 et
1505 982 1803 1035 temerariis

198 1069 372 1124 oculis
402 1070 703 1140 suspiciens
730 1070 793 1125 ad
821 1069 1015 1126 etelum
1046 1068 1316 1125 Creatoris
1344 1111 1359 1137 ,
1390 1087 1419 1126 a
1446 1088 1551 1142 quo
1582 1083 1687 1127 tam
1713 1088 1803 1128 as-

198 1177 333 1234 pero
361 1172 417 1218 et
438 1178 584 1219 δεῖ)νο
608 1206 622 1228 ,
653 1174 701 1218 et
726 1162 986 1233 grandine
1010 1173 1063 1218 et
1092 1164 1309 1219 fulmine
1338 1164 1596 1234 potuisset
1641 1166 1801 1232 elidi,

198 1257 342 1311 sicut
367 1265 421 1311 et
450 1256 781 1313 llierusalem
812 1255 1003 1326 sulfugi
1035 1256 1112 1327 (l)
1143 1255 1210 1309 ab
1240 1270 1304 1310 eo
1335 1257 1542 1326 potuit;
1584 1272 1802 1328 aggres-

197 1362 293 1404 sus
317 1364 443 1403 eum
469 1365 533 1403 ex
564 1348 842 1418 discipulis
867 1348 1081 1417 quidam
1116 1366 1129 1402 :
1168 1347 1415 1411 Domine,
1450 1350 1653 1420 inquit,
1684 1351 1807 1405 doce

201 1457 294 1495 nos
323 1457 504 1507 orare,
534 1442 664 1495 sicut
693 1452 737 1494 et
770 1439 851 1513 (‘2)
884 1440 1112 1495 Joannes
1140 1440 1420 1508 discipulos
1448 1457 1566 1495 suos
1593 1442 1761 1496 docuit
1786 1456 1807 1508 ,'

199 1531 408 1588 scilicet
439 1534 560 1601 quia
592 1532 753 1586 alium
790 1533 955 1587 Deum
979 1532 1134 1588 aliter
1158 1532 1491 1588 existimaret
1519 1534 1803 1589 orandum.

204 1624 319 1680 Iloc
349 1626 438 1696 qui
470 1636 881 1695 prmsumpserat
925 1625 1005 1698 (3)
1032 1667 1047 1691 ,
1094 1628 1243 1697 prius
1289 1636 1373 1683 est
1410 1627 1603 1698 probet
1646 1630 1806 1682 alium

206 1718 377 1772 Deum
408 1716 607 1772 editum
640 1734 669 1772 a
700 1718 935 1773 Christo.
986 1717 1156 1774 Nemo
1198 1720 1340 1775 enim
1384 1730 1510 1775 ante
1554 1720 1811 1776 voluisset

206 1823 367 1863 orare
395 1824 585 1873 nosse,
614 1826 773 1879 quain
817 1810 1097 1866 didicisset
1142 1828 1299 1880 quem
1343 1823 1543 1869 oraret.
1575 1812 1739 1884 Igitur
1764 1814 1808 1868 si

1906 605 2175 659 inveniam
2221 605 2244 659 ?
2297 606 2352 661 Si
2409 605 2724 676 sapientiam
2778 614 2937 675 atque
2985 606 3354 675 prudentiam,
3403 608 3500 665 has

1903 696 2128 755 Creator
2156 698 2433 754 abscondit
2460 716 2474 764 ;
2515 698 2653 769 apttd
2684 713 2804 753 eum
2832 713 2962 768 ergo
2991 714 3249 769 qureram.
3281 701 3333 754 Si
3364 701 3501 757 salu-

1906 799 2013 847 tem
2039 800 2094 847 et
2118 791 2279 845 vitam
2307 832 2321 855 ,
2365 801 2422 845 ct
2477 792 2573 845 has
2620 792 2759 860 apud
2805 790 3138 847 Creatorem.
3189 792 3330 847 Nihil
3374 795 3498 850 alibi

1905 891 2174 953 qumretur
2200 891 2258 938 ut
2284 880 2588 937 inveniatur
2613 923 2627 945 ,
2656 898 2813 951 quam
2846 882 2933 936 ubi
2966 882 3116 936 latuit
3145 892 3200 936 ut
3224 897 3495 953 appareat.

1915 977 2007 1034 Sic
2020 992 2121 1033 nec
2150 977 2401 1032 aliorsum
2422 978 2663 1046 pulsabo,
2688 990 2846 1047 quam
2864 976 3002 1031 unde
3024 990 3140 1031 smn
3172 975 3381 1030 functus
3400 978 3498 1047 (5).

1922 1070 2160 1140 Denique
2192 1111 2207 1135 ,
2265 1070 2309 1123 si
2359 1070 2601 1139 accipere
2652 1078 2707 1123 et
2760 1070 2999 1124 invenire
3033 1080 3086 1124 et
3128 1068 3333 1122 admitti
3366 1112 3379 1132 .
3429 1070 3506 1123 la-

1926 1162 2072 1218 boris
2091 1171 2144 1217 et
2164 1161 2427 1216 instantiae
2449 1159 2649 1215 fruetus
2668 1172 2748 1214 est
2772 1161 2842 1213 illi
2862 1160 2948 1231 qui
2976 1160 3155 1230 petiit,
3176 1160 3503 1229 etqiuesii-it,

1908 1266 1962 1312 et
1990 1256 2215 1325 pulsavit
2240 1272 2255 1319 ;
2281 1255 2514 1325 intelligo
2532 1253 2645 1309 hmc
2663 1254 2959 1309 aCreatore
2978 1254 3215 1309 mandari
3239 1266 3289 1309 et
3317 1270 3505 1324 repro-

1910 1347 2336 1403 mitti.|llecnim
2380 1347 2518 1403 Deus
2562 1345 2816 1416 optimus,
2845 1347 2984 1401 ultro
3014 1349 3236 1402 veniens
3275 1346 3340 1402 ad
3373 1362 3507 1416 pric-

1912 1440 2159 1496 standum
2205 1454 2309 1495 non
2340 1455 2437 1495 suo
2466 1439 2702 1506 homini,
2729 1440 2928 1495 nullum
2978 1440 3049 1493 illi
3098 1439 3379 1507 laborem,
3408 1455 3507 1495 nrc

1914 1534 2229 1589 instantiam
2265 1533 2563 1588 indixisset.
2594 1533 2710 1587 Jam
2738 1532 2880 1588 enim
2910 1547 3016 1587 non
3041 1533 3292 1602 optimus,
3325 1534 3369 1586 si
3399 1548 3504 1587 non

1913 1625 2056 1681 ultro
2078 1624 2234 1680 daret
2264 1640 2371 1679 non
2409 1624 2608 1693 petenti
2634 1664 2649 1687 ,
2696 1633 2748 1678 et
2794 1624 3036 1679 invenire
3082 1631 3359 1693 prmstaret
3402 1639 3507 1677 non

1913 1718 2174 1787 quaerenti
2202 1759 2215 1781 .
2247 1727 2303 1772 et
2342 1717 2574 1786 aperiret
2625 1732 2731 1770 non
2785 1717 3039 1786 pulsanti.
3085 1716 3307 1772 Creator
3331 1725 3509 1770 autem

1917 1811 2086 1881 potuit
2108 1810 2342 1865 indicere
2369 1809 2468 1865 ista
2496 1824 2589 1878 per
2614 1809 2909 1876 Christum,
2935 1819 2989 1863 ut
3010 1811 3131 1880 quia
3153 1809 3514 1879 delinquendo

206 1898 471 1954 didicerat
498 1943 513 1966 ,
546 1902 733 1970 proba.
764 1901 820 1957 Si
851 1917 1111 1973 nusquam
1144 1917 1311 1975 uSque
1339 1905 1517 1961 adhuc
1566 1906 1760 1976 probas
1786 1946 1802 1971 ,
1835 1910 1882 1971 Β
1913 1906 2075 1959 homo
2105 1902 2403 1959 olfenderat
2436 1903 2602 1957 Deum
2629 1917 2808 1969 suum,
2840 1902 3148 1967 laboraret,
3181 1911 3234 1957 ct
3263 1903 3511 1956 instantia

207 1993 347 2047 scito
375 1993 523 2046 illum
543 1994 593 2046 in
618 1994 925 2049 Creatorem
956 1994 1182 2049 fortnam
1205 1996 1466 2052 orationis
1494 1998 1814 2068 postulasse,

209 2084 263 2138 in
287 2100 448 2155 quem
495 2085 654 2139 etiam
687 2086 935 2156 discipuli
958 2086 1179 2143 Joannis
1205 2088 1449 2144 orabant.
1479 2088 1585 2145 Sed
1612 2090 1734 2160 quia
1765 2098 1820 2146 et

216 2174 457 2230 Joannes
487 2192 679 2230 novum
704 2179 933 2247 aliquem
958 2178 1201 2234 ordinem
1232 2181 1490 2236 orationis
1518 2182 1817 2249 induxerat,

220 2266 347 2322 ideo
373 2267 476 2321 hoc
508 2278 559 2322 et
585 2282 613 2320 a
645 2268 860 2323 Christo
887 2269 1175 2340 discipulus
1198 2272 1313 2341 ejus
1331 2272 1709 2349 postulandum
1740 2274 1818 2347 (6)

213 2374 321 2415 non
345 2360 615 2415 immerito
642 2374 1079 2431 prmsttmpserat,
1106 2375 1160 2417 ut
1183 2373 1238 2425 et
1261 2365 1416 2420 illide
1430 2367 1822 2439 propriomagi-

212 2453 311 2506 stri
339 2453 424 2507 sui
454 2452 697 2507 institulo
723 2496 736 2519 ,
775 2470 878 2509 non
926 2455 1089 2509 alium
1114 2496 1130 2522 ,
1176 2456 1271 2511 sed
1311 2458 1468 2513 aliter
1494 2458 1661 2513 Deutn
1702 2474 1823 2515 ora-

212 2554 359 2597 rent.
406 2542 638 2598 Proinde
684 2559 782 2599 nee
829 2543 1075 2600 Christus
1114 2559 1237 2603 ante
1279 2550 1538 2603 orationis
1581 2552 1822 2606 notitiam

213 2635 485 2705 discipulo
515 2636 832 2691 contulisset
853 2679 865 2700 ,
896 2654 1052 2707 quam
1086 2639 1175 2694 Dei
1222 2642 1411 2711 ipsius.
1448 2641 1523 2698 Ita
1549 2653 1604 2699 et
1631 2645 1744 2714 ipse
1771 2643 1824 2699 in

223 2743 351 2783 eum
376 2728 558 2783 docuit
588 2730 883 2785 orationem
907 2772 921 2798 ,
950 2748 1107 2802 quem
1136 2732 1431 2805 discipulus
1460 2752 1626 2806 usque
1652 2737 1826 2793 adhuc

230 2830 485 2895 noverat.
511 2821 745 2890 Denique
763 2836 953 2876 sensus
972 2825 1228 2879 orationis
1244 2841 1399 2895 quem
1426 2827 1592 2883 Deum
1618 2829 1828 2898 sapiant

233 2925 585 2979 recognosce.
613 2911 686 2983 (ιι)
719 2912 813 2967 Cui
842 2913 1037 2980 dicam,
1074 2912 1266 2969 Pater?
1296 2916 1357 2971 Ei
1382 2919 1471 2988 qui
1499 2934 1584 2975 me
1609 2924 1828 2976 omnino

228 3018 336 3055 non
366 3001 533 3055 fecit?
561 3018 588 3054 a
616 3018 721 3071 quo
752 3005 1011 3073 originem
1047 3021 1149 3060 non
1181 3008 1371 3062 traho?
1406 3011 1489 3065 Au
1510 3013 1557 3065 ci
1598 3012 1686 3080 qtti
1740 3027 1824 3067 me

222 3094 479 3148 faciundo
524 3106 577 3149 et
616 3099 932 3151 instruendo
977 3101 1293 3167 generavit?
1338 3104 1377 3154 Α
1425 3118 1530 3173 quo
1577 3104 1828 3173 Spiritum

219 3196 462 3238 sanctum
494 3184 570 3254 (b)
607 3188 868 3254 postulem
896 3188 919 3239 ?
946 3187 991 3243 Α
1031 3204 1135 3258 quo
1181 3204 1277 3245 nec
1304 3192 1588 3248 mundialis
1608 3196 1827 3266 spiritus

1925 1996 2139 2068 petendi
2164 1997 2466 2066 acciperet,
2491 2004 2546 2051 et
2570 1995 2841 2065 quaerendi
2872 1995 3131 2050 inveniret
3152 2037 3165 2058 ,
3191 2005 3245 2051 et
3270 1996 3515 2067 pulsandi

1922 2091 2188 2147 introiret.
2231 2088 2320 2146 Sie
2351 2090 2705 2158 etaprzemissa
2733 2087 3025 2142 similitudo
3047 2131 3059 2152 ,
3095 2098 3394 2142 nocturnum
3425 2105 3517 2159 pa-

1922 2183 2003 2239 nis
2030 2182 2294 2254 petitorem
2319 2181 2539 2234 amicum
2569 2178 2693 2234 facit
2718 2219 2732 2242 ,
2763 2194 2867 2234 non
2896 2179 3160 2245 alienum;
3192 2190 3244 2235 ct
3289 2181 3357 2233 ad
3387 2182 3517 2234 nmi-

1923 2290 2039 2329 cum
2063 2274 2373 2344 pulsantem,
2404 2288 2509 2327 non
2532 2271 2596 2325 ad
2622 2271 2879 2341 ignotum.
2902 2271 3116 2325 Amicus
3140 2280 3317 2328 autem
3340 2273 3519 2327 etiam-

1924 2367 1969 2422 si
1992 2365 2219 2421 olI'endit
2242 2407 2257 2432 ,
2287 2366 2455 2433 magis
2478 2363 2752 2419 Creatoris
2776 2372 2856 2417 est
2884 2362 3063 2428 homo,
3093 2379 3251 2432 quam
3279 2365 3368 2419 Dei
3391 2364 3522 2420 Mar-

1925 2459 2115 2514 cionis.
2147 2456 2331 2527 Itaque
2354 2456 2418 2509 ad
2450 2470 2572 2510 enm
2606 2454 2784 2524 pulsat
2806 2495 2819 2517 ,
2850 2454 2914 2507 ad
2943 2468 3099 2524 quem
3126 2453 3216 2524 jus
3254 2455 3329 2510 illi
3369 2468 3482 2510 erat
3505 2496 3520 2523 ,

1926 2550 2081 2619 cujus
2102 2549 2319 2619 januam
2350 2556 2503 2601 norat
2528 2587 2541 2610 ,
2571 2561 2729 2616 quem
2756 2545 2954 2601 habere
2982 2561 3144 2613 panes
3173 2546 3399 2607 sciebat.
3423 2561 3521 2601 cu-

1928 2643 2142 2698 bantetn
2160 2640 2271 2711 jam
2294 2655 2413 2693 eum
2439 2637 2724 2692 infantibus
2741 2652 2878 2709 quos
2900 2638 3044 2691 nasci
3068 2636 3325 2691 voluerat.
3347 2637 3521 2691 Etiam

1929 2734 2072 2807 quod
2124 2749 2246 2789 sero
2277 2732 2554 2803 pulsatur,
2584 2729 2856 2785 Creatoris
2899 2740 2981 2785 est
3002 2739 3229 2799 tempus.
3278 2728 3425 2784 Illius
3473 2740 3528 2783 et

1929 2845 2108 2887 serum
2134 2868 2149 2895 ,
2181 2827 2334 2897 cujus
2359 2824 2612 2881 sacculum
2637 2833 2692 2878 et
2715 2823 2896 2877 saeculi
2945 2838 3190 2878 occasus.
3234 2823 3311 2877 Ad
3358 2822 3523 2877 Deum

1929 2933 2107 2978 autem
2135 2936 2370 2985 novum,
2402 2932 2563 2974 nemo
2606 2931 2730 2971 sero
2770 2916 3075 2985 pulsasset,
3130 2925 3334 2969 tantum
3382 2915 3524 2983 quod

1932 3016 2315 3071 lnscescentem
2357 3010 2582 3065 Creator
2604 3018 2718 3072 est,
2749 3007 2837 3077 qui
2867 3017 2919 3061 et
2940 3006 3160 3075 januam
3190 3005 3319 3058 olim
3346 3004 3527 3059 Natio-

1933 3109 2088 3163 nibus
2109 3107 2368 3161 clauserat
2402 3102 2520 3175 (6),
2557 3116 2675 3171 qua:
2700 3099 2826 3154 olim
2856 3099 3163 3169 pulsabatur
3202 3097 3437 3163 ludatis;
3484 3098 3529 3155 is

1932 3208 1984 3254 et
2013 3197 2221 3266 exurgit
2261 3203 2315 3251 et
2349 3193 2474 3258 dat,
2504 3202 2559 3248 et
2601 3192 2647 3247 si
2686 3191 2795 3261 jam
2824 3207 2928 3245 non
2974 3192 3121 3260 quasi
3162 3192 3336 3246 amico
3360 3233 3375 3260 ,
3422 3206 3528 3247 non

226 3278 554 3355 praestatur?
585 3278 665 3331 An
698 3294 724 3329 a
766 3294 870 3348 quo
901 3279 1026 3333 liunt
1058 3282 1217 3336 etiam
1250 3284 1422 3354 angeli
1450 3287 1705 3355 spiritus?
1733 3304 1823 3343 cu-
1853 3300 1898 3363 (ς
1932 3300 2108 3346 tamen
2122 3285 2539 3358 quasiextraneo
2558 3282 2757 3338 homini
2780 3282 2892 3348 ,sed
2912 3282 3065 3352 quasi
3081 3284 3526 3354 molesto,inquit.

216 3370 309 3438 jus
336 3380 389 3423 et
422 3370 473 3423 in
526 3371 817 3439 primordio
858 3374 1076 3442 spiritus
1115 3390 1277 3445 Super
1314 3394 1480 3449 aquas
1520 3381 1825 3439 ferebatur?

222 3461 359 3531 Ejus
382 3478 591 3532 regnum
622 3464 819 3533 optabo
849 3468 1036 3519 venire
1061 3508 1075 3529 ,
1117 3484 1275 3538 quem
1326 3487 1598 3542 nunquam
1648 3492 1825 3546 regem

222 3555 412 3626 gloria:
441 3555 669 3609 audivi?
715 3572 781 3611 an
815 3559 865 3612 in
907 3560 1059 3629 cujus
1100 3578 1258 3617 manu
1296 3565 1453 3619 etiam
1494 3566 1656 3622 corda
1703 3578 1828 3624 sunt

220 3646 448 3718 regum?
483 3646 557 3719 (c)
586 3648 717 3716 Quis
752 3648 892 3703 dabit
924 3653 1052 3704 mihi
1099 3671 1280 3723 penem
1307 3657 1694 3726 quotidianum;
1739 3662 1828 3731 qui

222 3754 325 3795 nec
352 3740 560 3793 milium
590 3741 719 3795 mihi
745 3742 961 3810 condit,
993 3759 1057 3798 an
1085 3746 1173 3815 qui
1201 3748 1361 3803 etiam
1390 3750 1457 3805 de
1481 3752 1618 3807 caelo
1637 3766 1828 3824 panem

225 3832 543 3902 angelorum
576 3832 944 3901 quotidianum
992 3837 1187 3906 populo
1226 3855 1325 3895 suo
1370 3844 1656 3911 praestitit?
1701 3845 1831 3914 Quis

224 3923 361 3979 mihi
383 3923 572 3976 delicta
601 3924 815 3979 dimittet
840 3942 859 3990 ;
890 3928 977 3995 qtti
1010 3944 1072 3981 ea
1104 3946 1207 3983 non
1248 3930 1541 3999 judicando
1569 3950 1673 3989 non
1707 3937 1832 3991 reti-

227 4028 362 4083 net,
394 4032 462 4070 an
494 4016 581 4085 qui
612 4017 657 4071 si
689 4033 793 4072 non
835 4018 1133 4085 dimiserit,
1178 4023 1429 4078 retinebit
1483 4034 1541 4079 ut
1583 4026 1831 4095 judicet?

233 4108 314 4181 (ά)
340 4108 462 4179 quis
484 4124 583 4162 non
612 4109 739 4163 sinet
766 4127 855 4164 nos
880 4110 1063 4165 deduci
1088 4113 1140 4165 in
1170 4115 1489 4170 tentationem
1514 4132 1534 4181 ;
1562 4133 1719 4188 quem
1748 4134 1833 4190 po.

228 4202 356 4256 ιρι-ει
380 4209 617 4254 tentator
642 4216 746 4255 non
782 4202 971 4256 timere
1000 4242 1013 4266 ,
1046 4219 1113 4257 an
1145 4205 1233 4273 qui
1268 4220 1297 4259 a
1330 4207 1625 4276 primordio
1656 4218 1831 4266 tenta-

232 4302 403 4348 torem
434 4293 682 4362 angelum
712 4292 1141 4361 praedamnavit?
1181 4296 1292 4352 Hoc
1336 4299 1567 4367 ordine,
1609 4303 1699 4371 qui
1744 4302 1832 4357 alii

232 4386 344 4441 Deo
370 4386 635 4455 supplicat
664 4393 718 4440 et
749 4400 857 4439 non
887 4385 1128 4440 Creatori
1156 4429 1169 4451 ,
1203 4403 1308 4443 non
1337 4400 1455 4445 orat
1496 4392 1645 4447 illum
1673 4435 1687 4457 ,
1738 4394 1832 4449 sed

234 4476 473 4532 infamat.
509 4475 740 4531 Proinde
778 4491 808 4530 a
848 4490 954 4547 quo
1001 4488 1203 4547 petant,
1260 4488 1316 4534 ut
1361 4482 1650 4552 accipiam?
1694 4488 1833 4554 apud

233 4584 393 4639 quem
437 4584 691 4639 quierant,
736 4578 794 4622 ut
830 4570 1133 4624 inveniam?
1170 4571 1236 4626 ad
1276 4589 1431 4643 quem
1480 4577 1692 4645 pulsnbo
1718 4619 1733 4645 ,
1779 4589 1837 4633 ut

1934 3382 2217 3439 Molestum
2248 3386 2425 3433 autem
2457 3386 2562 3430 tam
2587 3374 2695 3429 cito
2718 3374 2858 3427 Deus
2891 3388 3078 3427 recens
3107 3376 3375 3428 neminem
3422 3374 3529 3443 pati

1932 3474 2121 3546 potuit.
2151 3476 2397 3541 Agnosce
2419 3468 2577 3538 igitur
2605 3474 2660 3520 et
2678 3464 2914 3529 Patrem,
2940 3479 3098 3533 quem
3117 3466 3274 3519 etiam
3294 3465 3532 3536 appellas

1932 3566 2263 3621 Creatorem.
2296 3560 2415 3630 Ipse
2440 3559 2637 3627 estqui
2664 3558 2766 3613 scit
2797 3557 2922 3628 quid
2952 3558 3042 3612 lilii
3073 3558 3364 3628 postulent.
3395 3557 3526 3613 Nam

1931 3666 1988 3713 et
2018 3671 2204 3728 panem
2232 3652 2533 3723 petentibus
2580 3649 2648 3704 de
2697 3650 2838 3704 cmlo
2864 3649 3012 3704 dedit
3038 3665 3228 3704 manna
3251 3692 3265 3716 ,
3309 3659 3363 3705 et
3406 3665 3529 3705 car-

1933 3765 2056 3806 nem
2109 3743 2539 3803 desiderantibus
2579 3741 2756 3797 emisit
2801 3751 3248 3812 ortygometram,
3282 3758 3384 3795 non
3419 3757 3531 3795 ser-

1934 3853 2133 3914 pentem
2164 3857 2255 3912 pro
2285 3840 2422 3911 pisce
2442 3880 2457 3904 ,
2492 3852 2582 3891 nec
2614 3836 2867 3905 scorpium
2894 3851 2987 3905 pro
3014 3850 3124 3888 ovo.
3170 3834 3313 3888 Illius
3353 3842 3531 3890 autem

1933 3934 2036 3989 erit
2080 3949 2181 3986 non
2222 3932 2348 3985 dare
2387 3929 2579 3983 malum
2619 3943 2712 3994 pro
2741 3926 2905 3991 bono,
2939 3925 3090 3995 cujus
3115 3935 3398 3994 utrumque
3439 3926 3527 3981 sit.

1933 4024 2201 4079 Czeterum
2220 4063 2236 4090 ,
2265 4021 2406 4076 Deus
2429 4017 2713 4074 Marcionis
2733 4031 2835 4071 non
2863 4017 3063 4070 habens
3087 4015 3356 4085 scorpium
3377 4054 3393 4081 ,
3424 4029 3530 4069 non

1937 4127 2150 4189 poterat
2174 4116 2225 4171 id
2247 4131 2309 4173 se
2337 4114 2517 4169 dicere
2538 4127 2643 4167 non
2665 4110 2911 4165 daturum
2933 4150 2947 4177 ,
2981 4110 3124 4178 quod
3152 4124 3255 4162 non
3281 4108 3531 4174 habebat;

1936 4210 2029 4267 sed
2060 4211 2148 4265 ille
2175 4209 2265 4279 qui
2296 4206 2500 4261 habens
2526 4212 2580 4259 et
2608 4200 2878 4272 scorpium
2900 4243 2916 4265 ,
2957 4214 3063 4255 non
3100 4199 3210 4254 dat.
3254 4198 3435 4270 Itaque
3477 4210 3534 4255 et

1938 4302 2189 4373 Spiritum
2214 4308 2445 4352 sanctum
2472 4297 2514 4350 is
2535 4293 2714 4357 dabit,
2745 4291 2883 4361 apud
2911 4307 3071 4362 quem
3101 4302 3179 4346 est
3202 4299 3256 4346 et
3278 4306 3381 4345 non
3404 4306 3534 4347 san-

1940 4405 2079 4448 ctus.
2126 4391 2255 4447 Cum
2294 4388 2513 4443 surdum
2556 4384 2878 4439 dzemonium
2922 4381 3218 4452 expulisset
3261 4384 3341 4453 (ut
3378 4394 3432 4438 et
3479 4384 3530 4438 in

1939 4488 2038 4542 ista
2058 4482 2237 4555 specie
2263 4480 2555 4536 curationis
2576 4478 2741 4533 Esaia:
2759 4475 3454 4547 (ls.XXlX,5)occurrissct
3478 4476 3529 4530 in

1943 4577 2260 4637 Beelzebule
2274 4575 2447 4630 dictus
2462 4572 2655 4640 ejicere
2684 4570 2946 4624 dzentonia
2971 4586 2983 4623 :
3018 4568 3079 4623 Si
3103 4584 3192 4637 ego
3214 4610 3228 4631 ,
3253 4568 3421 4637 inquit
3444 4610 3456 4630 ,
3479 4571 3531 4621 in

233 4660 496 4730 aperiatur
527 4659 691 4713 mihi?
720 4660 852 4726 Quis
882 4661 1039 4715 habet
1086 4665 1284 4731 petenti
1334 4665 1491 4731 dare,
1541 4667 1642 4722 nisi
1679 4668 1833 4739 cujus
1858 4692 1911 4751 Ι)
1939 4670 2231 4727 Beelzebule
2246 4667 2393 4737 ejicio
2407 4663 2676 4725 daemonia,
2698 4661 2958 4729 ﬁliivestri
2980 4660 3031 4713 in
3045 4675 3143 4729 quo
3160 4660 3532 4729 ejiciunt?Hac

236 4753 416 4808 omnia
440 4792 455 4818 ,
488 4752 638 4821 cujus
678 4767 798 4807 sum
843 4752 1006 4807 etiam
1033 4754 1146 4824 ipse
1171 4756 1260 4825 qui
1289 4757 1449 4827 peto?
1478 4757 1615 4828 Quid
1642 4772 1819 4818 autem
1862 4750 1867 4751 ν
1926 4764 2052 4837 quid
2078 4760 2247 4831 magis
2272 4755 2543 4830 portendit
2572 4796 2587 4823 ,
2618 4769 2776 4825 quam
2811 4753 2862 4808 in
2896 4766 2962 4808 eo
2988 4750 3188 4821 ejicere
3209 4766 3289 4820 se,
3318 4752 3371 4808 in
3426 4767 3533 4822 quo

1489 4874 1875 4932 LECTIONES
1914 4871 2331 4933 VARIANTES.

301 4978 380 5045 (ε)
419 4978 590 5045 Sumgi
614 4976 769 5045 Paris.

301 5017 380 5167 ‘é
419 5017 634 5092 Ξῖὶῖϐἑδὶ
651 5017 824 5093 "iiiis.

301 5048 358 5171 l5
422 5105 795 5169 Praesumpserit
816 5103 924 5155 cod.
958 5115 1016 5158 II?

326 5103 380 5167 5)
422 5105 795 5169 Praesumpserit
816 5103 924 5155 cod.
958 5115 1139 5158 Irouw.

2025 5044 2079 5111 5)
2119 5044 2335 5111 Fugatus
2358 5044 2524 5096 Paris.

2027 4986 2080 5051 ι)
2116 4982 2528 5051 Expostulandum
2551 4978 2702 5033 Seml.

2027 4989 2080 5051 ι)
2116 4989 2528 5054 Expostulandum

2002 4989 2082 5179 ita
2119 5049 2336 5163 tesi:
2358 5048 2533 5159 tas:

1569 5217 2128 5277 COMMENTARIUS.

312 5303 467 5362 CAP.
531 5305 718 5362 XXVI.
773 5337 844 5348 —
881 5308 958 5380 (a)
1011 5308 1106 5365 Cui
1135 5312 1302 5366 dicunt
1332 5309 1510 5367 Pater.
1546 5312 1710 5370 Recte
1742 5315 1844 5370 hoc

245 5393 421 5457 unum
448 5381 668 5457 Auctor,
692 5382 835 5457 quia
868 5382 967 5435 etsi
1021 5396 1194 5457 graece
1226 5384 1395 5457 hodie:
1421 5385 1648 5455 legatur,
1680 5398 1843 5457 πατὴρ

241 5453 429 5525 (ἡμῶνᾼό
459 5454 505 5502 ἐν
532 5454 890 5525 ῖςέῖς-οὖρανιῖς,
914 5461 978 5525 et
1002 5454 1265 5525 similiter
1293 5453 1499 5525 syriace
1532 5498 1544 5519 ,
1580 5468 1755 5512 tamen
1787 5453 1839 5513 in

240 5523 427 5597 latinis
462 5522 735 5597 codicibus
768 5540 886 5597 non
912 5524 1101 5593 legitur
1130 5522 1377 5594 amplius,
1408 5526 1560 5582 Luca:
1588 5527 1651 5592 II,
1683 5544 1840 5597 quam

246 5591 440 5668 fater;
467 5590 716 5668 suspicor
766 5594 890 5668 iliud
930 5590 1104 5664 grzeee
1132 5590 1406 5668 adjectum
1452 5614 1518 5652 ex
1558 5590 1842 5668 Evangelia

242 5662 479 5740 Matthxi
511 5660 597 5723 VI,
622 5663 913 5740 secundum
935 5660 1094 5740 quem
1127 5660 1323 5740 legitur
1352 5669 1444 5722 lib.
1470 5670 1535 5725 dc
1558 5660 1841 5740 oratfcap.

244 5734 291 5786 II
308 5732 469 5803 Pater
499 5742 669 5785 noster
692 5734 848 5803 quiin
877 5732 1014 5789 caelis
1041 5753 1111 5790 es.
1142 5732 1277 5792 Plut.

314 5803 391 5876 (b)
434 5801 979 5876 Spiritumsanctum.
1012 5807 1117 5861 Pro
1145 5825 1211 5862 eo
1237 5827 1248 5861 :
1276 5809 1635 5867 sanctiﬁcetur
1657 5828 1841 5869 nomen

240 5873 409 5944 tuum,
446 5873 588 5931 istud
624 5873 847 5945 Gregor.
879 5876 1153 5948 Nyssenus
1182 5880 1359 5938 habet.
1389 5882 1553 5938 SEML.

542 5968 981 6031 TERTULLIANI
1012 5971 1095 6032 II.

2017 5310 2091 5383 (c)
2117 5309 2419 5383 Quisﬂdnbit
2464 5304 2586 5361 mihi
2634 5321 2818 5383 panem
2862 5305 3234 5383 quotidianum.
3267 5306 3538 5383 Prohibet

1944 5376 2192 5439 nimirum
2224 5380 2503 5446 Christus,
2554 5392 2620 5431 ne
2672 5377 2741 5432 de
2785 5379 3019 5431 crastino
3063 5376 3277 5432 solliciti
3327 5380 3535 5442 simus:

1946 5458 2051 5509 vita
2082 5456 2277 5523 quippe
2307 5461 2484 5523 nostra
2509 5448 2771 5523 instabilis
2797 5460 2897 5501 est.
2926 5448 2996 5523 fta
3024 5449 3251 5523 explicat
3275 5449 3440 5523 Cone.
3468 5453 3534 5506 IV

1946 5517 2119 5581 'I‘olet'.
2145 5517 2335 5592 cap.9.
2369 5520 2416 5575 Is
2440 5528 2614 5592 autem
2647 5518 2797 5586 panis
2828 5527 2913 5573 est
2934 5517 3193 5592 Christus,
3230 5530 3287 5574 ut
3314 5521 3540 5590 ipsemet

1948 5598 2039 5652 ait.
2072 5589 2223 5650 Cum'
2243 5602 2420 5646 autem
2464 5591 2592 5644 dixit
2622 5605 2805 5658 panem
2833 5589 3541 5659 quotidianum,significavit

1951 5668 2323 5723 necessitatem
2346 5677 2504 5733 quam
2528 5661 2727 5714 habent
2750 5662 2991 5734 homines
3013 5660 3128 5729 ejus
3154 5663 3356 5734 auxilii,
3382 5675 3539 5734 atque

1950 5741 2108 5795 etiam
2140 5730 2449 5790 submonuit
2476 5734 2636 5786 vitam
2681 5746 2802 5787 esse
2828 5730 3072 5796 dial-iam,
3105 5737 3228 5798 ζωῆν
3267 5733 3388 5789 tim
3426 5730 3541 5805 ὶρη·

1949 5833 2110 5881 papa-3.
2140 5807 2216 5881 LE
2242 5807 2334 5861 PR.

2020 5879 2102 5952 (d)
2136 5880 2260 5946 Quis
2289 5893 2390 5931 non
2414 5875 2543 5932 sinet
2572 5889 2663 5929 nos
2691 5873 2746 5927 in
2774 5872 3093 5928 lentationem
3138 5871 3318 5927 deduci
3343 5874 3369 5927 ?
3403 5872 3542 5933 Sen-

2911 5965 3305 6047 (Qualorze.)
