  <div class='ocr_page' id='page_1' title='image "/cluster/home/n/w/nwhite01/storage/ocr_20150623/2/hvd.32044015466741/237.png"; bbox 0 0 4268 6492; ppageno 0'>
   <div class='ocr_carea' id='block_1_1' title="bbox 736 411 874 470">
    <p class='ocr_par' dir='ltr' id='par_1_1' title="bbox 736 411 874 470">
     <span class='ocr_line' id='line_1_1' title="bbox 736 411 874 470; baseline -0.022 0"><span class='ocrx_word' id='word_1_1' title='bbox 736 411 842 470; x_wconf 68' lang='grc'><strong>427</strong></span> <span class='ocrx_word' id='word_1_2' title='bbox 869 439 874 443; x_wconf 86' lang='grc'><strong><em>-</em></strong></span> 
     </span>
    </p>
   </div>
   <div class='ocr_carea' id='block_1_2' title="bbox 2146 390 2611 451">
    <p class='ocr_par' dir='ltr' id='par_1_2' title="bbox 2146 390 2611 451">
     <span class='ocr_line' id='line_1_2' title="bbox 2146 390 2611 451; baseline -0.011 -1"><span class='ocrx_word' id='word_1_3' title='bbox 2146 390 2611 451; x_wconf 74' lang='lat' dir='ltr'><strong>TERTULLIANI</strong></span> 
     </span>
    </p>
   </div>
   <div class='ocr_carea' id='block_1_3' title="bbox 3920 380 4028 439">
    <p class='ocr_par' dir='ltr' id='par_1_3' title="bbox 3920 380 4028 439">
     <span class='ocr_line' id='line_1_3' title="bbox 3920 380 4028 439; baseline -0.009 0"><span class='ocrx_word' id='word_1_4' title='bbox 3920 380 4028 439; x_wconf 68' lang='lat'><strong>428</strong></span> 
     </span>
    </p>
   </div>
   <div class='ocr_carea' id='block_1_4' title="bbox 737 517 2345 602">
    <p class='ocr_par' dir='ltr' id='par_1_4' title="bbox 737 517 2340 587">
     <span class='ocr_line' id='line_1_4' title="bbox 737 517 2340 587; baseline -0.007 0"><span class='ocrx_word' id='word_1_5' title='bbox 737 540 795 587; x_wconf 89' lang='lat' dir='ltr'><strong>et</strong></span> <span class='ocrx_word' id='word_1_6' title='bbox 836 529 928 584; x_wconf 89' lang='lat' dir='ltr'><strong>ﬁlii</strong></span> <span class='ocrx_word' id='word_1_7' title='bbox 973 527 1195 585; x_wconf 87' lang='lat' dir='ltr'><strong>eorum?</strong></span> <span class='ocrx_word' id='word_1_8' title='bbox 1226 527 1280 584; x_wconf 91' lang='lat' dir='ltr'><strong>ln</strong></span> <span class='ocrx_word' id='word_1_9' title='bbox 1303 528 1498 583; x_wconf 89' lang='lat' dir='ltr'><strong>virtute</strong></span> <span class='ocrx_word' id='word_1_10' title='bbox 1539 523 1747 580; x_wconf 75' lang='lat' dir='ltr'><strong>scilicet</strong></span> <span class='ocrx_word' id='word_1_11' title='bbox 1787 519 2083 578; x_wconf 82' lang='lat' dir='ltr'><strong>Creatoris.</strong></span> <span class='ocrx_word' id='word_1_12' title='bbox 2122 517 2254 574; x_wconf 86' lang='lat' dir='ltr'><strong>Nam</strong></span> <span class='ocrx_word' id='word_1_13' title='bbox 2295 522 2340 576; x_wconf 91' lang='lat' dir='ltr'><strong>si</strong></span> 
     </span>
    </p>
   </div>
   <div class='ocr_carea' id='block_1_5' title="bbox 2454 517 4037 602">
    <p class='ocr_par' dir='ltr' id='par_1_5' title="bbox 2454 527 4037 602">
     <span class='ocr_line' id='line_1_5' title="bbox 2454 527 4037 602; baseline -0.006 -12"><span class='ocrx_word' id='word_1_14' title='bbox 2454 536 2677 590; x_wconf 90' lang='lat' dir='ltr'><strong>riuntur.</strong></span> <span class='ocrx_word' id='word_1_15' title='bbox 2724 532 2864 588; x_wconf 82' lang='lat' dir='ltr'><strong>Ecce</strong></span> <span class='ocrx_word' id='word_1_16' title='bbox 2905 531 3200 602; x_wconf 58' lang='lat' dir='ltr'><strong>inaequalis,</strong></span> <span class='ocrx_word' id='word_1_17' title='bbox 3238 540 3292 586; x_wconf 88' lang='lat' dir='ltr'><strong>et</strong></span> <span class='ocrx_word' id='word_1_18' title='bbox 3339 529 3452 599; x_wconf 88' lang='lat' dir='ltr'><strong>ipse</strong></span> <span class='ocrx_word' id='word_1_19' title='bbox 3501 529 3831 591; x_wconf 82' lang='lat' dir='ltr'><strong>inconstans,</strong></span> <span class='ocrx_word' id='word_1_20' title='bbox 3878 527 4037 592; x_wconf 88' lang='lat' dir='ltr'><strong>levis,</strong></span> 
     </span>
    </p>
   </div>
   <div class='ocr_carea' id='block_1_6' title="bbox 739 611 2340 696">
    <p class='ocr_par' dir='ltr' id='par_1_6' title="bbox 739 611 2340 696">
     <span class='ocr_line' id='line_1_6' title="bbox 739 611 2340 696; baseline -0.01 -16"><span class='ocrx_word' id='word_1_21' title='bbox 739 633 895 696; x_wconf 89' lang='lat' dir='ltr'><strong>putas</strong></span> <span class='ocrx_word' id='word_1_22' title='bbox 919 625 995 678; x_wconf 91' lang='lat' dir='ltr'><strong>sic</strong></span> <span class='ocrx_word' id='word_1_23' title='bbox 1023 621 1424 693; x_wconf 89' lang='lat' dir='ltr'><strong>accipiendum,</strong></span> <span class='ocrx_word' id='word_1_24' title='bbox 1457 620 1518 676; x_wconf 90' lang='lat' dir='ltr'><strong>Si</strong></span> <span class='ocrx_word' id='word_1_25' title='bbox 1547 635 1637 691; x_wconf 91' lang='lat' dir='ltr'><strong>ego</strong></span> <span class='ocrx_word' id='word_1_26' title='bbox 1676 618 1729 672; x_wconf 86' lang='lat' dir='ltr'><strong>in</strong></span> <span class='ocrx_word' id='word_1_27' title='bbox 1756 614 2052 671; x_wconf 78' lang='lat' dir='ltr'><strong>Beelzebute</strong></span> <span class='ocrx_word' id='word_1_28' title='bbox 2088 614 2236 684; x_wconf 86' lang='lat' dir='ltr'><strong>ejicio</strong></span> <span class='ocrx_word' id='word_1_29' title='bbox 2263 611 2340 684; x_wconf 87' lang='lat' dir='ltr'><strong>(a)</strong></span> 
     </span>
    </p>
   </div>
   <div class='ocr_carea' id='block_1_7' title="bbox 745 706 2345 789">
    <p class='ocr_par' dir='ltr' id='par_1_7' title="bbox 745 706 2345 789">
     <span class='ocr_line' id='line_1_7' title="bbox 745 706 2345 789; baseline -0.008 -15"><span class='ocrx_word' id='word_1_30' title='bbox 745 718 997 774; x_wconf 66' lang='lat' dir='ltr'><strong>daemonia</strong></span> <span class='ocrx_word' id='word_1_31' title='bbox 1019 717 1121 789; x_wconf 83' lang='lat' dir='ltr'><strong>(l),</strong></span> <span class='ocrx_word' id='word_1_32' title='bbox 1157 715 1254 786; x_wconf 84' lang='lat' dir='ltr'><strong>[itii</strong></span> <span class='ocrx_word' id='word_1_33' title='bbox 1282 715 1432 770; x_wconf 80' lang='lat' dir='ltr'><strong>vestri</strong></span> <span class='ocrx_word' id='word_1_34' title='bbox 1457 715 1509 768; x_wconf 84' lang='lat' dir='ltr'><strong>in</strong></span> <span class='ocrx_word' id='word_1_35' title='bbox 1537 728 1638 785; x_wconf 85' lang='lat' dir='ltr'><strong>quo</strong></span> <span class='ocrx_word' id='word_1_36' title='bbox 1664 712 1688 766; x_wconf 84' lang='lat'><strong><em>7</em></strong></span> <span class='ocrx_word' id='word_1_37' title='bbox 1712 710 1865 783; x_wconf 88' lang='lat' dir='ltr'><strong>quasi</strong></span> <span class='ocrx_word' id='word_1_38' title='bbox 1909 708 2028 763; x_wconf 91' lang='lat' dir='ltr'><strong>illos</strong></span> <span class='ocrx_word' id='word_1_39' title='bbox 2069 706 2345 777; x_wconf 84' lang='lat' dir='ltr'><strong>sngillaret</strong></span> 
     </span>
    </p>
   </div>
   <div class='ocr_carea' id='block_1_8' title="bbox 743 802 2338 881">
    <p class='ocr_par' dir='ltr' id='par_1_8' title="bbox 743 802 2338 881">
     <span class='ocr_line' id='line_1_8' title="bbox 743 802 2338 881; baseline -0.009 -14"><span class='ocrx_word' id='word_1_40' title='bbox 743 814 795 868; x_wconf 93' lang='lat' dir='ltr'><strong>in</strong></span> <span class='ocrx_word' id='word_1_41' title='bbox 829 813 1140 869; x_wconf 83' lang='lat' dir='ltr'><strong>Beelzebule</strong></span> <span class='ocrx_word' id='word_1_42' title='bbox 1167 811 1445 881; x_wconf 89' lang='lat' dir='ltr'><strong>ejicientes</strong></span> <span class='ocrx_word' id='word_1_43' title='bbox 1465 852 1480 874; x_wconf 92' lang='lat'><strong>,</strong></span> <span class='ocrx_word' id='word_1_44' title='bbox 1513 809 1731 864; x_wconf 73' lang='lat' dir='ltr'><strong>resistet</strong></span> <span class='ocrx_word' id='word_1_45' title='bbox 1778 804 1872 860; x_wconf 92' lang='lat' dir='ltr'><strong>tibi</strong></span> <span class='ocrx_word' id='word_1_46' title='bbox 1916 802 2062 873; x_wconf 90' lang='lat' dir='ltr'><strong>prior</strong></span> <span class='ocrx_word' id='word_1_47' title='bbox 2108 814 2297 857; x_wconf 85' lang='lat' dir='ltr'><strong>sensus</strong></span> <span class='ocrx_word' id='word_1_48' title='bbox 2322 841 2338 868; x_wconf 93' lang='lat'><strong>,</strong></span> 
     </span>
    </p>
   </div>
   <div class='ocr_carea' id='block_1_9' title="bbox 743 891 2342 974">
    <p class='ocr_par' dir='ltr' id='par_1_9' title="bbox 743 891 2342 974">
     <span class='ocr_line' id='line_1_9' title="bbox 743 891 2342 974; baseline -0.009 -14"><span class='ocrx_word' id='word_1_49' title='bbox 743 921 847 960; x_wconf 91' lang='lat' dir='ltr'><strong>non</strong></span> <span class='ocrx_word' id='word_1_50' title='bbox 869 919 1025 974; x_wconf 87' lang='lat' dir='ltr'><strong>posse</strong></span> <span class='ocrx_word' id='word_1_51' title='bbox 1043 901 1295 959; x_wconf 87' lang='lat' dir='ltr'><strong>Satanam</strong></span> <span class='ocrx_word' id='word_1_52' title='bbox 1319 900 1489 956; x_wconf 85' lang='lat' dir='ltr'><strong>dividi</strong></span> <span class='ocrx_word' id='word_1_53' title='bbox 1517 899 1775 954; x_wconf 86' lang='lat' dir='ltr'><strong>adversus</strong></span> <span class='ocrx_word' id='word_1_54' title='bbox 1797 895 2167 964; x_wconf 77' lang='lat' dir='ltr'><strong>semetipsum.</strong></span> <span class='ocrx_word' id='word_1_55' title='bbox 2192 891 2342 947; x_wconf 74' lang='lat' dir='ltr'><strong>Adeo</strong></span> 
     </span>
    </p>
   </div>
   <div class='ocr_carea' id='block_1_10' title="bbox 741 985 2344 1064">
    <p class='ocr_par' dir='ltr' id='par_1_10' title="bbox 741 985 2344 1064">
     <span class='ocr_line' id='line_1_10' title="bbox 741 985 2344 1064; baseline -0.01 -12"><span class='ocrx_word' id='word_1_56' title='bbox 741 1013 840 1054; x_wconf 89' lang='lat' dir='ltr'><strong>nec</strong></span> <span class='ocrx_word' id='word_1_57' title='bbox 862 998 932 1051; x_wconf 85' lang='lat' dir='ltr'><strong>illi</strong></span> <span class='ocrx_word' id='word_1_58' title='bbox 949 997 998 1052; x_wconf 93' lang='lat' dir='ltr'><strong>iu</strong></span> <span class='ocrx_word' id='word_1_59' title='bbox 1023 994 1340 1051; x_wconf 81' lang='lat' dir='ltr'><strong>Beelzebule</strong></span> <span class='ocrx_word' id='word_1_60' title='bbox 1360 991 1662 1064; x_wconf 90' lang='lat' dir='ltr'><strong>ejiciebant;</strong></span> <span class='ocrx_word' id='word_1_61' title='bbox 1684 988 1801 1054; x_wconf 89' lang='lat' dir='ltr'><strong>sed,</strong></span> <span class='ocrx_word' id='word_1_62' title='bbox 1823 997 1878 1042; x_wconf 94' lang='lat' dir='ltr'><strong>ut</strong></span> <span class='ocrx_word' id='word_1_63' title='bbox 1898 987 2148 1050; x_wconf 80' lang='lat' dir='ltr'><strong>diximus,</strong></span> <span class='ocrx_word' id='word_1_64' title='bbox 2175 985 2227 1039; x_wconf 92' lang='lat' dir='ltr'><strong>in</strong></span> <span class='ocrx_word' id='word_1_65' title='bbox 2245 985 2344 1038; x_wconf 87' lang='lat' dir='ltr'><strong>vir-</strong></span> 
     </span>
    </p>
   </div>
   <div class='ocr_carea' id='block_1_11' title="bbox 743 1075 2338 1158">
    <p class='ocr_par' dir='ltr' id='par_1_11' title="bbox 743 1075 2338 1158">
     <span class='ocr_line' id='line_1_11' title="bbox 743 1075 2338 1158; baseline -0.011 -13"><span class='ocrx_word' id='word_1_66' title='bbox 743 1100 854 1144; x_wconf 91' lang='lat' dir='ltr'><strong>tute</strong></span> <span class='ocrx_word' id='word_1_67' title='bbox 883 1090 1153 1144; x_wconf 80' lang='lat' dir='ltr'><strong>Creatoris</strong></span> <span class='ocrx_word' id='word_1_68' title='bbox 1184 1106 1197 1142; x_wconf 89' lang='lat'><strong>:</strong></span> <span class='ocrx_word' id='word_1_69' title='bbox 1229 1101 1387 1158; x_wconf 86' lang='lat' dir='ltr'><strong>quam</strong></span> <span class='ocrx_word' id='word_1_70' title='bbox 1420 1094 1478 1139; x_wconf 95' lang='lat' dir='ltr'><strong>ut</strong></span> <span class='ocrx_word' id='word_1_71' title='bbox 1506 1082 1726 1152; x_wconf 81' lang='lat' dir='ltr'><strong>intelligi</strong></span> <span class='ocrx_word' id='word_1_72' title='bbox 1778 1080 1996 1140; x_wconf 81' lang='lat' dir='ltr'><strong>faceret,</strong></span> <span class='ocrx_word' id='word_1_73' title='bbox 2027 1075 2338 1146; x_wconf 82' lang='lat' dir='ltr'><strong>subiungit:</strong></span> 
     </span>
    </p>
   </div>
   <div class='ocr_carea' id='block_1_12' title="bbox 747 1174 2344 1254">
    <p class='ocr_par' dir='ltr' id='par_1_12' title="bbox 747 1174 2344 1254">
     <span class='ocr_line' id='line_1_12' title="bbox 747 1174 2344 1254; baseline -0.011 -15"><span class='ocrx_word' id='word_1_74' title='bbox 747 1184 896 1253; x_wconf 85' lang='lat' dir='ltr'><strong>Quod</strong></span> <span class='ocrx_word' id='word_1_75' title='bbox 914 1184 958 1239; x_wconf 88' lang='lat' dir='ltr'><strong>si</strong></span> <span class='ocrx_word' id='word_1_76' title='bbox 972 1199 1063 1254; x_wconf 85' lang='lat' dir='ltr'><strong>ego</strong></span> <span class='ocrx_word' id='word_1_77' title='bbox 1083 1183 1134 1235; x_wconf 84' lang='lat' dir='ltr'><strong>in</strong></span> <span class='ocrx_word' id='word_1_78' title='bbox 1156 1181 1312 1251; x_wconf 88' lang='lat' dir='ltr'><strong>digito</strong></span> <span class='ocrx_word' id='word_1_79' title='bbox 1329 1177 1425 1233; x_wconf 87' lang='lat' dir='ltr'><strong>Dei</strong></span> <span class='ocrx_word' id='word_1_80' title='bbox 1440 1178 1636 1248; x_wconf 73' lang='lat' dir='ltr'><strong>expello</strong></span> <span class='ocrx_word' id='word_1_81' title='bbox 1656 1174 1930 1240; x_wconf 64' lang='lat' dir='ltr'><strong>daemonia,</strong></span> <span class='ocrx_word' id='word_1_82' title='bbox 1954 1187 2139 1243; x_wconf 82' lang='lat' dir='ltr'><strong>ergone</strong></span> <span class='ocrx_word' id='word_1_83' title='bbox 2153 1184 2344 1241; x_wconf 87' lang='lat' dir='ltr'><strong>appro-</strong></span> 
     </span>
    </p>
   </div>
   <div class='ocr_carea' id='block_1_13' title="bbox 744 1262 2343 1348">
    <p class='ocr_par' dir='ltr' id='par_1_13' title="bbox 744 1262 2343 1348">
     <span class='ocr_line' id='line_1_13' title="bbox 744 1262 2343 1348; baseline -0.009 -18"><span class='ocrx_word' id='word_1_84' title='bbox 744 1275 1006 1348; x_wconf 79' lang='lat' dir='ltr'><strong>pinquavit</strong></span> <span class='ocrx_word' id='word_1_85' title='bbox 1044 1275 1095 1328; x_wconf 82' lang='lat' dir='ltr'><strong>in</strong></span> <span class='ocrx_word' id='word_1_86' title='bbox 1125 1290 1210 1328; x_wconf 84' lang='lat' dir='ltr'><strong>vos</strong></span> <span class='ocrx_word' id='word_1_87' title='bbox 1238 1287 1450 1344; x_wconf 83' lang='lat' dir='ltr'><strong>regnum</strong></span> <span class='ocrx_word' id='word_1_88' title='bbox 1476 1269 1573 1324; x_wconf 91' lang='lat' dir='ltr'><strong>Dei</strong></span> <span class='ocrx_word' id='word_1_89' title='bbox 1602 1268 1627 1322; x_wconf 76' lang='lat'><strong><em>7</em></strong></span> <span class='ocrx_word' id='word_1_90' title='bbox 1653 1265 1810 1338; x_wconf 83' lang='lat' dir='ltr'><strong>Apud</strong></span> <span class='ocrx_word' id='word_1_91' title='bbox 1841 1266 2170 1320; x_wconf 86' lang='lat' dir='ltr'><strong>Pharaonem</strong></span> <span class='ocrx_word' id='word_1_92' title='bbox 2199 1262 2343 1318; x_wconf 86' lang='lat' dir='ltr'><strong>enim</strong></span> 
     </span>
    </p>
   </div>
   <div class='ocr_carea' id='block_1_14' title="bbox 746 1353 2342 1431">
    <p class='ocr_par' dir='ltr' id='par_1_14' title="bbox 746 1353 2342 1431">
     <span class='ocr_line' id='line_1_14' title="bbox 746 1353 2342 1431; baseline -0.011 -7"><span class='ocrx_word' id='word_1_93' title='bbox 746 1368 968 1424; x_wconf 91' lang='lat' dir='ltr'><strong>veneﬁci</strong></span> <span class='ocrx_word' id='word_1_94' title='bbox 992 1367 1068 1422; x_wconf 94' lang='lat' dir='ltr'><strong>illi</strong></span> <span class='ocrx_word' id='word_1_95' title='bbox 1089 1363 1311 1421; x_wconf 84' lang='lat' dir='ltr'><strong>adhibiti</strong></span> <span class='ocrx_word' id='word_1_96' title='bbox 1334 1363 1598 1418; x_wconf 90' lang='lat' dir='ltr'><strong>adversus</strong></span> <span class='ocrx_word' id='word_1_97' title='bbox 1623 1359 1866 1431; x_wconf 79' lang='lat' dir='ltr'><strong>Moysen,</strong></span> <span class='ocrx_word' id='word_1_98' title='bbox 1889 1356 2140 1411; x_wconf 78' lang='lat' dir='ltr'><strong>virtutem</strong></span> <span class='ocrx_word' id='word_1_99' title='bbox 2178 1353 2342 1409; x_wconf 89' lang='lat' dir='ltr'><strong>Crea-</strong></span> 
     </span>
    </p>
   </div>
   <div class='ocr_carea' id='block_1_15' title="bbox 759 1438 2346 1529">
    <p class='ocr_par' dir='ltr' id='par_1_15' title="bbox 759 1438 2346 1529">
     <span class='ocr_line' id='line_1_15' title="bbox 759 1438 2346 1529; baseline -0.012 -13"><span class='ocrx_word' id='word_1_100' title='bbox 759 1461 892 1516; x_wconf 88' lang='lat' dir='ltr'><strong>toris</strong></span> <span class='ocrx_word' id='word_1_101' title='bbox 932 1459 1157 1529; x_wconf 76' lang='lat' dir='ltr'><strong>digitum</strong></span> <span class='ocrx_word' id='word_1_102' title='bbox 1205 1456 1297 1511; x_wconf 86' lang='lat' dir='ltr'><strong>Dei</strong></span> <span class='ocrx_word' id='word_1_103' title='bbox 1342 1453 1740 1524; x_wconf 87' lang='lat' dir='ltr'><strong>appellaverunt</strong></span> <span class='ocrx_word' id='word_1_104' title='bbox 1773 1438 1967 1521; x_wconf 72' lang='lat' dir='ltr'><strong>(Exod.</strong></span> <span class='ocrx_word' id='word_1_105' title='bbox 2005 1444 2142 1518; x_wconf 87' lang='lat' dir='ltr'><strong>Vlll)</strong></span> <span class='ocrx_word' id='word_1_106' title='bbox 2182 1460 2197 1500; x_wconf 88' lang='lat'>:</span> <span class='ocrx_word' id='word_1_107' title='bbox 2248 1443 2346 1498; x_wconf 89' lang='lat' dir='ltr'><strong>Di-</strong></span> 
     </span>
    </p>
   </div>
   <div class='ocr_carea' id='block_1_16' title="bbox 749 1538 2343 1626">
    <p class='ocr_par' dir='ltr' id='par_1_16' title="bbox 749 1538 2343 1626">
     <span class='ocr_line' id='line_1_16' title="bbox 749 1538 2343 1626; baseline -0.009 -18"><span class='ocrx_word' id='word_1_108' title='bbox 749 1555 883 1626; x_wconf 84' lang='lat' dir='ltr'><strong>gitus</strong></span> <span class='ocrx_word' id='word_1_109' title='bbox 907 1551 1003 1606; x_wconf 85' lang='lat' dir='ltr'><strong>Dei</strong></span> <span class='ocrx_word' id='word_1_110' title='bbox 1035 1560 1107 1606; x_wconf 86' lang='lat' dir='ltr'><strong>est</strong></span> <span class='ocrx_word' id='word_1_111' title='bbox 1133 1551 1261 1615; x_wconf 82' lang='lat' dir='ltr'><strong>hoc;</strong></span> <span class='ocrx_word' id='word_1_112' title='bbox 1290 1545 1433 1619; x_wconf 90' lang='lat' dir='ltr'><strong>quod</strong></span> <span class='ocrx_word' id='word_1_113' title='bbox 1462 1547 1543 1616; x_wconf 79' lang='lat'><strong>(2)</strong></span> <span class='ocrx_word' id='word_1_114' title='bbox 1571 1543 1894 1615; x_wconf 90' lang='lat' dir='ltr'><strong>signiﬁcaret</strong></span> <span class='ocrx_word' id='word_1_115' title='bbox 1925 1538 2007 1611; x_wconf 78' lang='lat'><strong>(3)</strong></span> <span class='ocrx_word' id='word_1_116' title='bbox 2033 1541 2193 1596; x_wconf 91' lang='lat' dir='ltr'><strong>etiam</strong></span> <span class='ocrx_word' id='word_1_117' title='bbox 2227 1554 2343 1594; x_wconf 87' lang='lat' dir='ltr'><strong>mo-</strong></span> 
     </span>
    </p>
   </div>
   <div class='ocr_carea' id='block_1_17' title="bbox 748 1633 2342 1711">
    <p class='ocr_par' dir='ltr' id='par_1_17' title="bbox 748 1633 2342 1711">
     <span class='ocr_line' id='line_1_17' title="bbox 748 1633 2342 1711; baseline -0.008 -9"><span class='ocrx_word' id='word_1_118' title='bbox 748 1646 948 1711; x_wconf 92' lang='lat' dir='ltr'><strong>dicum,</strong></span> <span class='ocrx_word' id='word_1_119' title='bbox 967 1643 1351 1699; x_wconf 89' lang='lat' dir='ltr'><strong>validissimum</strong></span> <span class='ocrx_word' id='word_1_120' title='bbox 1367 1648 1544 1695; x_wconf 89' lang='lat' dir='ltr'><strong>tamen</strong></span> <span class='ocrx_word' id='word_1_121' title='bbox 1556 1679 1568 1692; x_wconf 92' lang='lat'><strong>.</strong></span> <span class='ocrx_word' id='word_1_122' title='bbox 1586 1637 1696 1692; x_wconf 82' lang='lat' dir='ltr'><strong>Hoc</strong></span> <span class='ocrx_word' id='word_1_123' title='bbox 1710 1648 1765 1693; x_wconf 92' lang='lat' dir='ltr'><strong>et</strong></span> <span class='ocrx_word' id='word_1_124' title='bbox 1781 1635 2020 1690; x_wconf 84' lang='lat' dir='ltr'><strong>Christus</strong></span> <span class='ocrx_word' id='word_1_125' title='bbox 2033 1633 2342 1700; x_wconf 90' lang='lat' dir='ltr'><strong>ostendens,</strong></span> 
     </span>
    </p>
   </div>
   <div class='ocr_carea' id='block_1_18' title="bbox 747 1725 2346 1802">
    <p class='ocr_par' dir='ltr' id='par_1_18' title="bbox 747 1725 2346 1802">
     <span class='ocr_line' id='line_1_18' title="bbox 747 1725 2346 1802; baseline -0.009 -8"><span class='ocrx_word' id='word_1_126' title='bbox 747 1747 1196 1796; x_wconf 81' lang='lat' dir='ltr'><strong>commemoratur</strong></span> <span class='ocrx_word' id='word_1_127' title='bbox 1214 1776 1230 1802; x_wconf 96' lang='lat'><strong>,</strong></span> <span class='ocrx_word' id='word_1_128' title='bbox 1267 1751 1373 1789; x_wconf 91' lang='lat' dir='ltr'><strong>non</strong></span> <span class='ocrx_word' id='word_1_129' title='bbox 1402 1733 1712 1787; x_wconf 87' lang='lat' dir='ltr'><strong>obliterator</strong></span> <span class='ocrx_word' id='word_1_130' title='bbox 1760 1737 2079 1784; x_wconf 85' lang='lat' dir='ltr'><strong>vetustatum</strong></span> <span class='ocrx_word' id='word_1_131' title='bbox 2101 1769 2114 1791; x_wconf 88' lang='lat'><strong>,</strong></span> <span class='ocrx_word' id='word_1_132' title='bbox 2140 1725 2346 1782; x_wconf 88' lang='lat' dir='ltr'><strong>scilicet</strong></span> 
     </span>
    </p>
   </div>
   <div class='ocr_carea' id='block_1_19' title="bbox 747 1820 2345 1898">
    <p class='ocr_par' dir='ltr' id='par_1_19' title="bbox 747 1820 2345 1898">
     <span class='ocr_line' id='line_1_19' title="bbox 747 1820 2345 1898; baseline -0.01 -9"><span class='ocrx_word' id='word_1_133' title='bbox 747 1847 987 1898; x_wconf 90' lang='lat' dir='ltr'><strong>suarum,</strong></span> <span class='ocrx_word' id='word_1_134' title='bbox 1007 1832 1254 1885; x_wconf 84' lang='lat' dir='ltr'><strong>virtutem</strong></span> <span class='ocrx_word' id='word_1_135' title='bbox 1277 1827 1602 1897; x_wconf 90' lang='lat' dir='ltr'><strong>Deidigitum</strong></span> <span class='ocrx_word' id='word_1_136' title='bbox 1633 1823 1725 1879; x_wconf 90' lang='lat' dir='ltr'><strong>Dei</strong></span> <span class='ocrx_word' id='word_1_137' title='bbox 1753 1822 1887 1878; x_wconf 83' lang='lat' dir='ltr'><strong>dixit</strong></span> <span class='ocrx_word' id='word_1_138' title='bbox 1909 1838 2012 1876; x_wconf 90' lang='lat' dir='ltr'><strong>non</strong></span> <span class='ocrx_word' id='word_1_139' title='bbox 2031 1820 2345 1875; x_wconf 89' lang='lat' dir='ltr'><strong>alteriusin—</strong></span> 
     </span>
    </p>
   </div>
   <div class='ocr_carea' id='block_1_20' title="bbox 2445 619 4042 694">
    <p class='ocr_par' dir='ltr' id='par_1_20' title="bbox 2445 619 4042 694">
     <span class='ocr_line' id='line_1_20' title="bbox 2445 619 4042 694; baseline -0.006 -11"><span class='ocrx_word' id='word_1_140' title='bbox 2445 628 2586 683; x_wconf 85' lang='lat' dir='ltr'><strong>aliud</strong></span> <span class='ocrx_word' id='word_1_141' title='bbox 2620 627 2842 694; x_wconf 87' lang='lat' dir='ltr'><strong>docens,</strong></span> <span class='ocrx_word' id='word_1_142' title='bbox 2873 625 3018 680; x_wconf 85' lang='lat' dir='ltr'><strong>aliud</strong></span> <span class='ocrx_word' id='word_1_143' title='bbox 3048 624 3282 678; x_wconf 90' lang='lat' dir='ltr'><strong>faciens:</strong></span> <span class='ocrx_word' id='word_1_144' title='bbox 3309 622 3462 693; x_wconf 86' lang='lat' dir='ltr'><strong>jubet</strong></span> <span class='ocrx_word' id='word_1_145' title='bbox 3485 622 3631 677; x_wconf 94' lang='lat' dir='ltr'><strong>omni</strong></span> <span class='ocrx_word' id='word_1_146' title='bbox 3659 621 3859 692; x_wconf 86' lang='lat' dir='ltr'><strong>petenti</strong></span> <span class='ocrx_word' id='word_1_147' title='bbox 3885 619 4042 686; x_wconf 82' lang='lat' dir='ltr'><strong>dare,</strong></span> 
     </span>
    </p>
   </div>
   <div class='ocr_carea' id='block_1_21' title="bbox 2444 711 4045 789">
    <p class='ocr_par' dir='ltr' id='par_1_21' title="bbox 2444 711 4045 789">
     <span class='ocr_line' id='line_1_21' title="bbox 2444 711 4045 789; baseline -0.007 -14"><span class='ocrx_word' id='word_1_148' title='bbox 2444 729 2499 776; x_wconf 90' lang='lat' dir='ltr'><strong>et</strong></span> <span class='ocrx_word' id='word_1_149' title='bbox 2530 720 2648 789; x_wconf 90' lang='lat' dir='ltr'><strong>ipse</strong></span> <span class='ocrx_word' id='word_1_150' title='bbox 2675 721 2887 788; x_wconf 90' lang='lat' dir='ltr'><strong>signum</strong></span> <span class='ocrx_word' id='word_1_151' title='bbox 2922 716 3228 787; x_wconf 89' lang='lat' dir='ltr'><strong>petentibus</strong></span> <span class='ocrx_word' id='word_1_152' title='bbox 3256 731 3359 769; x_wconf 92' lang='lat' dir='ltr'><strong>non</strong></span> <span class='ocrx_word' id='word_1_153' title='bbox 3390 715 3500 770; x_wconf 91' lang='lat' dir='ltr'><strong>dat.</strong></span> <span class='ocrx_word' id='word_1_154' title='bbox 3527 714 3696 769; x_wconf 91' lang='lat' dir='ltr'><strong>Tanto</strong></span> <span class='ocrx_word' id='word_1_155' title='bbox 3722 727 3838 767; x_wconf 76' lang='lat' dir='ltr'><strong>aevo</strong></span> <span class='ocrx_word' id='word_1_156' title='bbox 3867 711 4045 766; x_wconf 87' lang='lat' dir='ltr'><strong>lucem</strong></span> 
     </span>
    </p>
   </div>
   <div class='ocr_carea' id='block_1_22' title="bbox 2446 806 4049 877">
    <p class='ocr_par' dir='ltr' id='par_1_22' title="bbox 2446 806 4049 877">
     <span class='ocr_line' id='line_1_22' title="bbox 2446 806 4049 877; baseline -0.006 -7"><span class='ocrx_word' id='word_1_157' title='bbox 2446 829 2594 870; x_wconf 92' lang='lat' dir='ltr'><strong>suam</strong></span> <span class='ocrx_word' id='word_1_158' title='bbox 2640 813 2708 868; x_wconf 90' lang='lat' dir='ltr'><strong>ab</strong></span> <span class='ocrx_word' id='word_1_159' title='bbox 2760 811 3066 868; x_wconf 89' lang='lat' dir='ltr'><strong>hominibus</strong></span> <span class='ocrx_word' id='word_1_160' title='bbox 3116 808 3420 872; x_wconf 90' lang='lat' dir='ltr'><strong>abscondit,</strong></span> <span class='ocrx_word' id='word_1_161' title='bbox 3463 816 3516 863; x_wconf 92' lang='lat' dir='ltr'><strong>et</strong></span> <span class='ocrx_word' id='word_1_162' title='bbox 3560 817 3717 877; x_wconf 88' lang='lat' dir='ltr'><strong>negat</strong></span> <span class='ocrx_word' id='word_1_163' title='bbox 3765 806 4049 860; x_wconf 88' lang='lat' dir='ltr'><strong>lucernam</strong></span> 
     </span>
    </p>
   </div>
   <div class='ocr_carea' id='block_1_23' title="bbox 2445 900 4048 972">
    <p class='ocr_par' dir='ltr' id='par_1_23' title="bbox 2445 900 4048 972">
     <span class='ocr_line' id='line_1_23' title="bbox 2445 900 4048 972; baseline -0.005 -12"><span class='ocrx_word' id='word_1_164' title='bbox 2445 906 2822 962; x_wconf 90' lang='lat' dir='ltr'><strong>abstruendatn</strong></span> <span class='ocrx_word' id='word_1_165' title='bbox 2848 923 2862 970; x_wconf 87' lang='lat'><strong>;</strong></span> <span class='ocrx_word' id='word_1_166' title='bbox 2892 904 2988 960; x_wconf 90' lang='lat' dir='ltr'><strong>sed</strong></span> <span class='ocrx_word' id='word_1_167' title='bbox 3014 904 3300 959; x_wconf 81' lang='lat' dir='ltr'><strong>confirmat</strong></span> <span class='ocrx_word' id='word_1_168' title='bbox 3325 918 3485 972; x_wconf 88' lang='lat' dir='ltr'><strong>super</strong></span> <span class='ocrx_word' id='word_1_169' title='bbox 3509 900 3891 955; x_wconf 78' lang='lat' dir='ltr'><strong>candelabrum</strong></span> <span class='ocrx_word' id='word_1_170' title='bbox 3921 912 4048 966; x_wconf 75' lang='lat' dir='ltr'><strong>pro~</strong></span> 
     </span>
    </p>
   </div>
   <div class='ocr_carea' id='block_1_24' title="bbox 2446 990 4047 1070">
    <p class='ocr_par' dir='ltr' id='par_1_24' title="bbox 2446 990 4047 1070">
     <span class='ocr_line' id='line_1_24' title="bbox 2446 990 4047 1070; baseline -0.006 -18"><span class='ocrx_word' id='word_1_171' title='bbox 2446 997 2770 1070; x_wconf 87' lang='lat' dir='ltr'><strong>ponendam,</strong></span> <span class='ocrx_word' id='word_1_172' title='bbox 2811 1006 2869 1052; x_wconf 94' lang='lat' dir='ltr'><strong>ut</strong></span> <span class='ocrx_word' id='word_1_173' title='bbox 2910 996 3160 1050; x_wconf 89' lang='lat' dir='ltr'><strong>omnibus</strong></span> <span class='ocrx_word' id='word_1_174' title='bbox 3187 995 3384 1049; x_wconf 89' lang='lat' dir='ltr'><strong>luceat.</strong></span> <span class='ocrx_word' id='word_1_175' title='bbox 3427 993 3581 1048; x_wconf 86' lang='lat' dir='ltr'><strong>Vetat</strong></span> <span class='ocrx_word' id='word_1_176' title='bbox 3612 990 4002 1046; x_wconf 78' lang='lat' dir='ltr'><strong>remaledicere</strong></span> <span class='ocrx_word' id='word_1_177' title='bbox 4029 1031 4047 1056; x_wconf 94' lang='lat'><strong>,</strong></span> 
     </span>
    </p>
   </div>
   <div class='ocr_carea' id='block_1_25' title="bbox 2447 1079 4052 1160">
    <p class='ocr_par' dir='ltr' id='par_1_25' title="bbox 2447 1079 4052 1160">
     <span class='ocr_line' id='line_1_25' title="bbox 2447 1079 4052 1160; baseline -0.006 -16"><span class='ocrx_word' id='word_1_178' title='bbox 2447 1090 2614 1144; x_wconf 90' lang='lat' dir='ltr'><strong>multo</strong></span> <span class='ocrx_word' id='word_1_179' title='bbox 2645 1089 2814 1160; x_wconf 86' lang='lat' dir='ltr'><strong>magis</strong></span> <span class='ocrx_word' id='word_1_180' title='bbox 2840 1088 3024 1158; x_wconf 90' lang='lat' dir='ltr'><strong>utique</strong></span> <span class='ocrx_word' id='word_1_181' title='bbox 3056 1085 3382 1141; x_wconf 86' lang='lat' dir='ltr'><strong>maledicere</strong></span> <span class='ocrx_word' id='word_1_182' title='bbox 3411 1103 3423 1138; x_wconf 89' lang='lat'>:</span> <span class='ocrx_word' id='word_1_183' title='bbox 3456 1095 3508 1138; x_wconf 92' lang='lat' dir='ltr'><strong>et</strong></span> <span class='ocrx_word' id='word_1_184' title='bbox 3536 1099 3610 1137; x_wconf 73' lang='lat' dir='ltr'><strong>ua:</strong></span> <span class='ocrx_word' id='word_1_185' title='bbox 3634 1084 3828 1152; x_wconf 79' lang='lat' dir='ltr'><strong>ingerit</strong></span> <span class='ocrx_word' id='word_1_186' title='bbox 3859 1079 4052 1136; x_wconf 87' lang='lat' dir='ltr'><strong>Phari-</strong></span> 
     </span>
    </p>
   </div>
   <div class='ocr_carea' id='block_1_26' title="bbox 2447 1173 4052 1247">
    <p class='ocr_par' dir='ltr' id='par_1_26' title="bbox 2447 1173 4052 1247">
     <span class='ocr_line' id='line_1_26' title="bbox 2447 1173 4052 1247; baseline -0.006 -11"><span class='ocrx_word' id='word_1_187' title='bbox 2447 1182 2569 1237; x_wconf 67' lang='lat' dir='ltr'><strong>saais</strong></span> <span class='ocrx_word' id='word_1_188' title='bbox 2596 1193 2649 1237; x_wconf 90' lang='lat' dir='ltr'><strong>et</strong></span> <span class='ocrx_word' id='word_1_189' title='bbox 2676 1180 2992 1236; x_wconf 90' lang='lat' dir='ltr'><strong>doctoribus</strong></span> <span class='ocrx_word' id='word_1_190' title='bbox 3023 1179 3174 1247; x_wconf 87' lang='lat' dir='ltr'><strong>legis.</strong></span> <span class='ocrx_word' id='word_1_191' title='bbox 3201 1178 3334 1246; x_wconf 84' lang='lat' dir='ltr'><strong>Quis</strong></span> <span class='ocrx_word' id='word_1_192' title='bbox 3360 1186 3444 1232; x_wconf 90' lang='lat' dir='ltr'><strong>est</strong></span> <span class='ocrx_word' id='word_1_193' title='bbox 3469 1186 3574 1230; x_wconf 88' lang='lat' dir='ltr'><strong>tam</strong></span> <span class='ocrx_word' id='word_1_194' title='bbox 3604 1175 3795 1229; x_wconf 86' lang='lat' dir='ltr'><strong>similis</strong></span> <span class='ocrx_word' id='word_1_195' title='bbox 3826 1174 3918 1228; x_wconf 92' lang='lat' dir='ltr'><strong>Dei</strong></span> <span class='ocrx_word' id='word_1_196' title='bbox 3943 1173 4052 1227; x_wconf 84' lang='lat' dir='ltr'><strong>mei</strong></span> 
     </span>
    </p>
   </div>
   <div class='ocr_carea' id='block_1_27' title="bbox 2447 1267 4052 1344">
    <p class='ocr_par' dir='ltr' id='par_1_27' title="bbox 2447 1267 4052 1344">
     <span class='ocr_line' id='line_1_27' title="bbox 2447 1267 4052 1344; baseline -0.007 -13"><span class='ocrx_word' id='word_1_197' title='bbox 2447 1273 2712 1340; x_wconf 84' lang='lat' dir='ltr'><strong>Christus,</strong></span> <span class='ocrx_word' id='word_1_198' title='bbox 2737 1274 2836 1330; x_wconf 90' lang='lat' dir='ltr'><strong>nisi</strong></span> <span class='ocrx_word' id='word_1_199' title='bbox 2862 1275 3063 1344; x_wconf 85' lang='lat' dir='ltr'><strong>ipsius?</strong></span> <span class='ocrx_word' id='word_1_200' title='bbox 3079 1273 3232 1344; x_wconf 71' lang='lat' dir='ltr'><strong>Saepe</strong></span> <span class='ocrx_word' id='word_1_201' title='bbox 3245 1273 3351 1342; x_wconf 89' lang='lat' dir='ltr'><strong>jam</strong></span> <span class='ocrx_word' id='word_1_202' title='bbox 3372 1271 3584 1326; x_wconf 79' lang='lat' dir='ltr'><strong>ﬁximus</strong></span> <span class='ocrx_word' id='word_1_203' title='bbox 3598 1269 3698 1341; x_wconf 84' lang='lat'><strong>(6),</strong></span> <span class='ocrx_word' id='word_1_204' title='bbox 3721 1269 3865 1324; x_wconf 85' lang='lat' dir='ltr'><strong>nullo</strong></span> <span class='ocrx_word' id='word_1_205' title='bbox 3885 1267 4052 1322; x_wconf 79' lang='lat' dir='ltr'><strong>modo</strong></span> 
     </span>
    </p>
   </div>
   <div class='ocr_carea' id='block_1_28' title="bbox 2447 1361 4051 1438">
    <p class='ocr_par' dir='ltr' id='par_1_28' title="bbox 2447 1361 4051 1438">
     <span class='ocr_line' id='line_1_28' title="bbox 2447 1361 4051 1438; baseline -0.007 -15"><span class='ocrx_word' id='word_1_206' title='bbox 2447 1367 2684 1438; x_wconf 84' lang='lat' dir='ltr'><strong>potuisse</strong></span> <span class='ocrx_word' id='word_1_207' title='bbox 2730 1367 2880 1422; x_wconf 91' lang='lat' dir='ltr'><strong>illum</strong></span> <span class='ocrx_word' id='word_1_208' title='bbox 2927 1366 3318 1420; x_wconf 90' lang='lat' dir='ltr'><strong>destructorem</strong></span> <span class='ocrx_word' id='word_1_209' title='bbox 3353 1363 3483 1433; x_wconf 82' lang='lat' dir='ltr'><strong>legis</strong></span> <span class='ocrx_word' id='word_1_210' title='bbox 3511 1362 3776 1427; x_wconf 84' lang='lat' dir='ltr'><strong>denotari,</strong></span> <span class='ocrx_word' id='word_1_211' title='bbox 3807 1361 3851 1415; x_wconf 93' lang='lat' dir='ltr'><strong>si</strong></span> <span class='ocrx_word' id='word_1_212' title='bbox 3878 1361 4051 1412; x_wconf 84' lang='lat' dir='ltr'><strong>alium</strong></span> 
     </span>
    </p>
   </div>
   <div class='ocr_carea' id='block_1_29' title="bbox 2450 1452 4054 1528">
    <p class='ocr_par' dir='ltr' id='par_1_29' title="bbox 2450 1452 4054 1528">
     <span class='ocr_line' id='line_1_29' title="bbox 2450 1452 4054 1528; baseline -0.006 -14"><span class='ocrx_word' id='word_1_213' title='bbox 2450 1458 2615 1514; x_wconf 91' lang='lat' dir='ltr'><strong>Deum</strong></span> <span class='ocrx_word' id='word_1_214' title='bbox 2643 1458 3053 1528; x_wconf 75' lang='lat' dir='ltr'><strong>promulgasset.</strong></span> <span class='ocrx_word' id='word_1_215' title='bbox 3075 1456 3200 1511; x_wconf 89' lang='lat' dir='ltr'><strong>Ideo</strong></span> <span class='ocrx_word' id='word_1_216' title='bbox 3221 1465 3277 1511; x_wconf 87' lang='lat' dir='ltr'><strong>et</strong></span> <span class='ocrx_word' id='word_1_217' title='bbox 3297 1465 3422 1510; x_wconf 90' lang='lat' dir='ltr'><strong>tunc</strong></span> <span class='ocrx_word' id='word_1_218' title='bbox 3442 1454 3759 1518; x_wconf 76' lang='lat' dir='ltr'><strong>Pharistens,</strong></span> <span class='ocrx_word' id='word_1_219' title='bbox 3784 1452 3873 1522; x_wconf 90' lang='lat' dir='ltr'><strong>qui</strong></span> <span class='ocrx_word' id='word_1_220' title='bbox 3899 1452 4054 1505; x_wconf 83' lang='lat' dir='ltr'><strong>illum</strong></span> 
     </span>
    </p>
   </div>
   <div class='ocr_carea' id='block_1_30' title="bbox 2450 1547 4051 1624">
    <p class='ocr_par' dir='ltr' id='par_1_30' title="bbox 2450 1547 4051 1624">
     <span class='ocr_line' id='line_1_30' title="bbox 2450 1547 4051 1624; baseline -0.005 -18"><span class='ocrx_word' id='word_1_221' title='bbox 2450 1562 2665 1608; x_wconf 86' lang='lat' dir='ltr'><strong>vocarat</strong></span> <span class='ocrx_word' id='word_1_222' title='bbox 2683 1551 2763 1624; x_wconf 86' lang='lat'><strong>(7)</strong></span> <span class='ocrx_word' id='word_1_223' title='bbox 2786 1551 2850 1606; x_wconf 88' lang='lat' dir='ltr'><strong>ad</strong></span> <span class='ocrx_word' id='word_1_224' title='bbox 2876 1552 3176 1621; x_wconf 84' lang='lat' dir='ltr'><strong>prandium,</strong></span> <span class='ocrx_word' id='word_1_225' title='bbox 3201 1547 3522 1606; x_wconf 84' lang='lat' dir='ltr'><strong>retractabat</strong></span> <span class='ocrx_word' id='word_1_226' title='bbox 3543 1563 3704 1617; x_wconf 89' lang='lat' dir='ltr'><strong>penes</strong></span> <span class='ocrx_word' id='word_1_227' title='bbox 3719 1562 3797 1610; x_wconf 91' lang='lat' dir='ltr'><strong>se,</strong></span> <span class='ocrx_word' id='word_1_228' title='bbox 3817 1560 3913 1600; x_wconf 90' lang='lat' dir='ltr'><strong>cur</strong></span> <span class='ocrx_word' id='word_1_229' title='bbox 3938 1559 4051 1599; x_wconf 93' lang='lat' dir='ltr'><strong>non</strong></span> 
     </span>
    </p>
   </div>
   <div class='ocr_carea' id='block_1_31' title="bbox 2449 1639 4054 1718">
    <p class='ocr_par' dir='ltr' id='par_1_31' title="bbox 2449 1639 4054 1718">
     <span class='ocr_line' id='line_1_31' title="bbox 2449 1639 4054 1718; baseline -0.006 -17"><span class='ocrx_word' id='word_1_230' title='bbox 2449 1647 2596 1718; x_wconf 91' lang='lat' dir='ltr'><strong>prius</strong></span> <span class='ocrx_word' id='word_1_231' title='bbox 2625 1647 2821 1700; x_wconf 90' lang='lat' dir='ltr'><strong>tinctus</strong></span> <span class='ocrx_word' id='word_1_232' title='bbox 2843 1654 2984 1699; x_wconf 90' lang='lat' dir='ltr'><strong>esset</strong></span> <span class='ocrx_word' id='word_1_233' title='bbox 3005 1660 3163 1714; x_wconf 91' lang='lat' dir='ltr'><strong>quam</strong></span> <span class='ocrx_word' id='word_1_234' title='bbox 3189 1642 3522 1698; x_wconf 87' lang='lat' dir='ltr'><strong>recubuisset</strong></span> <span class='ocrx_word' id='word_1_235' title='bbox 3539 1639 3831 1695; x_wconf 88' lang='lat' dir='ltr'><strong>secundum</strong></span> <span class='ocrx_word' id='word_1_236' title='bbox 3852 1640 4054 1708; x_wconf 77' lang='lat' dir='ltr'><strong>legem,</strong></span> 
     </span>
    </p>
   </div>
   <div class='ocr_carea' id='block_1_32' title="bbox 2448 1734 4058 1810">
    <p class='ocr_par' dir='ltr' id='par_1_32' title="bbox 2448 1734 4058 1810">
     <span class='ocr_line' id='line_1_32' title="bbox 2448 1734 4058 1810; baseline -0.005 -16"><span class='ocrx_word' id='word_1_237' title='bbox 2448 1739 2537 1810; x_wconf 92' lang='lat' dir='ltr'><strong>qui</strong></span> <span class='ocrx_word' id='word_1_238' title='bbox 2563 1738 2731 1794; x_wconf 90' lang='lat' dir='ltr'><strong>Deum</strong></span> <span class='ocrx_word' id='word_1_239' title='bbox 2751 1737 2881 1808; x_wconf 76' lang='lat' dir='ltr'><strong>legis</strong></span> <span class='ocrx_word' id='word_1_240' title='bbox 2905 1735 3299 1792; x_wconf 83' lang='lat' dir='ltr'><strong>circumferret?</strong></span> <span class='ocrx_word' id='word_1_241' title='bbox 3319 1736 3472 1791; x_wconf 82' lang='lat' dir='ltr'><strong>lesus</strong></span> <span class='ocrx_word' id='word_1_242' title='bbox 3495 1745 3670 1790; x_wconf 87' lang='lat' dir='ltr'><strong>autem</strong></span> <span class='ocrx_word' id='word_1_243' title='bbox 3695 1736 3856 1788; x_wconf 90' lang='lat' dir='ltr'><strong>etiam</strong></span> <span class='ocrx_word' id='word_1_244' title='bbox 3889 1734 4058 1787; x_wconf 86' lang='lat' dir='ltr'><strong>inter-</strong></span> 
     </span>
    </p>
   </div>
   <div class='ocr_carea' id='block_1_33' title="bbox 2452 1826 4058 1900">
    <p class='ocr_par' dir='ltr' id='par_1_33' title="bbox 2452 1826 4058 1900">
     <span class='ocr_line' id='line_1_33' title="bbox 2452 1826 4058 1900; baseline -0.004 -16"><span class='ocrx_word' id='word_1_245' title='bbox 2452 1839 2693 1899; x_wconf 83' lang='lat' dir='ltr'><strong>pretatus</strong></span> <span class='ocrx_word' id='word_1_246' title='bbox 2715 1841 2799 1884; x_wconf 90' lang='lat' dir='ltr'><strong>est</strong></span> <span class='ocrx_word' id='word_1_247' title='bbox 2825 1831 2874 1885; x_wconf 91' lang='lat' dir='ltr'><strong>ei</strong></span> <span class='ocrx_word' id='word_1_248' title='bbox 2897 1831 3091 1900; x_wconf 85' lang='lat' dir='ltr'><strong>legem,</strong></span> <span class='ocrx_word' id='word_1_249' title='bbox 3110 1829 3315 1892; x_wconf 88' lang='lat' dir='ltr'><strong>dicens,</strong></span> <span class='ocrx_word' id='word_1_250' title='bbox 3340 1828 3456 1881; x_wconf 86' lang='lat' dir='ltr'><strong>illos</strong></span> <span class='ocrx_word' id='word_1_251' title='bbox 3481 1828 3652 1881; x_wconf 77' lang='lat' dir='ltr'><strong>colicis</strong></span> <span class='ocrx_word' id='word_1_252' title='bbox 3672 1838 3717 1880; x_wconf 88' lang='lat' dir='ltr'><strong>et</strong></span> <span class='ocrx_word' id='word_1_253' title='bbox 3739 1826 3896 1879; x_wconf 84' lang='lat' dir='ltr'><strong>catini</strong></span> <span class='ocrx_word' id='word_1_254' title='bbox 3917 1833 4058 1878; x_wconf 69' lang='lat' dir='ltr'><strong>exte-</strong></span> 
     </span>
    </p>
   </div>
   <div class='ocr_carea' id='block_1_34' title="bbox 751 1913 4054 1998">
    <p class='ocr_par' dir='ltr' id='par_1_34' title="bbox 751 1913 4054 1998">
     <span class='ocr_line' id='line_1_34' title="bbox 751 1913 4054 1998; baseline -0.005 -9"><span class='ocrx_word' id='word_1_255' title='bbox 751 1925 1091 1998; x_wconf 75' lang='lat' dir='ltr'><strong>lelligcndam</strong></span> <span class='ocrx_word' id='word_1_256' title='bbox 1111 1967 1126 1991; x_wconf 76' lang='lat'><strong>.</strong></span> <span class='ocrx_word' id='word_1_257' title='bbox 1160 1937 1316 1994; x_wconf 72' lang='lat' dir='ltr'><strong>quam</strong></span> <span class='ocrx_word' id='word_1_258' title='bbox 1345 1921 1462 1992; x_wconf 69' lang='lat' dir='ltr'><strong>eius</strong></span> <span class='ocrx_word' id='word_1_259' title='bbox 1493 1919 1631 1987; x_wconf 73' lang='lat' dir='ltr'><strong>apud</strong></span> <span class='ocrx_word' id='word_1_260' title='bbox 1661 1932 1820 1988; x_wconf 84' lang='lat' dir='ltr'><strong>quem</strong></span> <span class='ocrx_word' id='word_1_261' title='bbox 1862 1915 1966 1971; x_wconf 76' lang='lat' dir='ltr'><strong>hoc</strong></span> <span class='ocrx_word' id='word_1_262' title='bbox 2012 1923 2127 1970; x_wconf 69' lang='lat' dir='ltr'><strong>eral</strong></span> <span class='ocrx_word' id='word_1_263' title='bbox 2165 1913 2350 1986; x_wconf 64' lang='grc' dir='ltr'><strong>κιρροὶ·</strong></span> <span class='ocrx_word' id='word_1_264' title='bbox 2383 1915 2428 1974; x_wconf 92' lang='grc' dir='ltr'>Β</span> <span class='ocrx_word' id='word_1_265' title='bbox 2457 1922 2595 1974; x_wconf 87' lang='lat' dir='ltr'><strong>riora</strong></span> <span class='ocrx_word' id='word_1_266' title='bbox 2616 1923 2915 1984; x_wconf 84' lang='lat' dir='ltr'><strong>emundare;</strong></span> <span class='ocrx_word' id='word_1_267' title='bbox 2933 1921 3178 1976; x_wconf 83' lang='lat' dir='ltr'><strong>interiora</strong></span> <span class='ocrx_word' id='word_1_268' title='bbox 3194 1931 3361 1975; x_wconf 87' lang='lat' dir='ltr'><strong>autem</strong></span> <span class='ocrx_word' id='word_1_269' title='bbox 3379 1921 3604 1991; x_wconf 87' lang='lat' dir='ltr'><strong>ipsorum</strong></span> <span class='ocrx_word' id='word_1_270' title='bbox 3623 1919 3891 1990; x_wconf 78' lang='lat' dir='ltr'><strong>plenaesse</strong></span> <span class='ocrx_word' id='word_1_271' title='bbox 3911 1919 4054 1988; x_wconf 80' lang='lat' dir='ltr'><strong>rapi-</strong></span> 
     </span>
    </p>
   </div>
   <div class='ocr_carea' id='block_1_35' title="bbox 748 2009 2345 2088">
    <p class='ocr_par' dir='ltr' id='par_1_35' title="bbox 748 2009 2345 2088">
     <span class='ocr_line' id='line_1_35' title="bbox 748 2009 2345 2088; baseline -0.011 -13"><span class='ocrx_word' id='word_1_272' title='bbox 748 2020 873 2076; x_wconf 88' lang='lat' dir='ltr'><strong>lata.</strong></span> <span class='ocrx_word' id='word_1_273' title='bbox 921 2018 1062 2088; x_wconf 86' lang='lat' dir='ltr'><strong>Ergo</strong></span> <span class='ocrx_word' id='word_1_274' title='bbox 1102 2026 1155 2071; x_wconf 92' lang='lat' dir='ltr'><strong>et</strong></span> <span class='ocrx_word' id='word_1_275' title='bbox 1201 2029 1426 2083; x_wconf 88' lang='lat' dir='ltr'><strong>regnum</strong></span> <span class='ocrx_word' id='word_1_276' title='bbox 1468 2013 1633 2081; x_wconf 89' lang='lat' dir='ltr'><strong>ipsius</strong></span> <span class='ocrx_word' id='word_1_277' title='bbox 1682 2009 2222 2079; x_wconf 82' lang='lat' dir='ltr'><strong>apprOpinquaverat,</strong></span> <span class='ocrx_word' id='word_1_278' title='bbox 2251 2020 2345 2059; x_wconf 88' lang='lat' dir='ltr'><strong>cu-</strong></span> 
     </span>
    </p>
   </div>
   <div class='ocr_carea' id='block_1_36' title="bbox 743 2097 2344 2184">
    <p class='ocr_par' dir='ltr' id='par_1_36' title="bbox 743 2097 2344 2184">
     <span class='ocr_line' id='line_1_36' title="bbox 743 2097 2344 2184; baseline -0.011 -17"><span class='ocrx_word' id='word_1_279' title='bbox 743 2112 834 2184; x_wconf 88' lang='lat' dir='ltr'><strong>jus</strong></span> <span class='ocrx_word' id='word_1_280' title='bbox 864 2120 917 2166; x_wconf 90' lang='lat' dir='ltr'><strong>et</strong></span> <span class='ocrx_word' id='word_1_281' title='bbox 941 2109 1108 2164; x_wconf 88' lang='lat' dir='ltr'><strong>virtus</strong></span> <span class='ocrx_word' id='word_1_282' title='bbox 1134 2106 1331 2177; x_wconf 88' lang='lat' dir='ltr'><strong>digitus</strong></span> <span class='ocrx_word' id='word_1_283' title='bbox 1347 2104 1421 2174; x_wconf 73' lang='grc' dir='ltr'><strong>(ὸ)</strong></span> <span class='ocrx_word' id='word_1_284' title='bbox 1441 2103 1748 2157; x_wconf 83' lang='lat' dir='ltr'><strong>vocabatur.</strong></span> <span class='ocrx_word' id='word_1_285' title='bbox 1776 2099 1966 2155; x_wconf 85' lang='lat' dir='ltr'><strong>Merito</strong></span> <span class='ocrx_word' id='word_1_286' title='bbox 1991 2099 2147 2169; x_wconf 87' lang='lat' dir='ltr'><strong>igitur</strong></span> <span class='ocrx_word' id='word_1_287' title='bbox 2174 2097 2344 2167; x_wconf 84' lang='lat' dir='ltr'><strong>appli-</strong></span> 
     </span>
    </p>
   </div>
   <div class='ocr_carea' id='block_1_37' title="bbox 752 2190 2343 2272">
    <p class='ocr_par' dir='ltr' id='par_1_37' title="bbox 752 2190 2343 2272">
     <span class='ocr_line' id='line_1_37' title="bbox 752 2190 2343 2272; baseline -0.009 -12"><span class='ocrx_word' id='word_1_288' title='bbox 752 2205 862 2260; x_wconf 91' lang='lat' dir='ltr'><strong>cuit</strong></span> <span class='ocrx_word' id='word_1_289' title='bbox 891 2203 955 2257; x_wconf 88' lang='lat' dir='ltr'><strong>ad</strong></span> <span class='ocrx_word' id='word_1_290' title='bbox 990 2200 1299 2272; x_wconf 87' lang='lat' dir='ltr'><strong>parabolam</strong></span> <span class='ocrx_word' id='word_1_291' title='bbox 1329 2196 1482 2252; x_wconf 89' lang='lat' dir='ltr'><strong>fortis</strong></span> <span class='ocrx_word' id='word_1_292' title='bbox 1513 2195 1656 2250; x_wconf 90' lang='lat' dir='ltr'><strong>illius</strong></span> <span class='ocrx_word' id='word_1_293' title='bbox 1685 2192 1901 2260; x_wconf 90' lang='lat' dir='ltr'><strong>armati,</strong></span> <span class='ocrx_word' id='word_1_294' title='bbox 1933 2207 2090 2263; x_wconf 89' lang='lat' dir='ltr'><strong>quem</strong></span> <span class='ocrx_word' id='word_1_295' title='bbox 2119 2190 2343 2246; x_wconf 83' lang='lat' dir='ltr'><strong>validior</strong></span> 
     </span>
    </p>
   </div>
   <div class='ocr_carea' id='block_1_38' title="bbox 747 2282 2343 2366">
    <p class='ocr_par' dir='ltr' id='par_1_38' title="bbox 747 2282 2343 2366">
     <span class='ocr_line' id='line_1_38' title="bbox 747 2282 2343 2366; baseline -0.008 -16"><span class='ocrx_word' id='word_1_296' title='bbox 747 2299 886 2353; x_wconf 89' lang='lat' dir='ltr'><strong>alius</strong></span> <span class='ocrx_word' id='word_1_297' title='bbox 911 2293 1200 2366; x_wconf 83' lang='lat' dir='ltr'><strong>oppressit,</strong></span> <span class='ocrx_word' id='word_1_298' title='bbox 1231 2289 1525 2363; x_wconf 89' lang='lat' dir='ltr'><strong>principem</strong></span> <span class='ocrx_word' id='word_1_299' title='bbox 1556 2286 1969 2349; x_wconf 65' lang='lat' dir='ltr'><strong>daemoniorum,</strong></span> <span class='ocrx_word' id='word_1_300' title='bbox 1998 2299 2158 2354; x_wconf 90' lang='lat' dir='ltr'><strong>quem</strong></span> <span class='ocrx_word' id='word_1_301' title='bbox 2188 2282 2343 2338; x_wconf 88' lang='lat' dir='ltr'><strong>Beel-</strong></span> 
     </span>
    </p>
   </div>
   <div class='ocr_carea' id='block_1_39' title="bbox 747 2375 2344 2451">
    <p class='ocr_par' dir='ltr' id='par_1_39' title="bbox 747 2375 2344 2451">
     <span class='ocr_line' id='line_1_39' title="bbox 747 2375 2344 2451; baseline -0.008 -7"><span class='ocrx_word' id='word_1_302' title='bbox 747 2387 990 2445; x_wconf 83' lang='lat' dir='ltr'><strong>zebulem</strong></span> <span class='ocrx_word' id='word_1_303' title='bbox 1028 2396 1081 2441; x_wconf 91' lang='lat' dir='ltr'><strong>et</strong></span> <span class='ocrx_word' id='word_1_304' title='bbox 1117 2385 1367 2440; x_wconf 88' lang='lat' dir='ltr'><strong>Satanam</strong></span> <span class='ocrx_word' id='word_1_305' title='bbox 1394 2395 1555 2451; x_wconf 88' lang='lat' dir='ltr'><strong>supra</strong></span> <span class='ocrx_word' id='word_1_306' title='bbox 1592 2379 1821 2444; x_wconf 75' lang='lat' dir='ltr'><strong>dixerat,</strong></span> <span class='ocrx_word' id='word_1_307' title='bbox 1848 2377 2152 2449; x_wconf 80' lang='lat' dir='ltr'><strong>signiﬁcans</strong></span> <span class='ocrx_word' id='word_1_308' title='bbox 2178 2375 2344 2446; x_wconf 89' lang='lat' dir='ltr'><strong>digito</strong></span> 
     </span>
    </p>
   </div>
   <div class='ocr_carea' id='block_1_40' title="bbox 750 2469 2340 2551">
    <p class='ocr_par' dir='ltr' id='par_1_40' title="bbox 750 2469 2340 2551">
     <span class='ocr_line' id='line_1_40' title="bbox 750 2469 2340 2551; baseline -0.01 -12"><span class='ocrx_word' id='word_1_309' title='bbox 750 2482 847 2539; x_wconf 91' lang='lat' dir='ltr'><strong>Dei</strong></span> <span class='ocrx_word' id='word_1_310' title='bbox 885 2494 1201 2551; x_wconf 89' lang='lat' dir='ltr'><strong>oppressum</strong></span> <span class='ocrx_word' id='word_1_311' title='bbox 1222 2518 1238 2543; x_wconf 93' lang='lat'><strong>,</strong></span> <span class='ocrx_word' id='word_1_312' title='bbox 1281 2491 1389 2532; x_wconf 92' lang='lat' dir='ltr'><strong>non</strong></span> <span class='ocrx_word' id='word_1_313' title='bbox 1426 2473 1737 2530; x_wconf 90' lang='lat' dir='ltr'><strong>Creatorem</strong></span> <span class='ocrx_word' id='word_1_314' title='bbox 1779 2470 1848 2525; x_wconf 92' lang='lat' dir='ltr'><strong>ab</strong></span> <span class='ocrx_word' id='word_1_315' title='bbox 1877 2471 1980 2525; x_wconf 90' lang='lat' dir='ltr'><strong>alio</strong></span> <span class='ocrx_word' id='word_1_316' title='bbox 2007 2470 2119 2526; x_wconf 92' lang='lat' dir='ltr'><strong>Deo</strong></span> <span class='ocrx_word' id='word_1_317' title='bbox 2147 2469 2340 2524; x_wconf 89' lang='lat' dir='ltr'><strong>subac-</strong></span> 
     </span>
    </p>
   </div>
   <div class='ocr_carea' id='block_1_41' title="bbox 748 2562 2338 2640">
    <p class='ocr_par' dir='ltr' id='par_1_41' title="bbox 748 2562 2338 2640">
     <span class='ocr_line' id='line_1_41' title="bbox 748 2562 2338 2640; baseline -0.009 -9"><span class='ocrx_word' id='word_1_318' title='bbox 748 2585 882 2632; x_wconf 90' lang='lat' dir='ltr'><strong>tum.</strong></span> <span class='ocrx_word' id='word_1_319' title='bbox 917 2573 1206 2636; x_wconf 68' lang='lat' dir='ltr'><strong>Caeterum,</strong></span> <span class='ocrx_word' id='word_1_320' title='bbox 1245 2567 1517 2640; x_wconf 90' lang='lat' dir='ltr'><strong>quomodo</strong></span> <span class='ocrx_word' id='word_1_321' title='bbox 1556 2565 1730 2621; x_wconf 90' lang='lat' dir='ltr'><strong>adhuc</strong></span> <span class='ocrx_word' id='word_1_322' title='bbox 1773 2573 1936 2619; x_wconf 89' lang='lat' dir='ltr'><strong>staret</strong></span> <span class='ocrx_word' id='word_1_323' title='bbox 1967 2578 2191 2634; x_wconf 90' lang='lat' dir='ltr'><strong>regnum</strong></span> <span class='ocrx_word' id='word_1_324' title='bbox 2217 2562 2338 2632; x_wconf 88' lang='lat' dir='ltr'><strong>ejus</strong></span> 
     </span>
    </p>
   </div>
   <div class='ocr_carea' id='block_1_42' title="bbox 748 2654 2343 2730">
    <p class='ocr_par' dir='ltr' id='par_1_42' title="bbox 748 2654 2343 2730">
     <span class='ocr_line' id='line_1_42' title="bbox 748 2654 2343 2730; baseline -0.01 -8"><span class='ocrx_word' id='word_1_325' title='bbox 748 2667 800 2722; x_wconf 92' lang='lat' dir='ltr'><strong>in</strong></span> <span class='ocrx_word' id='word_1_326' title='bbox 832 2665 942 2721; x_wconf 87' lang='lat' dir='ltr'><strong>suis</strong></span> <span class='ocrx_word' id='word_1_327' title='bbox 972 2663 1235 2730; x_wconf 88' lang='lat' dir='ltr'><strong>terminis,</strong></span> <span class='ocrx_word' id='word_1_328' title='bbox 1268 2669 1324 2716; x_wconf 88' lang='lat' dir='ltr'><strong>et</strong></span> <span class='ocrx_word' id='word_1_329' title='bbox 1348 2658 1574 2730; x_wconf 90' lang='lat' dir='ltr'><strong>legibus,</strong></span> <span class='ocrx_word' id='word_1_330' title='bbox 1602 2667 1657 2712; x_wconf 89' lang='lat' dir='ltr'><strong>et</strong></span> <span class='ocrx_word' id='word_1_331' title='bbox 1685 2655 1900 2721; x_wconf 90' lang='lat' dir='ltr'><strong>ofliciis,</strong></span> <span class='ocrx_word' id='word_1_332' title='bbox 1932 2671 2090 2726; x_wconf 89' lang='lat' dir='ltr'><strong>quem</strong></span> <span class='ocrx_word' id='word_1_333' title='bbox 2118 2655 2242 2709; x_wconf 90' lang='lat' dir='ltr'><strong>licet</strong></span> <span class='ocrx_word' id='word_1_334' title='bbox 2264 2654 2343 2707; x_wconf 83' lang='lat' dir='ltr'><strong>in-</strong></span> 
     </span>
    </p>
   </div>
   <div class='ocr_carea' id='block_1_43' title="bbox 752 2745 2343 2828">
    <p class='ocr_par' dir='ltr' id='par_1_43' title="bbox 752 2745 2343 2828">
     <span class='ocr_line' id='line_1_43' title="bbox 752 2745 2343 2828; baseline -0.008 -15"><span class='ocrx_word' id='word_1_335' title='bbox 752 2768 901 2828; x_wconf 81' lang='lat' dir='ltr'><strong>tegro</strong></span> <span class='ocrx_word' id='word_1_336' title='bbox 931 2754 1131 2810; x_wconf 89' lang='lat' dir='ltr'><strong>mundo</strong></span> <span class='ocrx_word' id='word_1_337' title='bbox 1172 2753 1258 2809; x_wconf 89' lang='lat' dir='ltr'><strong>vel</strong></span> <span class='ocrx_word' id='word_1_338' title='bbox 1293 2751 1371 2807; x_wconf 88' lang='lat' dir='ltr'><strong>sic</strong></span> <span class='ocrx_word' id='word_1_339' title='bbox 1416 2749 1681 2820; x_wconf 89' lang='lat' dir='ltr'><strong>potuisset</strong></span> <span class='ocrx_word' id='word_1_340' title='bbox 1706 2747 1873 2803; x_wconf 85' lang='lat' dir='ltr'><strong>videri</strong></span> <span class='ocrx_word' id='word_1_341' title='bbox 1902 2761 2185 2814; x_wconf 88' lang='lat' dir='ltr'><strong>superasse</strong></span> <span class='ocrx_word' id='word_1_342' title='bbox 2214 2745 2343 2800; x_wconf 85' lang='lat' dir='ltr'><strong>vali-</strong></span> 
     </span>
    </p>
   </div>
   <div class='ocr_carea' id='block_1_44' title="bbox 750 2837 2343 2910">
    <p class='ocr_par' dir='ltr' id='par_1_44' title="bbox 750 2837 2343 2910">
     <span class='ocr_line' id='line_1_44' title="bbox 750 2837 2343 2910; baseline -0.008 -6"><span class='ocrx_word' id='word_1_343' title='bbox 750 2848 870 2905; x_wconf 90' lang='lat' dir='ltr'><strong>dior</strong></span> <span class='ocrx_word' id='word_1_344' title='bbox 896 2847 982 2902; x_wconf 88' lang='lat' dir='ltr'><strong>ille</strong></span> <span class='ocrx_word' id='word_1_345' title='bbox 1011 2848 1148 2902; x_wconf 90' lang='lat' dir='ltr'><strong>Deus</strong></span> <span class='ocrx_word' id='word_1_346' title='bbox 1169 2843 1476 2910; x_wconf 85' lang='lat' dir='ltr'><strong>Marcionis,</strong></span> <span class='ocrx_word' id='word_1_347' title='bbox 1499 2841 1542 2896; x_wconf 89' lang='lat' dir='ltr'><strong>si</strong></span> <span class='ocrx_word' id='word_1_348' title='bbox 1567 2857 1672 2896; x_wconf 91' lang='lat' dir='ltr'><strong>non</strong></span> <span class='ocrx_word' id='word_1_349' title='bbox 1704 2839 1997 2897; x_wconf 91' lang='lat' dir='ltr'><strong>secundum</strong></span> <span class='ocrx_word' id='word_1_350' title='bbox 2031 2838 2199 2909; x_wconf 80' lang='lat' dir='ltr'><strong>legem</strong></span> <span class='ocrx_word' id='word_1_351' title='bbox 2227 2837 2343 2907; x_wconf 89' lang='lat' dir='ltr'><strong>ejus</strong></span> 
     </span>
    </p>
   </div>
   <div class='ocr_carea' id='block_1_45' title="bbox 750 2932 2339 3002">
    <p class='ocr_par' dir='ltr' id='par_1_45' title="bbox 750 2932 2339 3002">
     <span class='ocr_line' id='line_1_45' title="bbox 750 2932 2339 3002; baseline -0.009 -3"><span class='ocrx_word' id='word_1_352' title='bbox 750 2945 910 3000; x_wconf 92' lang='lat' dir='ltr'><strong>etiam</strong></span> <span class='ocrx_word' id='word_1_353' title='bbox 938 2940 1264 2996; x_wconf 79' lang='lat' dir='ltr'><strong>Marcionita:</strong></span> <span class='ocrx_word' id='word_1_354' title='bbox 1293 2944 1661 3002; x_wconf 90' lang='lat' dir='ltr'><strong>morerentur,</strong></span> <span class='ocrx_word' id='word_1_355' title='bbox 1695 2935 1747 2988; x_wconf 94' lang='lat' dir='ltr'><strong>in</strong></span> <span class='ocrx_word' id='word_1_356' title='bbox 1794 2945 1989 2988; x_wconf 91' lang='lat' dir='ltr'><strong>terram</strong></span> <span class='ocrx_word' id='word_1_357' title='bbox 2033 2932 2339 2999; x_wconf 89' lang='lat' dir='ltr'><strong>deﬁuendo,</strong></span> 
     </span>
    </p>
   </div>
   <div class='ocr_carea' id='block_1_46' title="bbox 751 3023 2342 3108">
    <p class='ocr_par' dir='ltr' id='par_1_46' title="bbox 751 3023 2342 3108">
     <span class='ocr_line' id='line_1_46' title="bbox 751 3023 2342 3108; baseline -0.009 -14"><span class='ocrx_word' id='word_1_358' title='bbox 751 3052 895 3108; x_wconf 64' lang='lat' dir='ltr'><strong>sa&#39;pe</strong></span> <span class='ocrx_word' id='word_1_359' title='bbox 920 3045 974 3093; x_wconf 88' lang='lat' dir='ltr'><strong>et</strong></span> <span class='ocrx_word' id='word_1_360' title='bbox 997 3051 1027 3090; x_wconf 90' lang='lat' dir='ltr'><strong>a</strong></span> <span class='ocrx_word' id='word_1_361' title='bbox 1059 3033 1275 3102; x_wconf 91' lang='lat' dir='ltr'><strong>scorpio</strong></span> <span class='ocrx_word' id='word_1_362' title='bbox 1299 3031 1438 3087; x_wconf 89' lang='lat' dir='ltr'><strong>docti</strong></span> <span class='ocrx_word' id='word_1_363' title='bbox 1485 3046 1590 3085; x_wconf 93' lang='lat' dir='ltr'><strong>non</strong></span> <span class='ocrx_word' id='word_1_364' title='bbox 1640 3043 1759 3083; x_wconf 84' lang='lat' dir='ltr'><strong>esse</strong></span> <span class='ocrx_word' id='word_1_365' title='bbox 1788 3038 2094 3097; x_wconf 89' lang='lat' dir='ltr'><strong>superatum</strong></span> <span class='ocrx_word' id='word_1_366' title='bbox 2125 3023 2342 3081; x_wconf 87' lang='lat' dir='ltr'><strong>Creato-</strong></span> 
     </span>
    </p>
   </div>
   <div class='ocr_carea' id='block_1_47' title="bbox 752 3117 2344 3195">
    <p class='ocr_par' dir='ltr' id='par_1_47' title="bbox 752 3117 2344 3195">
     <span class='ocr_line' id='line_1_47' title="bbox 752 3117 2344 3195; baseline -0.009 -9"><span class='ocrx_word' id='word_1_367' title='bbox 752 3146 888 3186; x_wconf 88' lang='lat' dir='ltr'><strong>rem.</strong></span> <span class='ocrx_word' id='word_1_368' title='bbox 924 3125 1256 3183; x_wconf 72' lang='lat' dir='ltr'><strong>Exclamabat</strong></span> <span class='ocrx_word' id='word_1_369' title='bbox 1293 3123 1374 3195; x_wconf 73' lang='grc'><strong>(4)</strong></span> <span class='ocrx_word' id='word_1_370' title='bbox 1404 3123 1587 3176; x_wconf 84' lang='lat' dir='ltr'><strong>mulier</strong></span> <span class='ocrx_word' id='word_1_371' title='bbox 1607 3121 1669 3174; x_wconf 92' lang='lat' dir='ltr'><strong>de</strong></span> <span class='ocrx_word' id='word_1_372' title='bbox 1696 3119 1840 3173; x_wconf 85' lang='lat' dir='ltr'><strong>turba</strong></span> <span class='ocrx_word' id='word_1_373' title='bbox 1863 3161 1876 3184; x_wconf 91' lang='lat'><strong>,</strong></span> <span class='ocrx_word' id='word_1_374' title='bbox 1906 3117 2119 3172; x_wconf 84' lang='lat' dir='ltr'><strong>Beatum</strong></span> <span class='ocrx_word' id='word_1_375' title='bbox 2145 3131 2344 3172; x_wconf 82' lang='lat' dir='ltr'><strong>uterum</strong></span> 
     </span>
    </p>
   </div>
   <div class='ocr_carea' id='block_1_48' title="bbox 753 3211 2345 3295">
    <p class='ocr_par' dir='ltr' id='par_1_48' title="bbox 753 3211 2345 3295">
     <span class='ocr_line' id='line_1_48' title="bbox 753 3211 2345 3295; baseline -0.009 -17"><span class='ocrx_word' id='word_1_376' title='bbox 753 3225 840 3295; x_wconf 85' lang='lat' dir='ltr'><strong>qui</strong></span> <span class='ocrx_word' id='word_1_377' title='bbox 869 3224 1017 3278; x_wconf 83' lang='lat' dir='ltr'><strong>illum</strong></span> <span class='ocrx_word' id='word_1_378' title='bbox 1046 3229 1316 3292; x_wconf 86' lang='lat' dir='ltr'><strong>portasset,</strong></span> <span class='ocrx_word' id='word_1_379' title='bbox 1346 3228 1392 3272; x_wconf 90' lang='lat' dir='ltr'><strong>et</strong></span> <span class='ocrx_word' id='word_1_380' title='bbox 1421 3217 1578 3270; x_wconf 86' lang='lat' dir='ltr'><strong>ubera</strong></span> <span class='ocrx_word' id='word_1_381' title='bbox 1612 3229 1724 3283; x_wconf 68' lang='lat' dir='ltr'><strong>quae</strong></span> <span class='ocrx_word' id='word_1_382' title='bbox 1755 3212 1904 3266; x_wconf 83' lang='lat' dir='ltr'><strong>illum</strong></span> <span class='ocrx_word' id='word_1_383' title='bbox 1931 3212 2247 3266; x_wconf 77' lang='lat' dir='ltr'><strong>educassent.</strong></span> <span class='ocrx_word' id='word_1_384' title='bbox 2279 3211 2345 3264; x_wconf 83' lang='lat' dir='ltr'><strong>Et</strong></span> 
     </span>
    </p>
   </div>
   <div class='ocr_carea' id='block_1_49' title="bbox 2449 2013 4058 2084">
    <p class='ocr_par' dir='ltr' id='par_1_49' title="bbox 2449 2013 4058 2084">
     <span class='ocr_line' id='line_1_49' title="bbox 2449 2013 4058 2084; baseline -0.001 -16"><span class='ocrx_word' id='word_1_385' title='bbox 2449 2031 2514 2068; x_wconf 86' lang='lat' dir='ltr'><strong>na</strong></span> <span class='ocrx_word' id='word_1_386' title='bbox 2540 2024 2586 2068; x_wconf 90' lang='lat' dir='ltr'><strong>et</strong></span> <span class='ocrx_word' id='word_1_387' title='bbox 2609 2015 2919 2084; x_wconf 77' lang='lat' dir='ltr'><strong>iniquitate:</strong></span> <span class='ocrx_word' id='word_1_388' title='bbox 2949 2026 3002 2069; x_wconf 90' lang='lat' dir='ltr'><strong>ut</strong></span> <span class='ocrx_word' id='word_1_389' title='bbox 3040 2015 3366 2084; x_wconf 79' lang='lat' dir='ltr'><strong>signiﬁCaret</strong></span> <span class='ocrx_word' id='word_1_390' title='bbox 3389 2015 3724 2069; x_wconf 78' lang='lat' dir='ltr'><strong>vasculorum</strong></span> <span class='ocrx_word' id='word_1_391' title='bbox 3761 2013 4058 2068; x_wconf 87' lang='lat' dir='ltr'><strong>munditias</strong></span> 
     </span>
    </p>
   </div>
   <div class='ocr_carea' id='block_1_50' title="bbox 2449 2105 4056 2178">
    <p class='ocr_par' dir='ltr' id='par_1_50' title="bbox 2449 2105 4056 2178">
     <span class='ocr_line' id='line_1_50' title="bbox 2449 2105 4056 2178; baseline -0.002 -16"><span class='ocrx_word' id='word_1_392' title='bbox 2449 2106 2728 2162; x_wconf 84' lang='lat' dir='ltr'><strong>hominum</strong></span> <span class='ocrx_word' id='word_1_393' title='bbox 2751 2123 2870 2163; x_wconf 88' lang='lat' dir='ltr'><strong>esse</strong></span> <span class='ocrx_word' id='word_1_394' title='bbox 2899 2107 3274 2178; x_wconf 86' lang='lat' dir='ltr'><strong>intelligendas</strong></span> <span class='ocrx_word' id='word_1_395' title='bbox 3293 2107 3433 2177; x_wconf 89' lang='lat' dir='ltr'><strong>apud</strong></span> <span class='ocrx_word' id='word_1_396' title='bbox 3458 2108 3620 2161; x_wconf 84' lang='lat' dir='ltr'><strong>Deum</strong></span> <span class='ocrx_word' id='word_1_397' title='bbox 3648 2124 3660 2157; x_wconf 89' lang='lat'><strong>:</strong></span> <span class='ocrx_word' id='word_1_398' title='bbox 3685 2107 3806 2176; x_wconf 89' lang='lat' dir='ltr'><strong>quia</strong></span> <span class='ocrx_word' id='word_1_399' title='bbox 3831 2115 3885 2160; x_wconf 89' lang='lat' dir='ltr'><strong>et</strong></span> <span class='ocrx_word' id='word_1_400' title='bbox 3911 2105 4056 2159; x_wconf 85' lang='lat' dir='ltr'><strong>Pha-</strong></span> 
     </span>
    </p>
   </div>
   <div class='ocr_carea' id='block_1_51' title="bbox 2449 2197 4052 2268">
    <p class='ocr_par' dir='ltr' id='par_1_51' title="bbox 2449 2197 4052 2268">
     <span class='ocr_line' id='line_1_51' title="bbox 2449 2197 4052 2268; baseline -0.001 -16"><span class='ocrx_word' id='word_1_401' title='bbox 2449 2199 2638 2253; x_wconf 69' lang='lat' dir='ltr'><strong>rismus</strong></span> <span class='ocrx_word' id='word_1_402' title='bbox 2654 2197 2722 2254; x_wconf 91' lang='lat' dir='ltr'><strong>de</strong></span> <span class='ocrx_word' id='word_1_403' title='bbox 2741 2198 2978 2262; x_wconf 88' lang='lat' dir='ltr'><strong>homine,</strong></span> <span class='ocrx_word' id='word_1_404' title='bbox 3001 2213 3108 2252; x_wconf 91' lang='lat' dir='ltr'><strong>non</strong></span> <span class='ocrx_word' id='word_1_405' title='bbox 3128 2199 3194 2253; x_wconf 90' lang='lat' dir='ltr'><strong>de</strong></span> <span class='ocrx_word' id='word_1_406' title='bbox 3212 2198 3379 2253; x_wconf 89' lang='lat' dir='ltr'><strong>calice</strong></span> <span class='ocrx_word' id='word_1_407' title='bbox 3408 2199 3575 2260; x_wconf 88' lang='lat' dir='ltr'><strong>illoto,</strong></span> <span class='ocrx_word' id='word_1_408' title='bbox 3598 2197 3740 2268; x_wconf 92' lang='lat' dir='ltr'><strong>apud</strong></span> <span class='ocrx_word' id='word_1_409' title='bbox 3762 2213 3822 2252; x_wconf 90' lang='lat' dir='ltr'><strong>se</strong></span> <span class='ocrx_word' id='word_1_410' title='bbox 3849 2205 4052 2251; x_wconf 77' lang='lat' dir='ltr'><strong>tracta-</strong></span> 
     </span>
    </p>
   </div>
   <div class='ocr_carea' id='block_1_52' title="bbox 2446 2290 4044 2363">
    <p class='ocr_par' dir='ltr' id='par_1_52' title="bbox 2446 2290 4044 2363">
     <span class='ocr_line' id='line_1_52' title="bbox 2446 2290 4044 2363; baseline -0.002 -17"><span class='ocrx_word' id='word_1_411' title='bbox 2446 2301 2617 2348; x_wconf 86' lang='lat' dir='ltr'><strong>verat.</strong></span> <span class='ocrx_word' id='word_1_412' title='bbox 2648 2290 2776 2348; x_wconf 83' lang='lat' dir='ltr'><strong>Ideo</strong></span> <span class='ocrx_word' id='word_1_413' title='bbox 2807 2293 3081 2358; x_wconf 75' lang='lat' dir='ltr'><strong>exteriora,</strong></span> <span class='ocrx_word' id='word_1_414' title='bbox 3113 2294 3302 2363; x_wconf 85' lang='lat' dir='ltr'><strong>inquit,</strong></span> <span class='ocrx_word' id='word_1_415' title='bbox 3324 2293 3687 2346; x_wconf 81' lang='lat' dir='ltr'><strong>calieislavatis</strong></span> <span class='ocrx_word' id='word_1_416' title='bbox 3711 2335 3725 2357; x_wconf 96' lang='lat'><strong>,</strong></span> <span class='ocrx_word' id='word_1_417' title='bbox 3748 2290 3798 2345; x_wconf 90' lang='lat' dir='ltr'><strong>id</strong></span> <span class='ocrx_word' id='word_1_418' title='bbox 3817 2301 3901 2346; x_wconf 88' lang='lat' dir='ltr'><strong>est</strong></span> <span class='ocrx_word' id='word_1_419' title='bbox 3920 2305 4044 2344; x_wconf 87' lang='lat' dir='ltr'><strong>car-</strong></span> 
     </span>
    </p>
   </div>
   <div class='ocr_carea' id='block_1_53' title="bbox 2448 2383 4046 2451">
    <p class='ocr_par' dir='ltr' id='par_1_53' title="bbox 2448 2383 4046 2451">
     <span class='ocr_line' id='line_1_53' title="bbox 2448 2383 4046 2451; baseline -0.004 -8"><span class='ocrx_word' id='word_1_420' title='bbox 2448 2404 2593 2451; x_wconf 86' lang='lat' dir='ltr'><strong>nem,</strong></span> <span class='ocrx_word' id='word_1_421' title='bbox 2618 2389 2863 2441; x_wconf 83' lang='lat' dir='ltr'><strong>interiora</strong></span> <span class='ocrx_word' id='word_1_422' title='bbox 2890 2399 3062 2441; x_wconf 83' lang='lat' dir='ltr'><strong>autem</strong></span> <span class='ocrx_word' id='word_1_423' title='bbox 3094 2400 3258 2441; x_wconf 85' lang='lat' dir='ltr'><strong>vestra</strong></span> <span class='ocrx_word' id='word_1_424' title='bbox 3290 2403 3391 2440; x_wconf 84' lang='lat' dir='ltr'><strong>non</strong></span> <span class='ocrx_word' id='word_1_425' title='bbox 3413 2387 3716 2450; x_wconf 83' lang='lat' dir='ltr'><strong>entuudatis,</strong></span> <span class='ocrx_word' id='word_1_426' title='bbox 3745 2385 3793 2438; x_wconf 94' lang='lat' dir='ltr'><strong>id</strong></span> <span class='ocrx_word' id='word_1_427' title='bbox 3817 2395 3899 2439; x_wconf 87' lang='lat' dir='ltr'><strong>est</strong></span> <span class='ocrx_word' id='word_1_428' title='bbox 3924 2383 4046 2438; x_wconf 83' lang='lat' dir='ltr'><strong>ani-</strong></span> 
     </span>
    </p>
   </div>
   <div class='ocr_carea' id='block_1_54' title="bbox 2446 2479 4050 2552">
    <p class='ocr_par' dir='ltr' id='par_1_54' title="bbox 2446 2479 4050 2552">
     <span class='ocr_line' id='line_1_54' title="bbox 2446 2479 4050 2552; baseline -0.001 -18"><span class='ocrx_word' id='word_1_429' title='bbox 2446 2496 2607 2548; x_wconf 90' lang='lat' dir='ltr'><strong>mam,</strong></span> <span class='ocrx_word' id='word_1_430' title='bbox 2632 2481 2921 2551; x_wconf 86' lang='lat' dir='ltr'><strong>adjiciens:</strong></span> <span class='ocrx_word' id='word_1_431' title='bbox 2954 2480 3140 2535; x_wconf 85' lang='lat' dir='ltr'><strong>Nonne</strong></span> <span class='ocrx_word' id='word_1_432' title='bbox 3159 2481 3244 2552; x_wconf 84' lang='lat' dir='ltr'><strong>qui</strong></span> <span class='ocrx_word' id='word_1_433' title='bbox 3266 2482 3514 2535; x_wconf 74' lang='lat' dir='ltr'><strong>exteriora</strong></span> <span class='ocrx_word' id='word_1_434' title='bbox 3539 2481 3676 2551; x_wconf 78' lang='lat' dir='ltr'><strong>fecit,</strong></span> <span class='ocrx_word' id='word_1_435' title='bbox 3717 2479 3769 2534; x_wconf 91' lang='lat' dir='ltr'><strong>id</strong></span> <span class='ocrx_word' id='word_1_436' title='bbox 3805 2487 3887 2534; x_wconf 86' lang='lat' dir='ltr'><strong>est</strong></span> <span class='ocrx_word' id='word_1_437' title='bbox 3921 2493 4050 2533; x_wconf 78' lang='lat' dir='ltr'><strong>car-</strong></span> 
     </span>
    </p>
   </div>
   <div class='ocr_carea' id='block_1_55' title="bbox 2447 2571 4039 2642">
    <p class='ocr_par' dir='ltr' id='par_1_55' title="bbox 2447 2571 4039 2642">
     <span class='ocr_line' id='line_1_55' title="bbox 2447 2571 4039 2642; baseline -0.003 -15"><span class='ocrx_word' id='word_1_438' title='bbox 2447 2587 2591 2636; x_wconf 88' lang='lat' dir='ltr'><strong>nem,</strong></span> <span class='ocrx_word' id='word_1_439' title='bbox 2607 2582 2652 2626; x_wconf 88' lang='lat' dir='ltr'><strong>et</strong></span> <span class='ocrx_word' id='word_1_440' title='bbox 2682 2574 2921 2627; x_wconf 84' lang='lat' dir='ltr'><strong>interiora</strong></span> <span class='ocrx_word' id='word_1_441' title='bbox 2938 2573 3058 2642; x_wconf 79' lang='lat' dir='ltr'><strong>fecit</strong></span> <span class='ocrx_word' id='word_1_442' title='bbox 3079 2615 3092 2638; x_wconf 97' lang='lat'><strong>,</strong></span> <span class='ocrx_word' id='word_1_443' title='bbox 3113 2572 3164 2626; x_wconf 91' lang='lat' dir='ltr'><strong>id</strong></span> <span class='ocrx_word' id='word_1_444' title='bbox 3186 2584 3266 2627; x_wconf 89' lang='lat' dir='ltr'><strong>est</strong></span> <span class='ocrx_word' id='word_1_445' title='bbox 3288 2571 3545 2625; x_wconf 87' lang='lat' dir='ltr'><strong>animam?</strong></span> <span class='ocrx_word' id='word_1_446' title='bbox 3566 2587 3671 2640; x_wconf 91' lang='lat' dir='ltr'><strong>quo</strong></span> <span class='ocrx_word' id='word_1_447' title='bbox 3690 2571 3834 2625; x_wconf 82' lang='lat' dir='ltr'><strong>dicto</strong></span> <span class='ocrx_word' id='word_1_448' title='bbox 3852 2579 4039 2639; x_wconf 85' lang='lat' dir='ltr'><strong>aperte</strong></span> 
     </span>
    </p>
   </div>
   <div class='ocr_carea' id='block_1_56' title="bbox 2445 2659 4045 2733">
    <p class='ocr_par' dir='ltr' id='par_1_56' title="bbox 2445 2659 4045 2733">
     <span class='ocr_line' id='line_1_56' title="bbox 2445 2659 4045 2733; baseline -0.004 -14"><span class='ocrx_word' id='word_1_449' title='bbox 2445 2665 2853 2729; x_wconf 86' lang='lat' dir='ltr'><strong>demonstravit,</strong></span> <span class='ocrx_word' id='word_1_450' title='bbox 2892 2664 2955 2717; x_wconf 89' lang='lat' dir='ltr'><strong>ad</strong></span> <span class='ocrx_word' id='word_1_451' title='bbox 2987 2664 3233 2718; x_wconf 89' lang='lat' dir='ltr'><strong>eumdem</strong></span> <span class='ocrx_word' id='word_1_452' title='bbox 3259 2663 3422 2716; x_wconf 84' lang='lat' dir='ltr'><strong>Deum</strong></span> <span class='ocrx_word' id='word_1_453' title='bbox 3445 2664 3716 2733; x_wconf 90' lang='lat' dir='ltr'><strong>pertinere</strong></span> <span class='ocrx_word' id='word_1_454' title='bbox 3749 2659 4045 2714; x_wconf 87' lang='lat' dir='ltr'><strong>munditias</strong></span> 
     </span>
    </p>
   </div>
   <div class='ocr_carea' id='block_1_57' title="bbox 2451 2756 4058 2826">
    <p class='ocr_par' dir='ltr' id='par_1_57' title="bbox 2451 2756 4058 2826">
     <span class='ocr_line' id='line_1_57' title="bbox 2451 2756 4058 2826; baseline 0 -17"><span class='ocrx_word' id='word_1_455' title='bbox 2451 2756 2686 2812; x_wconf 89' lang='lat' dir='ltr'><strong>hominis</strong></span> <span class='ocrx_word' id='word_1_456' title='bbox 2703 2757 2988 2813; x_wconf 71' lang='lat' dir='ltr'><strong>exterioris</strong></span> <span class='ocrx_word' id='word_1_457' title='bbox 3011 2766 3066 2812; x_wconf 91' lang='lat' dir='ltr'><strong>et</strong></span> <span class='ocrx_word' id='word_1_458' title='bbox 3088 2757 3534 2826; x_wconf 86' lang='lat' dir='ltr'><strong>interioris,cujus</strong></span> <span class='ocrx_word' id='word_1_459' title='bbox 3557 2767 3777 2826; x_wconf 88' lang='lat' dir='ltr'><strong>uterque</strong></span> <span class='ocrx_word' id='word_1_460' title='bbox 3800 2756 3884 2821; x_wconf 89' lang='lat' dir='ltr'><strong>sit,</strong></span> <span class='ocrx_word' id='word_1_461' title='bbox 3916 2771 4058 2824; x_wconf 75' lang='lat' dir='ltr'><strong>prm-</strong></span> 
     </span>
    </p>
   </div>
   <div class='ocr_carea' id='block_1_58' title="bbox 2447 2848 4052 2921">
    <p class='ocr_par' dir='ltr' id='par_1_58' title="bbox 2447 2848 4052 2921">
     <span class='ocr_line' id='line_1_58' title="bbox 2447 2848 4052 2921; baseline -0.001 -17"><span class='ocrx_word' id='word_1_462' title='bbox 2447 2851 2690 2921; x_wconf 88' lang='lat' dir='ltr'><strong>poneutis</strong></span> <span class='ocrx_word' id='word_1_463' title='bbox 2714 2851 3133 2905; x_wconf 85' lang='lat' dir='ltr'><strong>misericordiam</strong></span> <span class='ocrx_word' id='word_1_464' title='bbox 3156 2865 3258 2903; x_wconf 92' lang='lat' dir='ltr'><strong>non</strong></span> <span class='ocrx_word' id='word_1_465' title='bbox 3279 2849 3439 2904; x_wconf 89' lang='lat' dir='ltr'><strong>modo</strong></span> <span class='ocrx_word' id='word_1_466' title='bbox 3458 2850 3667 2903; x_wconf 81' lang='lat' dir='ltr'><strong>lavacro</strong></span> <span class='ocrx_word' id='word_1_467' title='bbox 3681 2848 3934 2912; x_wconf 83' lang='lat' dir='ltr'><strong>hominis,</strong></span> <span class='ocrx_word' id='word_1_468' title='bbox 3953 2848 4052 2904; x_wconf 87' lang='lat' dir='ltr'><strong>sed</strong></span> 
     </span>
    </p>
   </div>
   <div class='ocr_carea' id='block_1_59' title="bbox 2445 2941 4057 3014">
    <p class='ocr_par' dir='ltr' id='par_1_59' title="bbox 2445 2941 4057 3014">
     <span class='ocr_line' id='line_1_59' title="bbox 2445 2941 4057 3014; baseline -0.002 -13"><span class='ocrx_word' id='word_1_469' title='bbox 2445 2948 2605 3001; x_wconf 84' lang='lat' dir='ltr'><strong>etiam</strong></span> <span class='ocrx_word' id='word_1_470' title='bbox 2630 2943 3122 3014; x_wconf 68' lang='lat' dir='ltr'><strong>sacriﬁcio(0:.\’l,</strong></span> <span class='ocrx_word' id='word_1_471' title='bbox 3142 2944 3512 3013; x_wconf 85' lang='lat' dir='ltr'><strong>6).Suhjungit</strong></span> <span class='ocrx_word' id='word_1_472' title='bbox 3533 2943 3772 3012; x_wconf 88' lang='lat' dir='ltr'><strong>cuitn:(c)</strong></span> <span class='ocrx_word' id='word_1_473' title='bbox 3795 2941 3926 2996; x_wconf 81' lang='lat' dir='ltr'><strong>Date</strong></span> <span class='ocrx_word' id='word_1_474' title='bbox 3941 2958 4057 3013; x_wconf 78' lang='lat' dir='ltr'><strong>qua:</strong></span> 
     </span>
    </p>
   </div>
   <div class='ocr_carea' id='block_1_60' title="bbox 2457 3037 4057 3108">
    <p class='ocr_par' dir='ltr' id='par_1_60' title="bbox 2457 3037 4057 3108">
     <span class='ocr_line' id='line_1_60' title="bbox 2457 3037 4057 3108; baseline 0.003 -20"><span class='ocrx_word' id='word_1_475' title='bbox 2457 3037 2652 3092; x_wconf 77' lang='lat' dir='ltr'><strong>habetis</strong></span> <span class='ocrx_word' id='word_1_476' title='bbox 2672 3040 3061 3108; x_wconf 82' lang='lat' dir='ltr'><strong>eleemosynam,</strong></span> <span class='ocrx_word' id='word_1_477' title='bbox 3083 3048 3129 3092; x_wconf 89' lang='lat' dir='ltr'><strong>et</strong></span> <span class='ocrx_word' id='word_1_478' title='bbox 3147 3039 3318 3091; x_wconf 85' lang='lat' dir='ltr'><strong>omnia</strong></span> <span class='ocrx_word' id='word_1_479' title='bbox 3341 3038 3529 3091; x_wconf 84' lang='lat' dir='ltr'><strong>munda</strong></span> <span class='ocrx_word' id='word_1_480' title='bbox 3548 3048 3692 3092; x_wconf 80' lang='lat' dir='ltr'><strong>erunt</strong></span> <span class='ocrx_word' id='word_1_481' title='bbox 3716 3038 3868 3091; x_wconf 77' lang='lat' dir='ltr'><strong>vobis.</strong></span> <span class='ocrx_word' id='word_1_482' title='bbox 3895 3037 4057 3106; x_wconf 80' lang='lat' dir='ltr'><strong>Quod</strong></span> 
     </span>
    </p>
   </div>
   <div class='ocr_carea' id='block_1_61' title="bbox 2448 3129 4052 3199">
    <p class='ocr_par' dir='ltr' id='par_1_61' title="bbox 2448 3129 4052 3199">
     <span class='ocr_line' id='line_1_61' title="bbox 2448 3129 4052 3199; baseline -0.001 -16"><span class='ocrx_word' id='word_1_483' title='bbox 2448 3130 2496 3183; x_wconf 88' lang='lat' dir='ltr'><strong>si</strong></span> <span class='ocrx_word' id='word_1_484' title='bbox 2527 3138 2581 3184; x_wconf 92' lang='lat' dir='ltr'><strong>et</strong></span> <span class='ocrx_word' id='word_1_485' title='bbox 2606 3130 2741 3183; x_wconf 87' lang='lat' dir='ltr'><strong>alius</strong></span> <span class='ocrx_word' id='word_1_486' title='bbox 2780 3140 2958 3199; x_wconf 79' lang='lat' dir='ltr'><strong>potest</strong></span> <span class='ocrx_word' id='word_1_487' title='bbox 2987 3131 3126 3184; x_wconf 79' lang='lat' dir='ltr'><strong>Deus</strong></span> <span class='ocrx_word' id='word_1_488' title='bbox 3151 3130 3578 3184; x_wconf 88' lang='lat' dir='ltr'><strong>miscricordiam</strong></span> <span class='ocrx_word' id='word_1_489' title='bbox 3612 3129 3915 3193; x_wconf 88' lang='lat' dir='ltr'><strong>mandasse,</strong></span> <span class='ocrx_word' id='word_1_490' title='bbox 3940 3145 4052 3183; x_wconf 93' lang='lat' dir='ltr'><strong>non</strong></span> 
     </span>
    </p>
   </div>
   <div class='ocr_carea' id='block_1_62' title="bbox 2450 3221 4058 3291">
    <p class='ocr_par' dir='ltr' id='par_1_62' title="bbox 2450 3221 4058 3291">
     <span class='ocr_line' id='line_1_62' title="bbox 2450 3221 4058 3291; baseline 0 -17"><span class='ocrx_word' id='word_1_491' title='bbox 2450 3231 2625 3275; x_wconf 88' lang='lat' dir='ltr'><strong>tamen</strong></span> <span class='ocrx_word' id='word_1_492' title='bbox 2654 3229 2938 3290; x_wconf 83' lang='lat' dir='ltr'><strong>antequam</strong></span> <span class='ocrx_word' id='word_1_493' title='bbox 2963 3221 3229 3290; x_wconf 81' lang='lat' dir='ltr'><strong>cognitus.</strong></span> <span class='ocrx_word' id='word_1_494' title='bbox 3261 3221 3432 3275; x_wconf 85' lang='lat' dir='ltr'><strong>Porro</strong></span> <span class='ocrx_word' id='word_1_495' title='bbox 3464 3233 3516 3276; x_wconf 89' lang='lat' dir='ltr'><strong>et</strong></span> <span class='ocrx_word' id='word_1_496' title='bbox 3547 3221 3633 3275; x_wconf 78' lang='lat' dir='ltr'><strong>hic</strong></span> <span class='ocrx_word' id='word_1_497' title='bbox 3661 3230 3902 3291; x_wconf 83' lang='lat' dir='ltr'><strong>apparet,</strong></span> <span class='ocrx_word' id='word_1_498' title='bbox 3931 3221 4058 3274; x_wconf 90' lang='lat' dir='ltr'><strong>illos</strong></span> 
     </span>
    </p>
   </div>
   <div class='ocr_carea' id='block_1_63' title="bbox 754 3302 4057 3384">
    <p class='ocr_par' dir='ltr' id='par_1_63' title="bbox 754 3302 4057 3384">
     <span class='ocr_line' id='line_1_63' title="bbox 754 3302 4057 3384; baseline -0.002 -11"><span class='ocrx_word' id='word_1_499' title='bbox 754 3316 1016 3375; x_wconf 90' lang='lat' dir='ltr'><strong>Dominus</strong></span> <span class='ocrx_word' id='word_1_500' title='bbox 1048 3331 1060 3366; x_wconf 93' lang='lat'>:</span> <span class='ocrx_word' id='word_1_501' title='bbox 1101 3311 1237 3376; x_wconf 90' lang='lat' dir='ltr'><strong>Imo,</strong></span> <span class='ocrx_word' id='word_1_502' title='bbox 1274 3309 1404 3363; x_wconf 87' lang='lat' dir='ltr'><strong>beati</strong></span> <span class='ocrx_word' id='word_1_503' title='bbox 1447 3307 1534 3377; x_wconf 87' lang='lat' dir='ltr'><strong>qui</strong></span> <span class='ocrx_word' id='word_1_504' title='bbox 1577 3321 1856 3361; x_wconf 82' lang='lat' dir='ltr'><strong>sermonem</strong></span> <span class='ocrx_word' id='word_1_505' title='bbox 1902 3302 2000 3357; x_wconf 87' lang='lat' dir='ltr'><strong>Dei</strong></span> <span class='ocrx_word' id='word_1_506' title='bbox 2042 3303 2276 3366; x_wconf 84' lang='lat' dir='ltr'><strong>audiunt,</strong></span> <span class='ocrx_word' id='word_1_507' title='bbox 2307 3312 2351 3356; x_wconf 90' lang='lat' dir='ltr'><strong>et</strong></span> <span class='ocrx_word' id='word_1_508' title='bbox 2378 3310 2422 3373; x_wconf 74' lang='grc' dir='ltr'><strong>ρ</strong></span> <span class='ocrx_word' id='word_1_509' title='bbox 2457 3329 2565 3368; x_wconf 73' lang='lat' dir='ltr'><strong>non</strong></span> <span class='ocrx_word' id='word_1_510' title='bbox 2595 3313 2662 3367; x_wconf 72' lang='lat' dir='ltr'><strong>de</strong></span> <span class='ocrx_word' id='word_1_511' title='bbox 2691 3313 2801 3369; x_wconf 79' lang='lat' dir='ltr'><strong>nco</strong></span> <span class='ocrx_word' id='word_1_512' title='bbox 2830 3315 3152 3384; x_wconf 59' lang='lat' dir='ltr'><strong>increpitos;</strong></span> <span class='ocrx_word' id='word_1_513' title='bbox 3184 3313 3277 3368; x_wconf 76' lang='lat' dir='ltr'><strong>sed</strong></span> <span class='ocrx_word' id='word_1_514' title='bbox 3307 3313 3375 3368; x_wconf 86' lang='lat' dir='ltr'><strong>de</strong></span> <span class='ocrx_word' id='word_1_515' title='bbox 3397 3315 3514 3383; x_wconf 81' lang='lat' dir='ltr'><strong>ejus</strong></span> <span class='ocrx_word' id='word_1_516' title='bbox 3540 3314 3841 3384; x_wconf 79' lang='lat' dir='ltr'><strong>disciplina,</strong></span> <span class='ocrx_word' id='word_1_517' title='bbox 3883 3329 3911 3367; x_wconf 91' lang='lat' dir='ltr'><strong>a</strong></span> <span class='ocrx_word' id='word_1_518' title='bbox 3946 3330 4057 3384; x_wconf 92' lang='lat' dir='ltr'><strong>quo</strong></span> 
     </span>
    </p>
   </div>
   <div class='ocr_carea' id='block_1_64' title="bbox 754 3395 2349 3481">
    <p class='ocr_par' dir='ltr' id='par_1_64' title="bbox 754 3395 2349 3481">
     <span class='ocr_line' id='line_1_64' title="bbox 754 3395 2349 3481; baseline -0.009 -17"><span class='ocrx_word' id='word_1_519' title='bbox 754 3409 970 3481; x_wconf 82' lang='lat' dir='ltr'><strong>faciunt.</strong></span> <span class='ocrx_word' id='word_1_520' title='bbox 991 3405 1126 3474; x_wconf 85' lang='lat' dir='ltr'><strong>Quia</strong></span> <span class='ocrx_word' id='word_1_521' title='bbox 1149 3413 1202 3459; x_wconf 92' lang='lat' dir='ltr'><strong>et</strong></span> <span class='ocrx_word' id='word_1_522' title='bbox 1216 3411 1358 3457; x_wconf 91' lang='lat' dir='ltr'><strong>retro</strong></span> <span class='ocrx_word' id='word_1_523' title='bbox 1381 3401 1459 3455; x_wconf 87' lang='lat' dir='ltr'><strong>sic</strong></span> <span class='ocrx_word' id='word_1_524' title='bbox 1484 3398 1744 3469; x_wconf 87' lang='lat' dir='ltr'><strong>rejecerat</strong></span> <span class='ocrx_word' id='word_1_525' title='bbox 1771 3407 1996 3451; x_wconf 88' lang='lat' dir='ltr'><strong>matrem</strong></span> <span class='ocrx_word' id='word_1_526' title='bbox 2022 3403 2114 3449; x_wconf 90' lang='lat' dir='ltr'><strong>aut</strong></span> <span class='ocrx_word' id='word_1_527' title='bbox 2139 3395 2349 3462; x_wconf 86' lang='lat' dir='ltr'><strong>fratres,</strong></span> 
     </span>
    </p>
   </div>
   <div class='ocr_carea' id='block_1_65' title="bbox 754 3485 2354 3561">
    <p class='ocr_par' dir='ltr' id='par_1_65' title="bbox 754 3485 2354 3561">
     <span class='ocr_line' id='line_1_65' title="bbox 754 3485 2354 3561; baseline -0.009 -3"><span class='ocrx_word' id='word_1_528' title='bbox 754 3503 879 3558; x_wconf 90' lang='lat' dir='ltr'><strong>dum</strong></span> <span class='ocrx_word' id='word_1_529' title='bbox 896 3499 1168 3556; x_wconf 89' lang='lat' dir='ltr'><strong>auditores</strong></span> <span class='ocrx_word' id='word_1_530' title='bbox 1186 3509 1236 3551; x_wconf 89' lang='lat' dir='ltr'><strong>et</strong></span> <span class='ocrx_word' id='word_1_531' title='bbox 1258 3496 1606 3549; x_wconf 90' lang='lat' dir='ltr'><strong>obsecutores</strong></span> <span class='ocrx_word' id='word_1_532' title='bbox 1623 3490 1714 3548; x_wconf 90' lang='lat' dir='ltr'><strong>Dei</strong></span> <span class='ocrx_word' id='word_1_533' title='bbox 1739 3488 1973 3561; x_wconf 69' lang='lat' dir='ltr'><strong>prmfert.</strong></span> <span class='ocrx_word' id='word_1_534' title='bbox 1998 3485 2128 3542; x_wconf 85' lang='lat' dir='ltr'><strong>Nam</strong></span> <span class='ocrx_word' id='word_1_535' title='bbox 2152 3502 2250 3543; x_wconf 91' lang='lat' dir='ltr'><strong>nec</strong></span> <span class='ocrx_word' id='word_1_536' title='bbox 2268 3487 2354 3543; x_wconf 90' lang='lat' dir='ltr'><strong>hic</strong></span> 
     </span>
    </p>
   </div>
   <div class='ocr_carea' id='block_1_66' title="bbox 756 3585 2353 3652">
    <p class='ocr_par' dir='ltr' id='par_1_66' title="bbox 756 3585 2353 3652">
     <span class='ocr_line' id='line_1_66' title="bbox 756 3585 2353 3652; baseline -0.011 0"><span class='ocrx_word' id='word_1_537' title='bbox 756 3603 930 3652; x_wconf 88' lang='lat' dir='ltr'><strong>mater</strong></span> <span class='ocrx_word' id='word_1_538' title='bbox 958 3590 1244 3646; x_wconf 85' lang='lat' dir='ltr'><strong>assistebat</strong></span> <span class='ocrx_word' id='word_1_539' title='bbox 1274 3586 1370 3642; x_wconf 91' lang='lat' dir='ltr'><strong>illi.</strong></span> <span class='ocrx_word' id='word_1_540' title='bbox 1399 3585 1549 3640; x_wconf 80' lang='lat' dir='ltr'><strong>Adeo</strong></span> <span class='ocrx_word' id='word_1_541' title='bbox 1573 3597 1671 3638; x_wconf 91' lang='lat' dir='ltr'><strong>nec</strong></span> <span class='ocrx_word' id='word_1_542' title='bbox 1699 3591 1842 3637; x_wconf 88' lang='lat' dir='ltr'><strong>retro</strong></span> <span class='ocrx_word' id='word_1_543' title='bbox 1868 3589 2172 3650; x_wconf 87' lang='lat' dir='ltr'><strong>negaverat,</strong></span> <span class='ocrx_word' id='word_1_544' title='bbox 2201 3590 2256 3634; x_wconf 84' lang='grc' dir='ltr'><strong>ιιι</strong></span> <span class='ocrx_word' id='word_1_545' title='bbox 2286 3596 2353 3635; x_wconf 89' lang='lat' dir='ltr'><strong>ne</strong></span> 
     </span>
    </p>
   </div>
   <div class='ocr_carea' id='block_1_67' title="bbox 753 3670 2350 3757">
    <p class='ocr_par' dir='ltr' id='par_1_67' title="bbox 753 3670 2350 3757">
     <span class='ocr_line' id='line_1_67' title="bbox 753 3670 2350 3757; baseline -0.014 -14"><span class='ocrx_word' id='word_1_546' title='bbox 753 3685 841 3757; x_wconf 87' lang='lat'><strong>(5)</strong></span> <span class='ocrx_word' id='word_1_547' title='bbox 887 3693 995 3739; x_wconf 93' lang='lat' dir='ltr'><strong>tum</strong></span> <span class='ocrx_word' id='word_1_548' title='bbox 1018 3697 1138 3737; x_wconf 92' lang='lat' dir='ltr'><strong>cum</strong></span> <span class='ocrx_word' id='word_1_549' title='bbox 1162 3679 1212 3733; x_wconf 89' lang='lat' dir='ltr'><strong>id</strong></span> <span class='ocrx_word' id='word_1_550' title='bbox 1236 3693 1420 3733; x_wconf 89' lang='lat' dir='ltr'><strong>rursus</strong></span> <span class='ocrx_word' id='word_1_551' title='bbox 1445 3674 1630 3738; x_wconf 88' lang='lat' dir='ltr'><strong>audit;</strong></span> <span class='ocrx_word' id='word_1_552' title='bbox 1655 3687 1841 3729; x_wconf 87' lang='lat' dir='ltr'><strong>rursus</strong></span> <span class='ocrx_word' id='word_1_553' title='bbox 1863 3670 2088 3741; x_wconf 89' lang='lat' dir='ltr'><strong>proinde</strong></span> <span class='ocrx_word' id='word_1_554' title='bbox 2126 3670 2350 3725; x_wconf 89' lang='lat' dir='ltr'><strong>felicita-</strong></span> 
     </span>
    </p>
   </div>
   <div class='ocr_carea' id='block_1_68' title="bbox 757 3763 2356 3834">
    <p class='ocr_par' dir='ltr' id='par_1_68' title="bbox 757 3763 2356 3834">
     <span class='ocr_line' id='line_1_68' title="bbox 757 3763 2356 3834; baseline -0.01 0"><span class='ocrx_word' id='word_1_555' title='bbox 757 3787 866 3834; x_wconf 91' lang='lat' dir='ltr'><strong>tem</strong></span> <span class='ocrx_word' id='word_1_556' title='bbox 884 3777 950 3832; x_wconf 89' lang='lat' dir='ltr'><strong>ab</strong></span> <span class='ocrx_word' id='word_1_557' title='bbox 966 3786 1121 3830; x_wconf 90' lang='lat' dir='ltr'><strong>utero</strong></span> <span class='ocrx_word' id='word_1_558' title='bbox 1144 3781 1202 3827; x_wconf 92' lang='lat' dir='ltr'><strong>et</strong></span> <span class='ocrx_word' id='word_1_559' title='bbox 1229 3768 1483 3826; x_wconf 91' lang='lat' dir='ltr'><strong>uberibus</strong></span> <span class='ocrx_word' id='word_1_560' title='bbox 1500 3767 1685 3822; x_wconf 89' lang='lat' dir='ltr'><strong>matris</strong></span> <span class='ocrx_word' id='word_1_561' title='bbox 1705 3781 1814 3820; x_wconf 73' lang='lat' dir='ltr'><strong>sua:</strong></span> <span class='ocrx_word' id='word_1_562' title='bbox 1829 3764 2098 3820; x_wconf 87' lang='lat' dir='ltr'><strong>transtulit</strong></span> <span class='ocrx_word' id='word_1_563' title='bbox 2116 3765 2165 3817; x_wconf 92' lang='lat' dir='ltr'><strong>iu</strong></span> <span class='ocrx_word' id='word_1_564' title='bbox 2194 3763 2356 3819; x_wconf 88' lang='lat' dir='ltr'><strong>disci-</strong></span> 
     </span>
    </p>
   </div>
   <div class='ocr_carea' id='block_1_69' title="bbox 757 3856 2324 3942">
    <p class='ocr_par' dir='ltr' id='par_1_69' title="bbox 757 3856 2324 3942">
     <span class='ocr_line' id='line_1_69' title="bbox 757 3856 2324 3942; baseline -0.009 -16"><span class='ocrx_word' id='word_1_565' title='bbox 757 3869 953 3942; x_wconf 90' lang='lat' dir='ltr'><strong>pulos;</strong></span> <span class='ocrx_word' id='word_1_566' title='bbox 981 3883 1010 3923; x_wconf 90' lang='lat' dir='ltr'><strong>a</strong></span> <span class='ocrx_word' id='word_1_567' title='bbox 1038 3881 1142 3938; x_wconf 90' lang='lat' dir='ltr'><strong>qua</strong></span> <span class='ocrx_word' id='word_1_568' title='bbox 1171 3879 1278 3920; x_wconf 91' lang='lat' dir='ltr'><strong>non</strong></span> <span class='ocrx_word' id='word_1_569' title='bbox 1301 3859 1694 3924; x_wconf 91' lang='lat' dir='ltr'><strong>transtulisset,</strong></span> <span class='ocrx_word' id='word_1_570' title='bbox 1727 3859 1772 3914; x_wconf 90' lang='lat' dir='ltr'><strong>si</strong></span> <span class='ocrx_word' id='word_1_571' title='bbox 1803 3873 1920 3915; x_wconf 88' lang='lat' dir='ltr'><strong>eam</strong></span> <span class='ocrx_word' id='word_1_572' title='bbox 1948 3873 2053 3913; x_wconf 93' lang='lat' dir='ltr'><strong>non</strong></span> <span class='ocrx_word' id='word_1_573' title='bbox 2082 3856 2324 3914; x_wconf 88' lang='lat' dir='ltr'><strong>haberet.</strong></span> 
     </span>
    </p>
   </div>
   <div class='ocr_carea' id='block_1_70' title="bbox 1313 3950 1792 4011">
    <p class='ocr_par' dir='ltr' id='par_1_70' title="bbox 1313 3950 1792 4011">
     <span class='ocr_line' id='line_1_70' title="bbox 1313 3950 1792 4011; baseline -0.008 -1"><span class='ocrx_word' id='word_1_574' title='bbox 1313 3951 1541 4011; x_wconf 84' lang='lat' dir='ltr'><strong>CAPUT</strong></span> <span class='ocrx_word' id='word_1_575' title='bbox 1579 3950 1792 4007; x_wconf 80' lang='lat' dir='ltr'><strong>XXVII.</strong></span> 
     </span>
    </p>
   </div>
   <div class='ocr_carea' id='block_1_71' title="bbox 833 4044 2414 4122">
    <p class='ocr_par' dir='ltr' id='par_1_71' title="bbox 833 4044 2414 4122">
     <span class='ocr_line' id='line_1_71' title="bbox 833 4044 2414 4122; baseline -0.008 -11"><span class='ocrx_word' id='word_1_576' title='bbox 833 4053 972 4112; x_wconf 83' lang='lat' dir='ltr'><strong>Alibi</strong></span> <span class='ocrx_word' id='word_1_577' title='bbox 1000 4052 1141 4108; x_wconf 91' lang='lat' dir='ltr'><strong>malo</strong></span> <span class='ocrx_word' id='word_1_578' title='bbox 1179 4064 1407 4122; x_wconf 88' lang='lat' dir='ltr'><strong>purgare</strong></span> <span class='ocrx_word' id='word_1_579' title='bbox 1437 4063 1557 4119; x_wconf 79' lang='lat' dir='ltr'><strong>qua:</strong></span> <span class='ocrx_word' id='word_1_580' title='bbox 1597 4045 2000 4117; x_wconf 88' lang='lat' dir='ltr'><strong>reprehendunt</strong></span> <span class='ocrx_word' id='word_1_581' title='bbox 2026 4044 2351 4101; x_wconf 60' lang='lat' dir='ltr'><strong>Marcionita</strong></span> <span class='ocrx_word' id='word_1_582' title='bbox 2411 4064 2414 4066; x_wconf 55' lang='grc' dir='ltr'><strong><em>τ</em></strong></span> 
     </span>
    </p>
   </div>
   <div class='ocr_carea' id='block_1_72' title="bbox 760 4137 2353 4209">
    <p class='ocr_par' dir='ltr' id='par_1_72' title="bbox 760 4137 2353 4209">
     <span class='ocr_line' id='line_1_72' title="bbox 760 4137 2353 4209; baseline -0.008 -4"><span class='ocrx_word' id='word_1_583' title='bbox 760 4149 816 4205; x_wconf 90' lang='lat' dir='ltr'><strong>in</strong></span> <span class='ocrx_word' id='word_1_584' title='bbox 841 4146 1116 4204; x_wconf 89' lang='lat' dir='ltr'><strong>Creatore.</strong></span> <span class='ocrx_word' id='word_1_585' title='bbox 1150 4142 1248 4199; x_wconf 84' lang='lat' dir='ltr'><strong>Hic</strong></span> <span class='ocrx_word' id='word_1_586' title='bbox 1269 4142 1413 4198; x_wconf 88' lang='lat' dir='ltr'><strong>enim</strong></span> <span class='ocrx_word' id='word_1_587' title='bbox 1444 4137 1644 4195; x_wconf 85' lang='lat' dir='ltr'><strong>sufﬁcit</strong></span> <span class='ocrx_word' id='word_1_588' title='bbox 1669 4179 1684 4207; x_wconf 95' lang='lat'><strong>,</strong></span> <span class='ocrx_word' id='word_1_589' title='bbox 1711 4138 1756 4194; x_wconf 89' lang='lat' dir='ltr'><strong>si</strong></span> <span class='ocrx_word' id='word_1_590' title='bbox 1783 4153 1846 4194; x_wconf 89' lang='lat' dir='ltr'><strong>ea</strong></span> <span class='ocrx_word' id='word_1_591' title='bbox 1873 4138 1926 4194; x_wconf 92' lang='lat' dir='ltr'><strong>in</strong></span> <span class='ocrx_word' id='word_1_592' title='bbox 1956 4138 2170 4194; x_wconf 83' lang='lat' dir='ltr'><strong>Christo</strong></span> <span class='ocrx_word' id='word_1_593' title='bbox 2199 4154 2353 4209; x_wconf 90' lang='lat' dir='ltr'><strong>repe-</strong></span> 
     </span>
    </p>
   </div>
   <div class='ocr_carea' id='block_1_73' title="bbox 2457 3406 4060 3478">
    <p class='ocr_par' dir='ltr' id='par_1_73' title="bbox 2457 3406 4060 3478">
     <span class='ocr_line' id='line_1_73' title="bbox 2457 3406 4060 3478; baseline 0.001 -17"><span class='ocrx_word' id='word_1_594' title='bbox 2457 3406 2563 3461; x_wconf 91' lang='lat' dir='ltr'><strong>illis</strong></span> <span class='ocrx_word' id='word_1_595' title='bbox 2601 3415 2656 3462; x_wconf 90' lang='lat' dir='ltr'><strong>et</strong></span> <span class='ocrx_word' id='word_1_596' title='bbox 2701 3409 2922 3478; x_wconf 81' lang='lat' dir='ltr'><strong>figurate</strong></span> <span class='ocrx_word' id='word_1_597' title='bbox 2971 3407 3309 3461; x_wconf 85' lang='lat' dir='ltr'><strong>vasculorum</strong></span> <span class='ocrx_word' id='word_1_598' title='bbox 3340 3407 3632 3468; x_wconf 63' lang='lat' dir='ltr'><strong>munditiae,</strong></span> <span class='ocrx_word' id='word_1_599' title='bbox 3678 3417 3732 3461; x_wconf 92' lang='lat' dir='ltr'><strong>ct</strong></span> <span class='ocrx_word' id='word_1_600' title='bbox 3773 3408 4060 3462; x_wconf 75' lang='lat' dir='ltr'><strong>manifeste</strong></span> 
     </span>
    </p>
   </div>
   <div class='ocr_carea' id='block_1_74' title="bbox 2457 3498 4059 3570">
    <p class='ocr_par' dir='ltr' id='par_1_74' title="bbox 2457 3498 4059 3570">
     <span class='ocr_line' id='line_1_74' title="bbox 2457 3498 4059 3570; baseline -0.001 -15"><span class='ocrx_word' id='word_1_601' title='bbox 2457 3501 2944 3556; x_wconf 87' lang='lat' dir='ltr'><strong>miscricordiarum</strong></span> <span class='ocrx_word' id='word_1_602' title='bbox 2977 3515 3138 3570; x_wconf 80' lang='lat' dir='ltr'><strong>Opera</strong></span> <span class='ocrx_word' id='word_1_603' title='bbox 3174 3501 3590 3569; x_wconf 83' lang='lat' dir='ltr'><strong>imperabantur.</strong></span> <span class='ocrx_word' id='word_1_604' title='bbox 3621 3498 3708 3554; x_wconf 91' lang='lat' dir='ltr'><strong>Sic</strong></span> <span class='ocrx_word' id='word_1_605' title='bbox 3738 3509 3790 3553; x_wconf 76' lang='lat' dir='ltr'><strong>et</strong></span> <span class='ocrx_word' id='word_1_606' title='bbox 3815 3499 4059 3556; x_wconf 78' lang='lat' dir='ltr'><strong>oluscula</strong></span> 
     </span>
    </p>
   </div>
   <div class='ocr_carea' id='block_1_75' title="bbox 2455 3592 4060 3663">
    <p class='ocr_par' dir='ltr' id='par_1_75' title="bbox 2455 3592 4060 3663">
     <span class='ocr_line' id='line_1_75' title="bbox 2455 3592 4060 3663; baseline -0.001 -14"><span class='ocrx_word' id='word_1_607' title='bbox 2455 3595 2802 3657; x_wconf 89' lang='lat' dir='ltr'><strong>decimantes,</strong></span> <span class='ocrx_word' id='word_1_608' title='bbox 2828 3596 3162 3650; x_wconf 88' lang='lat' dir='ltr'><strong>vocationem</strong></span> <span class='ocrx_word' id='word_1_609' title='bbox 3198 3595 3278 3663; x_wconf 87' lang='lat' dir='ltr'><strong>(d)</strong></span> <span class='ocrx_word' id='word_1_610' title='bbox 3313 3605 3488 3652; x_wconf 90' lang='lat' dir='ltr'><strong>autem</strong></span> <span class='ocrx_word' id='word_1_611' title='bbox 3521 3593 3934 3648; x_wconf 87' lang='lat' dir='ltr'><strong>etdilectionem</strong></span> <span class='ocrx_word' id='word_1_612' title='bbox 3960 3592 4060 3648; x_wconf 88' lang='lat' dir='ltr'><strong>Dei</strong></span> 
     </span>
    </p>
   </div>
   <div class='ocr_carea' id='block_1_76' title="bbox 2458 3682 4063 3755">
    <p class='ocr_par' dir='ltr' id='par_1_76' title="bbox 2458 3682 4063 3755">
     <span class='ocr_line' id='line_1_76' title="bbox 2458 3682 4063 3755; baseline -0.001 -17"><span class='ocrx_word' id='word_1_613' title='bbox 2458 3694 2843 3755; x_wconf 68' lang='lat' dir='ltr'><strong>praetereuntes</strong></span> <span class='ocrx_word' id='word_1_614' title='bbox 2882 3685 3147 3754; x_wconf 85' lang='lat' dir='ltr'><strong>objurgat.</strong></span> <span class='ocrx_word' id='word_1_615' title='bbox 3179 3682 3343 3754; x_wconf 88' lang='lat' dir='ltr'><strong>Cujus</strong></span> <span class='ocrx_word' id='word_1_616' title='bbox 3387 3684 3476 3737; x_wconf 90' lang='lat' dir='ltr'><strong>Dei</strong></span> <span class='ocrx_word' id='word_1_617' title='bbox 3509 3685 3838 3738; x_wconf 83' lang='lat' dir='ltr'><strong>vocationem</strong></span> <span class='ocrx_word' id='word_1_618' title='bbox 3875 3691 3929 3737; x_wconf 92' lang='lat' dir='ltr'><strong>et</strong></span> <span class='ocrx_word' id='word_1_619' title='bbox 3975 3682 4063 3736; x_wconf 88' lang='lat' dir='ltr'><strong>di-</strong></span> 
     </span>
    </p>
   </div>
   <div class='ocr_carea' id='block_1_77' title="bbox 2457 3775 4063 3844">
    <p class='ocr_par' dir='ltr' id='par_1_77' title="bbox 2457 3775 4063 3844">
     <span class='ocr_line' id='line_1_77' title="bbox 2457 3775 4063 3844; baseline 0.002 -16"><span class='ocrx_word' id='word_1_620' title='bbox 2457 3775 2760 3838; x_wconf 86' lang='lat' dir='ltr'><strong>lectionem,</strong></span> <span class='ocrx_word' id='word_1_621' title='bbox 2791 3775 2890 3828; x_wconf 91' lang='lat' dir='ltr'><strong>nisi</strong></span> <span class='ocrx_word' id='word_1_622' title='bbox 2935 3775 3087 3844; x_wconf 89' lang='lat' dir='ltr'><strong>cujns</strong></span> <span class='ocrx_word' id='word_1_623' title='bbox 3111 3783 3166 3829; x_wconf 91' lang='lat' dir='ltr'><strong>et</strong></span> <span class='ocrx_word' id='word_1_624' title='bbox 3206 3784 3379 3829; x_wconf 88' lang='lat' dir='ltr'><strong>rutam</strong></span> <span class='ocrx_word' id='word_1_625' title='bbox 3407 3783 3457 3830; x_wconf 89' lang='lat' dir='ltr'><strong>et</strong></span> <span class='ocrx_word' id='word_1_626' title='bbox 3489 3784 3748 3842; x_wconf 87' lang='lat' dir='ltr'><strong>ruentam,</strong></span> <span class='ocrx_word' id='word_1_627' title='bbox 3789 3790 3853 3829; x_wconf 78' lang='lat' dir='ltr'><strong>ex</strong></span> <span class='ocrx_word' id='word_1_628' title='bbox 3886 3776 4063 3831; x_wconf 79' lang='lat' dir='ltr'><strong>forma</strong></span> 
     </span>
    </p>
   </div>
   <div class='ocr_carea' id='block_1_78' title="bbox 2455 3867 4064 3940">
    <p class='ocr_par' dir='ltr' id='par_1_78' title="bbox 2455 3867 4064 3940">
     <span class='ocr_line' id='line_1_78' title="bbox 2455 3867 4064 3940; baseline -0.002 -17"><span class='ocrx_word' id='word_1_629' title='bbox 2455 3867 2614 3940; x_wconf 84' lang='lat' dir='ltr'><strong>Legis</strong></span> <span class='ocrx_word' id='word_1_630' title='bbox 2638 3869 2704 3924; x_wconf 92' lang='lat' dir='ltr'><strong>de</strong></span> <span class='ocrx_word' id='word_1_631' title='bbox 2730 3868 2950 3924; x_wconf 90' lang='lat' dir='ltr'><strong>decimis</strong></span> <span class='ocrx_word' id='word_1_632' title='bbox 2992 3867 3327 3924; x_wconf 84' lang='lat' dir='ltr'><strong>oﬁ&#39;ercbaut?</strong></span> <span class='ocrx_word' id='word_1_633' title='bbox 3358 3867 3551 3922; x_wconf 90' lang='lat' dir='ltr'><strong>Totum</strong></span> <span class='ocrx_word' id='word_1_634' title='bbox 3587 3868 3728 3922; x_wconf 90' lang='lat' dir='ltr'><strong>enim</strong></span> <span class='ocrx_word' id='word_1_635' title='bbox 3757 3867 4064 3935; x_wconf 81' lang='lat' dir='ltr'><strong>exprobra-</strong></span> 
     </span>
    </p>
   </div>
   <div class='ocr_carea' id='block_1_79' title="bbox 2458 3961 4062 4033">
    <p class='ocr_par' dir='ltr' id='par_1_79' title="bbox 2458 3961 4062 4033">
     <span class='ocr_line' id='line_1_79' title="bbox 2458 3961 4062 4033; baseline -0.001 -15"><span class='ocrx_word' id='word_1_636' title='bbox 2458 3963 2615 4018; x_wconf 86' lang='lat' dir='ltr'><strong>tionis</strong></span> <span class='ocrx_word' id='word_1_637' title='bbox 2639 3963 2738 4016; x_wconf 92' lang='lat' dir='ltr'><strong>hoc</strong></span> <span class='ocrx_word' id='word_1_638' title='bbox 2763 3972 2896 4028; x_wconf 84' lang='lat' dir='ltr'><strong>erat,</strong></span> <span class='ocrx_word' id='word_1_639' title='bbox 2927 3963 3070 4033; x_wconf 90' lang='lat' dir='ltr'><strong>quod</strong></span> <span class='ocrx_word' id='word_1_640' title='bbox 3100 3963 3305 4017; x_wconf 91' lang='lat' dir='ltr'><strong>modica</strong></span> <span class='ocrx_word' id='word_1_641' title='bbox 3329 3961 3627 4026; x_wconf 87' lang='lat' dir='ltr'><strong>eurabant;</strong></span> <span class='ocrx_word' id='word_1_642' title='bbox 3659 3961 3706 4014; x_wconf 92' lang='lat' dir='ltr'><strong>ei</strong></span> <span class='ocrx_word' id='word_1_643' title='bbox 3736 3961 3938 4030; x_wconf 91' lang='lat' dir='ltr'><strong>utique,</strong></span> <span class='ocrx_word' id='word_1_644' title='bbox 3966 3961 4062 4017; x_wconf 89' lang='lat' dir='ltr'><strong>cui</strong></span> 
     </span>
    </p>
   </div>
   <div class='ocr_carea' id='block_1_80' title="bbox 2456 4051 4060 4125">
    <p class='ocr_par' dir='ltr' id='par_1_80' title="bbox 2456 4051 4060 4125">
     <span class='ocr_line' id='line_1_80' title="bbox 2456 4051 4060 4125; baseline -0.001 -17"><span class='ocrx_word' id='word_1_645' title='bbox 2456 4055 2655 4125; x_wconf 88' lang='lat' dir='ltr'><strong>majora</strong></span> <span class='ocrx_word' id='word_1_646' title='bbox 2686 4069 2790 4108; x_wconf 93' lang='lat' dir='ltr'><strong>non</strong></span> <span class='ocrx_word' id='word_1_647' title='bbox 2820 4055 3164 4119; x_wconf 75' lang='lat' dir='ltr'><strong>exhibebant,</strong></span> <span class='ocrx_word' id='word_1_648' title='bbox 3193 4054 3390 4109; x_wconf 88' lang='lat' dir='ltr'><strong>dicenti</strong></span> <span class='ocrx_word' id='word_1_649' title='bbox 3426 4052 3648 4120; x_wconf 89' lang='lat' dir='ltr'><strong>(Deut.,</strong></span> <span class='ocrx_word' id='word_1_650' title='bbox 3679 4051 3768 4118; x_wconf 84' lang='lat' dir='ltr'><strong>VI,</strong></span> <span class='ocrx_word' id='word_1_651' title='bbox 3794 4054 3849 4120; x_wconf 82' lang='grc'><strong>5)</strong></span> <span class='ocrx_word' id='word_1_652' title='bbox 3873 4071 3886 4106; x_wconf 90' lang='lat'><strong>:</strong></span> <span class='ocrx_word' id='word_1_653' title='bbox 3913 4051 4060 4107; x_wconf 78' lang='lat' dir='ltr'><strong>Dili-</strong></span> 
     </span>
    </p>
   </div>
   <div class='ocr_carea' id='block_1_81' title="bbox 2454 4144 4061 4219">
    <p class='ocr_par' dir='ltr' id='par_1_81' title="bbox 2454 4144 4061 4219">
     <span class='ocr_line' id='line_1_81' title="bbox 2454 4144 4061 4219; baseline -0.001 -17"><span class='ocrx_word' id='word_1_654' title='bbox 2454 4163 2539 4219; x_wconf 92' lang='lat' dir='ltr'><strong>ges</strong></span> <span class='ocrx_word' id='word_1_655' title='bbox 2577 4145 2855 4201; x_wconf 84' lang='lat' dir='ltr'><strong>Dominum</strong></span> <span class='ocrx_word' id='word_1_656' title='bbox 2877 4145 3039 4200; x_wconf 85' lang='lat' dir='ltr'><strong>Deum</strong></span> <span class='ocrx_word' id='word_1_657' title='bbox 3069 4156 3210 4200; x_wconf 88' lang='lat' dir='ltr'><strong>tuum</strong></span> <span class='ocrx_word' id='word_1_658' title='bbox 3229 4162 3293 4200; x_wconf 77' lang='lat' dir='ltr'><strong>ea:</strong></span> <span class='ocrx_word' id='word_1_659' title='bbox 3317 4156 3420 4201; x_wconf 88' lang='lat' dir='ltr'><strong>toto</strong></span> <span class='ocrx_word' id='word_1_660' title='bbox 3441 4145 3592 4201; x_wconf 86' lang='lat' dir='ltr'><strong>corde</strong></span> <span class='ocrx_word' id='word_1_661' title='bbox 3636 4154 3723 4199; x_wconf 88' lang='lat' dir='ltr'><strong>tuo</strong></span> <span class='ocrx_word' id='word_1_662' title='bbox 3777 4144 3856 4216; x_wconf 91' lang='lat'><strong>(8)</strong></span> <span class='ocrx_word' id='word_1_663' title='bbox 3898 4154 3942 4199; x_wconf 92' lang='lat' dir='ltr'><strong>et</strong></span> <span class='ocrx_word' id='word_1_664' title='bbox 3991 4161 4061 4201; x_wconf 73' lang='lat' dir='ltr'><strong>ea;</strong></span> 
     </span>
    </p>
   </div>
   <div class='ocr_carea' id='block_1_82' title="bbox 1983 4250 2810 4316">
    <p class='ocr_par' dir='ltr' id='par_1_82' title="bbox 1983 4250 2810 4316">
     <span class='ocr_line' id='line_1_82' title="bbox 1983 4250 2810 4316; baseline 0.008 -9"><span class='ocrx_word' id='word_1_665' title='bbox 1983 4250 2365 4310; x_wconf 82' lang='lat' dir='ltr'><strong>LECTIONES</strong></span> <span class='ocrx_word' id='word_1_666' title='bbox 2404 4257 2810 4316; x_wconf 79' lang='lat' dir='ltr'><strong>VARIANTES.</strong></span> 
     </span>
    </p>
   </div>
   <div class='ocr_carea' id='block_1_83' title="bbox 824 4362 1762 4502">
    <p class='ocr_par' dir='ltr' id='par_1_83' title="bbox 824 4362 1762 4502">
     <span class='ocr_line' id='line_1_83' title="bbox 824 4362 1762 4502; baseline -0.006 -77"><span class='ocrx_word' id='word_1_667' title='bbox 824 4371 899 4502; x_wconf 50' lang='grc' dir='ltr'><strong>(ιζ</strong></span> <span class='ocrx_word' id='word_1_668' title='bbox 936 4372 1091 4434; x_wconf 85' lang='lat' dir='ltr'><strong>Ejicio</strong></span> <span class='ocrx_word' id='word_1_669' title='bbox 1119 4369 1356 4444; x_wconf 62' lang='lat' dir='ltr'><strong>damonis</strong></span> <span class='ocrx_word' id='word_1_670' title='bbox 1376 4362 1528 4419; x_wconf 86' lang='lat' dir='ltr'><strong>omitt.</strong></span> <span class='ocrx_word' id='word_1_671' title='bbox 1564 4365 1762 4420; x_wconf 82' lang='lat' dir='ltr'><strong>Oberth.</strong></span> 
     </span>
     <span class='ocr_line' id='line_1_84' title="bbox 824 4435 1523 4502; baseline -0.011 -15"><span class='ocrx_word' id='word_1_672' title='bbox 824 4439 875 4502; x_wconf 78' lang='lat'><strong>(2</strong></span> <span class='ocrx_word' id='word_1_673' title='bbox 931 4435 1227 4502; x_wconf 42' lang='lat' dir='ltr'><strong>Quodam.</strong></span> <span class='ocrx_word' id='word_1_674' title='bbox 1297 4495 1334 4502; x_wconf 88' lang='lat'>_</span> <span class='ocrx_word' id='word_1_675' title='bbox 1402 4490 1414 4502; x_wconf 44' lang='grc'><strong><em>⁸</em></strong></span> <span class='ocrx_word' id='word_1_676' title='bbox 1493 4501 1523 4502; x_wconf 22' lang='grc' dir='ltr'><strong><em>ά</em></strong></span> 
     </span>
    </p>
   </div>
   <div class='ocr_carea' id='block_1_84' title="bbox 821 4435 1632 4630">
    <p class='ocr_par' dir='ltr' id='par_1_84' title="bbox 821 4435 1632 4630">
     <span class='ocr_line' id='line_1_85' title="bbox 834 4435 1414 4510; baseline -0.012 -23"><span class='ocrx_word' id='word_1_677' title='bbox 834 4435 896 4502; x_wconf 80' lang='lat'><strong>‘2)</strong></span> <span class='ocrx_word' id='word_1_678' title='bbox 943 4437 1059 4510; x_wconf 40' lang='lat' dir='ltr'><strong>Quo.</strong></span> <span class='ocrx_word' id='word_1_679' title='bbox 1073 4435 1227 4484; x_wconf 85' lang='lat' dir='ltr'><strong>Latin.</strong></span> <span class='ocrx_word' id='word_1_680' title='bbox 1402 4490 1414 4502; x_wconf 39' lang='grc' dir='ltr'><strong><em>ο</em></strong></span> 
     </span>
     <span class='ocr_line' id='line_1_86' title="bbox 821 4440 1632 4630; baseline -0.009 -18"><span class='ocrx_word' id='word_1_681' title='bbox 821 4440 1632 4630; x_wconf 59' lang='lat' dir='ltr'><strong>iilili:t231°li.i”&quot;°m</strong></span> 
     </span>
    </p>
   </div>
   <div class='ocr_carea' id='block_1_85' title="bbox 848 4559 1354 4614">
    <p class='ocr_par' dir='ltr' id='par_1_85' title="bbox 848 4559 1354 4614">
     <span class='ocr_line' id='line_1_87' title="bbox 848 4559 1354 4614; baseline -0.01 -2"><span class='ocrx_word' id='word_1_682' title='bbox 848 4559 901 4614; x_wconf 75' lang='lat' dir='ltr'><strong>tl</strong></span> <span class='ocrx_word' id='word_1_683' title='bbox 939 4559 1190 4614; x_wconf 72' lang='lat' dir='ltr'><strong>Eiclamat</strong></span> <span class='ocrx_word' id='word_1_684' title='bbox 1209 4560 1354 4610; x_wconf 83' lang='lat' dir='ltr'><strong>Pam.</strong></span> 
     </span>
    </p>
   </div>
   <div class='ocr_carea' id='block_1_86' title="bbox 2525 4370 2880 4437">
    <p class='ocr_par' dir='ltr' id='par_1_86' title="bbox 2525 4370 2880 4437">
     <span class='ocr_line' id='line_1_88' title="bbox 2525 4370 2880 4437; baseline 0.006 -15"><span class='ocrx_word' id='word_1_685' title='bbox 2525 4370 2600 4437; x_wconf 85' lang='lat'><strong>(5)</strong></span> <span class='ocrx_word' id='word_1_686' title='bbox 2631 4373 2746 4437; x_wconf 18' lang='lat' dir='ltr'><strong>iNec</strong></span> <span class='ocrx_word' id='word_1_687' title='bbox 2768 4382 2880 4424; x_wconf 85' lang='lat' dir='ltr'><strong>Jun.</strong></span> 
     </span>
    </p>
   </div>
   <div class='ocr_carea' id='block_1_87' title="bbox 2517 4435 3041 4488">
    <p class='ocr_par' dir='ltr' id='par_1_87' title="bbox 2517 4435 3041 4488">
     <span class='ocr_line' id='line_1_89' title="bbox 2517 4435 3041 4488; baseline 0.008 -5"><span class='ocrx_word' id='word_1_688' title='bbox 2517 4435 2592 4488; x_wconf 79' lang='lat' dir='ltr'><strong>t6)</strong></span> <span class='ocrx_word' id='word_1_689' title='bbox 2627 4436 2879 4487; x_wconf 78' lang='lat' dir='ltr'><strong>Finximus</strong></span> <span class='ocrx_word' id='word_1_690' title='bbox 2899 4440 3041 4488; x_wconf 85' lang='lat' dir='ltr'><strong>Pam.</strong></span> 
     </span>
    </p>
   </div>
   <div class='ocr_carea' id='block_1_88' title="bbox 2541 4498 3368 4563">
    <p class='ocr_par' dir='ltr' id='par_1_88' title="bbox 2541 4498 3368 4563">
     <span class='ocr_line' id='line_1_90' title="bbox 2541 4498 3368 4563; baseline 0.001 -14"><span class='ocrx_word' id='word_1_691' title='bbox 2541 4498 2594 4563; x_wconf 74' lang='grc' dir='ltr'><strong>Ἰ)</strong></span> <span class='ocrx_word' id='word_1_692' title='bbox 2635 4498 2845 4563; x_wconf 65' lang='grc' dir='ltr'><strong>Υοωτει</strong></span> <span class='ocrx_word' id='word_1_693' title='bbox 2866 4498 3030 4551; x_wconf 85' lang='lat' dir='ltr'><strong>Paris.</strong></span> <span class='ocrx_word' id='word_1_694' title='bbox 3062 4499 3175 4563; x_wconf 70' lang='lat' dir='ltr'><strong>M9.</strong></span> <span class='ocrx_word' id='word_1_695' title='bbox 3208 4507 3368 4553; x_wconf 74' lang='lat' dir='ltr'><strong>Venet.</strong></span> 
     </span>
    </p>
   </div>
   <div class='ocr_carea' id='block_1_89' title="bbox 2378 4491 3088 4626">
    <p class='ocr_par' dir='ltr' id='par_1_89' title="bbox 2378 4491 3088 4626">
     <span class='ocr_line' id='line_1_91' title="bbox 2378 4491 3088 4626; baseline 0.004 -78"><span class='ocrx_word' id='word_1_696' title='bbox 2378 4541 2431 4604; x_wconf 83' lang='lat' dir='ltr'><strong>D</strong></span> <span class='ocrx_word' id='word_1_697' title='bbox 2519 4491 2594 4626; x_wconf 49' lang='lat'><strong>(7)</strong></span> <span class='ocrx_word' id='word_1_698' title='bbox 2635 4498 3030 4574; x_wconf 51' lang='lat' dir='ltr'><strong>Yocaretfaris.</strong></span> <span class='ocrx_word' id='word_1_699' title='bbox 3065 4503 3088 4551; x_wconf 83' lang='lat'><em>1</em></span> 
     </span>
     <span class='ocr_line' id='line_1_92' title="bbox 2542 4560 3088 4625; baseline 0.005 -16"><span class='ocrx_word' id='word_1_700' title='bbox 2542 4561 2595 4625; x_wconf 88' lang='lat'><strong>8)</strong></span> <span class='ocrx_word' id='word_1_701' title='bbox 2635 4560 2741 4613; x_wconf 66' lang='lat' dir='ltr'><strong>Cluo</strong></span> <span class='ocrx_word' id='word_1_702' title='bbox 2762 4570 2911 4614; x_wconf 83' lang='lat' dir='ltr'><strong>onutt.</strong></span> <span class='ocrx_word' id='word_1_703' title='bbox 2937 4561 3088 4614; x_wconf 82' lang='lat' dir='ltr'><strong>Seml.</strong></span> 
     </span>
    </p>
   </div>
   <div class='ocr_carea' id='block_1_90' title="bbox 2113 4659 2666 4725">
    <p class='ocr_par' dir='ltr' id='par_1_90' title="bbox 2113 4659 2666 4725">
     <span class='ocr_line' id='line_1_93' title="bbox 2113 4659 2666 4725; baseline 0.007 -7"><span class='ocrx_word' id='word_1_704' title='bbox 2113 4659 2666 4725; x_wconf 77' lang='lat' dir='ltr'><strong>COMMENTARIUS.</strong></span> 
     </span>
    </p>
   </div>
   <div class='ocr_carea' id='block_1_91' title="bbox 765 4753 2355 4830">
    <p class='ocr_par' dir='ltr' id='par_1_91' title="bbox 765 4753 2355 4830">
     <span class='ocr_line' id='line_1_94' title="bbox 765 4753 2355 4830; baseline -0.009 -3"><span class='ocrx_word' id='word_1_705' title='bbox 765 4784 860 4827; x_wconf 90' lang='lat' dir='ltr'><strong>sus</strong></span> <span class='ocrx_word' id='word_1_706' title='bbox 888 4772 974 4824; x_wconf 86' lang='lat' dir='ltr'><strong>est</strong></span> <span class='ocrx_word' id='word_1_707' title='bbox 995 4804 1011 4830; x_wconf 93' lang='lat'><strong>,</strong></span> <span class='ocrx_word' id='word_1_708' title='bbox 1033 4762 1202 4818; x_wconf 89' lang='lat' dir='ltr'><strong>Deum</strong></span> <span class='ocrx_word' id='word_1_709' title='bbox 1228 4775 1326 4815; x_wconf 88' lang='lat' dir='ltr'><strong>nos</strong></span> <span class='ocrx_word' id='word_1_710' title='bbox 1355 4773 1512 4814; x_wconf 91' lang='lat' dir='ltr'><strong>orare</strong></span> <span class='ocrx_word' id='word_1_711' title='bbox 1561 4771 1628 4815; x_wconf 89' lang='lat' dir='ltr'><strong>ne</strong></span> <span class='ocrx_word' id='word_1_712' title='bbox 1670 4769 1767 4812; x_wconf 91' lang='lat' dir='ltr'><strong>nos</strong></span> <span class='ocrx_word' id='word_1_713' title='bbox 1796 4753 2077 4810; x_wconf 87' lang='lat' dir='ltr'><strong>tentationi</strong></span> <span class='ocrx_word' id='word_1_714' title='bbox 2105 4769 2355 4812; x_wconf 82' lang='lat' dir='ltr'><strong>succum-</strong></span> 
     </span>
    </p>
   </div>
   <div class='ocr_carea' id='block_1_92' title="bbox 765 4831 1433 4907">
    <p class='ocr_par' dir='ltr' id='par_1_92' title="bbox 765 4831 1433 4907">
     <span class='ocr_line' id='line_1_95' title="bbox 765 4831 1433 4907; baseline -0.022 -9"><span class='ocrx_word' id='word_1_715' title='bbox 765 4843 894 4898; x_wconf 88' lang='lat' dir='ltr'><strong>bere</strong></span> <span class='ocrx_word' id='word_1_716' title='bbox 925 4834 1215 4907; x_wconf 88' lang='lat' dir='ltr'><strong>permittat.</strong></span> <span class='ocrx_word' id='word_1_717' title='bbox 1243 4831 1321 4907; x_wconf 56' lang='grc' dir='ltr'><strong>[ιε</strong></span> <span class='ocrx_word' id='word_1_718' title='bbox 1336 4831 1433 4907; x_wconf 72' lang='lat' dir='ltr'><strong>Pa.</strong></span> 
     </span>
    </p>
   </div>
   <div class='ocr_carea' id='block_1_93' title="bbox 842 4898 2354 4984">
    <p class='ocr_par' dir='ltr' id='par_1_93' title="bbox 842 4898 2354 4984">
     <span class='ocr_line' id='line_1_96' title="bbox 842 4898 2354 4984; baseline -0.008 -21"><span class='ocrx_word' id='word_1_719' title='bbox 842 4898 1198 4984; x_wconf 53' lang='lat' dir='ltr'><strong>(:t)&#39;Si_egoin</strong></span> <span class='ocrx_word' id='word_1_720' title='bbox 1235 4900 1502 4984; x_wconf 63' lang='lat' dir='ltr'><strong>Beelsebul</strong></span> <span class='ocrx_word' id='word_1_721' title='bbox 1541 4899 1685 4984; x_wconf 68' lang='lat' dir='ltr'><strong>ejicio</strong></span> <span class='ocrx_word' id='word_1_722' title='bbox 1726 4899 1998 4984; x_wconf 59' lang='lat' dir='ltr'><strong>dcemgnio:</strong></span> <span class='ocrx_word' id='word_1_723' title='bbox 2053 4898 2167 4984; x_wconf 56' lang='lat' dir='ltr'><strong>Etsi</strong></span> <span class='ocrx_word' id='word_1_724' title='bbox 2215 4899 2354 4980; x_wconf 84' lang='lat' dir='ltr'><strong>apud</strong></span> 
     </span>
    </p>
   </div>
   <div class='ocr_carea' id='block_1_94' title="bbox 769 4968 2361 5040">
    <p class='ocr_par' dir='ltr' id='par_1_94' title="bbox 769 4968 2361 5040">
     <span class='ocr_line' id='line_1_97' title="bbox 769 4968 2361 5040; baseline -0.009 -2"><span class='ocrx_word' id='word_1_725' title='bbox 769 4968 984 5039; x_wconf 77' lang='lat' dir='ltr'><strong>sarieios</strong></span> <span class='ocrx_word' id='word_1_726' title='bbox 1014 4968 1249 5032; x_wconf 71' lang='lat' dir='ltr'><strong>Marcum</strong></span> <span class='ocrx_word' id='word_1_727' title='bbox 1279 4983 1333 5029; x_wconf 92' lang='lat' dir='ltr'><strong>et</strong></span> <span class='ocrx_word' id='word_1_728' title='bbox 1362 4968 1569 5027; x_wconf 84' lang='lat' dir='ltr'><strong>Lucam</strong></span> <span class='ocrx_word' id='word_1_729' title='bbox 1605 4971 1809 5040; x_wconf 88' lang='lat' dir='ltr'><strong>legatur</strong></span> <span class='ocrx_word' id='word_1_730' title='bbox 1858 4968 2141 5025; x_wconf 80' lang='lat' dir='ltr'><strong>Bt-elbebul</strong></span> <span class='ocrx_word' id='word_1_731' title='bbox 2169 5010 2182 5034; x_wconf 92' lang='lat'><strong>,</strong></span> <span class='ocrx_word' id='word_1_732' title='bbox 2215 4972 2361 5025; x_wconf 85' lang='lat' dir='ltr'><strong>vocis</strong></span> 
     </span>
    </p>
   </div>
   <div class='ocr_carea' id='block_1_95' title="bbox 773 5042 2362 5141">
    <p class='ocr_par' dir='ltr' id='par_1_95' title="bbox 773 5042 2362 5141">
     <span class='ocr_line' id='line_1_98' title="bbox 773 5042 2362 5141; baseline -0.011 -12"><span class='ocrx_word' id='word_1_733' title='bbox 773 5085 952 5129; x_wconf 88' lang='lat' dir='ltr'><strong>tamen</strong></span> <span class='ocrx_word' id='word_1_734' title='bbox 971 5079 1185 5141; x_wconf 83' lang='lat' dir='ltr'><strong>etymon</strong></span> <span class='ocrx_word' id='word_1_735' title='bbox 1213 5062 1496 5120; x_wconf 87' lang='lat' dir='ltr'><strong>Beelzebul</strong></span> <span class='ocrx_word' id='word_1_736' title='bbox 1520 5042 2002 5141; x_wconf 42' lang='lat' dir='ltr'><strong>postulatp&#39;n&#39;t‘zva</strong></span> <span class='ocrx_word' id='word_1_737' title='bbox 2041 5061 2362 5141; x_wconf 61' lang='lat' dir='ltr'><strong>(Drelsebab)</strong></span> 
     </span>
    </p>
   </div>
   <div class='ocr_carea' id='block_1_96' title="bbox 773 5133 2360 5211">
    <p class='ocr_par' dir='ltr' id='par_1_96' title="bbox 773 5133 2360 5211">
     <span class='ocr_line' id='line_1_99' title="bbox 773 5133 2360 5211; baseline -0.01 -10"><span class='ocrx_word' id='word_1_738' title='bbox 773 5146 826 5201; x_wconf 83' lang='lat' dir='ltr'><strong>id</strong></span> <span class='ocrx_word' id='word_1_739' title='bbox 857 5151 942 5198; x_wconf 86' lang='lat' dir='ltr'><strong>est</strong></span> <span class='ocrx_word' id='word_1_740' title='bbox 972 5133 1215 5211; x_wconf 79' lang='lat' dir='ltr'><strong>princeps</strong></span> <span class='ocrx_word' id='word_1_741' title='bbox 1245 5150 1570 5211; x_wconf 63' lang='lat' dir='ltr'><strong>muscarum.</strong></span> <span class='ocrx_word' id='word_1_742' title='bbox 1603 5133 1834 5211; x_wconf 43' lang='lat' dir='ltr'><strong>Sileuint</strong></span> <span class='ocrx_word' id='word_1_743' title='bbox 1885 5133 2160 5211; x_wconf 69' lang='lat' dir='ltr'><strong>Deelzebul</strong></span> <span class='ocrx_word' id='word_1_744' title='bbox 2191 5133 2360 5211; x_wconf 71' lang='lat' dir='ltr'><strong>legis,</strong></span> 
     </span>
    </p>
   </div>
   <div class='ocr_carea' id='block_1_97' title="bbox 774 5203 2364 5271">
    <p class='ocr_par' dir='ltr' id='par_1_97' title="bbox 774 5203 2364 5271">
     <span class='ocr_line' id='line_1_100' title="bbox 774 5203 2364 5271; baseline -0.007 -1"><span class='ocrx_word' id='word_1_745' title='bbox 774 5224 866 5271; x_wconf 90' lang='lat' dir='ltr'><strong>aut</strong></span> <span class='ocrx_word' id='word_1_746' title='bbox 897 5203 1089 5267; x_wconf 78' lang='lat' dir='ltr'><strong>noinen</strong></span> <span class='ocrx_word' id='word_1_747' title='bbox 1140 5203 1241 5263; x_wconf 72' lang='lat' dir='ltr'><strong>erit</strong></span> <span class='ocrx_word' id='word_1_748' title='bbox 1273 5207 1499 5271; x_wconf 76' lang='lat' dir='ltr'><strong>,nullius</strong></span> <span class='ocrx_word' id='word_1_749' title='bbox 1527 5203 1947 5271; x_wconf 81' lang='lat' dir='ltr'><strong>significationis,</strong></span> <span class='ocrx_word' id='word_1_750' title='bbox 1995 5215 2086 5256; x_wconf 88' lang='lat' dir='ltr'><strong>aut</strong></span> <span class='ocrx_word' id='word_1_751' title='bbox 2130 5205 2364 5259; x_wconf 83' lang='lat' dir='ltr'><strong>melioris</strong></span> 
     </span>
    </p>
   </div>
   <div class='ocr_carea' id='block_1_98' title="bbox 772 5254 2363 5357">
    <p class='ocr_par' dir='ltr' id='par_1_98' title="bbox 772 5254 2363 5357">
     <span class='ocr_line' id='line_1_101' title="bbox 772 5254 2363 5357; baseline -0.007 -18"><span class='ocrx_word' id='word_1_752' title='bbox 772 5254 1243 5357; x_wconf 45' lang='lat' dir='ltr'><strong>gestatas;</strong></span> <span class='ocrx_word' id='word_1_753' title='bbox 1273 5254 2363 5357; x_wconf 47' lang='grc' dir='ltr'><strong>ιέξίαςδ-ηῖγξιίεηλίηέιὶλιιέιῖδυτειξί-εεέῑ</strong></span> 
     </span>
    </p>
   </div>
   <div class='ocr_carea' id='block_1_99' title="bbox 772 5344 1872 5420">
    <p class='ocr_par' dir='ltr' id='par_1_99' title="bbox 772 5344 1872 5420">
     <span class='ocr_line' id='line_1_102' title="bbox 772 5344 1872 5420; baseline -0.012 -9"><span class='ocrx_word' id='word_1_754' title='bbox 772 5344 976 5420; x_wconf 69' lang='lat' dir='ltr'><strong>riiﬁcat,</strong></span> <span class='ocrx_word' id='word_1_755' title='bbox 1004 5363 1057 5408; x_wconf 90' lang='lat' dir='ltr'><strong>et</strong></span> <span class='ocrx_word' id='word_1_756' title='bbox 1083 5347 1370 5420; x_wconf 84' lang='lat' dir='ltr'><strong>aliquando</strong></span> <span class='ocrx_word' id='word_1_757' title='bbox 1411 5344 1735 5420; x_wconf 64' lang='lat' dir='ltr'><strong>ett-lutn._hs</strong></span> <span class='ocrx_word' id='word_1_758' title='bbox 1775 5344 1872 5399; x_wconf 78' lang='lat' dir='ltr'><strong>Pa.</strong></span> 
     </span>
    </p>
   </div>
   <div class='ocr_carea' id='block_1_100' title="bbox 845 5415 2360 5499">
    <p class='ocr_par' dir='ltr' id='par_1_100' title="bbox 845 5415 2360 5499">
     <span class='ocr_line' id='line_1_103' title="bbox 845 5415 2360 5499; baseline -0.004 -25"><span class='ocrx_word' id='word_1_759' title='bbox 845 5428 924 5499; x_wconf 71' lang='lat' dir='ltr'><strong>(Ii)</strong></span> <span class='ocrx_word' id='word_1_760' title='bbox 962 5415 1199 5499; x_wconf 33' lang='lat' dir='ltr'><strong>:Cuj‘us‘e&#39;t</strong></span> <span class='ocrx_word' id='word_1_761' title='bbox 1219 5420 1376 5499; x_wconf 68' lang='lat' dir='ltr'><strong>uirtus</strong></span> <span class='ocrx_word' id='word_1_762' title='bbox 1401 5418 1606 5499; x_wconf 76' lang='lat' dir='ltr'><strong>digitus.</strong></span> <span class='ocrx_word' id='word_1_763' title='bbox 1634 5415 1988 5499; x_wconf 51' lang='lat' dir='ltr'><strong>Eleganshilla</strong></span> <span class='ocrx_word' id='word_1_764' title='bbox 2042 5417 2360 5499; x_wconf 72' lang='lat' dir='ltr'><strong>interpreta-</strong></span> 
     </span>
    </p>
   </div>
   <div class='ocr_carea' id='block_1_101' title="bbox 774 5487 2359 5568">
    <p class='ocr_par' dir='ltr' id='par_1_101' title="bbox 774 5487 2359 5568">
     <span class='ocr_line' id='line_1_104' title="bbox 774 5487 2359 5568; baseline -0.008 -13"><span class='ocrx_word' id='word_1_765' title='bbox 774 5487 1174 5568; x_wconf 40' lang='lat' dir='ltr'><strong>tio‘digiti’Dei,</strong></span> <span class='ocrx_word' id='word_1_766' title='bbox 1206 5491 1272 5568; x_wconf 83' lang='lat' dir='ltr'><strong>de</strong></span> <span class='ocrx_word' id='word_1_767' title='bbox 1298 5487 1490 5544; x_wconf 82' lang='lat' dir='ltr'><strong>virtute</strong></span> <span class='ocrx_word' id='word_1_768' title='bbox 1508 5499 1566 5568; x_wconf 64' lang='lat' dir='ltr'><strong>et</strong></span> <span class='ocrx_word' id='word_1_769' title='bbox 1598 5489 1830 5568; x_wconf 79' lang='lat' dir='ltr'><strong>potentia</strong></span> <span class='ocrx_word' id='word_1_770' title='bbox 1861 5487 1984 5552; x_wconf 89' lang='lat' dir='ltr'><strong>Dei,</strong></span> <span class='ocrx_word' id='word_1_771' title='bbox 2016 5488 2082 5568; x_wconf 78' lang='lat' dir='ltr'><strong>ab</strong></span> <span class='ocrx_word' id='word_1_772' title='bbox 2105 5490 2359 5568; x_wconf 62' lang='lat' dir='ltr'><strong>erunibus</strong></span> 
     </span>
    </p>
   </div>
   <div class='ocr_carea' id='block_1_102' title="bbox 771 5559 2356 5638">
    <p class='ocr_par' dir='ltr' id='par_1_102' title="bbox 771 5559 2356 5638">
     <span class='ocr_line' id='line_1_105' title="bbox 771 5559 2356 5638; baseline -0.009 -12"><span class='ocrx_word' id='word_1_773' title='bbox 771 5559 1073 5638; x_wconf 60' lang='lat' dir='ltr'><strong>usurpatur.</strong></span> <span class='ocrx_word' id='word_1_774' title='bbox 1118 5563 1250 5638; x_wconf 68' lang='lat' dir='ltr'><strong>Magi</strong></span> <span class='ocrx_word' id='word_1_775' title='bbox 1291 5573 1466 5638; x_wconf 70' lang='lat' dir='ltr'><strong>autem</strong></span> <span class='ocrx_word' id='word_1_776' title='bbox 1494 5559 1829 5638; x_wconf 58' lang='lat' dir='ltr'><strong>Pharaonis.</strong></span> <span class='ocrx_word' id='word_1_777' title='bbox 1861 5572 1987 5638; x_wconf 80' lang='lat' dir='ltr'><strong>cum</strong></span> <span class='ocrx_word' id='word_1_778' title='bbox 2013 5559 2200 5612; x_wconf 85' lang='lat' dir='ltr'><strong>ciuiles</strong></span> <span class='ocrx_word' id='word_1_779' title='bbox 2231 5575 2356 5628; x_wconf 84' lang='lat' dir='ltr'><strong>pro-</strong></span> 
     </span>
    </p>
   </div>
   <div class='ocr_carea' id='block_1_103' title="bbox 771 5628 2357 5706">
    <p class='ocr_par' dir='ltr' id='par_1_103' title="bbox 771 5628 2357 5706">
     <span class='ocr_line' id='line_1_106' title="bbox 771 5628 2357 5706; baseline -0.008 -10"><span class='ocrx_word' id='word_1_780' title='bbox 771 5628 965 5695; x_wconf 49' lang='lat' dir='ltr'><strong>duce-rc</strong></span> <span class='ocrx_word' id='word_1_781' title='bbox 997 5628 1295 5706; x_wconf 71' lang='lat' dir='ltr'><strong>nequirent,</strong></span> <span class='ocrx_word' id='word_1_782' title='bbox 1329 5634 1379 5684; x_wconf 94' lang='lat' dir='ltr'><strong>in</strong></span> <span class='ocrx_word' id='word_1_783' title='bbox 1411 5631 1510 5706; x_wconf 82' lang='lat' dir='ltr'><strong>Dei</strong></span> <span class='ocrx_word' id='word_1_784' title='bbox 1547 5628 1766 5706; x_wconf 76' lang='lat' dir='ltr'><strong>digitum</strong></span> <span class='ocrx_word' id='word_1_785' title='bbox 1804 5642 1918 5706; x_wconf 86' lang='lat' dir='ltr'><strong>seu_</strong></span> <span class='ocrx_word' id='word_1_786' title='bbox 1943 5631 2211 5706; x_wconf 81' lang='lat' dir='ltr'><strong>vir_tutcm,</strong></span> <span class='ocrx_word' id='word_1_787' title='bbox 2239 5645 2357 5699; x_wconf 74' lang='lat' dir='ltr'><strong>qua:</strong></span> 
     </span>
    </p>
   </div>
   <div class='ocr_carea' id='block_1_104' title="bbox 770 5699 2098 5775">
    <p class='ocr_par' dir='ltr' id='par_1_104' title="bbox 770 5699 2098 5775">
     <span class='ocr_line' id='line_1_107' title="bbox 770 5699 2098 5775; baseline -0.011 -7"><span class='ocrx_word' id='word_1_788' title='bbox 770 5712 872 5768; x_wconf 91' lang='lat' dir='ltr'><strong>sibi</strong></span> <span class='ocrx_word' id='word_1_789' title='bbox 899 5718 1015 5765; x_wconf 86' lang='lat' dir='ltr'><strong>erat</strong></span> <span class='ocrx_word' id='word_1_790' title='bbox 1037 5699 1434 5775; x_wconf 71' lang='lat' dir='ltr'><strong>impedimento.</strong></span> <span class='ocrx_word' id='word_1_791' title='bbox 1465 5703 1512 5754; x_wconf 90' lang='lat' dir='ltr'><strong>id</strong></span> <span class='ocrx_word' id='word_1_792' title='bbox 1542 5699 1867 5775; x_wconf 81' lang='lat' dir='ltr'><strong>rejiciehant.</strong></span> <span class='ocrx_word' id='word_1_793' title='bbox 1897 5700 1975 5775; x_wconf 77' lang='lat' dir='ltr'><strong>_l.s</strong></span> <span class='ocrx_word' id='word_1_794' title='bbox 2003 5699 2098 5754; x_wconf 87' lang='lat' dir='ltr'><strong>Pn.</strong></span> 
     </span>
    </p>
   </div>
   <div class='ocr_carea' id='block_1_105' title="bbox 837 5770 2354 5847">
    <p class='ocr_par' dir='ltr' id='par_1_105' title="bbox 837 5770 2354 5847">
     <span class='ocr_line' id='line_1_108' title="bbox 837 5770 2354 5847; baseline -0.007 -13"><span class='ocrx_word' id='word_1_795' title='bbox 837 5770 1369 5847; x_wconf 74' lang='lat' dir='ltr'><strong>CAP.XXVll.-(c)</strong></span> <span class='ocrx_word' id='word_1_796' title='bbox 1387 5772 1511 5847; x_wconf 79' lang='lat' dir='ltr'><strong>Date</strong></span> <span class='ocrx_word' id='word_1_797' title='bbox 1521 5770 2354 5847; x_wconf 55' lang='lat' dir='ltr'><strong>q_aa:_habetis,eleemosynnm,etc.</strong></span> 
     </span>
    </p>
   </div>
   <div class='ocr_carea' id='block_1_106' title="bbox 775 5843 2360 5914">
    <p class='ocr_par' dir='ltr' id='par_1_106' title="bbox 775 5843 2360 5914">
     <span class='ocr_line' id='line_1_109' title="bbox 775 5843 2360 5914; baseline -0.008 -7"><span class='ocrx_word' id='word_1_798' title='bbox 775 5855 936 5907; x_wconf 81' lang='lat' dir='ltr'><strong>Vertit</strong></span> <span class='ocrx_word' id='word_1_799' title='bbox 954 5853 1149 5906; x_wconf 75' lang='lat' dir='ltr'><strong>Auctor</strong></span> <span class='ocrx_word' id='word_1_800' title='bbox 1169 5843 1313 5901; x_wconf 81' lang='lat' dir='ltr'><strong>reete</strong></span> <span class='ocrx_word' id='word_1_801' title='bbox 1335 5860 1445 5914; x_wconf 76' lang='lat' dir='ltr'><strong>qua:</strong></span> <span class='ocrx_word' id='word_1_802' title='bbox 1472 5843 1681 5896; x_wconf 78' lang='lat' dir='ltr'><strong>habetis.</strong></span> <span class='ocrx_word' id='word_1_803' title='bbox 1705 5849 1757 5894; x_wconf 87' lang='lat' dir='ltr'><strong>et</strong></span> <span class='ocrx_word' id='word_1_804' title='bbox 1780 5843 1943 5914; x_wconf 78' lang='lat' dir='ltr'><strong>Syrus</strong></span> <span class='ocrx_word' id='word_1_805' title='bbox 1975 5845 2233 5914; x_wconf 58' lang='lat' dir='ltr'><strong>interpres</strong></span> <span class='ocrx_word' id='word_1_806' title='bbox 2259 5860 2271 5895; x_wconf 89' lang='lat'><strong>:</strong></span> <span class='ocrx_word' id='word_1_807' title='bbox 2311 5843 2360 5896; x_wconf 91' lang='lat' dir='ltr'><strong>id</strong></span> 
     </span>
    </p>
   </div>
   <div class='ocr_carea' id='block_1_107' title="bbox 768 5912 2358 6001">
    <p class='ocr_par' dir='ltr' id='par_1_107' title="bbox 768 5912 2358 6001">
     <span class='ocr_line' id='line_1_110' title="bbox 768 5912 2358 6001; baseline -0.009 -19"><span class='ocrx_word' id='word_1_808' title='bbox 768 5924 908 6001; x_wconf 81' lang='lat' dir='ltr'><strong>quod</strong></span> <span class='ocrx_word' id='word_1_809' title='bbox 923 5930 1024 5992; x_wconf 76' lang='lat' dir='ltr'><strong>est,</strong></span> <span class='ocrx_word' id='word_1_810' title='bbox 1051 5917 1192 5994; x_wconf 85' lang='lat' dir='ltr'><strong>quod</strong></span> <span class='ocrx_word' id='word_1_811' title='bbox 1221 5912 1466 5990; x_wconf 63' lang='lat' dir='ltr'><strong>grmeera&#39;:</strong></span> <span class='ocrx_word' id='word_1_812' title='bbox 1487 5918 1740 5981; x_wconf 46' lang='lat' dir='ltr'><strong>ivi-au,“</strong></span> <span class='ocrx_word' id='word_1_813' title='bbox 1763 5914 1804 5969; x_wconf 77' lang='lat' dir='ltr'><strong>si</strong></span> <span class='ocrx_word' id='word_1_814' title='bbox 1820 5913 1983 5978; x_wconf 82' lang='lat' dir='ltr'><strong>dicat,</strong></span> <span class='ocrx_word' id='word_1_815' title='bbox 2001 5913 2154 5968; x_wconf 86' lang='lat' dir='ltr'><strong>siculi</strong></span> <span class='ocrx_word' id='word_1_816' title='bbox 2180 5912 2358 5968; x_wconf 88' lang='lat' dir='ltr'><strong>Theo-</strong></span> 
     </span>
    </p>
   </div>
   <div class='ocr_carea' id='block_1_108' title="bbox 2462 4759 4072 4837">
    <p class='ocr_par' dir='ltr' id='par_1_108' title="bbox 2462 4759 4072 4837">
     <span class='ocr_line' id='line_1_111' title="bbox 2462 4759 4072 4837; baseline 0.004 -24"><span class='ocrx_word' id='word_1_817' title='bbox 2462 4759 2758 4837; x_wconf 72' lang='lat' dir='ltr'><strong>pltylactns,</strong></span> <span class='ocrx_word' id='word_1_818' title='bbox 2777 4778 2878 4837; x_wconf 81' lang='lat' dir='ltr'><strong>non</strong></span> <span class='ocrx_word' id='word_1_819' title='bbox 2892 4778 3003 4837; x_wconf 74' lang='lat' dir='ltr'><strong>qua:</strong></span> <span class='ocrx_word' id='word_1_820' title='bbox 3029 4763 3290 4837; x_wconf 84' lang='lat' dir='ltr'><strong>rapuistis,</strong></span> <span class='ocrx_word' id='word_1_821' title='bbox 3324 4763 3413 4817; x_wconf 88' lang='lat' dir='ltr'><strong>sed</strong></span> <span class='ocrx_word' id='word_1_822' title='bbox 3432 4778 3546 4831; x_wconf 72' lang='lat' dir='ltr'><strong>qua:</strong></span> <span class='ocrx_word' id='word_1_823' title='bbox 3575 4773 3734 4817; x_wconf 83' lang='lat' dir='ltr'><strong>vestra</strong></span> <span class='ocrx_word' id='word_1_824' title='bbox 3763 4772 3878 4817; x_wconf 84' lang='lat' dir='ltr'><strong>sunt</strong></span> <span class='ocrx_word' id='word_1_825' title='bbox 3893 4779 3912 4828; x_wconf 87' lang='lat'><strong><em>;</em></strong></span> <span class='ocrx_word' id='word_1_826' title='bbox 3946 4781 4072 4837; x_wconf 85' lang='lat' dir='ltr'><strong>quo</strong></span> 
     </span>
    </p>
   </div>
   <div class='ocr_carea' id='block_1_109' title="bbox 2461 4831 4070 4905">
    <p class='ocr_par' dir='ltr' id='par_1_109' title="bbox 2461 4831 4070 4905">
     <span class='ocr_line' id='line_1_112' title="bbox 2461 4831 4070 4905; baseline 0.005 -21"><span class='ocrx_word' id='word_1_827' title='bbox 2461 4831 2597 4886; x_wconf 86' lang='lat' dir='ltr'><strong>adeo</strong></span> <span class='ocrx_word' id='word_1_828' title='bbox 2639 4834 2874 4904; x_wconf 81' lang='lat' dir='ltr'><strong>respexit</strong></span> <span class='ocrx_word' id='word_1_829' title='bbox 2904 4831 3166 4904; x_wconf 64' lang='lat' dir='ltr'><strong>Vulgatus</strong></span> <span class='ocrx_word' id='word_1_830' title='bbox 3216 4836 3501 4905; x_wconf 86' lang='lat' dir='ltr'><strong>interpres,</strong></span> <span class='ocrx_word' id='word_1_831' title='bbox 3549 4837 3892 4897; x_wconf 84' lang='lat' dir='ltr'><strong>transferens,</strong></span> <span class='ocrx_word' id='word_1_832' title='bbox 3919 4831 4070 4904; x_wconf 62' lang='lat' dir='ltr'><strong>quod</strong></span> 
     </span>
    </p>
   </div>
   <div class='ocr_carea' id='block_1_110' title="bbox 2463 4905 4072 4976">
    <p class='ocr_par' dir='ltr' id='par_1_110' title="bbox 2463 4905 4072 4976">
     <span class='ocr_line' id='line_1_113' title="bbox 2463 4905 4072 4976; baseline 0.004 -20"><span class='ocrx_word' id='word_1_833' title='bbox 2463 4913 2706 4972; x_wconf 83' lang='lat' dir='ltr'><strong>superest,</strong></span> <span class='ocrx_word' id='word_1_834' title='bbox 2743 4919 2933 4975; x_wconf 89' lang='lat' dir='ltr'><strong>nempe</strong></span> <span class='ocrx_word' id='word_1_835' title='bbox 2971 4907 3106 4959; x_wconf 92' lang='lat' dir='ltr'><strong>ultra</strong></span> <span class='ocrx_word' id='word_1_836' title='bbox 3147 4907 3385 4975; x_wconf 88' lang='lat' dir='ltr'><strong>rapinam</strong></span> <span class='ocrx_word' id='word_1_837' title='bbox 3435 4915 3489 4959; x_wconf 89' lang='lat' dir='ltr'><strong>et</strong></span> <span class='ocrx_word' id='word_1_838' title='bbox 3537 4905 3883 4975; x_wconf 81' lang='lat' dir='ltr'><strong>iniquitatem.</strong></span> <span class='ocrx_word' id='word_1_839' title='bbox 3935 4908 4072 4976; x_wconf 87' lang='lat' dir='ltr'><strong>Quo</strong></span> 
     </span>
    </p>
   </div>
   <div class='ocr_carea' id='block_1_111' title="bbox 2465 4977 4072 5046">
    <p class='ocr_par' dir='ltr' id='par_1_111' title="bbox 2465 4977 4072 5046">
     <span class='ocr_line' id='line_1_114' title="bbox 2465 4977 4072 5046; baseline 0.004 -18"><span class='ocrx_word' id='word_1_840' title='bbox 2465 4989 2626 5046; x_wconf 72' lang='lat' dir='ltr'><strong>sensu</strong></span> <span class='ocrx_word' id='word_1_841' title='bbox 2657 4977 2938 5043; x_wconf 68' lang='lat' dir='ltr'><strong>esplicato,</strong></span> <span class='ocrx_word' id='word_1_842' title='bbox 2965 4977 3095 5030; x_wconf 91' lang='lat' dir='ltr'><strong>nihil</strong></span> <span class='ocrx_word' id='word_1_843' title='bbox 3124 4991 3256 5046; x_wconf 90' lang='lat' dir='ltr'><strong>opus</strong></span> <span class='ocrx_word' id='word_1_844' title='bbox 3282 4987 3363 5034; x_wconf 78' lang='lat' dir='ltr'><strong>est</strong></span> <span class='ocrx_word' id='word_1_845' title='bbox 3391 4977 3566 5043; x_wconf 70' lang='lat' dir='ltr'><strong>legi-re</strong></span> <span class='ocrx_word' id='word_1_846' title='bbox 3605 4993 3725 5030; x_wconf 87' lang='lat' dir='ltr'><strong>eum</strong></span> <span class='ocrx_word' id='word_1_847' title='bbox 3756 4977 3980 5031; x_wconf 62' lang='lat' dir='ltr'><strong>liras-mo</strong></span> <span class='ocrx_word' id='word_1_848' title='bbox 4011 4989 4072 5035; x_wconf 82' lang='lat' dir='ltr'><strong>et</strong></span> 
     </span>
    </p>
   </div>
   <div class='ocr_carea' id='block_1_112' title="bbox 2465 5045 4068 5116">
    <p class='ocr_par' dir='ltr' id='par_1_112' title="bbox 2465 5045 4068 5116">
     <span class='ocr_line' id='line_1_115' title="bbox 2465 5045 4068 5116; baseline 0.003 -16"><span class='ocrx_word' id='word_1_849' title='bbox 2465 5045 2738 5114; x_wconf 83' lang='lat' dir='ltr'><strong>Cajetauo,</strong></span> <span class='ocrx_word' id='word_1_850' title='bbox 2763 5048 2896 5100; x_wconf 87' lang='lat' dir='ltr'><strong>datis</strong></span> <span class='ocrx_word' id='word_1_851' title='bbox 2919 5063 3012 5116; x_wconf 90' lang='lat' dir='ltr'><strong>pro</strong></span> <span class='ocrx_word' id='word_1_852' title='bbox 3034 5045 3173 5100; x_wconf 26' lang='lat' dir='ltr'><strong>date.’</strong></span> <span class='ocrx_word' id='word_1_853' title='bbox 3197 5046 3255 5100; x_wconf 88' lang='grc' dir='ltr'><strong>Β.</strong></span> <span class='ocrx_word' id='word_1_854' title='bbox 3277 5047 3574 5116; x_wconf 80' lang='lat' dir='ltr'><strong>Cyprianus</strong></span> <span class='ocrx_word' id='word_1_855' title='bbox 3605 5049 3834 5108; x_wconf 78' lang='lat' dir='ltr'><strong>init‘l‘illl,</strong></span> <span class='ocrx_word' id='word_1_856' title='bbox 3863 5048 4068 5104; x_wconf 85' lang='lat' dir='ltr'><strong>lih.lll.</strong></span> 
     </span>
    </p>
   </div>
   <div class='ocr_carea' id='block_1_113' title="bbox 2466 5117 4070 5188">
    <p class='ocr_par' dir='ltr' id='par_1_113' title="bbox 2466 5117 4070 5188">
     <span class='ocr_line' id='line_1_116' title="bbox 2466 5117 4070 5188; baseline 0.003 -19"><span class='ocrx_word' id='word_1_857' title='bbox 2466 5117 2589 5188; x_wconf 76' lang='lat' dir='ltr'><strong>adv.</strong></span> <span class='ocrx_word' id='word_1_858' title='bbox 2639 5119 2917 5183; x_wconf 77' lang='lat' dir='ltr'><strong>Quirinum</strong></span> <span class='ocrx_word' id='word_1_859' title='bbox 2966 5134 3084 5186; x_wconf 84' lang='lat' dir='ltr'><strong>cap.</strong></span> <span class='ocrx_word' id='word_1_860' title='bbox 3120 5119 3171 5181; x_wconf 79' lang='grc'><strong>1,</strong></span> <span class='ocrx_word' id='word_1_861' title='bbox 3206 5129 3452 5172; x_wconf 86' lang='lat' dir='ltr'><strong>neutrum</strong></span> <span class='ocrx_word' id='word_1_862' title='bbox 3488 5119 3635 5187; x_wconf 76' lang='lat' dir='ltr'><strong>legit,</strong></span> <span class='ocrx_word' id='word_1_863' title='bbox 3680 5136 3848 5188; x_wconf 82' lang='lat' dir='ltr'><strong>neque</strong></span> <span class='ocrx_word' id='word_1_864' title='bbox 3893 5121 4070 5177; x_wconf 82' lang='lat' dir='ltr'><strong>etiam</strong></span> 
     </span>
    </p>
   </div>
   <div class='ocr_carea' id='block_1_114' title="bbox 2469 5187 4070 5255">
    <p class='ocr_par' dir='ltr' id='par_1_114' title="bbox 2469 5187 4070 5255">
     <span class='ocr_line' id='line_1_117' title="bbox 2469 5187 4070 5255; baseline 0.003 -15"><span class='ocrx_word' id='word_1_865' title='bbox 2469 5187 2526 5240; x_wconf 86' lang='grc' dir='ltr'><strong>Β.</strong></span> <span class='ocrx_word' id='word_1_866' title='bbox 2562 5191 2876 5243; x_wconf 77' lang='lat' dir='ltr'><strong>Ambrosius</strong></span> <span class='ocrx_word' id='word_1_867' title='bbox 2906 5189 2956 5242; x_wconf 93' lang='lat' dir='ltr'><strong>in</strong></span> <span class='ocrx_word' id='word_1_868' title='bbox 2983 5188 3262 5243; x_wconf 85' lang='lat' dir='ltr'><strong>Commeat.</strong></span> <span class='ocrx_word' id='word_1_869' title='bbox 3293 5202 3384 5242; x_wconf 90' lang='lat' dir='ltr'><strong>aut</strong></span> <span class='ocrx_word' id='word_1_870' title='bbox 3410 5190 3469 5242; x_wconf 83' lang='grc' dir='ltr'><strong>Β.</strong></span> <span class='ocrx_word' id='word_1_871' title='bbox 3501 5187 3830 5255; x_wconf 68' lang='lat' dir='ltr'><strong>Augustinus</strong></span> <span class='ocrx_word' id='word_1_872' title='bbox 3857 5188 4070 5244; x_wconf 81' lang='lat' dir='ltr'><strong>Euchi-</strong></span> 
     </span>
    </p>
   </div>
   <div class='ocr_carea' id='block_1_115' title="bbox 2466 5258 4070 5326">
    <p class='ocr_par' dir='ltr' id='par_1_115' title="bbox 2466 5258 4070 5326">
     <span class='ocr_line' id='line_1_118' title="bbox 2466 5258 4070 5326; baseline 0.005 -16"><span class='ocrx_word' id='word_1_873' title='bbox 2466 5258 2565 5310; x_wconf 87' lang='lat' dir='ltr'><strong>rid.</strong></span> <span class='ocrx_word' id='word_1_874' title='bbox 2596 5274 2713 5326; x_wconf 80' lang='lat' dir='ltr'><strong>cap.</strong></span> <span class='ocrx_word' id='word_1_875' title='bbox 2744 5261 2830 5314; x_wconf 85' lang='lat'><strong>75.</strong></span> <span class='ocrx_word' id='word_1_876' title='bbox 2862 5260 2993 5313; x_wconf 79' lang='lat' dir='ltr'><strong>Cum</strong></span> <span class='ocrx_word' id='word_1_877' title='bbox 3033 5271 3206 5314; x_wconf 90' lang='lat' dir='ltr'><strong>autem</strong></span> <span class='ocrx_word' id='word_1_878' title='bbox 3240 5260 3399 5313; x_wconf 87' lang='lat' dir='ltr'><strong>etiam</strong></span> <span class='ocrx_word' id='word_1_879' title='bbox 3442 5260 3688 5315; x_wconf 89' lang='lat' dir='ltr'><strong>eumdem</strong></span> <span class='ocrx_word' id='word_1_880' title='bbox 3721 5276 3931 5314; x_wconf 65' lang='lat' dir='ltr'><strong>sensum</strong></span> <span class='ocrx_word' id='word_1_881' title='bbox 3967 5279 4070 5318; x_wconf 86' lang='lat' dir='ltr'><strong>re-</strong></span> 
     </span>
    </p>
   </div>
   <div class='ocr_carea' id='block_1_116' title="bbox 2466 5331 4074 5401">
    <p class='ocr_par' dir='ltr' id='par_1_116' title="bbox 2466 5331 4074 5401">
     <span class='ocr_line' id='line_1_119' title="bbox 2466 5331 4074 5401; baseline 0.001 -19"><span class='ocrx_word' id='word_1_882' title='bbox 2466 5331 2642 5401; x_wconf 78' lang='lat' dir='ltr'><strong>cipiat,</strong></span> <span class='ocrx_word' id='word_1_883' title='bbox 2681 5341 2734 5381; x_wconf 93' lang='lat' dir='ltr'><strong>ut</strong></span> <span class='ocrx_word' id='word_1_884' title='bbox 2777 5332 3026 5394; x_wconf 66' lang='lat' dir='ltr'><strong>diximus,</strong></span> <span class='ocrx_word' id='word_1_885' title='bbox 3079 5332 3285 5397; x_wconf 74' lang='lat' dir='ltr'><strong>vulgata</strong></span> <span class='ocrx_word' id='word_1_886' title='bbox 3328 5331 3524 5395; x_wconf 85' lang='lat' dir='ltr'><strong>versit),</strong></span> <span class='ocrx_word' id='word_1_887' title='bbox 3577 5333 3918 5401; x_wconf 63' lang='lat' dir='ltr'><strong>repetendum</strong></span> <span class='ocrx_word' id='word_1_888' title='bbox 3977 5345 4074 5390; x_wconf 75' lang='lat' dir='ltr'><strong>est</strong></span> 
     </span>
    </p>
   </div>
   <div class='ocr_carea' id='block_1_117' title="bbox 2469 5399 4073 5470">
    <p class='ocr_par' dir='ltr' id='par_1_117' title="bbox 2469 5399 4073 5470">
     <span class='ocr_line' id='line_1_120' title="bbox 2469 5399 4073 5470; baseline 0.006 -18"><span class='ocrx_word' id='word_1_889' title='bbox 2469 5399 2575 5461; x_wconf 87' lang='lat' dir='ltr'><strong>hic,</strong></span> <span class='ocrx_word' id='word_1_890' title='bbox 2609 5401 2748 5470; x_wconf 89' lang='lat' dir='ltr'><strong>quod</strong></span> <span class='ocrx_word' id='word_1_891' title='bbox 2798 5419 2900 5455; x_wconf 87' lang='lat' dir='ltr'><strong>non</strong></span> <span class='ocrx_word' id='word_1_892' title='bbox 2951 5403 3114 5457; x_wconf 90' lang='lat' dir='ltr'><strong>semel</strong></span> <span class='ocrx_word' id='word_1_893' title='bbox 3165 5402 3415 5466; x_wconf 85' lang='lat' dir='ltr'><strong>diximus,</strong></span> <span class='ocrx_word' id='word_1_894' title='bbox 3449 5402 3610 5456; x_wconf 89' lang='lat' dir='ltr'><strong>nimis</strong></span> <span class='ocrx_word' id='word_1_895' title='bbox 3641 5399 3883 5457; x_wconf 64' lang='lat' dir='ltr'><strong>liberam</strong></span> <span class='ocrx_word' id='word_1_896' title='bbox 3933 5420 4073 5461; x_wconf 84' lang='lat' dir='ltr'><strong>esse</strong></span> 
     </span>
    </p>
   </div>
   <div class='ocr_carea' id='block_1_118' title="bbox 2465 5472 4068 5545">
    <p class='ocr_par' dir='ltr' id='par_1_118' title="bbox 2465 5472 4068 5545">
     <span class='ocr_line' id='line_1_121' title="bbox 2465 5472 4068 5545; baseline 0.003 -21"><span class='ocrx_word' id='word_1_897' title='bbox 2465 5473 2863 5545; x_wconf 88' lang='lat' dir='ltr'><strong>castigationem</strong></span> <span class='ocrx_word' id='word_1_898' title='bbox 2885 5472 3069 5527; x_wconf 91' lang='lat' dir='ltr'><strong>Isidori</strong></span> <span class='ocrx_word' id='word_1_899' title='bbox 3087 5473 3267 5537; x_wconf 84' lang='lat' dir='ltr'><strong>Clarii,</strong></span> <span class='ocrx_word' id='word_1_900' title='bbox 3298 5473 3359 5526; x_wconf 89' lang='lat' dir='ltr'><strong>de</strong></span> <span class='ocrx_word' id='word_1_901' title='bbox 3382 5475 3444 5526; x_wconf 80' lang='lat' dir='ltr'><strong>iis</strong></span> <span class='ocrx_word' id='word_1_902' title='bbox 3467 5489 3578 5541; x_wconf 80' lang='lat' dir='ltr'><strong>qua:</strong></span> <span class='ocrx_word' id='word_1_903' title='bbox 3601 5474 3736 5527; x_wconf 82' lang='lat' dir='ltr'><strong>vobis</strong></span> <span class='ocrx_word' id='word_1_904' title='bbox 3760 5486 4068 5545; x_wconf 80' lang='lat' dir='ltr'><strong>suppetunt,</strong></span> 
     </span>
    </p>
   </div>
   <div class='ocr_carea' id='block_1_119' title="bbox 2465 5544 3840 5613">
    <p class='ocr_par' dir='ltr' id='par_1_119' title="bbox 2465 5544 3840 5613">
     <span class='ocr_line' id='line_1_122' title="bbox 2465 5544 3840 5613; baseline 0.001 -18"><span class='ocrx_word' id='word_1_905' title='bbox 2465 5556 2528 5596; x_wconf 87' lang='lat' dir='ltr'><strong>ac</strong></span> <span class='ocrx_word' id='word_1_906' title='bbox 2559 5545 2601 5597; x_wconf 91' lang='lat' dir='ltr'><strong>si</strong></span> <span class='ocrx_word' id='word_1_907' title='bbox 2638 5544 2800 5596; x_wconf 89' lang='lat' dir='ltr'><strong>altera</strong></span> <span class='ocrx_word' id='word_1_908' title='bbox 2823 5545 3209 5598; x_wconf 81' lang='lat' dir='ltr'><strong>lectiominime</strong></span> <span class='ocrx_word' id='word_1_909' title='bbox 3232 5545 3445 5599; x_wconf 83' lang='lat' dir='ltr'><strong>tolerari</strong></span> <span class='ocrx_word' id='word_1_910' title='bbox 3470 5556 3669 5613; x_wconf 87' lang='lat' dir='ltr'><strong>posset.</strong></span> <span class='ocrx_word' id='word_1_911' title='bbox 3708 5545 3840 5598; x_wconf 69' lang='lat' dir='ltr'><strong>Pu.</strong></span> 
     </span>
    </p>
   </div>
   <div class='ocr_carea' id='block_1_120' title="bbox 2537 5633 4078 5706">
    <p class='ocr_par' dir='ltr' id='par_1_120' title="bbox 2537 5633 4078 5706">
     <span class='ocr_line' id='line_1_123' title="bbox 2537 5633 4078 5706; baseline 0.004 -21"><span class='ocrx_word' id='word_1_912' title='bbox 2537 5635 2613 5705; x_wconf 79' lang='lat' dir='ltr'><strong>(ti)</strong></span> <span class='ocrx_word' id='word_1_913' title='bbox 2665 5633 3005 5689; x_wconf 76' lang='lat' dir='ltr'><strong>Voattiouem.</strong></span> <span class='ocrx_word' id='word_1_914' title='bbox 3037 5636 3260 5691; x_wconf 79' lang='lat' dir='ltr'><strong>Videtur</strong></span> <span class='ocrx_word' id='word_1_915' title='bbox 3282 5644 3446 5695; x_wconf 64' lang='grc' dir='ltr'><strong>κλῆσιν</strong></span> <span class='ocrx_word' id='word_1_916' title='bbox 3481 5636 3835 5706; x_wconf 81' lang='lat' dir='ltr'><strong>(vocationem)</strong></span> <span class='ocrx_word' id='word_1_917' title='bbox 3869 5638 4078 5706; x_wconf 63' lang='lat' dir='ltr'><strong>legiss‘e</strong></span> 
     </span>
    </p>
   </div>
   <div class='ocr_carea' id='block_1_121' title="bbox 2466 5708 4074 5778">
    <p class='ocr_par' dir='ltr' id='par_1_121' title="bbox 2466 5708 4074 5778">
     <span class='ocr_line' id='line_1_124' title="bbox 2466 5708 4074 5778; baseline 0.002 -20"><span class='ocrx_word' id='word_1_918' title='bbox 2466 5721 2561 5776; x_wconf 83' lang='lat' dir='ltr'><strong>pro</strong></span> <span class='ocrx_word' id='word_1_919' title='bbox 2579 5718 2723 5778; x_wconf 73' lang='grc' dir='ltr'><strong>κρίσιν</strong></span> <span class='ocrx_word' id='word_1_920' title='bbox 2754 5708 3067 5777; x_wconf 81' lang='lat' dir='ltr'><strong>(judicium).</strong></span> <span class='ocrx_word' id='word_1_921' title='bbox 3098 5709 3178 5761; x_wconf 87' lang='lat' dir='ltr'><strong>vel</strong></span> <span class='ocrx_word' id='word_1_922' title='bbox 3211 5711 3382 5774; x_wconf 86' lang='lat' dir='ltr'><strong>potius</strong></span> <span class='ocrx_word' id='word_1_923' title='bbox 3405 5720 3469 5761; x_wconf 83' lang='lat' dir='ltr'><strong>ex</strong></span> <span class='ocrx_word' id='word_1_924' title='bbox 3487 5709 3743 5778; x_wconf 81' lang='lat' dir='ltr'><strong>cvangelio</strong></span> <span class='ocrx_word' id='word_1_925' title='bbox 3771 5708 4074 5767; x_wconf 73' lang='lat' dir='ltr'><strong>Marcionis</strong></span> 
     </span>
    </p>
   </div>
   <div class='ocr_carea' id='block_1_122' title="bbox 2467 5777 4077 5849">
    <p class='ocr_par' dir='ltr' id='par_1_122' title="bbox 2467 5777 4077 5849">
     <span class='ocr_line' id='line_1_125' title="bbox 2467 5777 4077 5849; baseline 0.003 -19"><span class='ocrx_word' id='word_1_926' title='bbox 2467 5777 2576 5847; x_wconf 87' lang='lat' dir='ltr'><strong>(qui</strong></span> <span class='ocrx_word' id='word_1_927' title='bbox 2597 5779 2854 5848; x_wconf 84' lang='lat' dir='ltr'><strong>judicium</strong></span> <span class='ocrx_word' id='word_1_928' title='bbox 2887 5780 3113 5849; x_wconf 81' lang='lat' dir='ltr'><strong>negabat</strong></span> <span class='ocrx_word' id='word_1_929' title='bbox 3138 5779 3228 5832; x_wconf 83' lang='lat' dir='ltr'><strong>Dei</strong></span> <span class='ocrx_word' id='word_1_930' title='bbox 3263 5778 3385 5833; x_wconf 92' lang='lat' dir='ltr'><strong>boni</strong></span> <span class='ocrx_word' id='word_1_931' title='bbox 3411 5783 3556 5848; x_wconf 83' lang='lat' dir='ltr'><strong>esse)</strong></span> <span class='ocrx_word' id='word_1_932' title='bbox 3584 5777 3868 5849; x_wconf 82' lang='lat' dir='ltr'><strong>usurpasse</strong></span> <span class='ocrx_word' id='word_1_933' title='bbox 3891 5820 3905 5844; x_wconf 97' lang='lat'><strong>,</strong></span> <span class='ocrx_word' id='word_1_934' title='bbox 3942 5789 4077 5836; x_wconf 80' lang='lat' dir='ltr'><strong>tati-</strong></span> 
     </span>
    </p>
   </div>
   <div class='ocr_carea' id='block_1_123' title="bbox 2466 5850 3348 5916">
    <p class='ocr_par' dir='ltr' id='par_1_123' title="bbox 2466 5850 3348 5916">
     <span class='ocr_line' id='line_1_126' title="bbox 2466 5850 3348 5916; baseline 0.002 -14"><span class='ocrx_word' id='word_1_935' title='bbox 2466 5863 2624 5916; x_wconf 83' lang='lat' dir='ltr'><strong>qttatn</strong></span> <span class='ocrx_word' id='word_1_936' title='bbox 2655 5866 2765 5905; x_wconf 85' lang='lat' dir='ltr'><strong>rem</strong></span> <span class='ocrx_word' id='word_1_937' title='bbox 2791 5851 3109 5907; x_wconf 71' lang='lat' dir='ltr'><strong>confessam.</strong></span> <span class='ocrx_word' id='word_1_938' title='bbox 3147 5850 3348 5906; x_wconf 63' lang='lat' dir='ltr'><strong>Justus.</strong></span> 
     </span>
    </p>
   </div>
  </div>
