4268 6492
178 391 282 447 £29

1278 386 1407 442 LIB.
1451 384 1516 441 IV
1556 380 1918 441 ADVERSUS
1956 377 2377 436 MARCIONEM.

3364 374 3470 431 430

178 516 281 560 tota
306 506 478 561 aninta
498 514 605 570 tua,
649 512 693 558 et
719 518 782 557 ea:
810 503 924 557 totis
952 501 1137 556 viribus
1158 501 1276 563 tuis,
1307 502 1391 569 qui
1418 511 1465 554 te
1494 501 1683 554 vocavit
1707 516 1769 554 ex
1795 500 1847 559 Α
1874 498 2220 568 prmelusores
2270 494 2396 564 legis
2425 513 2437 548 :
2484 492 2529 548 si
2559 491 2752 558 fautor,
2785 490 2896 561 jam
2923 504 3027 545 non
3057 498 3111 545 et
3138 490 3361 549 amulos
3389 491 3467 545 le-

180 599 434 672 .Ji‘gypto.
466 598 726 652 Ca-terum
753 638 768 661 ,
802 612 897 651 nec
931 605 1139 665 tempus
1171 594 1505 662 admisisset,
1536 604 1591 649 ut
1617 593 1771 648 Chri-

178 703 290 744 stus
320 703 425 744 tam
456 706 811 762 praecoquam,
842 690 947 743 into
985 699 1092 743 tam
1128 687 1377 743 acerbam
1411 687 1585 741 adlmc
1609 687 1771 741 dilec-

181 784 378 838 tionem
407 782 766 853 cxpostularet
813 796 951 835 noro
973 790 1029 836 et
1053 781 1253 835 recenti
1291 779 1419 845 Deo,
1453 795 1520 833 ne
1544 778 1769 833 dixerim

180 875 417 930 nondum
450 874 620 943 palam
644 874 802 928 laeto.
831 871 1119 926 Primatum
1140 887 1335 940 quoque
1350 880 1609 939 captantes
1630 870 1770 924 loco-

178 985 315 1033 rum,
344 977 391 1021 et
432 968 671 1021 honorem
703 966 1087 1026 salutationum,
1128 978 1250 1018 cum
1293 964 1532 1027 incusat,
1572 972 1770 1017 sectam

178 1056 450 1114 Creatoris
478 1057 831 1120 administrat,
850 1054 1110 1125 ejusmodi
1128 1054 1394 1125 principes
1417 1052 1771 1108 Sodomorum

176 1153 469 1207 archontas
495 1148 814 1220 appellautis
846 1147 956 1219 (Is.
984 1188 999 1213 ,
1031 1146 1071 1213 I,
1102 1146 1216 1218 25),
1248 1146 1583 1216 prohibentis
1612 1146 1773 1201 etiam

176 1246 449 1300 eoalidere
478 1243 528 1297 in
555 1243 890 1312 praxpositos,
920 1241 1027 1296 imo
1053 1250 1105 1296 et
1132 1240 1183 1295 iu
1216 1248 1384 1294 totum
1415 1238 1775 1293 miserrimum

177 1336 452 1390 hominem
492 1333 901 1403 pronuntiantis,
955 1332 1043 1402 qui
1090 1346 1239 1401 spem
1277 1330 1439 1385 habet
1476 1330 1527 1385 in
1561 1330 1777 1385 homine

180 1429 298 1500 (Ps.
328 1426 540 1492 C.\'VI|,
570 1428 626 1491 8,
654 1424 744 1498 9).
804 1424 953 1493 Quod
998 1424 1044 1479 si
1098 1434 1374 1494 propterea
1415 1438 1535 1493 quis
1563 1424 1776 1478 allectat

177 1520 572 1590 principatum,
606 1526 661 1571 nt
704 1518 770 1572 de
808 1516 1001 1570 ol'liciis
1040 1516 1266 1569 aliormn
1306 1515 1601 1585 glorietur,
1653 1517 1776 1585 quia

175 1609 356 1665 ofﬁcia
389 1612 553 1665 vetuit
591 1607 854 1677 ejusmodi
892 1607 1140 1678 sperandi
1167 1606 1543 1663 eteoulidcndi
1583 1607 1634 1661 iu
1675 1606 1775 1661 hoc

175 1704 381 1757 minem
432 1702 668 1771 (Jerem.,
698 1699 854 1763 XVII,
888 1700 986 1769 5),
1039 1699 1178 1755 idem
1206 1710 1259 1753 et
1308 1697 1390 1769 (l)
1442 1698 1777 1754 allectatores

176 1795 573 1866 principatuum
599 1792 880 1861 increpuit.
905 1791 1178 1845 lnveliitur
1204 1801 1258 1845 et
1286 1791 1337 1844 in
1368 1791 1596 1843 doctores
1640 1791 1777 1858 ipsos

1872 590 1971 661 gis.
2003 587 2106 642 Sed
2136 586 2250 641 lucc
2272 585 2448 639 omnia
2473 584 2537 637 ad
2566 582 2931 639 inlustrandum
2973 584 3278 637 Creatorem
3312 581 3462 651 inge-

1875 682 2023 736 rebat
2049 691 2103 735 ut
2129 695 2351 744 sevum,
2374 694 2498 748 erga
2526 692 2683 748 quem
2726 677 3113 746 delinquentes,
3143 691 3216 730 ra:
3240 676 3470 729 habituri

1875 783 2075 829 essent.
2109 773 2175 826 Et
2200 772 2319 841 quis
2354 786 2552 826 saevum
2584 786 2689 825 non
2720 772 2893 839 potius
2915 770 3125 825 timeret
3154 785 3467 839 provocare,

1876 865 2173 921 delleieudo
2208 865 2290 934 (li)
2318 864 2384 918 ab
2409 862 2511 918 eo?
2538 862 2708 918 Tanto
2735 863 2900 933 magis
2925 876 3052 932 ergo
3086 860 3469 918 demerendum

1875 956 2134 1022 docebat,
2176 971 2335 1026 quem
2386 954 2680 1009 timendum
2720 954 3011 1026 ingerebat.
3061 953 3152 1010 Sic
3190 954 3473 1025 oportebat

1876 1047 2147 1105 Christum
2180 1050 2468 1105 Creatoris.

2425 1139 2656 1196 CAPUT
2694 1139 2928 1195 XXVIII.

1949 1232 2136 1289 Merito
2166 1234 2343 1305 itaque
2370 1247 2476 1287 non
2509 1232 2748 1302 placebat
2769 1232 2840 1287 illi
2870 1232 3168 1304 hypocrisis
3190 1231 3478 1287 Phan-isma-

1880 1340 2021 1389 rum,
2072 1325 2145 1394 (b)
2177 1324 2329 1380 labiis
2358 1325 2561 1380 scilicet
2587 1326 2875 1379 amantium
2911 1324 3075 1379 Deum
3100 1367 3113 1386 ,
3142 1342 3246 1379 non
3272 1325 3433 1380 corde
3460 1343 3474 1379 :

1880 1415 2257 1489 Carete,iuquit
2272 1416 2553 1486 (Luc,Xll)
2571 1418 2899 1487 discipulis,a
2920 1421 3161 1488 fermento
3188 1417 3480 1472 Phariswo-

1881 1525 2014 1572 rum,
2042 1510 2292 1578 quodest
2323 1507 2640 1579 hypocrisis.
2690 1524 2796 1563 non
2839 1509 3143 1578 praedicatio
3184 1510 3476 1564 Creatoris.

1881 1601 2007 1656 Odit
2042 1614 2386 1658 contumaces
2432 1602 2605 1656 Patris
2636 1600 2829 1665 Filius;
2863 1616 2967 1655 non
3014 1602 3125 1656 vult
3171 1617 3297 1655 suos
3352 1603 3483 1656 tales

1882 1698 2113 1751 existere
2155 1697 2205 1751 in
2248 1696 2438 1751 illum:
2480 1710 2583 1749 non
2623 1696 2673 1748 in
2702 1696 2886 1760 alimn,
2919 1696 2969 1748 in
2997 1711 3153 1763 quem
3190 1694 3487 1765 hypocrisis

1886 1786 2073 1843 luisset
2100 1788 2355 1850 admissa,
2384 1788 2537 1856 cujus
2571 1787 2873 1856 exemplum
2909 1803 2937 1839 a
2965 1787 3239 1857 discipulis
3265 1801 3487 1841 carere-

175 1887 324 1957 legis,
384 1885 525 1955 quod
576 1892 841 1937 onerarent
888 1881 1018 1936 alios
1069 1880 1473 1951 importubilibus
1519 1882 1773 1947 oneribus,
1806 1894 1854 1955 Β
1884 1889 1986 1934 tur.
2018 1879 2092 1934 Ita
2123 1879 2512 1935 Pharismorum
2537 1878 2781 1948 prohibet
2807 1878 2882 1947 (6)
2912 1883 3212 1946 exemplum
3241 1896 3254 1933 :
3288 1878 3339 1931 in
3363 1894 3485 1931 cum

173 1992 290 2045 qt'w
314 1977 413 2046 ipsi
444 1991 504 2028 ne
524 1975 682 2046 digito
702 1974 904 2044 quidem
934 1972 1140 2043 aggredi
1169 1972 1415 2025 maderent
1449 1987 1462 2025 :
1491 1990 1595 2026 non
1624 1971 1782 2042 chis

174 2085 341 2122 onera
375 2067 630 2137 sugiilans
659 2066 809 2135 quasi
838 2064 1132 2119 detestatur
1161 2063 1312 2133 ejus;
1342 2063 1611 2134 quomodo
1638 2064 1780 2118 enim

175 2161 496 2219 detestatur,
522 2157 613 2228 qui
640 2172 759 2211 cum
786 2155 1015 2209 maxime
1048 2155 1250 2224 potiora
1282 2155 1412 2225 legis
1455 2163 1783 2224 prwtereuu-

180 2266 261 2308 tes
304 2250 610 2314 incusabat,
641 2249 1040 2320 eleemosyuam
1069 2258 1123 2303 et
1150 2249 1480 2303 vocationem
1531 2256 1586 2304 et
1621 2248 1786 2304 dilec-

180 2345 384 2398 tionem
433 2341 546 2406 Dei,
598 2355 667 2395 ne
693 2342 806 2394 hac
836 2338 1047 2407 quidem
1070 2340 1271 2409 gravia,
1314 2339 1508 2393 nedum
1550 2338 1788 2394 decimas

181 2446 451 2496 rutarum,
484 2443 537 2488 et
568 2431 656 2503 (9.)
688 2431 976 2486 munditias
997 2432 1294 2485 catiuorum
1317 2432 1339 2484 ?
1365 2432 1654 2498 Cmterum,
1687 2448 1785 2488 cx-

182 2525 454 2585 cusandos
471 2525 647 2595 potius
664 2525 979 2587 censuisset,
1002 2524 1045 2577 si
1065 2524 1414 2593 importabilia
1440 2536 1651 2595 portare
1683 2541 1788 2580 non

186 2627 429 2689 possunt.
463 2614 569 2671 Sed
588 2631 706 2685 qua:
736 2630 898 2669 onera
927 2616 1113 2670 taxat?
1140 2615 1270 2683 Qum
1295 2615 1394 2685 ipsi
1416 2616 1485 2671 de
1508 2632 1605 2670 suo
1631 2630 1791 2686 exag-

185 2710 469 2781 gerabant,
527 2707 781 2763 docentes
834 2716 1132 2777 przccepta,
1166 2706 1438 2761 doctrinas
1494 2707 1790 2774 hominum,

187 2802 598 2859 ciuntuodorum
629 2817 845 2856 suorum
876 2815 1065 2856 caussa
1104 2798 1230 2871 (Is.,
1263 2800 1324 2865 ν,
1358 2800 1473 2869 25),
1509 2803 1795 2871 jttngcnles

190 2899 412 2951 domum
445 2896 511 2949 ad
539 2895 778 2959 douuuu,
815 2904 870 2948 ut
913 2911 1031 2964 quae
1059 2894 1285 2963 proximi
1336 2903 1463 2950 sunt
1500 2895 1793 2961 anlerrent,

191 2991 492 3045 clamantes
526 2987 777 3056 populum
798 3027 812 3052 ,
853 2997 1094 3041 amantes
1140 3001 1383 3054 munera,
1410 2997 1679 3043 sectantes
1710 3003 1797 3044 rc-

196 3082 570 3145 trilmtioncm,
599 3077 914 3148 diripieutes
936 3076 1166 3147 judicata
1194 3094 1484 3148 pauperum
1509 3096 1522 3143 ;
1557 3080 1631 3134 uti
1657 3089 1800 3134 esset

197 3175 302 3229 illis
329 3173 489 3228 vidua
520 3174 570 3226 in
605 3171 861 3241 rapinam,
894 3179 949 3226 et
977 3171 1206 3240 pupillus
1236 3173 1286 3225 in
1306 3172 1560 3243 praedam.
1593 3173 1667 3228 De
1692 3173 1802 3243 qui-

1887 1972 2203 2043 prohibebat
2248 1972 2378 2027 illud
2417 1972 2623 2027 admitti
2650 2013 2665 2038 ,
2700 1975 2750 2024 in
2781 1987 2940 2041 quem
2969 1971 3314 2025 admittebant
3346 1971 3486 2025 Pha-

1889 2067 2050 2121 risari.
2079 2064 2244 2134 Igitur
2285 2066 2535 2136 quoniam
2582 2064 2901 2133 hrpoerisim
2930 2079 3113 2117 eorum
3146 2072 3369 2129 taxarat,
3394 2065 3495 2118 titi-

1889 2173 1993 2228 que
2020 2158 2282 2213 celantem
2312 2156 2520 2212 occulta
2547 2156 2746 2221 cordis,
2781 2165 2831 2211 et
2864 2155 3249 2211 incredulitatis
3286 2168 3490 2211 secreta

1891 2248 2318 2319 superlicialibus
2364 2246 2559 2303 ol‘liciis
2624 2246 3066 2313 obtutibrantem;
3121 2261 3238 2315 qum
3288 2246 3492 2301 clavem

1892 2341 2178 2411 agnitionis
2204 2340 2430 2404 habens,
2457 2355 2554 2395 nec
2584 2339 2664 2408 (7)
2691 2339 2801 2409 ipsa
2833 2339 3107 2405 introiret,
3146 2354 3244 2393 nec
3267 2339 3400 2392 alios
3424 2340 3496 2394 si-

1895 2444 2080 2499 neret;
2110 2434 2230 2489 ideo
2261 2431 2477 2500 adjicit:
2533 2430 2682 2485 Nihil
2705 2441 2871 2485 autem
2898 2443 3149 2500 opertum,
3205 2435 3340 2501 quod
3393 2450 3496 2487 non

1896 2528 2134 2596 pate/iet;
2175 2536 2222 2581 et
2248 2526 2378 2579 nihil
2406 2525 2786 2591 absconditum,
2818 2524 2954 2595 quod
2993 2541 3093 2578 non
3134 2524 3495 2595 dignoscctar;

1897 2636 1963 2675 ne
1992 2620 2111 2689 quis
2159 2619 2429 2674 existimet
2479 2618 2625 2673 illum
2657 2617 2749 2672 Dei
2797 2618 2958 2686 ignoti
3004 2626 3146 2672 retro
3184 2628 3236 2671 ct
3277 2618 3497 2680 occulti,

1899 2712 2281 2767 revelationem
2318 2719 2373 2766 et
2409 2710 2802 2781 adagnitionem
2852 2711 3135 2774 intentare,
3175 2726 3296 2765 cum
3331 2710 3503 2781 subji-

1899 2807 2005 2862 ciat
2052 2807 2213 2861 etiam
2243 2819 2361 2874 qua:
2394 2804 2532 2859 inter
2565 2818 2626 2859 se
2667 2802 3010 2858 mussitarent
3058 2802 3141 2857 vel
3190 2810 3501 2863 tractarent,

1901 2899 2104 2953 scilicet
2135 2910 2298 2966 super
2326 2896 2444 2965 ipso
2470 2894 2709 2949 dicentes
2734 2910 2748 2948 ε
2783 2892 2882 2947 llic
2926 2911 3026 2948 non
3075 2894 3283 2964 ra‘pellt'l
3309 2896 3503 2949 (ltL’lllO-

1904 2992 1989 3046 nia
2020 2991 2116 3045 nisi
2146 2991 2199 3044 in
2234 2987 2552 3054 Beelzebnle,
2590 2988 2642 3043 in
2688 2996 2931 3058 apertum
2974 3003 3321 3057 processura,
3344 2995 3399 3043 et
3452 2988 3504 3043 in

1904 3100 1999 3140 ore
2049 3084 2325 3139 hominum
2377 3082 2589 3150 futura,
2622 3097 2686 3136 ex
2740 3081 3012 3150 Evangelii
3060 3082 3505 3151 prmuulgatiooe.

1908 3176 2110 3233 Deinde
2164 3175 2244 3246 (8)
2316 3189 2609 3231 conversus
2650 3174 2717 3230 ad
2762 3175 3053 3243 discipulos
3106 3173 3273 3229 :Dico
3319 3186 3505 3239 (tltlt'lu,

198 3267 301 3321 bus
326 3265 467 3321 idem
499 3264 682 3322 Esaias
713 3261 837 3333 (Is.,
866 3262 1101 3330 XXVIII,
1136 3265 1256 3333 It):
1302 3264 1387 3319 Va:
1425 3266 1510 3334 qui
1554 3266 1720 3320 valent
1748 3267 1802 3321 in
1831 3282 1876 3346 ρ
1910 3269 2099 3340 inquit,
2129 3269 2267 3323 vobis
2294 3268 2469 3323 amicis
2497 3269 2619 3322 meis
2657 3266 2762 3338 (9),
2809 3267 2963 3321 nolite
3006 3267 3180 3320 terreri
3216 3266 3279 3319 ob
3320 3268 3389 3321 ris
3429 3266 3516 3337 qui

203 3360 532 3415 Hierusalem
555 3356 658 3429 (5),
691 3367 745 3412 et
765 3373 949 3412 rursus
979 3355 1105 3425 (Is.,
1136 3357 1225 3424 III,
1248 3358 1304 3427 3)
1333 3375 1345 3411 :
1381 3358 1477 3426 Qui
1504 3375 1589 3413 vos
1629 3370 1806 3431 postu-

203 3453 337 3518 lant,
376 3450 703 3504 dominantnr
724 3448 891 3503 vestri.
912 3448 1011 3514 Qui
1054 3449 1242 3519 magis,
1270 3464 1429 3519 quant
1462 3449 1593 3520 legis
1628 3450 1813 3505 docto-

205 3542 336 3598 res?
384 3542 447 3596 lli
474 3543 517 3597 si
564 3552 621 3596 et
670 3539 884 3602 Christo
913 3539 1307 3610 displicebant,
1353 3550 1412 3595 ut
1448 3543 1530 3597 sui
1558 3542 1812 3613 diSplice-

208 3640 361 3694 bant.
411 3636 490 3707 (ιι)
526 3636 731 3691 Aliena:
775 3635 917 3690 enim
975 3634 1109 3706 legis
1151 3634 1400 3691 doctores
1443 3653 1548 3692 non
1597 3640 1816 3695 omnino

212 3732 504 3802 pulsassct.
525 3728 633 3782 Cur
659 3737 838 3782 autem
866 3742 942 3782 rte
964 3727 1185 3782 audiunt
1213 3727 1396 3794 etiam,
1419 3729 1560 3799 quod
1579 3730 1815 3786 ardil‘tca-

214 3832 341 3877 reut
401 3820 677 3891 prophetis
718 3827 1062 3874 monumenta
1111 3818 1445 3889 interemptis
1500 3836 1531 3876 a
1580 3823 1819 3891 patribus

1913 3380 2000 3418 vos
2035 3363 2349 3417 solummodo
2375 3362 2602 3416 occidere
2633 3369 2860 3430 possunt,
2895 3376 2985 3413 nec
3013 3370 3123 3427 post
3160 3361 3255 3413 hoc
3281 3361 3438 3413 ullam
3463 3362 3518 3415 in

1912 3450 2051 3508 vobis
2072 3453 2253 3507 habent
2281 3462 2596 3522 potestatem.
2649 3449 2754 3506 Sed
2783 3451 2846 3505 iis
2879 3451 2981 3506 erit
3006 3450 3191 3505 Esaias
3222 3452 3520 3522 pratdiccns

1916 3546 2042 3619 (Is.,
2067 3544 2225 3611 LVII,
2260 3544 2311 3617 I)
2335 3563 2347 3598 :
2394 3543 2521 3599 Vide
2543 3544 2795 3614 quomodo
2814 3545 2986 3614 justus
3023 3545 3274 3614 aufertur,
3303 3554 3348 3597 et
3374 3560 3520 3599 nemo

1917 3639 2154 3693 advertit.
2189 3635 2557 3692 Dentonstrabo
2601 3646 2765 3689 autem
2809 3633 2945 3689 vobis
2981 3651 3125 3704 quem
3167 3635 3420 3688 (intentis:
3453 3636 3520 3688 ti-

1919 3741 2049 3787 mete
2071 3747 2203 3795 etuti,
2224 3730 2311 3799 qui
2332 3739 2599 3799 postquam
2626 3728 2885 3793 occitlcrit,
2918 3736 3213 3797 potestatem
3235 3728 3381 3781 habet
3404 3730 3522 3782 mit-

1922 3822 2059 3877 tendi
2088 3822 2140 3875 in
2163 3821 2480 3892 gehennam;
2507 3820 2816 3875 Creatorem
2846 3818 3026 3889 utique
3056 3819 3518 3891 signilicansﬂll).

214 3928 430 3978 eorum,
466 3910 619 3966 laude
647 3911 823 3980 potius
850 3909 1017 3980 digni,
1050 3909 1141 3980 qui
1180 3925 1246 3965 ex
1290 3910 1392 3965 isto
1417 3926 1581 3982 opere
1610 3915 1821 3984 pietatis

218 3996 556 4061 testabantur
584 4018 644 4058 se
688 4018 793 4057 non
830 4002 1133 4057 consentire
1164 4000 1317 4057 Iactis
1344 4013 1590 4073 patrum;
1638 4006 1681 4060 si
1714 4022 1818 4062 non

218 4107 337 4153 erat
366 4095 586 4159 zelotes,
624 4094 837 4165 qualem
863 4102 1094 4165 arguunt
1130 4092 1477 4161 Marcionitaa,
1510 4096 1701 4154 delicta
1732 4114 1825 4170 pa-

223 4199 369 4244 trum
408 4186 477 4242 de
519 4186 641 4242 ﬁliis
681 4186 982 4256 exigentem
1012 4200 1183 4256 usque
1208 4187 1264 4241 in
1292 4196 1535 4257 quartam
1576 4193 1827 4247 nativita-

225 4282 377 4336 tem?
418 4279 589 4346 Quam
637 4292 763 4333 vero
808 4278 1016 4333 clavem
1065 4276 1336 4333 habebant
1375 4280 1506 4350 legis
1557 4281 1827 4353 doctores,

227 4372 334 4428 nisi
362 4370 853 4441 interpretationem
898 4368 1073 4439 legis?
1094 4368 1160 4423 ad
1186 4369 1338 4440 cujus
1364 4371 1687 4429 intellectum
1737 4391 1830 4431 ne-

230 4480 337 4535 que
369 4463 467 4533 ipsi
506 4461 745 4528 adibant,
795 4475 901 4514 non
932 4457 1213 4515 credentes
1239 4461 1482 4518 scilicet:
1535 4462 1654 4519 Nisi
1697 4468 1833 4522 enim
1934 4485 2105 4523 coram
2148 4464 2468 4531 hominibus,
2500 4462 2775 4531 conﬁtebor
2822 4463 2874 4515 in
2916 4461 3005 4514 illo
3054 4478 3225 4514 eorum
3272 4460 3396 4513 Deo.
3431 4461 3535 4527 Qui

232 4554 572 4620 credideritis,
600 4568 701 4606 non
726 4550 1059 4622 intelligetis;
1087 4566 1260 4621 neque
1284 4553 1418 4610 alios
1458 4555 1832 4623 admittebant,
1936 4559 2330 4617 conlitebuntur
2356 4565 2531 4611 autem
2573 4555 2624 4609 in
2663 4554 2893 4619 Christo,
2924 4553 3093 4607 occidi
3134 4552 3407 4607 habebunt
3443 4570 3537 4609 co.

238 4647 422 4715 utique
451 4643 706 4698 docentes
747 4641 827 4711 (4)
869 4651 1130 4712 praecepta
1163 4644 1338 4708 potius
1361 4654 1416 4700 et
1443 4646 1713 4705 doctrinas
1740 4650 1834 4706 ho-
1859 4671 1914 4733 Ι)
1941 4670 2054 4709 ram
2095 4651 2417 4714 hominibus,
2452 4648 2579 4703 nihil
2604 4648 2783 4716 tttiqtte
2805 4644 3033 4714 amplius
3063 4646 3266 4715 pa~suri
3301 4655 3417 4712 post
3445 4662 3536 4699 oc-

240 4739 468 4793 iuinum.
493 4735 591 4804 Qui
622 4750 749 4806 ergo
770 4748 872 4789 nec
901 4734 1046 4804 ipsos
1073 4734 1423 4798 introeuntes.
1452 4755 1551 4796 uec
1577 4742 1697 4797 aliis
1725 4744 1839 4800 adi-
1939 4743 2410 4802 cisionemahillis.
2429 4740 2769 4812 IIi(ll)ergo
2791 4746 3095 4808 eruntquos
3122 4752 3281 4808 supra
3301 4753 3538 4807 ῃιοειιιιιω-

241 4840 354 4886 tum
388 4836 719 4900 praismntes.
754 4826 1081 4895 increpabat,
1113 4827 1441 4886 obtrcCtator
1462 4832 1737 4891 trahendus
1758 4847 1841 4893 est
1944 4851 2056 4906 net,
2100 4855 2167 4896 ne
2196 4840 2410 4894 timeant
2444 4832 2809 4891 tantummodo
2829 4832 3033 4897 occidi;
3064 4830 3182 4886 ideo
3209 4831 3539 4901 prauuitteus

242 4924 410 4996 legis,
449 4936 517 4978 au
545 4919 759 4976 fautor?
800 4920 855 4977 Si
883 4920 1231 4992 obtrectator,
1260 4924 1475 4995 placere
1498 4926 1765 4987 debebant
1790 4944 1844 4989 et
1946 4952 2052 4991 non
2082 4933 2369 4990 timendam
2393 4932 2739 5002 occisionem,
2765 4938 2820 4987 ut
2835 4929 3177 5001 subjungeret
3225 4928 3541 4985 substruen-

1481 5039 1863 5104 LECTIONES
1902 5044 2312 5102 VARIAN'I'ES.

1924 3910 2107 3981 Itaque
2132 3912 2245 3965 dico
2265 3910 2423 3976 vobis,
2457 3911 2590 3962 hunc
2623 3909 2809 3963 timete.
2835 3909 2905 3964 Et
2941 3909 3043 3963 hoc
3073 3909 3126 3963 in
3159 3910 3275 3964 loco
3304 3908 3523 3965 sullicc-

1924 4016 2008 4062 ret
2057 4003 2209 4071 mihi,
2264 4003 2330 4067 si,
2389 4016 2546 4073 quem
2593 4001 2764 4056 timeri
2811 4000 2986 4070 jubet,
3026 3998 3221 4054 olTendi
3265 4010 3440 4067 vetat;
3470 4008 3529 4056 et

1924 4112 2084 4169 quem
2118 4094 2313 4151 olleodi
2346 4103 2510 4161 vetat,
2541 4093 2806 4148 demereri
2828 4091 3006 4160 jubet;
3040 4101 3094 4146 et
3120 4092 3207 4161 qui
3239 4090 3353 4147 hare
3379 4109 3529 4149 mau-

1928 4189 2037 4256 dat,
2070 4189 2235 4259 ipsius
2274 4196 2379 4251 εει,
2430 4186 2513 4241 cui
2566 4183 2821 4247 timendo,
2866 4192 3045 4238 etnon
3093 4182 3444 4249 ollcudendo,
3477 4193 3534 4240 et

1929 4281 2256 4338 demerendo
2284 4289 2554 4351 procurat.
2605 4276 2711 4332 Sed
2762 4275 2934 4331 habeo
2974 4284 3029 4330 et
3066 4276 3133 4329 de
3184 4276 3532 4345 sequentibus

1932 4390 2144 4430 sumere
2170 4392 2182 4428 :
2216 4372 2343 4427 Dico
2372 4372 2506 4426 enim
2527 4370 2684 4436 nobis,
2722 4368 2899 4423 Omnis
2927 4369 3011 4438 qui
3032 4368 3351 4436 conﬁtebitur
3376 4368 3532 4424 inme

313 5150 394 5277 lli
516 5145 837 5283 22.3%

2018 5160 2095 5283 (7)
2136 5158 2191 5209 In
2216 5159 2363 5207 inser.
2390 5159 2531 5206 Pam.

2042 5224 2093 5281 8)
2135 5220 2328 5283 Dehinc
2362 5221 2531 5283 Ifatn,

341 5214 394 5277 2)
434 5214 497 5264 Et
516 5214 647 5264 abest
672 5214 837 5263 Puris.

339 5280 394 5343 ἦ)
431 5276 617 5343 Israele
644 5272 843 5343 Olterth2

2021 5214 2093 5283 (Β)
2135 5220 2328 5269 Dehinc
2362 5221 2502 5269 Pam.

2023 5284 2099 5343 (9)
2138 5282 2257 5332 Meis
2279 5280 2330 5331 in
2354 5278 2465 5330 aliis
2486 5277 2633 5343 abest.

345 5334 399 5406 ἒ)
432 5338 691 5406 timebam
710 5334 866 5406 δέπαι
892 5396 902 5406 .

2023 5334 2127 5406 (ἱὺ)
2162 5345 2452 5406 Signilicaus
2477 5339 2626 5393 ουτω.
2653 5335 2807 5392 Seml.

345 5344 377 5427 ἑ
432 5344 691 5412 υοερμιξιιι
710 5344 866 5406 δεηιιε
2023 5344 2131 5470 (10)
2162 5345 2452 5417 Signilieaus
2477 5344 2626 5393 omitt.

342 5344 402 5514 ἃ)
784 5396 1002 5463 quidam.
2056 5408 2099 5456 ll
2167 5406 2261 5457 Hic
2286 5404 2460 5472 Iltgalt.
2494 5411 2653 5455 Venet.

1617 5576 2178 5636 COMMENTARIUS.

2042 5712 2197 5768 CAP.
2264 5708 2502 5765 XXVIII.
2566 5739 2635 5749 -
2686 5704 2767 5774 (li)
2816 5704 2988 5760 Labiis
3043 5702 3229 5757 scilicet
3286 5703 3568 5759 amantium

1984 5782 2145 5837 Deum
2174 5825 2186 5845 ,
2252 5793 2354 5836 etc.
2412 5781 2641 5839 Literam
2672 5778 3038 5840 occidi-mem,
3093 5790 3195 5831 non
3244 5785 3417 5829 autem
3461 5776 3571 5845 spi-

1983 5856 2142 5910 ritqu
2167 5855 2296 5925 legis
2328 5854 2680 5908 \'i\'ilictttttetit
2702 5850 3081 5919 sequebantur:
3110 5848 3317 5904 clavem
3345 5847 3570 5920 scilicet,

342 5706 419 5779 (ει)
467 5705 658 5779 Aliena:
686 5704 1235 5779 enimlegistloctores.
1266 5704 1473 5779 Stcpius
1515 5706 1601 5763 hic
1643 5719 1698 5765 et
1741 5712 1867 5767 alibi

268 5775 431 5847 Legis-
458 5778 705 5853 doctores
732 5775 1021 5853 legispcriti
1051 5786 1105 5833 et
1131 5777 1373 5848 pharisaii
1401 5780 1650 5839 dicuntur
1675 5783 1867 5853 (graece

273 5861 318 5911 οἱ
360 5846 589 5923 septimi).
630 5846 707 5903 LE
745 5846 841 5903 Ριι.
