4268 6492
729 410 835 469 ‘27
860 438 868 442 -

2139 390 2602 451 TERTULLIANI

3911 380 4019 439 423

730 539 788 586 et
829 527 921 584 ﬁlii
966 526 1188 584 eorum?
1218 526 1273 582 lu
1296 527 1490 582 virtute
1531 523 1740 580 scilicet
1779 519 2075 577 Creatoris.
2114 517 2247 573 Nam
2287 521 2333 575 si

2446 536 2669 590 riuntur.
2716 531 2856 588 Ecce
2897 530 3192 602 iurequalis,
3230 539 3284 586 et
3330 529 3444 599 ipse
3493 528 3822 590 inconstans,
3869 526 4028 592 levis,

732 632 888 695 putas
911 624 988 677 sic
1016 620 1417 691 accipiendum,
1449 619 1510 676 Si
1540 634 1629 690 ego
1668 618 1722 671 in
1749 613 2044 670 Beelzebule
2080 613 2227 684 ejicio
2256 611 2332 683 (α)

738 717 990 773 ὀωυιοηία
1012 715 1113 788 (1),
1149 714 1248 786 filii
1275 714 1425 770 vestri
1448 714 1501 767 in
1530 727 1630 784 quo
1655 711 1680 765 ?
1704 709 1857 782 quasi
1901 708 2020 763 illos
2062 705 2337 776 sugillaret

735 813 787 867 in
821 812 1132 868 Beelzebule
1159 810 1437 880 ejicientes
1458 851 1473 874 ,
1504 807 1723 863 resistet
1771 803 1864 859 tibi
1908 801 2054 873 prior
2100 813 2290 856 sensus
2314 841 2330 867 ,

737 920 840 960 non
862 918 1017 973 posse
1036 901 1288 957 Satanam
1311 899 1481 955 dividi
1509 898 1768 953 adversus
1789 894 2159 963 semetipsum.
2185 890 2334 946 Adeo

733 1013 833 1053 nec
854 997 925 1050 illi
941 997 992 1051 in
1017 993 1332 1051 Beelzebule
1353 990 1654 1062 ejiciebant;
1677 987 1793 1054 sed,
1815 996 1870 1042 ut
1890 986 2139 1049 diximus,
2166 984 2219 1038 in
2237 984 2336 1037 vir-

736 1099 846 1144 tute
875 1088 1146 1143 Creatoris
1177 1105 1189 1141 :
1222 1100 1379 1157 quam
1414 1093 1471 1138 ut
1499 1081 1719 1151 intelligi
1771 1079 1988 1140 faceret,
2019 1075 2331 1145 subiungit:

739 1183 888 1252 Quod
906 1183 950 1238 si
965 1197 1055 1253 ego
1075 1181 1126 1234 in
1149 1180 1305 1249 digito
1322 1177 1417 1232 Dei
1432 1177 1628 1248 expello
1648 1173 1922 1239 dwmonia,
1946 1186 2131 1242 ergone
2146 1183 2336 1240 appro-

737 1274 998 1346 pinquavit
1037 1274 1087 1327 in
1117 1289 1203 1327 vos
1231 1287 1442 1342 regnum
1469 1267 1566 1324 Dei
1595 1267 1620 1322 .9
1645 1265 1802 1337 Apud
1832 1265 2162 1319 Pharaonem
2191 1261 2334 1316 enim

738 1366 961 1424 veneﬁci
985 1365 1060 1420 illi
1081 1362 1303 1420 adhibiti
1326 1361 1590 1417 adversus
1616 1358 1858 1430 Moysen,
1880 1355 2132 1410 virtutem
2170 1352 2334 1408 Crea-

751 1461 884 1514 toris
925 1458 1150 1528 digitum
1197 1455 1290 1510 Dei
1335 1452 1732 1523 appellaverunt
1765 1436 1959 1520 (Exod.
1997 1443 2134 1517 Vlll)
2175 1459 2188 1499 :
2240 1442 2337 1497 Di-

742 1553 876 1625 gitus
900 1550 996 1604 Dei
1027 1560 1100 1604 est
1126 1551 1254 1614 hoc;
1282 1544 1425 1618 quod
1454 1547 1535 1616 (2)
1563 1542 1886 1614 signiﬁcaret
1918 1538 1999 1610 (3)
2025 1539 2185 1595 etiam
2219 1553 2335 1593 mo-

740 1645 941 1710 dicum,
960 1641 1344 1698 validissimum
1360 1648 1560 1694 tamen.
1578 1637 1688 1691 Hoc
1703 1647 1758 1691 et
1774 1635 2012 1690 Christus
2025 1632 2334 1699 ostendens,

740 1746 1189 1796 commemorator
1207 1775 1223 1800 ,
1260 1749 1365 1789 non
1394 1732 1705 1787 obliterator
1752 1736 2071 1783 vetustatum
2093 1769 2106 1790 ,
2132 1724 2337 1780 scilicet

740 1846 980 1898 suarum,
1001 1832 1246 1884 virtutem
1269 1826 1595 1896 Deidigitum
1625 1822 1717 1878 Dei
1745 1821 1880 1877 dixit
1901 1837 2004 1874 non
2023 1819 2243 1874 alterius
2260 1819 2337 1872 in-

2437 627 2578 683 aliud
2612 626 2833 694 docens,
2865 624 3010 679 aliud
3039 623 3274 678 faciens:
3301 622 3454 692 jubet
3476 621 3624 676 omni
3651 620 3850 691 petenti
3876 618 4033 686 dare,

2436 729 2490 775 et
2522 719 2641 788 ipse
2667 720 2878 788 signum
2914 715 3220 786 petentibus
3247 730 3351 768 nou
3382 714 3491 769 dat.
3518 714 3689 768 Tanto
3714 727 3830 766 mro
3856 711 4037 765 lucem

2438 829 2586 869 suam
2632 812 2700 868 ab
2751 811 3058 867 hominibus
3107 807 3411 872 abscondit,
3454 816 3508 862 et
3551 817 3709 876 negat
3755 805 4038 859 lucernam

2437 905 2814 961 abstruendam
2839 922 2854 970 ;
2884 903 2980 960 sed
3005 903 3292 959 confirmat
3316 917 3476 971 super
3500 899 3882 954 candelabrum
3911 911 4038 965 pro-

2438 997 2762 1069 ponendam,
2803 1005 2861 1051 ut
2902 995 3152 1050 omnibus
3178 995 3376 1048 luceat.
3420 993 3573 1047 Vetat
3603 989 3994 1046 remaledicere
4019 1031 4037 1055 ,

2439 1089 2606 1144 multo
2637 1088 2806 1159 magis
2832 1087 3016 1156 utique
3047 1085 3374 1140 maledicere
3402 1102 3414 1137 :
3447 1095 3498 1138 et
3527 1098 3602 1136 tta:
3626 1082 3819 1150 ingerit
3850 1078 4043 1134 Phari-

2439 1181 2561 1236 steis
2587 1192 2641 1236 et
2668 1179 2984 1235 doctoribus
3014 1178 3166 1247 legis.
3192 1177 3325 1245 Quis
3351 1186 3435 1231 est
3461 1185 3566 1230 tam
3595 1174 3786 1228 similis
3816 1173 3909 1228 Dei
3934 1173 4044 1227 mei

2439 1273 2704 1339 Christus,
2729 1273 2827 1329 nisi
2853 1274 3055 1343 ipsius?
3071 1272 3224 1343 Saepe
3237 1273 3342 1342 jam
3363 1271 3575 1325 ﬁximus
3589 1268 3690 1339 (6),
3712 1268 3856 1323 nullo
3876 1266 4042 1321 modo

2439 1366 2676 1438 potuisse
2722 1366 2872 1421 illum
2919 1365 3310 1420 destructorem
3345 1363 3474 1432 legis
3503 1362 3767 1427 deuotari,
3799 1361 3842 1414 si
3870 1359 4040 1412 alium

2442 1457 2607 1513 Deum
2634 1457 3045 1527 promulgasset.
3066 1455 3191 1510 Ideo
3212 1463 3268 1511 et
3289 1465 3413 1509 tunc
3433 1454 3750 1517 Pharisams,
3775 1451 3865 1522 qui
3890 1451 4044 1504 illum

2442 1562 2657 1607 vocarat
2675 1550 2755 1623 (7)
2778 1550 2842 1605 ad
2868 1551 3167 1620 prandium,
3192 1547 3512 1604 retractabat
3534 1561 3694 1616 penes
3710 1562 3788 1610 se,
3809 1559 3905 1599 cur
3930 1559 4041 1598 non

2441 1646 2589 1717 prius
2618 1646 2813 1699 tinctus
2835 1653 2976 1698 esset
2996 1659 3154 1714 quam
3181 1641 3514 1698 recubuisset
3530 1638 3821 1694 secundum
3843 1639 4044 1708 legem,

2440 1738 2529 1810 qui
2555 1737 2723 1794 Deum
2742 1737 2873 1807 legis
2896 1734 3290 1791 circumferret?
3311 1735 3464 1790 Jesus
3487 1744 3662 1789 autem
3686 1735 3846 1787 etiam
3880 1733 4047 1786 inter-

2445 1838 2684 1897 pretatus
2706 1840 2790 1884 est
2816 1830 2865 1883 ei
2889 1829 3083 1899 legem,
3102 1828 3306 1891 dicens,
3330 1828 3447 1880 illos
3473 1827 3644 1880 caliris
3663 1836 3708 1879 et
3729 1825 3887 1878 catini
3907 1831 4047 1877 cxte-

743 1923 1083 1996 telligendam
1104 1965 1119 1990 ν
1153 1936 1309 1993 quam
1338 1920 1454 1990 eius
1485 1917 1623 1986 εινυᾱ
1653 1931 1812 1987 quem
1855 1914 1958 1970 hoc
2004 1923 2119 1970 eral
2157 1912 2341 1985 θρρει·
2375 1914 2420 1973 Β
2449 1921 2587 1973 riora
2607 1922 2907 1984 emundare;
2925 1921 3169 1975 interiora
3186 1931 3352 1974 autem
3371 1920 3596 1990 ipsorum
3615 1918 3882 1989 plenaesse
3900 1917 4043 1986 rapi-

741 2019 866 2074 lata.
913 2017 1055 2087 Ergo
1095 2025 1148 2070 et
1194 2027 1419 2082 regnum
1461 2011 1626 2080 ipsius
1674 2008 2214 2078 apprOpinquaverat,
2243 2019 2337 2058 cu-

737 2111 827 2182 jus
857 2119 910 2165 et
933 2109 1101 2162 virtus
1126 2103 1413 2176 digitus(b)
1434 2102 1740 2156 vocabatur.
1769 2099 1958 2154 Merito
1982 2098 2140 2168 igitur
2166 2095 2336 2166 appli-

745 2203 855 2259 cuit
884 2201 948 2256 ad
983 2198 1291 2271 parabolam
1321 2195 1475 2251 fortis
1506 2194 1648 2248 illius
1678 2191 1893 2259 armati,
1925 2207 2082 2262 quem
2111 2189 2335 2245 validior

741 2297 878 2352 alius
904 2292 1193 2364 oppressit,
1223 2288 1518 2362 principem
1548 2285 1961 2348 daemoniorum,
1990 2298 2150 2352 quem
2180 2281 2335 2336 Beel-

741 2386 983 2443 zebulem
1021 2395 1073 2440 et
1109 2384 1359 2438 Satanam
1386 2394 1548 2450 supra
1584 2379 1813 2444 dixerat,
1840 2376 2144 2448 signiﬁcans
2171 2374 2336 2444 digito

743 2481 840 2538 Dei
878 2492 1193 2550 oppressum
1215 2517 1230 2542 ,
1273 2489 1381 2531 non
1418 2472 1729 2529 Creatorem
1772 2469 1841 2524 ab
1869 2470 1972 2524 alio
1998 2468 2110 2525 Deo
2139 2467 2332 2523 subac-

741 2584 874 2630 tum.
910 2573 1198 2635 Caeterum,
1237 2565 1510 2639 quomodo
1549 2564 1723 2619 adhuc
1765 2571 1928 2617 staret
1959 2577 2183 2633 regnum
2209 2561 2330 2631 ejus

740 2665 793 2721 in
825 2663 935 2719 suis
965 2661 1228 2728 terminis,
1261 2668 1317 2714 et
1341 2657 1566 2729 legibus,
1594 2665 1649 2711 et
1677 2653 1893 2720 ofﬁciis,
1925 2670 2082 2724 quem
2110 2654 2234 2708 licet
2255 2653 2334 2705 in-

745 2767 894 2826 tegro
924 2752 1124 2809 mundo
1165 2751 1250 2808 vel
1286 2750 1364 2806 sic
1408 2748 1673 2819 potuisset
1698 2746 1866 2801 videri
1894 2759 2176 2813 superasse
2207 2744 2335 2799 vali-

743 2847 863 2904 dior
889 2845 976 2901 ille
1003 2846 1142 2900 Deus
1161 2841 1468 2908 Marcionis,
1491 2840 1535 2895 si
1559 2855 1664 2895 non
1696 2837 1990 2896 secundum
2023 2837 2192 2907 legem
2219 2836 2335 2906 ejus

743 2943 903 2998 etiam
931 2939 1257 2995 Marcionitac
1286 2944 1654 3000 morerentur,
1688 2933 1739 2988 in
1786 2943 1982 2987 terram
2025 2930 2331 2998 deﬁuendo,

744 3051 888 3107 smpe
913 3043 966 3091 et
990 3049 1020 3089 a
1052 3032 1267 3101 scorpio
1291 3029 1431 3086 docti
1477 3044 1582 3083 non
1632 3042 1752 3082 esse
1780 3037 2086 3095 superatum
2117 3022 2334 3080 Creato-

745 3145 880 3185 rem.
917 3124 1249 3182 Exclamabat
1285 3122 1366 3193 (4)
1397 3121 1580 3175 mulier
1599 3119 1662 3173 de
1687 3118 1832 3172 turba
1855 3160 1867 3183 ,
1898 3115 2111 3171 Beatum
2137 3129 2336 3171 uterum

746 3224 833 3294 qui
862 3222 1010 3276 illum
1039 3227 1309 3291 portasset,
1339 3226 1384 3271 et
1413 3215 1570 3269 ubera
1604 3228 1716 3281 qua:
1747 3211 1896 3265 illum
1923 3210 2239 3264 educassent.
2270 3209 2336 3264 Et

2440 2030 2507 2066 na
2532 2023 2578 2067 et
2601 2014 2910 2084 iniquitate:
2940 2025 2994 2068 ut
3032 2013 3358 2083 signiﬁcaret
3380 2015 3715 2067 vasculorum
3751 2012 4046 2066 munditias

2440 2105 2720 2161 hominum
2742 2122 2862 2162 esse
2891 2106 3266 2177 intelligendas
3285 2106 3424 2176 apud
3450 2107 3612 2160 Deum
3639 2123 3651 2156 :
3675 2106 3796 2175 quia
3821 2114 3875 2158 et
3901 2104 4044 2158 Pha-

2440 2198 2629 2252 rismus
2645 2197 2715 2252 de
2733 2197 2970 2262 homine,
2993 2213 3099 2251 non
3120 2198 3186 2252 de
3203 2197 3370 2252 calice
3400 2198 3567 2260 illoto,
3589 2195 3731 2267 apud
3753 2212 3813 2250 se
3838 2204 4040 2249 tracta-

2438 2300 2608 2347 verat.
2639 2289 2768 2347 ideo
2798 2292 3072 2356 exteriora,
3105 2293 3294 2362 inquit,
3316 2292 3678 2345 calicislavatis
3701 2333 3716 2356 ,
3739 2289 3789 2344 id
3807 2299 3892 2344 est
3911 2305 4034 2344 car-

2439 2402 2585 2450 nem,
2609 2387 2855 2440 interiora
2881 2397 3054 2440 autent
3085 2399 3249 2440 vestra
3282 2402 3382 2439 non
3405 2385 3707 2448 emundatis,
3735 2383 3784 2437 id
3807 2394 3890 2438 est
3915 2381 4036 2436 ani-

2438 2495 2598 2546 mam,
2624 2480 2912 2550 adjicieus:
2947 2479 3131 2534 Nonne
3151 2480 3235 2551 qui
3257 2480 3505 2534 exteriora
3530 2480 3668 2549 fecit,
3707 2478 3759 2532 id
3795 2487 3878 2532 est
3912 2492 4044 2531 ear-

2438 2586 2583 2635 netn,
2599 2581 2643 2625 et
2673 2573 2912 2626 interiora
2929 2572 3049 2641 fecit
3070 2614 3084 2636 ,
3105 2571 3154 2625 id
3177 2583 3257 2626 est
3279 2570 3536 2624 animam?
3558 2586 3662 2639 quo
3681 2571 3825 2624 dicto
3843 2577 4032 2638 aperte

2437 2664 2844 2727 demonstravit,
2883 2663 2947 2716 ad
2978 2663 3224 2718 eumdem
3250 2662 3412 2715 Deum
3437 2662 3706 2732 pertinere
3740 2659 4038 2714 munditias

2443 2755 2678 2812 hominis
2695 2756 2979 2812 exterioris
3002 2765 3057 2810 et
3079 2757 3526 2824 interioris,cujus
3548 2766 3768 2825 uterque
3791 2755 3875 2818 sit,
3907 2769 4050 2823 prm-

2439 2849 2682 2920 ponentis
2706 2851 3124 2904 misericordiam
3147 2864 3249 2902 uon
3271 2847 3430 2902 modo
3449 2847 3923 2912 lavacrohnntiuis,
3943 2847 4046 2902 sed

2437 2947 2597 3000 etiam
2622 2942 3114 3012 sacriﬁcio(0s.\'l,
3134 2943 3186 3011 6)
3202 2943 3503 3012 .Subjungit
3524 2941 3764 3012 enim:(c)
3786 2940 3916 2995 Date
3930 2957 4050 3011 qua:

2449 3036 2644 3090 habetis
2664 3038 3052 3107 eleemosynam,
3075 3047 3121 3090 et
3138 3037 3309 3089 omnia
3332 3037 3521 3089 munda
3539 3046 3683 3091 erunt
3707 3037 3859 3090 vobis.
3885 3035 4050 3105 Quod

2440 3129 2488 3182 si
2519 3137 2573 3182 et
2598 3129 2732 3182 alius
2771 3139 2949 3197 potest
2978 3129 3117 3182 Deus
3143 3129 3568 3183 misericordiam
3602 3128 3904 3192 mandasse,
3927 3143 4046 3181 non

2442 3230 2617 3274 tamen
2645 3229 2929 3289 antequam
2955 3220 3221 3289 cognitus.
3252 3220 3422 3274 Porro
3455 3232 3507 3274 et
3539 3219 3624 3274 hic
3652 3228 3891 3289 apparet,
3919 3219 4052 3273 illos

747 3315 1010 3374 Dominus
1041 3330 1053 3365 :
1093 3309 1230 3376 luto,
1266 3308 1397 3362 beati
1439 3306 1526 3375 qui
1569 3319 1848 3360 sermonem
1894 3301 1992 3356 Dei
2034 3302 2269 3365 audiunt,
2298 3311 2344 3355 et
2369 3309 2413 3372 ρ
2449 3328 2557 3366 non
2586 3311 2654 3366 de
2684 3312 2792 3368 Deo
2821 3314 3144 3383 increpitos;
3176 3313 3268 3367 sed
3298 3312 3366 3367 de
3388 3313 3505 3381 ejus
3530 3312 3830 3383 disciplina,
3871 3328 3898 3365 a
3933 3328 4052 3383 quo

747 3409 962 3480 faciunt.
983 3403 1118 3472 Quia
1142 3411 1195 3457 et
1208 3409 1350 3456 retro
1373 3399 1451 3453 sic
1477 3396 1736 3468 rejecerat
1763 3405 1988 3449 matrem
2014 3401 2106 3448 aut
2131 3394 2341 3462 fratres,

747 3501 872 3557 dum
889 3498 1161 3555 auditores
1179 3507 1229 3550 et
1250 3494 1598 3548 obsecutores
1614 3489 1706 3546 Dei
1733 3487 1965 3559 przefert.
1991 3484 2120 3540 Nam
2144 3501 2241 3541 nec
2260 3486 2346 3542 hic

749 3601 922 3651 mater
951 3588 1237 3645 assistebat
1267 3585 1362 3641 illi.
1391 3583 1542 3639 Adeo
1566 3595 1663 3636 nec
1691 3590 1834 3636 retro
1860 3589 2164 3649 negaverat,
2192 3589 2248 3633 ut
2278 3594 2345 3633 ne

749 3683 834 3755 (5)
880 3691 988 3737 tum
1010 3695 1131 3735 cum
1155 3677 1205 3731 id
1228 3691 1412 3731 rursus
1437 3672 1622 3737 audit;
1647 3686 1833 3727 rursus
1855 3669 2080 3740 proinde
2118 3669 2342 3724 felicita-

750 3786 858 3833 tem
877 3775 943 3830 ab
959 3784 1113 3829 utero
1137 3779 1194 3826 et
1221 3767 1475 3825 uberibus
1492 3765 1677 3821 matris
1698 3780 1806 3818 sete
1821 3762 2090 3818 transtulit
2107 3763 2157 3815 in
2186 3762 2348 3817 disci-

750 3868 946 3940 pulos;
974 3881 1003 3921 a
1031 3879 1135 3936 qua
1163 3877 1270 3919 non
1293 3858 1686 3924 transtulisset,
1719 3857 1764 3913 si
1794 3871 1912 3913 eam
1940 3871 2046 3911 non
2073 3854 2316 3913 haberet.

1305 3951 1532 4010 CAPUT
1570 3949 1784 4007 XXVII.

827 4052 965 4110 Alibi
993 4050 1133 4107 malo
1171 4062 1400 4120 purgare
1429 4062 1549 4117 qua:
1589 4043 1992 4116 reprehendunt
2017 4043 2343 4100 Marcionitze

753 4147 809 4203 in
833 4144 1108 4202 Creatore.
1142 4140 1240 4198 Hic
1262 4140 1405 4197 enim
1436 4136 1636 4194 sufﬁcit
1661 4178 1677 4206 ,
1704 4137 1748 4194 si
1775 4152 1837 4193 ea
1864 4137 1917 4193 in
1949 4136 2162 4193 Christo
2190 4153 2345 4208 repe-

2449 3405 2555 3460 illis
2593 3413 2649 3460 et
2693 3408 2913 3477 figurate
2963 3407 3300 3460 vasculorum
3331 3405 3624 3467 munditiae,
3669 3415 3723 3460 et
3764 3405 4056 3461 manifesto

2449 3499 2936 3555 misericordiarum
2968 3515 3129 3570 Opera
3165 3500 3580 3568 imperabantur.
3612 3497 3699 3553 Sic
3729 3507 3781 3552 et
3805 3498 4056 3554 oluscula

2447 3593 2794 3656 decimantes,
2820 3595 3152 3648 vocationem
3189 3594 3269 3662 (ά)
3303 3604 3478 3651 autem
3512 3591 3921 3647 etdilectionem
3947 3592 4056 3647 Dei

2451 3692 2834 3754 praetereuntes
2873 3683 3138 3754 objurgat.
3171 3680 3334 3752 Cujus
3379 3683 3467 3736 Dei
3500 3683 3826 3736 vocationem
3862 3689 3915 3736 et
3963 3681 4059 3735 di-

2449 3773 2752 3836 lectionem,
2783 3774 2882 3827 nisi
2927 3774 3078 3843 cujus
3102 3782 3158 3828 et
3197 3783 3370 3827 rutam
3398 3782 3448 3828 et
3480 3783 3739 3840 mentum,
3779 3789 3840 3827 ex
3873 3775 4059 3830 forma

2448 3865 2606 3938 Legis
2630 3868 2696 3923 de
2722 3867 2942 3923 decimis
2983 3866 3319 3923 oﬁ'erebant?
3349 3866 3542 3921 Totum
3578 3866 3718 3921 enim
3748 3865 4062 3933 exprobra-

2449 3961 2606 4016 tionis
2631 3962 2730 4015 hoc
2754 3970 2888 4027 erat,
2918 3961 3061 4031 quod
3092 3961 3296 4016 modica
3321 3961 3618 4025 curabant;
3650 3960 3696 4013 ei
3727 3961 3925 4028 utique,
3956 3960 4058 4016 cui

2447 4053 2648 4124 majora
2677 4067 2782 4107 non
2811 4053 3155 4117 exhibebant,
3185 4053 3380 4107 dicenti
3417 4051 3640 4119 (Deut.,
3669 4050 3758 4117 VI,
3783 4052 3835 4119 5)
3860 4070 3872 4104 :
3900 4049 4054 4105 Dili-

2445 4162 2531 4218 ges
2569 4143 2846 4199 Dominum
2868 4144 3030 4199 Deum
3061 4154 3284 4199 tumnea:
3309 4155 3411 4199 toto
3432 4143 3582 4200 corde
3627 4153 3714 4198 tuo
3767 4142 3842 4214 (8)
3885 4152 3930 4197 et
3983 4160 4057 4200 ea:

1974 4248 2357 4309 LECTIONES
2396 4256 2802 4315 VARIANTES.

817 4369 893 4499 (1)
929 4370 1084 4433 Ejicio
1111 4368 1348 4442 daemonia
1369 4362 1520 4418 omitt.
1557 4364 1754 4418 Obertlt.

817 4437 868 4499 (2
925 4433 1220 4499 Quoiam.
1289 4493 1326 4499 _
1396 4489 1407 4499 .
1509 4498 1512 4499 ν

2516 4368 2592 4436 (5)
2620 4371 2737 4436 fico
2759 4381 2871 4423 Jun.

2509 4433 2583 4487 (Β)
2619 4435 2870 4485 Finximus
2891 4438 3032 4487 Pam.

2533 4435 2562 4484 Β
2619 4435 2870 4485 Finximus
2891 4438 3032 4487 Pam.

2533 4435 2586 4562 7)
2626 4497 2845 4562 Yocaret
2858 4496 3021 4549 Paris.
3053 4498 3166 4562 ως.
3200 4505 3360 4552 Venet.

2368 4541 2422 4603 D
2510 4489 2586 4624 iii
2626 4496 3079 4613 iamiam

2104 4657 2658 4723 COMMENTARIUS.

757 4782 852 4824 sus
881 4770 967 4821 est
988 4803 1004 4829 ,
1025 4760 1195 4817 Deum
1221 4773 1318 4813 nos
1347 4771 1504 4812 orare
1553 4769 1620 4813 ne
1662 4767 1759 4810 nos
1789 4751 2069 4808 tentationi
2097 4768 2346 4810 succum-

759 4840 887 4896 bere
918 4832 1207 4905 permittat.
1236 4829 1314 4905 Le
1329 4829 1426 4905 De.

836 4896 1190 4982 (a)'Si_egoin
1228 4899 1494 4982 Beelsebul
1533 4897 1677 4982 ejicio
1719 4897 1990 4982 damoniq:
2045 4896 2158 4982 Etsi
2207 4896 2345 4978 apud

762 4966 976 5037 saucios
1006 4966 1242 5030 blarcum
1272 4981 1326 5028 et
1354 4966 1561 5025 Lucam
1597 4969 1802 5039 legatur
1850 4966 2132 5022 Beelbebul
2161 5008 2174 5032 ,
2207 4966 2352 5023 vocis

766 5083 945 5127 tamen
964 5077 1177 5139 etymou
1206 5061 1489 5118 Beelzebul
1513 5060 1742 5139 postulat
1759 5040 1994 5139 βυτ-ξπ
2032 5058 2353 5139 (βρςιξρεὺζιὺ)

766 5143 819 5199 id
850 5149 935 5196 est
966 5131 1208 5210 princeps
1238 5148 1562 5210 muscarum.
1595 5131 1826 5210 Siheuim
1876 5131 2153 5210 Deelzebul
2183 5131 2351 5210 legis,

767 5221 860 5269 aut
890 5201 1082 5266 nomen
1133 5201 1233 5261 erit
1266 5204 1492 5270 ,nullius
1519 5201 1939 5270 signiﬁcationis,
1987 5213 2077 5254 aut
2122 5203 2356 5256 melioris

765 5252 1236 5355 ξδξιιὶῑῑξςιῑεξξξειῖ
1266 5252 1384 5355 se?
1395 5252 1806 5355 (uarietas
1815 5252 2220 5327 1.51;.ssa'ea
2232 5252 2355 5343 ἐί-εξ

765 5343 968 5419 ἠίῐίρδιξ
997 5361 1050 5406 et
1076 5347 1362 5419 aliquando
1403 5343 1727 5419 cit-lutn._be
1767 5343 1863 5397 Pa.

838 5426 916 5498 (h)
955 5413 1598 5498 :Cttiusetuirtusdigitus.
1625 5413 1980 5498 Elegaushil'la
2033 5415 2352 5498 interpreta-

767 5485 1167 5566 tio‘digiti’Dei,
1199 5490 1265 5566 de
1290 5485 1482 5542 virtute
1500 5497 1558 5566 et
1589 5487 1822 5566 potentia
1853 5485 1976 5550 Dei,
2007 5487 2074 5566 ab
2097 5488 2351 5566 erunibus

764 5557 1066 5637 usurpatur.
1111 5561 1242 5637 Magi
1284 5571 1458 5637 autem
1486 5557 1820 5637 .Pbar'aonis.
1853 5571 1978 5637 cunt
2005 5557 2192 5611 cinifes
2223 5573 2348 5626 pro-

764 5627 956 5694 duceie
988 5627 1288 5704 nequirent,
1321 5631 1372 5682 iu
1404 5629 1502 5704 Dei
1539 5627 1758 5704 digitum
1796 5640 1909 5704 seu_
1934 5628 2203 5704 vir_tutem,
2232 5643 2350 5697 qua:

763 5711 864 5766 sibi
891 5717 1007 5762 erat
1030 5697 1426 5772 iu'tpedimento.
1457 5700 1504 5752 id
1534 5697 1858 5772 rejicie‘hant.
1891 5698 1967 5772 Le
1995 5697 2089 5752 Ρη.

829 5768 1360 5846 CAP.XXVll.—(c)
1379 5770 1502 5846 Date
1513 5768 2345 5846 qua;habetis,eleemosynam,etc.

767 5853 927 5906 Vertit
945 5851 1142 5904 Auctor
1161 5840 1305 5899 recte
1327 5840 1437 5912 qua:
1464 5840 1673 5894 habetis.
1697 5848 1749 5892 et
1772 5841 1935 5912 Syrus
1967 5842 2225 5912 interpres
2251 5858 2262 5894 :
2303 5841 2352 5894 id

761 5922 900 5998 quod
915 5929 1016 5991 est,
1043 5915 1184 5993 quad
1213 5910 1458 5987 ετωὸθτά
1480 5916 1732 5979 ἰνὸντιβθ
1756 5911 1796 5967 si
1812 5911 1976 5976 dicat,
1993 5911 2146 5966 sicuti
2172 5910 2350 5967 Theo-

2452 4758 2749 4835 phylactus,
2768 4776 2869 4835 non
2884 4777 2995 4835 qua:
3021 4761 3281 4832 rapuistis,
3315 4761 3405 4815 sed
3423 4776 3537 4829 quae
3566 4770 3725 4815 vestra
3753 4770 3902 4826 sunt;
3935 4779 4068 4835 quo

2452 4830 2588 4885 adeo
2631 4833 2866 4902 reSpexit
2897 4830 3157 4902 Vulgatus
3207 4834 3492 4903 interpres,
3540 4835 3882 4895 transferens,
3908 4830 4066 4902 (μὶοά

2454 4912 2698 4971 superest,
2735 4918 2924 4973 nempe
2963 4906 3099 4958 ultra
3138 4905 3376 4974 rapinam
3427 4913 3480 4958 et
3528 4903 3873 4973 iniquitatem.
3923 4906 4070 4974 Quo

2456 4988 2616 5045 sensu
2648 4975 2929 5042 explicato,
2956 4976 3087 5028 nihil
3115 4990 3248 5045 Optts
3273 4985 3354 5028 est
3383 4975 3557 5041 legi-re
3595 4991 3716 5028 cum
3747 4975 3974 5029 lirasmo
4007 4987 4071 5033 et

2456 5042 2730 5112 Cajetauo,
2755 5047 2887 5098 datis
2910 5062 3004 5115 pro
3025 5042 3166 5099 dutef
3189 5045 3247 5098 Β.
3268 5046 3564 5114 Cyprianus
3596 5047 3824 5107 interim.
3853 5046 4067 5103 lih.l|[.

2458 5115 2580 5186 adv.
2631 5117 2908 5181 Quirinum
2958 5133 3076 5185 cap.
3111 5118 3163 5180 1,
3197 5129 3444 5170 neutrum
3479 5117 3626 5186 legit,
3671 5134 3838 5186 neque
3883 5119 4070 5176 etiam

2460 5185 2517 5238 Β.
2553 5189 2867 5241 Ambrosius
2898 5188 2948 5241 in
2975 5187 3254 5242 Comment.
3285 5201 3375 5241 aut
3401 5189 3460 5241 Β.
3493 5185 3820 5253 Augustinus
3847 5186 4070 5245 Enchi-

2457 5256 2557 5309 rid.
2588 5272 2704 5324 cap.
2735 5259 2823 5312 75.
2854 5258 2984 5311 Ctttn
3024 5270 3198 5312 autem
3231 5259 3390 5312 etiam
3433 5259 3679 5314 eumdem
3711 5274 3921 5313 sensum
3961 5277 4069 5317 re-

2458 5329 2634 5400 cipiat,
2673 5340 2726 5380 ιιι
2769 5331 3018 5393 diximus,
3071 5331 3276 5396 vulgata
3319 5330 3514 5394 versio,
3567 5331 3907 5400 νρρυιιιηάιιηι
3973 5343 4072 5388 est

2461 5396 2567 5458 hic,
2601 5400 2740 5468 quod
2790 5417 2892 5453 non
2942 5402 3106 5455 semel
3157 5401 3406 5464 diximus,
3441 5401 3600 5454 nimis
3631 5396 3872 5456 'liberam
3923 5418 4071 5460 esse

2457 5472 2855 5540 castigationem
2877 5471 3060 5525 lsidori
3079 5471 3259 5535 Clarii,
3289 5472 3351 5524 de
3374 5472 3435 5524 iis
3457 5488 3568 5539 qua:
3591 5472 3725 5526 vobis
3751 5483 4065 5543 suppetunt,

2458 5554 2520 5594 ac
2551 5543 2593 5594 si
2630 5543 2792 5595 altera
2815 5543 3202 5596 lectiomiuime
3224 5543 3436 5597 tolerari
3462 5555 3659 5612 posset.
3698 5543 3828 5597 Pan.

2529 5634 2605 5703 (ti)
2656 5632 2996 5687 Voculionem.
3027 5634 3251 5690 Videtur
3274 5642 3437 5693 κλῆσιν
3472 5634 3824 5704 (vocationem)
3859 5637 4070 5706 legisse

2457 5719 2553 5776 pro
2570 5715 2715 5775 κρίσιν
2746 5707 3058 5776 (judicium).
3090 5707 3170 5759 vel
3203 5709 3373 5773 potius
3396 5718 3461 5760 ex
3479 5707 3733 5776 cvangelio
3761 5706 4066 5765 Marcionis

2459 5774 2568 5845 (qui
2589 5774 2846 5846 judicium
2879 5779 3104 5846 negabat
3131 5778 3220 5831 Dei
3255 5776 3377 5831 boni
3403 5782 3548 5847 esse)
3575 5774 3857 5847 usurpasse
3883 5819 3897 5844 ,
3937 5789 4070 5835 tutt-

2458 5861 2617 5914 quam
2647 5864 2757 5903 rem
2783 5849 3101 5905 confessam.
3139 5849 3339 5904 JUNIUS.
