4268 6492
179 397 283 453 429

1278 393 1407 449 LIB.
1451 390 1517 448 IV
1557 387 1918 448 ADVERSUS
1956 384 2379 443 MARCIONEM.

3364 382 3471 439 450

180 522 283 565 tota
308 512 479 566 anima
499 520 606 577 tua,
650 518 694 564 et
719 525 783 563 ea:
811 509 925 563 lotis
951 508 1137 563 viribus
1159 508 1276 570 tuis,
1307 509 1391 577 qui
1418 518 1465 561 te
1494 509 1684 561 vocavit
1707 522 1779 561 ex
1796 506 1847 566 Α
1875 504 2221 575 prmclusm-cs
2271 501 2397 572 legis
2426 520 2437 555 :
2486 499 2530 555 si
2560 498 2753 566 fautor,
2786 498 2897 568 jant
2924 512 3028 553 nou
3057 506 3111 553 et
3139 498 3361 557 ternnlus
3389 498 3467 553 le-

180 604 435 677 Ai'gypto.
466 604 726 658 Czrterum
754 644 769 667 ,
804 618 898 657 nec
931 611 1139 672 tempus
1172 602 1505 669 admisisset,
1536 610 1591 656 ttt
1618 600 1772 655 (ibri-

179 708 292 749 sms
322 708 426 750 tam
456 712 812 768 praecipiam,
842 696 948 749 into
986 706 1093 749 tam
1129 695 1377 749 acerbam
1411 694 1585 748 adlme
1609 694 1772 749 dilec-

182 789 379 843 tionem
408 789 767 859 expostularet
814 802 951 842 novo
974 797 1030 843 et
1054 788 1253 842 recenti
1291 786 1419 852 Deo,
1452 802 1519 840 ne
1543 785 1769 840 dixerim

182 880 418 935 nondum
451 880 621 949 palam
645 881 803 934 Iacto.
831 878 1119 933 Primatum
1140 893 1335 946 quoque
1350 887 1609 946 captantes
1630 878 1771 931 loca-

178 990 316 1039 runt,
345 982 392 1027 et
433 973 672 1026 honorem
704 972 1087 1032 salutationum,
1128 984 1250 1025 cum
1293 970 1531 1033 incusat,
1572 979 1771 1024 sectam

180 1062 451 1119 Creatoris
478 1062 832 1126 administrat,
851 1061 1110 1131 ejusmodi
1128 1060 1394 1131 principes
1417 1059 1771 1115 Sodomormn

178 1160 470 1213 archontas
496 1154 815 1227 appellantis
847 1152 957 1225 (Is.
984 1194 999 1219 ,
1032 1153 1071 1219 I,
1102 1152 1216 1224 23),
1248 1152 1583 1223 prohibentis
1612 1153 1773 1208 etiam

178 1252 450 1305 conlidere
479 1248 529 1303 in
555 1249 891 1318 praspositos,
920 1248 1029 1302 imo
1053 1256 1106 1302 ct
1132 1246 1183 1301 in
1216 1255 1383 1301 totum
1415 1245 1774 1301 miserrinnnn

179 1341 452 1395 hominem
492 1340 902 1410 pronuntiantis,
956 1339 1045 1409 qui
1091 1353 1240 1407 spem
1278 1337 1439 1392 habet
1476 1338 1527 1392 in
1560 1337 1776 1393 homine

182 1434 299 1505 (Ps.
329 1432 541 1499 CXVII,
570 1435 627 1499 8,
655 1431 744 1505 9).
804 1432 954 1500 Quod
998 1431 1045 1487 si
1098 1441 1374 1501 propterea
1415 1445 1535 1500 quis
1563 1432 1776 1485 allectat

180 1524 573 1595 principatum,
608 1533 662 1577 nt
705 1525 771 1579 de
809 1523 1000 1577 ol‘ticiis
1041 1522 1266 1577 aliorum
1306 1522 1601 1593 glorietur,
1652 1524 1775 1592 quia

177 1615 357 1672 ol'lieia
390 1618 554 1670 vetuit
592 1615 855 1683 ejusmodi
893 1615 1140 1685 sperandi
1167 1614 1543 1669 etconlidendi
1583 1614 1633 1668 in
1676 1614 1775 1668 ho-

177 1710 382 1763 minem
433 1708 669 1777 (Jerenn,
699 1705 855 1769 XVII,
888 1706 987 1775 5).
1040 1707 1177 1762 idem
1205 1718 1259 1760 et
1308 1705 1390 1777 (I)
1442 1705 1777 1761 allectatores

178 1800 574 1872 priucipatuuttt
600 1799 881 1868 increpuit.
906 1797 1178 1851 invehitur
1204 1808 1258 1851 et
1286 1798 1337 1851 in
1368 1798 1596 1851 doctores
1640 1798 1777 1864 ipsos

1872 597 1972 667 gis.
2003 594 2106 649 Sed
2136 593 2251 648 luet:
2272 592 2449 647 omnia
2474 592 2538 645 ail
2566 590 2932 646 iulnscandmn
2973 591 3278 645 Creatorem
3312 589 3462 658 inge-

1876 689 2023 743 rebat
2049 698 2103 743 ttt
2130 703 2351 751 Stl:\'tllll,
2376 702 2497 756 erga
2527 700 2684 755 quem
2728 685 3113 753 delinquentes,
3143 699 3216 737 ra:
3240 684 3470 737 habituri

1875 790 2075 836 essent.
2111 780 2176 833 Et
2201 779 2319 848 qttis
2355 793 2553 833 Saevum
2585 793 2690 832 non
2721 779 2893 847 potius
2916 777 3124 832 timeret
3155 793 3467 846 provocare,

1876 872 2174 928 detieiendo
2210 872 2291 941 (Si)
2318 871 2384 926 ab
2410 870 2511 925 eo?
2539 869 2708 925 Tanto
2736 870 2901 941 magis
2926 884 3052 940 ergo
3086 868 3469 925 demerendum

1876 964 2134 1029 docebat,
2177 978 2336 1034 quem
2386 962 2680 1017 timendum
2721 961 3011 1033 ingerebat.
3061 960 3151 1018 Sic
3191 963 3473 1033 oportebat

1876 1054 2148 1113 Christum
2180 1057 2468 1112 Creatoris.

2426 1147 2656 1204 CAPUT
2694 1146 2928 1203 XXVIII.

1949 1240 2137 1296 Merito
2167 1241 2344 1312 itaque
2370 1255 2476 1295 non
2509 1240 2748 1310 placebat
2769 1240 2840 1294 illi
2870 1240 3168 1312 hypocrisis
3189 1239 3478 1295 I’barism.»

1880 1347 2021 1397 rum,
2072 1332 2145 1402 (b)
2176 1331 2329 1387 labiis
2358 1332 2561 1387 scilicet
2587 1333 2875 1387 amantium
2911 1331 3075 1387 Deum
3100 1374 3113 1394 ,
3142 1349 3245 1386 non
3272 1332 3432 1388 corde
3460 1351 3473 1387 :

1880 1424 2258 1496 Cavete,inqnit
2272 1423 2553 1493 (Luc,Xll)
2571 1425 2898 1495 discipulis,a
2919 1428 3160 1496 fermento
3187 1424 3479 1479 Pharist-

1881 1532 2013 1580 rum,
2042 1517 2185 1586 quod
2210 1526 2292 1571 est
2324 1515 2640 1587 hypocrisis.
2690 1531 2795 1571 non
2838 1516 3142 1586 praedicatio
3183 1517 3476 1571 Creatoris.

1881 1609 2006 1664 Odit
2041 1621 2387 1665 contumaces
2431 1609 2605 1663 Patris
2634 1608 2828 1673 Filius;
2863 1624 2967 1663 nott
3013 1610 3124 1663 vult
3170 1624 3296 1663 suos
3351 1610 3482 1664 tales

1882 1705 2113 1759 existere
2155 1704 2205 1759 in
2248 1705 2438 1758 illum:
2480 1718 2583 1757 non
2622 1704 2673 1756 itt
2702 1704 2885 1767 alium,
2918 1703 2968 1756 in
2996 1719 3152 1771 quem
3189 1702 3486 1772 hypocrisis

1885 1794 2073 1850 fuisset
2100 1796 2355 1858 admissa,
2384 1794 2536 1864 cujus
2570 1795 2872 1863 exemplum
2908 1810 2936 1847 a
2964 1794 3237 1865 discipulis
3264 1809 3486 1849 cavere-

176 1892 325 1962 legis,
384 1891 526 1961 qttod
576 1899 841 1943 onerarent
889 1887 1019 1942 alios
1070 1886 1473 1956 importabilibus
1518 1890 1772 1955 oneribus,
1805 1901 1854 1962 Β
1884 1896 1985 1941 ιιιι·.
2018 1886 2091 1941 Ita
2122 1886 2511 1941 Phariszeormn
2537 1886 2781 1955 prohibet
2806 1885 2881 1955 (6)
2911 1891 3211 1953 exemplum
3240 1904 3253 1941 :
3287 1886 3337 1939 in
3362 1902 3484 1939 eum

176 1998 291 2051 qua:
315 1982 413 2052 ipsi
445 1997 505 2033 ne
525 1981 683 2051 digito
702 1980 905 2049 quidem
934 1979 1141 2049 aggredi
1169 1979 1414 2032 amterent
1450 1994 1462 2032 :
1491 1996 1594 2033 non
1624 1978 1781 2049 Legis

176 2091 342 2128 onera
375 2073 631 2143 sngiilans
660 2072 809 2140 quasi
839 2070 1132 2126 detestator
1160 2069 1311 2139 ejus;
1341 2070 1611 2141 quotnodo
1637 2071 1780 2125 enim

177 2167 496 2226 detestatur,
523 2163 614 2233 qtti
640 2178 760 2217 cum
787 2161 1016 2215 maxime
1048 2161 1250 2230 potiora
1281 2161 1411 2231 legis
1454 2169 1783 2231 praeter-emt.

182 2271 263 2313 tes
305 2256 610 2320 incusabat,
642 2254 1039 2326 eleemosyoam
1068 2264 1123 2309 et
1149 2255 1479 2309 vocationem
1531 2263 1586 2310 et
1622 2254 1785 2311 dilec-

182 2350 385 2404 tionem
433 2347 547 2412 Dei,
599 2362 667 2401 ne
694 2348 807 2400 hac
836 2345 1047 2413 quidem
1070 2347 1271 2414 gravia,
1314 2346 1507 2400 nedum
1550 2344 1787 2400 decimas

183 2451 452 2502 rotarum,
484 2449 538 2493 et
569 2437 657 2508 (Ξ)
689 2437 977 2491 munditias
997 2439 1294 2491 catinorum
1316 2438 1338 2491 ’ἶ
1364 2438 1653 2505 Caeterum,
1687 2455 1784 2495 ex—

184 2530 455 2590 cusandas
472 2531 647 2601 petitis
665 2530 979 2593 censuisset,
1002 2530 1045 2583 si
1065 2530 1414 2599 itttporlabilia
1440 2543 1651 2602 portare
1683 2547 1787 2586 non

187 2633 430 2694 possunt.
464 2620 569 2677 Sed
589 2636 706 2691 qua:
736 2636 898 2675 onera
927 2622 1113 2675 taxat?
1140 2621 1270 2689 Quze
1296 2622 1394 2692 ipsi
1416 2623 1484 2678 de
1508 2639 1603 2677 suo
1630 2637 1790 2693 exag-

187 2715 469 2786 gerahant,
527 2713 781 2769 docentes
833 2722 1132 2783 prmcepta,
1166 2712 1437 2768 doctrinas
1493 2713 1790 2781 hominum,

187 2807 598 2864 cmnniodorom
630 2823 845 2861 suorum
876 2822 1065 2862 caussa
1103 2804 1230 2877 (1s.,
1264 2806 1324 2871 V,
1358 2807 1473 2876 23),
1509 2809 1794 2878 jungeutes

191 2904 413 2957 dommn
446 2901 511 2954 ad
540 2900 778 2964 domum,
815 2910 870 2954 ιιι
913 2917 1030 2969 quae
1060 2902 1285 2969 proximi
1336 2910 1462 2955 stitit
1499 2901 1791 2967 attlerrettt,

191 2996 492 3049 clamantes
527 2992 813 3061 populum,
853 3002 1094 3046 amantes
1140 3007 1383 3060 munera,
1410 3003 1678 3049 sectantes
1708 3010 1795 3051 I‘c-

196 3086 570 3150 tributiouem,
599 3082 915 3153 diripientes
936 3082 1166 3153 jndieata
1193 3099 1484 3154 pauperum
1509 3102 1521 3149 ;
1556 3086 1630 3140 uti
1656 3095 1800 3141 esset

197 3180 303 3233 illis
330 3178 489 3233 vidua
521 3178 570 3231 in
605 3176 862 3245 rapinam,
894 3184 949 3231 et
977 3177 1205 3245 pupillus
1236 3178 1285 3230 iu
1305 3178 1559 3248 praedam.
1591 3179 1667 3235 De
1691 3180 1801 3250 qui-

1886 1979 2203 2050 proltibebat
2248 1980 2378 2035 illud
2417 1980 2665 2044 admitti,
2700 1982 2748 2032 itt
2780 1994 2939 2048 quem
2968 1980 3313 2033 admittebant
3345 1979 3485 2033 Pha-

1888 2075 2049 2128 riszri.
2078 2072 2244 2141 Igitur
2285 2074 2535 2143 quoniam
2582 2072 2900 2141 Itvpocrisim
2928 2086 3111 2125 eorum
3144 2080 3368 2136 taxarat,
3394 2073 3494 2125 uti-

1889 2180 1993 2235 que
2019 2165 2282 2220 celantem
2312 2164 2519 2219 occolta
2546 2164 2745 2228 cordis,
2780 2172 2831 2217 et
2863 2163 3248 2219 incredulitatis
3285 2175 3490 2219 secreta

1890 2256 2318 2326 snpcrlicialibus
2365 2254 2558 2310 ofticiis
2624 2254 3065 2321 obmnbrantcm;
3120 2270 3237 2323 qum
3287 2253 3491 2309 clavem

1892 2348 2178 2417 agnitionis
2204 2347 2430 2411 habens,
2457 2362 2554 2402 nec
2583 2347 2662 2416 (7)
2690 2346 2799 2416 ipsa
2832 2346 3105 2412 introiret,
3145 2362 3242 2401 nec
3266 2347 3399 2400 alios
3423 2348 3495 2402 si-

1895 2451 2079 2505 neret;
2110 2441 2230 2496 ideo
2260 2439 2478 2507 adjicit:
2533 2437 2681 2493 Nihil
2704 2448 2869 2492 autem
2896 2450 3147 2509 opertum,
3204 2442 3338 2509 quod
3392 2458 3494 2496 non

1896 2534 2133 2603 pate/iet;
2174 2543 2221 2588 et
2248 2532 2378 2587 nihil
2406 2532 2785 2597 absconditum,
2816 2532 2953 2601 quod
2992 2548 3091 2586 non
3133 2532 3493 2602 dignoscctar;

1896 2643 1963 2681 ne
1992 2627 2110 2696 quis
2159 2626 2427 2681 cxiStimet
2479 2625 2624 2680 illum
2656 2624 2748 2679 Dei
2795 2625 2957 2693 ignoti
3003 2634 3144 2679 retro
3184 2636 3235 2678 et
3276 2626 3495 2688 occulti,

1898 2718 2280 2774 revelationem
2318 2727 2372 2773 et
2409 2717 2801 2787 adagnitionem
2850 2718 3133 2782 intentare,
3175 2734 3295 2772 eum
3330 2719 3501 2788 subji-

1899 2814 2005 2869 ciat
2052 2814 2212 2867 etiam
2242 2826 2360 2881 qua:
2393 2811 2531 2866 inter
2564 2825 2624 2865 se
2666 2809 3008 2864 mussitarent
3056 2810 3140 2864 vel
3190 2818 3499 2871 tractarent.

1900 2906 2104 2959 scilicet
2135 2918 2297 2972 super
2325 2903 2442 2972 ipso
2469 2902 2746 2956 dicentes:
2781 2899 2881 2954 llic
2924 2918 3025 2955 non
3075 2902 3282 2971 ra‘pellit
3308 2904 3502 2956 dicato-

1904 2998 1989 3053 nia
2020 2998 2116 3051 nisi
2147 2998 2199 3051 in
2234 2994 2550 3061 Beelzebule,
2588 2995 2641 3050 in
2686 3003 2930 3065 apertum
2974 3010 3319 3063 processura,
3343 3003 3398 3050 et
3451 2995 3502 3050 itt

1903 3107 1999 3147 ore
2049 3090 2325 3147 hominum
2376 3088 2588 3157 futura,
2620 3104 2684 3143 ex
2739 3088 3011 3157 Evangelii
3060 3089 3504 3158 pronmlgatione.

1908 3184 2109 3240 Deinde
2164 3182 2244 3253 (8)
2316 3196 2607 3238 conversus
2648 3182 2716 3237 ad
2760 3182 3052 3250 discipulos
3105 3181 3272 3236 :Dico
3318 3194 3504 3245 (tttlt’m,

198 3272 303 3326 bus
326 3270 466 3326 idem
499 3269 682 3327 Esaias
713 3266 838 3339 (1s.,
867 3267 1101 3335 XXVIII,
1135 3270 1256 3339 It):
1302 3269 1386 3325 γω
1424 3272 1509 3340 qui
1553 3272 1719 3326 valent
1748 3274 1801 3328 in
1830 3289 1875 3353 (ς
1909 3276 2099 3347 inquit,
2128 3276 2266 3330 vobis
2293 3275 2468 3329 amicis
2497 3276 2618 3328 meis
2656 3274 2760 3346 (υ),
2808 3274 2961 3328 nolite
3005 3275 3179 3327 terreri
3215 3274 3278 3327 ab
3318 3275 3388 3327 ris
3427 3273 3515 3343 qui

203 3365 532 3420 Hierusalem
555 3361 657 3435 (3),
691 3372 745 3417 et
765 3378 949 3417 rursus
979 3360 1105 3431 (1s.,
1136 3363 1225 3429 Ill,
1248 3364 1303 3433 5)
1332 3381 1344 3416 :
1380 3364 1477 3432 Qui
1504 3381 1589 3419 vos
1628 3376 1806 3436 postu-

203 3458 338 3523 lant,
377 3455 703 3509 dominantur
724 3453 891 3508 vestri.
913 3454 1011 3519 Qui
1054 3455 1242 3524 magis,
1270 3469 1429 3525 quant
1461 3455 1593 3526 legis
1627 3457 1812 3511 docto-

205 3548 337 3603 res?
384 3547 446 3601 lli
473 3548 517 3602 si
564 3557 619 3602 et
669 3545 883 3608 Christo
913 3544 1306 3616 displicebant,
1352 3556 1412 3601 ut
1447 3548 1529 3603 sui
1558 3548 1812 3618 displice-

208 3646 361 3699 bant.
411 3642 490 3712 (α)
526 3642 730 3697 Alieme
774 3641 917 3696 enim
975 3640 1108 3712 legis
1151 3640 1399 3697 doctores
1442 3659 1548 3698 non
1596 3646 1815 3700 omnino

212 3736 503 3807 pulsasset.
525 3734 632 3788 Cur
658 3742 837 3788 autem
866 3748 942 3787 ere
964 3732 1185 3787 audiunt
1213 3733 1396 3800 etiam,
1418 3735 1559 3806 quod
1578 3735 1814 3792 aaditica-

214 3837 341 3882 rent
400 3825 677 3897 prophetis
718 3832 1062 3879 monumenta
1111 3824 1445 3895 interemptis
1499 3842 1530 3882 a
1579 3829 1818 3897 patribus

213 3933 429 3984 eorum,
465 3916 618 3971 laude
647 3917 822 3985 potius
850 3915 1016 3986 digni,
1050 3915 1141 3985 qui
1181 3931 1246 3970 ex
1289 3916 1391 3971 isto
1416 3933 1580 3988 opere
1608 3921 1819 3989 pietatis

218 4000 555 4065 testabantur
583 4023 642 4063 se
687 4023 792 4062 nou
830 4008 1134 4062 consentire
1165 4006 1317 4062 Iactis
1344 4019 1589 4079 patrum;
1636 4012 1680 4066 si
1713 4027 1817 4068 non

218 4112 337 4158 erat
366 4100 584 4164 zelotes,
624 4098 837 4170 qualem
863 4107 1093 4169 arguunt
1130 4097 1476 4166 Marcionittc,
1508 4102 1699 4158 delicta
1730 4119 1823 4175 pa-

223 4204 369 4249 trum
409 4191 477 4246 de
518 4190 639 4247 ﬁliis
681 4191 982 4261 exigentem
1012 4205 1183 4261 usque
1208 4192 1263 4246 in
1291 4201 1534 4261 quartam
1574 4198 1826 4252 nativita-

225 4286 377 4340 tem?
418 4284 587 4350 Quam
636 4296 763 4337 vero
806 4282 1015 4337 clavem
1064 4280 1335 4337 habebant
1374 4284 1505 4355 legis
1555 4286 1825 4357 doctores,

228 4376 335 4432 nisi
362 4374 853 4445 interpretationem
897 4373 1030 4443 legis
1050 4372 1072 4426 ?
1093 4372 1159 4428 ad
1185 4374 1337 4445 cujus
1363 4376 1686 4434 intellectum
1735 4395 1828 4436 nc-

230 4484 338 4539 quc
369 4467 466 4537 ipsi
506 4465 744 4533 adibant,
794 4480 900 4519 non
931 4462 1213 4521 credentes
1238 4466 1481 4522 scilicet:
1534 4467 1653 4523 Nisi
1696 4472 1831 4527 enim

231 4558 571 4625 credideritis,
599 4572 701 4611 non
726 4556 1058 4627 intelligetis;
1086 4570 1259 4626 neque
1283 4558 1417 4614 alios
1457 4559 1830 4627 admittebant,

1912 3387 1999 3425 vos
2034 3370 2348 3424 solummodo
2375 3369 2600 3422 occidere
2631 3376 2859 3437 possunt,
2894 3383 2984 3420 nec
3012 3377 3121 3435 post
3159 3367 3253 3419 hoc
3279 3368 3436 3419 ullam
3461 3369 3515 3421 in

1912 3457 2049 3515 vobis
2070 3460 2252 3514 habent
2280 3468 2595 3529 potestatem.
2647 3456 2753 3514 Sed
2782 3458 2845 3511 iis
2878 3458 2979 3513 erit
3005 3458 3189 3512 Esaias
3220 3459 3518 3528 pratdieens

1915 3552 2041 3625 (ls.,
2066 3551 2223 3617 LVII,
2258 3550 2310 3623 Ι)
2334 3570 2346 3605 :
2393 3549 2519 3605 Vide
2542 3551 2793 3620 quomodo
2812 3552 2984 3621 justas
3022 3551 3272 3621 aufertur,
3301 3560 3346 3603 et
3372 3566 3518 3603 nemo

1916 3646 2153 3699 aduertit.
2188 3642 2556 3698 Demonstrabo
2599 3652 2764 3696 autem
2808 3640 2943 3696 vobis
2979 3658 3123 3710 queat
3165 3640 3418 3695 linteatis:
3451 3642 3517 3695 ti-

1918 3746 2047 3792 mete
2070 3753 2201 3801 eum,
2222 3736 2309 3805 qui
2330 3746 2598 3805 postquam
2625 3734 2883 3798 acciderit,
2917 3743 3210 3802 potestatem
3233 3735 3379 3787 habet
3403 3736 3520 3788 mit-

1920 3828 2058 3883 tendi
2086 3828 2139 3881 in
2162 3826 2479 3897 gehennam;
2505 3826 2814 3881 Creatorem
2844 3824 3024 3894 utique
3054 3824 3516 3896 signiticaosUtt).

1923 3916 2105 3986 Itaque
2131 3918 2244 3971 dico
2264 3915 2422 3982 vobis,
2456 3917 2588 3969 hunc
2622 3916 2806 3969 timete.
2833 3915 2903 3970 Et
2939 3916 3040 3969 hoc
3072 3915 3124 3969 in
3156 3916 3272 3970 loco
3302 3914 3521 3970 sulticc-

1923 4023 2007 4067 ret
2056 4009 2208 4077 ntihi,
2262 4009 2328 4073 si,
2387 4022 2545 4079 quem
2591 4007 2763 4062 timeri
2809 4006 2984 4076 jubet,
3024 4004 3218 4059 olIendi
3262 4016 3437 4073 vetat;
3468 4014 3526 4061 et

1923 4118 2082 4174 quem
2117 4099 2311 4157 olIendi
2345 4109 2508 4167 vetat,
2540 4098 2804 4153 demereri
2825 4097 3003 4166 jubet;
3039 4108 3091 4151 et
3118 4098 3204 4167 qui
3236 4096 3350 4153 hate
3376 4115 3526 4155 matt-

1926 4194 2036 4260 dat,
2069 4194 2233 4264 ipsius
2273 4201 2378 4255 est,
2428 4191 2511 4246 cui
2564 4188 2818 4253 timendo,
2863 4197 2917 4243 et
2938 4205 3043 4243 non
3090 4188 3440 4256 otIendenrlo,
3474 4199 3531 4247 et;

1928 4285 2254 4343 demerendo
2283 4294 2552 4355 procurat.
2604 4281 2709 4337 Sed
2760 4281 2931 4337 habeo
2973 4290 3027 4336 et
3064 4282 3131 4335 de
3181 4284 3529 4351 sequentibus

1930 4394 2142 4435 sumere
2168 4396 2180 4433 :
2214 4377 2341 4431 Dico
2371 4378 2504 4431 enint
2525 4375 2682 4440 vobis,
2720 4373 2897 4428 Omnis
2926 4375 3010 4444 qui
3030 4374 3348 4441 conﬁtebitur
3373 4376 3425 4428 in
3449 4391 3528 4429 me

1932 4490 2103 4528 coram
2147 4470 2467 4537 hominibus,
2499 4468 2773 4537 con/itrbor
2820 4468 2872 4520 in
2914 4467 3004 4519 illo
3052 4483 3222 4520 coram
3269 4465 3394 4519 Deo.
3428 4467 3532 4533 Qui

1934 4564 2329 4621 conﬁtebuntur
2354 4571 2529 4617 autem
2570 4561 2621 4615 in
2660 4559 2892 4625 Christo,
2923 4560 3091 4614 occidi
3132 4558 3404 4614 habebunt
3440 4575 3534 4614 co-

237 4651 421 4719 utique
451 4646 706 4703 docentes
746 4646 826 4715 (4)
868 4656 1128 4717 praecepta
1162 4648 1337 4714 potius
1360 4658 1415 4705 et
1442 4650 1711 4709 doctrinas
1737 4654 1804 4711 ho

1906 4689 1912 4726 μ
1940 4674 2053 4714 rant
2094 4656 2416 4720 hominibus,
2450 4654 2577 4709 nihil
2602 4654 2780 4723 utique
2803 4651 3031 4721 amplius
3060 4653 3263 4721 pa~suri
3298 4662 3412 4719 post
3442 4669 3532 4706 oc-

240 4744 467 4798 initium.
492 4739 591 4808 Qui
622 4754 749 4810 ergo
771 4753 871 4794 nec
900 4740 1044 4809 ipsos
1070 4739 1421 4803 introeuntes.
1451 4759 1549 4800 nec
1576 4746 1695 4801 aliis
1724 4748 1838 4804 adi-

239 4844 353 4891 tum
387 4840 720 4903 prmstantes,
753 4831 1079 4899 increpabat,
1111 4832 1439 4891 obtrectator
1459 4836 1735 4895 habendus
1756 4852 1839 4897 est

240 4928 409 5000 tegis,
449 4941 516 4982 an
544 4923 759 4980 fautor?
800 4924 855 4981 Si
883 4925 1229 4997 obtrectator,
1257 4929 1473 5001 placere
1496 4930 1762 4991 debebant
1788 4948 1842 4993 et

1938 4752 2192 4807 cisionem
2209 4749 2409 4803 abillis.
2428 4746 2488 4802 Ili
2504 4748 2622 4816 (ΙΙ)
2642 4762 2767 4817 ergo
2789 4753 2945 4800 erunt
2960 4760 3093 4814 quos
3120 4758 3278 4814 supra
3298 4759 3535 4813 poenio-

1943 4856 2055 4911 net,
2098 4860 2166 4901 ne
2194 4845 2409 4898 timeant
2442 4838 2806 4896 tantummodo
2827 4838 3030 4903 occidi;
3060 4837 3179 4892 ideo
3206 4836 3537 4907 prannittens

1944 4956 2051 4995 non
2081 4938 2368 4994 timendam
2392 4937 2738 5006 occisionem,
2763 4935 3174 5005 utsubjungeret
3220 4933 3537 4989 substruen-

1479 5045 1861 5109 LECTIONES
1900 5049 2310 5107 VARIANTES.

341 5154 392 5282 il
514 5153 648 5268 as:
671 5149 837 5267 tisi;-

339 5276 393 5332 5)
429 5280 617 5331 Israele
643 5276 841 5331 Oberth.

346 5338 397 5393 4)
430 5342 690 5393 Docebant
710 5338 862 5391 Sentl.

343 5400 397 5468 ὃ)
437 5404 762 5468 Despiciendo
783 5400 1001 5468 quidam.

339 5286 371 5332 5
429 5286 617 5331 lsraele
643 5286 764 5331 Uber

346 5344 375 5393 4
430 5342 690 5393 Docebant
710 5343 764 5391 St

343 5408 376 5456 ὃ
438 5404 538 5455 Des
560 5404 762 5455 uiciendo

344 5468 377 5519 6
436 5420 679 5517 Perhibet
697 5463 764 5516 al.

2041 5165 2093 5226 7)
2134 5163 2190 5214 In
2213 5164 2360 5213 inser.
2387 5164 2529 5213 Pam.

2040 5230 2091 5295 ξ)
2134 5226 2326 5295 Dehinc
2360 5228 2499 5295 Ifttm.

2136 5287 2255 5359 Meis
2352 5285 2462 5337 aliis
2484 5285 2630 5359 abest.

2046 5342 2124 5422 t9)
2160 5350 2450 5422 Signiticatts
2475 5346 2631 5422 orni“.
2650 5342 2804 5399 Seml.

2053 5410 2128 5476 ll)
2166 5410 2260 5462 Hie
2285 5410 2458 5477 Rigalt.
2492 5417 2650 5461 Venet.

1614 5581 2175 5642 COMMENTARIUS.

340 5712 417 5784 (ι)
464 5710 658 5766 Aliena:
686 5709 1233 5784 enimtegisdoctores.
1264 5710 1471 5784 Saepius
1512 5712 1597 5769 hic
1640 5725 1696 5771 et
1738 5717 1864 5773 alibi

266 5780 428 5853 Legis
455 5784 705 5858 doctores
732 5780 1020 5858 legisperiti
1050 5792 1103 5838 ct
1130 5783 1371 5853 pharismi
1398 5786 1647 5844 dicuntur
1672 5790 1865 5858 (εαυςο

271 5866 315 5918 οἱ
359 5850 587 5928 ὗομικπ).
628 5852 706 5908 LE
744 5850 840 5909 Ριι.
867 5850 911 5871 ’⁷

2040 5717 2195 5773 CAP.
2262 5714 2500 5771 XXVIII.
2563 5744 2632 5754 --
2683 5710 2764 5780 (b)
2813 5709 2985 5765 Labiis
3040 5710 3225 5763 scilicet
3283 5710 3565 5765 amantium

1982 5788 2143 5843 Deum
2172 5830 2184 5851 ,
2250 5800 2351 5842 etc.
2410 5787 2637 5845 Literam
2669 5784 3035 5847 oceldemrm,
3090 5796 3192 5837 non
3240 5792 3414 5836 autem
3458 5782 3567 5851 spi-

1981 5861 2141 5915 ritum
2165 5860 2294 5929 legis
2325 5860 2676 5913 vivitieantem
2699 5855 3079 5924 sequebamur:
3107 5854 3313 5910 clavem
3341 5853 3567 5927 scilicet,
