4268 6492
742 392 837 451 451

2165 387 2623 447 τειιτυιιιιιιιι

3949 398 4059 455 632

747 510 1362 585 dam(l)confessioncm
1388 529 1399 564 :
1428 510 1494 565 Et
1515 510 1677 566 omuis
1702 510 1787 581 qui
1811 510 2059 581 negaverit
2077 525 2153 562 me
2178 523 2348 562 eorum
2375 511 2424 565 Α
2454 516 2593 561 tuum
2631 510 2849 576 percutis
2876 510 2900 562 1'
2931 508 2997 564 Et
3025 509 3266 579 rejicitur
3305 509 3371 566 ab
3406 510 3495 564 illo
3528 528 3540 565 :
3569 508 3694 576 Quis
3722 521 3769 566 te
3794 515 4058 568 constituit

744 605 1053 673 hominibus,
1088 605 1415 676 denegabitur
1455 620 1627 658 coram
1667 602 1810 667 Deo;
1840 603 2000 657 abeo
2031 602 2211 669 utique
2256 600 2343 669 qui

741 699 893 754 illum
921 698 1261 754 confitentem
1298 698 1640 753 confessurus
1676 695 1885 752 fuisset.
1932 696 1989 753 Si
2028 694 2169 749 enim
2210 707 2341 747 con-

739 793 999 848 fessorem
1033 791 1405 853 confitebitur,
1441 791 1553 859 ipse
1583 800 1664 845 est
1704 790 1795 859 qui
1826 796 1881 843 et
1910 796 2219 859 negatorem
2250 800 2344 839 nc-

739 883 905 954 gabit.
941 882 1127 948 Porro,
1150 883 1193 937 si
1221 880 1502 937 confessor
1532 890 1633 947 est,
1662 881 1748 935 cui
1781 879 1910 934 nihil
1939 877 2230 933 timcndmn
2259 885 2342 931 est

738 985 861 1047 post
888 977 1235 1041 occisionem,
1265 982 1485 1044 negator
1508 974 1609 1028 erit
1638 974 1723 1027 cui
1756 971 2051 1027 timendum
2077 979 2159 1025 cst
2179 969 2339 1023 etiam

735 1080 862 1141 post
905 1079 1154 1125 mortem.
1194 1068 1379 1139 Itaque
1406 1082 1522 1122 cum
1554 1067 1825 1122 Creatoris
1853 1068 1924 1120 sit
1961 1065 2101 1135 quod
2150 1065 2341 1118 timcn-

732 1163 859 1219 dum
893 1172 975 1218 est
1002 1175 1120 1233 poSt
1144 1171 1393 1227 mortem,
1425 1160 1684 1231 gehenna":
1710 1158 1913 1214 scilicet
1942 1173 2121 1229 pinna,
2155 1166 2209 1211 et
2241 1171 2336 1210 ne-

732 1266 888 1327 gator
912 1270 1039 1325 ergo
1063 1254 1334 1310 Creatoris
1362 1264 1463 1308 est.
1486 1253 1540 1307 Si
1563 1260 1741 1307 autem
1772 1261 1826 1306 et
1852 1258 2093 1319 negator,
2124 1260 2177 1303 et
2210 1264 2338 1303 con-

729 1347 923 1412 fessor,
950 1346 1038 1417 qui
1072 1358 1192 1415 post
1213 1344 1537 1400 occisionem
1570 1341 1698 1396 nihil
1729 1341 1796 1394 ab
1826 1342 2040 1395 homine
2084 1352 2337 1410 passurus

730 1454 833 1507 est,
866 1458 895 1497 a
925 1443 1034 1495 Deo
1060 1441 1217 1512 plane
1244 1453 1499 1510 passurus
1528 1438 1571 1492 si
1604 1445 1843 1507 negaret,
1873 1449 2031 1505 atque
2063 1435 2132 1488 ita
2177 1432 2333 1485 Chri-

728 1545 844 1591 stus
868 1534 1141 1589 Creatoris
1167 1541 1268 1598 est,
1309 1532 1398 1601 qni
1439 1530 1674 1584 ostendit
1704 1537 1985 1597 negatores
2018 1541 2143 1580 suos
2167 1525 2330 1579 Crea-

729 1628 863 1683 toris
890 1626 1186 1696 gehennam
1211 1626 1398 1678 timere
1423 1622 1641 1677 debere.
1672 1621 1798 1675 Post
1819 1620 2126 1675 deterritum
2158 1620 2333 1687 itaque

727 1721 1088 1792 negationem,
1117 1718 1355 1787 sequitur
1385 1725 1439 1771 et
1467 1713 1814 1783 blasphemia:
1846 1711 2196 1766 formidanda:
2238 1710 2332 1763 ad-

724 1813 985 1870 monitio:
1023 1811 1099 1884 (a)
1134 1811 1232 1877 Qui
1270 1810 1451 1863 dixerit
1501 1809 1553 1862 in
1596 1808 1759 1876 [ilium
1785 1807 2023 1869 hominis,
2053 1806 2331 1859 remittetur

2452 604 2751 673 magistrum
2780 613 2868 655 aut
2906 606 3125 671 judicent
3150 621 3305 675 super
3331 606 3459 658 nos?
3484 604 3729 659 Christus
3755 623 3886 661 vero
3924 621 4051 675 pos-

2452 695 2646 748 tulatus
2676 710 2705 748 a
2734 696 2999 763 quodam,
3035 705 3093 749 ut
3122 696 3262 751 inter
3311 696 3458 749 illum
3511 708 3564 750 et
3612 698 3829 751 fratrem
3881 700 4053 767 ipsus

2448 787 2512 840 de
2543 786 2624 857 (8)
2670 787 2959 842 dividenda
3020 789 3331 843 lucredilate
3384 798 3766 857 componeret,
3829 805 4051 860 operam

2447 895 2620 948 suam,
2658 892 2710 936 et
2746 882 2959 950 quidem
2995 892 3099 936 tam
3126 883 3307 952 proba:
3341 898 3563 947 caussae,
3596 885 3899 952 denegavit.
3932 884 4052 941 Jam

2445 989 2574 1042 ergo
2612 975 2807 1030 melior
2837 976 3043 1046 Moyses
3090 991 3242 1031 meus
3282 976 3499 1031 Christo
3529 985 3639 1043 tuo,
3671 976 3899 1030 fratrum
3936 978 4053 1046 paci

2445 1067 2667 1121 studens
2688 1111 2701 1133 ,
2744 1068 2949 1139 injuri-.e
2996 1084 3306 1124 occurrens.
3339 1070 3441 1124 Sed
3474 1072 3615 1124 enim
3645 1072 3833 1139 Optimi
3860 1082 3911 1125 et
3945 1088 4052 1126 ιιειιι

2438 1158 2633 1228 judicis
2675 1160 2764 1213 Dei
2805 1160 3051 1215 Christus
3083 1179 3092 1212 :
3132 1161 3257 1225 Quis
3290 1178 3388 1225 me,
3436 1163 3883 1233 inquit,jm!iccm
3916 1182 4047 1217 cou-

2442 1251 2605 1303 stituit
2635 1268 2788 1319 super
2823 1253 2953 1306 vos?
2984 1252 3161 1306 Aliam
3199 1267 3384 1307 voccm
3413 1256 3774 1307 excusationis
3806 1256 3969 1308 itt‘.‘(‘lt
3998 1272 4054 1309 :e

2444 1359 2547 1397 non
2591 1345 2781 1414 potuit,
2826 1360 2891 1400 ne
2932 1362 2991 1400 ea
3026 1357 3269 1402 uteretur
3294 1363 3395 1417 qua
3424 1348 3699 1416 improbus
3730 1351 3829 1411 vir,
3864 1360 3919 1404 ct
3951 1352 4055 1405 im-

2446 1436 2563 1506 pius
2592 1436 2755 1491 frater
2788 1448 3116 1492 assertorem
3171 1439 3455 1509 probitatis
3496 1448 3656 1509 atque
3702 1443 3922 1511 pietatis
3953 1459 4052 1497 ev-

2438 1540 2697 1586 cusserat.
2729 1531 2965 1600 Denique
2995 1532 3235 1601 probavit
3259 1532 3455 1585 malam
3488 1546 3696 1599 vocem,
3726 1535 3927 1588 utendo
3950 1551 4008 1588 ea
4035 1576 4050 1599 ,

2438 1632 2493 1678 et
2539 1624 2738 1678 malum
2790 1624 3019 1689 factmn,
3074 1626 3220 1694 pacis
3269 1626 3407 1679 inter
3440 1624 3630 1679 fratres
3658 1626 4053 1695 CODIPODCINIJB

2436 1718 2817 1773 declinatione.
2851 1723 2956 1773 Aut
2986 1719 3241 1787 numquid
3275 1719 3489 1789 indigne
3529 1720 3730 1785 tulerit,
3766 1719 3872 1774 hoc
3907 1722 4052 1776 dicto

2437 1810 2669 1881 fugatum
2693 1811 2937 1883 Moysen?
2955 1811 3181 1882 ideoque
3203 1813 3252 1865 in
3271 1827 3460 1866 caussa
3495 1813 3605 1882 pari
3630 1813 4050 1883 disceptantium

721 1908 836 1973 illi;
866 1906 951 1976 qui
979 1914 1149 1959 autem
1202 1901 1278 1973 (Ξ)
1324 1903 1506 1955 dixerit
1544 1901 1596 1953 in
1626 1899 1878 1967 Spiritum
1918 1898 2186 1961 Sanctum,
2232 1914 2322 1951 non

2438 1902 2703 1967 fratrum,
2740 1905 2904 1958 voluit
2940 1905 3059 1958 illos
3088 1907 3599 1959 commemoratione
3627 1904 3874 1973 ejusdem
3920 1906 4051 1962 dieti

720 2002 1002 2057 remittetur
1024 2000 1092 2052 ei.
1120 1996 1270 2066 Quod
1304 1996 1345 2049 si
1375 1995 1482 2064 jam
1515 1993 1763 2048 remissio
1785 1999 1839 2045 et
1868 1991 2099 2046 retentio
2148 1989 2326 2044 delicti

714 2093 948 2164 judicent
975 2092 1138 2147 Deum
1162 2089 1398 2159 sapiunt,
1426 2086 1583 2155 hujus
1612 2084 1691 2156 (3)
1723 2085 1823 2138 erit
1845 2083 2077 2153 Spiritus
2102 2085 2327 2138 Sanctus

719 2200 828 2241 non
858 2183 1330 2255 blasphetnandns,
1367 2194 1471 2233 non
1505 2178 1778 2232 remissuri
1826 2176 2029 2232 scilicet
2078 2175 2328 2244 blasphe-

718 2272 912 2342 miam;
936 2276 1074 2330 sicut
1100 2284 1153 2329 et
1178 2287 1336 2343 supra
1380 2285 1484 2333 non
1515 2269 1821 2340 negandns,
1853 2269 2080 2323 occisuri
2122 2266 2327 2321 scilicet

715 2368 877 2425 etiam
903 2369 953 2421 in
988 2367 1310 2438 gehennam.
1344 2363 1495 2433 Quod
1526 2362 1570 2417 si
1597 2372 1649 2417 et
1672 2360 2055 2430 blasphemiam
2078 2359 2324 2414 Christus

714 2474 745 2515 a
778 2462 1030 2516 Creatore
1058 2458 1270 2521 avertit,
1311 2455 1582 2527 quomodo
1623 2454 1959 2509 adversarius
1996 2453 2043 2507 ei
2096 2454 2320 2515 venerit,

716 2568 824 2609 non
851 2553 981 2608 scio.
1018 2554 1122 2605 Aut
1148 2551 1191 2605 si
1221 2558 1275 2605 et
1296 2565 1391 2621 per
1420 2550 1535 2602 ha‘c
1565 2546 1910 2602 severitatem
1933 2546 2047 2615 ejus
2071 2546 2319 2610 infuscat,

715 2645 1125 2702 nonremissuri
1172 2642 1581 2713 blasphemiam,
1625 2648 1681 2695 et
1708 2640 1935 2694 occisuri
1962 2640 2122 2693 etiam
2153 2640 2204 2692 in
2231 2655 2324 2707 ge-

714 2740 971 2805 hennam,
1006 2747 1259 2808 superest
1286 2744 1345 2789 ut
1373 2743 1427 2789 et
1470 2733 1609 2787 illius
1649 2732 1847 2786 diversi
1894 2732 1985 2786 Dei
2026 2733 2239 2801 impune
2269 2739 2325 2785 et

712 2831 946 2902 Spiritus
974 2829 1397 2899 blaspltemetur,
1426 2836 1479 2880 et
1518 2823 1763 2879 Christus
1809 2832 2051 2891 negetur,
2091 2833 2144 2876 et
2190 2822 2317 2875 nihil

712 2924 926 2980 intersit
953 2921 1021 2977 de
1047 2920 1192 2976 cultu
1222 2918 1360 2988 ejus,
1405 2915 1540 2970 dcvc
1582 2923 1932 2983 contemptu;
1979 2922 2035 2968 ct
2078 2914 2214 2967 sicut
2253 2912 2322 2967 de

712 3024 1023 3085 contemptu
1063 3012 1202 3067 nulla
1240 3025 1419 3081 ptena,
1463 3010 1530 3063 ita
1584 3016 1636 3061 et
1690 3006 1760 3061 de
1802 3008 1947 3062 cultu
1994 3007 2137 3061 nulla
2195 3022 2319 3075 5pc-

711 3106 877 3164 randa
945 3107 1017 3161 sit
1071 3117 1299 3159 merces.
1375 3099 1669 3155 Perductus
1710 3099 1815 3168 (4)
1856 3099 1920 3151 ad
1991 3108 2319 3167 potestates,

712 3200 962 3273 prohibet
1032 3198 1098 3252 ad
1138 3193 1612 3264 interrogationem
1676 3193 1910 3263 eogitare
1963 3192 2029 3247 de
2090 3208 2316 3263 respon-

2434 1995 2783 2051 confndisse?
2842 1996 3003 2050 Plane
3050 1996 3143 2050 ita.
3205 1996 3320 2065 Ipse
3371 1994 3515 2050 enim
3573 2004 3699 2051 tunc
3758 1995 3941 2051 fuerat
3997 1998 4047 2052 in

2433 2085 2633 2158 Moyse,
2664 2089 2753 2159 qui
2783 2089 2905 2141 talia
2951 2088 3195 2141 audierat
3221 2129 3235 2152 ,
3265 2089 3484 2158 spiritus
3512 2089 3711 2143 scilicet
3738 2086 4045 2143 Creatoris.

2432 2180 2567 2235 Puto
2584 2180 2692 2250 jam
2717 2181 2843 2234 alibi
2874 2184 3003 2235 satis
3028 2180 3439 2235 commendasse
3463 2198 3559 2234 nos
3576 2181 3891 2235 divitiarum
3920 2184 4012 2252 glo
4029 2211 4043 2221 -

2432 2274 2564 2327 riam
2589 2273 2833 2327 damnari
2858 2288 2885 2325 a
2912 2273 3020 2326 Deo
3043 2283 3254 2338 nostro,
3277 2273 3418 2341 ipsos
3441 2272 3693 2343 dynaStas
3723 2272 4049 2329 detrahente

2430 2365 2498 2421 de
2564 2366 2730 2429 solio,
2798 2374 2851 2419 et
2912 2380 3177 2435 pauperes
3239 2364 3507 2420 allevante
3569 2365 3638 2421 de
3700 2368 4048 2437 sterquilinio

2432 2458 2551 2525 (Ps.
2581 2458 2740 2521 CXII.
2774 2458 2887 2526 15).
2941 2459 3021 2513 Ah
3050 2473 3114 2512 co
3146 2473 3273 2527 ergo
3313 2458 3413 2513 erit
3455 2470 3509 2512 et
3558 2458 3806 2527 parabola
3862 2459 4047 2514 divitis

2431 2550 2761 2604 blandientis
2802 2549 2904 2605 sibi
2947 2550 3015 2603 de
3057 2560 3321 2617 proventu
3365 2565 3614 2619 agrorum
3662 2565 3881 2604 suorum
3909 2592 3923 2615 ,
3956 2551 4045 2605 cui

2431 2642 2569 2696 Deus
2595 2642 2727 2697 dicit
2757 2659 2769 2693 :
2801 2642 2992 2704 Stulte,
3019 2643 3277 2695 liacuocte
3293 2643 3517 2695 animam
3550 2652 3689 2695 tuam
3717 2656 3986 2713 reposcent
4019 2659 4039 2696 :

2427 2752 2540 2806 qum
2566 2747 2735 2789 autem
2761 2736 2976 2806 parasti,
3010 2736 3157 2797 cuius
3190 2735 3267 2804 (9)
3300 2747 3442 2788 cruut
3464 2736 3489 2787 ἴ)
3534 2736 3625 2789 Sic
3665 2735 3899 2806 denique
3943 2752 4043 2791 rex

2428 2827 2496 2882 de
2523 2829 2667 2897 gazis
2692 2836 2745 2881 et
2771 2828 3047 2895 apothecis
3077 2826 3390 2880 deliciarum
3421 2841 3637 2879 suarum
3670 2827 3808 2895 apud
3840 2828 4045 2881 Persas

2426 2920 2708 2989 gloriatus,
2740 2934 2834 2989 per
2880 2917 3090 2972 Esaiam
3122 2916 3259 2971 male
3285 2916 3487 2971 audivit
3516 2916 3616 2987 (Is.
3652 2916 3925 2989 XXXIX).

2998 3007 3224 3063 CAPUT
3264 3007 3457 3063 XXIX.

2498 3103 2630 3170 Quis
2668 3103 2835 3158 nollet
2861 3118 3046 3158 curam
3078 3118 3175 3156 nos
3203 3119 3365 3173 agere
3408 3104 3603 3157 animre
3650 3105 3718 3160 de
3764 3106 3907 3159 victu
3935 3148 3948 3172 ,
3982 3116 4044 3161 et

2428 3199 2671 3269 ecrporis
2715 3200 2781 3253 de
2821 3200 3047 3263 vestitu,
3077 3199 3177 3251 nisi
3206 3200 3295 3267 qui
3346 3200 3443 3251 ista
3487 3198 3691 3252 homini
3720 3208 3844 3254 ante
3910 3216 4043 3266 pro-

711 3293 901 3349 sione:
948 3290 1168 3345 Sanctus
1223 3287 1397 3353 enim,
1440 3284 1646 3353 inquit,
1699 3283 1926 3352 Spiritus
1984 3284 2177 3337 docebit
2232 3292 2388 3353 vosC
2423 3291 2619 3359 spexit,
2672 3299 2730 3344 et
2778 3290 2973 3344 exinde
3025 3298 3310 3359 pra‘stans,
3368 3291 3559 3343 merito
3589 3304 3771 3345 curam
3815 3305 4038 3357 eorum,

710 3385 823 3452 ipsa
841 3384 967 3438 liora
991 3382 1112 3452 quid
1129 3380 1293 3449 eloqui
1311 3378 1529 3434 debeatis
1665 3376 1719 3431 Si
1744 3376 2004 3446 ejusmodi
2023 3378 2315 3433 documen-

712 3488 826 3532 tum
872 3473 1143 3531 Creatoris
1187 3484 1298 3538 est,
1342 3474 1460 3542 ejus
1504 3472 1608 3524 erit
1661 3478 1716 3523 et
1767 3482 2117 3539 prmceptum,
2160 3470 2312 3539 cujus

711 3569 988 3641 przrcessit
1026 3567 1351 3636 exemplum.
1392 3565 1607 3619 Balaam
1644 3562 1928 3631 prolihetes
1968 3564 2020 3617 in
2053 3564 2314 3618 Aritlunis

716 3662 904 3735 (Num.
938 3659 1108 3729 XXII)
1166 3658 1455 3713 arcessitus
1499 3671 1529 3708 ιι
1580 3670 1706 3723 rege
1753 3654 1947 3708 Dalach
1980 3653 2046 3708 ad
2090 3656 2313 3709 maledi-

713 3755 941 3810 cendum
972 3750 1265 3812 Israelem,
1312 3763 1432 3803 cum
1480 3763 1586 3817 quo
1635 3745 1875 3814 praelium
1923 3744 2122 3808 inibat,
2156 3745 2313 3799 simul

712 3846 915 3918 Spiritu
957 3843 1307 3916 implebatur;
1347 3858 1453 3895 non
1492 3839 1745 3909 adquam
1779 3850 2002 3893 venerat
2052 3839 2311 3894 maledic-

714 3940 935 4003 tionem,
964 3936 1058 3991 sed
1084 3950 1241 4006 quam
1281 3935 1358 3989 illi
1399 3934 1509 4003 ipsa
1540 3933 1671 3987 hora
1697 3932 1929 4002 Spiritus
1971 3933 2310 4001 suggerebat,

710 4029 1141 4087 benedictionem
1206 4025 1614 4096 pronuntiabat,
1671 4032 1793 4078 ante
1852 4022 2125 4093 professus
2172 4025 2311 4094 apud

716 4124 934 4180 nuntios
956 4122 1131 4192 regios
1160 4119 1264 4191 (6),
1291 4135 1414 4173 mox
1447 4118 1608 4173 etiam
1638 4116 1776 4186 apud
1812 4118 2008 4187 ipsum,
2035 4118 2087 4172 id
2108 4134 2166 4173 se
2192 4134 2315 4187 pro-

713 4217 1082 4271 nuntiaturum
1111 4212 1249 4281 quod
1284 4212 1423 4264 Deus
1450 4211 1528 4265 ori
1560 4209 1677 4280 ejus
1723 4209 2022 4264 indidisset.
2058 4210 2150 4265 the
2191 4220 2317 4266 sunt

712 4322 867 4363 novre
888 4306 1144 4361 doctrina:
1174 4303 1303 4358 novi
1330 4301 1553 4367 Christi,
1578 4318 1711 4372 quas
1733 4302 1858 4356 olim
1884 4302 2063 4357 tantuli
2090 4303 2313 4359 Creato-

714 4401 791 4457 ris
840 4399 1205 4454 initiaverunt.
1266 4395 1403 4451 Ecce
1456 4396 1612 4464 plane
1665 4394 1939 4449 diversum
2006 4398 2313 4467 exemplum

717 4492 883 4563 Moysi
912 4503 966 4546 ct
991 4488 1193 4544 Christi
1212 4489 1309 4558 (b).
1339 4487 1549 4558 Moyses
1571 4487 1867 4541 rixantibns
1889 4486 2142 4543 fratribus
2174 4490 2315 4545 ultro

713 4582 999 4640 intercedit
1035 4579 1141 4654 (7),
1174 4580 1492 4650 injuriosum
1535 4579 1778 4650 increpat
1807 4596 1818 4633 :
1852 4579 1989 4646 Quid
2022 4583 2315 4649 proximum

2424 3394 2675 3455 tanquam
2708 3384 2955 3437 tumulant
3006 3384 3337 3438 liberalitatis
3368 3398 3499 3448 suae,
3538 3382 3824 3453 prohibet;
3856 3386 3944 3454 qui
3980 3395 4044 3439 et

2419 3477 2771 3531 substantiam
2790 3476 2954 3542 ipsius
2968 3477 3154 3529 (mimo:
3170 3476 3595 3531 accommodavit
3612 3478 3861 3545 potiorem
3888 3495 4041 3543 esca,

2420 3581 2471 3624 et
2495 3571 2771 3624 materiam
2797 3569 2964 3637 ipsius
2995 3571 3226 3636 corporis
3256 3570 3500 3639 figuravit
3526 3572 3770 3635 potiorem
3810 3573 3988 3623 tunira
4016 3590 4037 3636 ;

2419 3663 2570 3732 cujus
2602 3672 2654 3717 et
2683 3662 2818 3713 corvi
2845 3678 2945 3714 non
2971 3671 3163 3723 serunt,
3198 3676 3286 3713 uec
3317 3671 3529 3726 metunt,
3581 3678 3670 3713 uec
3715 3663 3766 3713 iu
3809 3664 4042 3729 apozhec

2420 3771 2505 3808 cas
2528 3754 2775 3819 condunt,
2802 3763 2847 3806 et
2881 3763 3048 3805 lumen
3076 3752 3285 3804 aluntur
3313 3751 3374 3805 ub
3410 3753 3522 3821 ipso
3548 3766 3567 3815 ;
3598 3752 3750 3820 cujus
3778 3763 3829 3805 et
3851 3754 3965 3805 lilm
3990 3764 4044 3806 et

2423 3850 2615 3918 {mirum
2640 3864 2741 3901 non
2770 3856 2965 3911 texunt,
3009 3863 3100 3900 nec
3130 3856 3283 3909 nent,
3328 3854 3373 3899 et
3424 3856 3593 3898 tamen
3632 3847 3913 3899 vestiuntur
3970 3846 4043 3898 ab

2420 3941 2747 4012 ipso;cnjus
2788 3949 2840 3992 et
2880 3939 3129 3994 Salomon
3161 3938 3558 4007 gloriosissimus
3586 3954 3676 3990 nec
3707 3939 3811 3990 ullo
3855 3948 4043 3993 tamen

2421 4035 2636 4105 ﬂosculo
2666 4034 2891 4087 cultior?
2929 4032 3199 4086 Cmterum
3228 4031 3360 4086 nihil
3386 4041 3491 4085 tam
3522 4031 3834 4101 abruptum,
3861 4047 4042 4100 quam

2422 4128 2626 4181 utalius
2651 4132 2885 4195 ιιτιιξειρῑ,
2906 4124 3042 4177 alius
3064 4125 3132 4177 de
3158 4124 3458 4193 pra-stantia
3478 4123 3550 4193 (ε)
3570 4122 3687 4189 ejus
3704 4127 3914 4190 secure(
3934 4127 3951 4175 I
3970 4128 4040 4191 υ)

2420 4234 2580 4288 agere
2604 4216 2840 4283 mandet,
2869 4224 2922 4270 ct
2947 4215 3162 4285 quidem
3191 4214 3481 4285 derogator
3524 4216 3711 4284 ipsius.
3758 4216 4042 4281 Denique,

2420 4310 2498 4374 si,
2529 4308 2679 4379 quasi
2712 4308 2998 4377 derogator
3042 4306 3314 4360 Creatoris
3338 4346 3352 4371 ,
3386 4321 3494 4360 non
3524 4307 3635 4359 vult
3663 4306 3731 4359 de
3758 4305 4043 4375 ejusmodi

2422 4400 2625 4455 frivolis
2655 4397 2879 4468 cogitari
2906 4437 2921 4461 ,
2956 4396 3023 4451 de
3051 4396 3246 4465 quibus
3290 4412 3387 4450 nec
3416 4396 3568 4451 corvi
3602 4412 3702 4451 nec
3734 4396 3839 4450 lilia
3868 4396 4044 4449 latio-

2419 4503 2561 4558 rent,
2617 4493 2763 4547 ultro
2791 4491 3000 4545 scilicet
3029 4504 3130 4559 pro
3160 4504 3257 4544 sua
3287 4490 3492 4543 vilitate
3520 4488 3801 4558 subjectis,
3855 4490 4039 4558 paulo

2422 4594 2541 4655 post
2582 4582 2802 4653 patebit.
2832 4581 3053 4636 Interim
3084 4595 3181 4636 cur
3221 4580 3341 4635 illos
3367 4578 3595 4635 modica:
3621 4578 3747 4635 fidei
3774 4579 4002 4635 incusat
4027 4623 4046 4648 ,

2006 4695 2386 4757 LECTIONES
2424 4699 2585 4757 VARI
2596 4696 2837 4754 ANTES.

789 4895 838 4956 2)
880 4898 952 4948 Illi
985 4904 1151 4947 autem
1175 4895 1257 4956 qui
1284 4897 1425 4945 Pam.

882 4960 1028 5023 Cujus
1057 4954 1205 5009 Semli

888 5016 1153 5071 Productos
1173 5016 1241 5069 ul.

791 4838 840 4887 li
878 4834 1224 4885 Sustinendam
1259 4829 1457 4883 Obertli.

791 4839 809 4887 I

789 4902 817 4947 Ξ

786 4963 818 5010 3

790 5026 817 5073 «ι

786 4965 841 5085 ὃ)
882 4965 1028 5023 Cujus
1057 4965 1223 5068 ὅρηαι

762 4965 839 5152 iii)
878 5023 1279 5148 ἕιῗῖιάιῖξοηιῧῗιῗάι.

2335 4838 2389 4897 D
2481 4834 2549 4899 (6)
2580 4833 2733 4899 ἕρεις
2755 4826 2908 4899 Segni.

2481 4894 2553 4958 (7)
2575 4894 2641 4958 (Et
2664 4894 2889 4958 praemia.
2917 4894 3064 4944 nheri.

2495 4962 2550 5081 8)
2569 4957 2646 5007 De
2664 4957 2822 5008 enim.
2858 4965 3019 5007 Venet.

2499 5024 2528 5069 9
2573 5022 2659 5072 Cui
2686 5022 2788 5069 Lat.
2998 5079 3008 5081 _

2480 5024 2550 5084 tu)
2573 5024 2659 5072 Cui
2686 5024 2788 5069 Lat.

2480 5084 2581 5147 (10)
2606 5084 2822 5133 Securos
2846 5079 3039 5134 Obertlt.

2122 5189 2679 5247 COMMENTARIUS.

702 5310 805 5364 hoc
827 5314 929 5370 est,
964 5299 1459 5370 interpretationem
1492 5296 1714 5370 legis,nt
1741 5296 1900 5353 modo
1926 5296 2313 5363 dixit,nonba-

702 5368 924 5435 hebant.
950 5375 1081 5428 Dum
1112 5368 1257 5426 enim
1276 5369 1544 5425 exteriora
1560 5368 1803 5436 quaedam
1828 5372 2198 5437 superstitiose
2220 5372 2316 5425 ob-

702 5448 1013 5507 servabant,
1040 5442 1383 5513 negligehant
1404 5438 1551 5513 quod
1583 5450 1697 5492 erat
1729 5440 2075 5513 praecipuum.
2099 5443 2177 5497 LE
2214 5442 2310 5497 Pu.

776 5522 853 5591 (a)
904 5517 1005 5583 Qui
1055 5515 1239 5568 dixerit
1276 5512 1550 5591 in_[iliui_i_t
1590 5512 1829 5591 hominis,
1880 5520 1985 5591 etc.
2044 5513 2152 5567 Etsi
2208 5530 2310 5591 non

697 5582 999 5660 exprimat,
1056 5596 1231 5660 tamen
1286 5582 1698 5660 subintelligitur
1745 5584 1829 5660 _a_b
1891 5583 2162 5660 Attctore,
2217 5586 2302 5654 qui

697 5653 883 5716 eliserit
911 5656 1295 5730 blasphemiam,
1330 5669 1427 5723 pro
1453 5666 1517 5707 eo
1538 5653 1689 5730 quod
1710 5654 1799 5707 alii
1827 5672 1839 5708 :
1866 5655 1951 5730 qui
1979 5653 2302 5730 blasphema-

2494 5300 2575 5373 (b)
2632 5302 2838 5372 Moyses
2891 5300 3174 5373 rimantibus
3217 5298 3487 5373 (fratribus
3544 5299 3677 5353 ultro
3726 5300 4033 5373 intercedit.

2420 5370 2637 5427 Fratres
2684 5370 2879 5433 vocat,
2925 5372 3013 5441 qui
3042 5387 3105 5425 ex
3132 5370 3322 5426 eodem
3353 5380 3535 5425 essent
3579 5385 3781 5441 genere
3827 5370 4032 5437 Israel,

2421 5444 2577 5513 paulo
2606 5452 2725 5509 post
2754 5441 2972 5513 preprie
3000 5441 3193 5512 accipit
3216 5484 3229 5503 .
3281 5452 3337 5496 et
3380 5442 3688 5513 injuriosum
3738 5446 4035 5498 transtulit

2419 5512 2521 5568 tina
2543 5529 2674 5569 voce
2703 5512 2863 5583 quod
2899 5529 3072 5583 gra-ce
3100 5522 3180 5567 est
3229 5513 3413 5583 Exod.
3438 5512 3500 5575 II,
3533 5516 3781 5567 ἀδικοῦντι
3804 5529 3899 5579 pro
3929 5534 4033 5582 eo,

2417 5586 2504 5653 qui
2539 5582 2785 5653 injuriam
2816 5582 3074 5649 faciebat;
3097 5594 3151 5639 et
3175 5584 3316 5654 quod
3346 5582 3539 5637 mirum
3575 5594 3677 5647 est,
3712 5585 4033 5653 uiagistrusu

2408 5655 2697 5717 transtulit,
2729 5656 2869 5725 quod
2918 5669 3092 5725 graece
3118 5664 3201 5708 est
3246 5660 3461 5724 ἄρχοντι
3506 5670 3601 5725 pro
3651 5670 3761 5725 quo
3814 5655 4033 5726 ubique

2402 5728 2548 5785 alibi.
2576 5735 2629 5780 et
2660 5728 2893 5793 pronrie,
2928 5727 3225 5794 principem.
3255 5726 3392 5780 Pu.

2470 5798 2625 5851 CAP.
2663 5796 3018 5867 XXIX.-——(c)
3056 5795 3132 5850 De
3159 5798 3473 5868 praestantia.
3505 5796 3821 5852 Przcstantia
3870 5797 4032 5856 idem

2399 5869 2485 5925 hic
2509 5869 2775 5941 significat
2798 5883 2861 5925 ac
2893 5868 3187 5939 praestatio,
3213 5868 3495 5927 exhibitio.
3523 5868 3691 5925 ειη.

695 5736 837 5793 verit,
897 5725 1108 5785 tum'ex
1139 5725 1327 5783 ϐηρεο
1366 5740 1524 5792 quam
1574 5725 1814 5794 Syriaco,
1865 5726 2019 5779 sicuti
2065 5736 2209 5794 patet
2232 5743 2297 5781 ex

690 5804 870 5859 verbis
890 5800 1257 5871 sequentibus,
1279 5795 1429 5867 hujus
1458 5795 1549 5849 erit
1579 5796 1786 5866 spiritus
1805 5805 2008 5852 sanctus
2034 5814 2135 5853 non
2163 5798 2299 5853 blus-

687 5874 1026 5945 pltettttmdus.
1073 5872 1209 5927 PAM.
