4268 6492
769 403 875 459 455

2133 397 2599 458 TERTULLIANI

3953 404 4054 462 436

771 517 1075 573 Proclamat
1111 515 1356 572 Christus
1390 524 1512 572 tuus
1545 535 1557 570 :
1588 515 1770 589 Ignem
1807 516 1919 571 veni
1946 516 2142 571 mittere
2165 517 2220 570 in
2250 526 2352 570 ter-
2382 515 2434 575 Α
2459 516 2659 572 Sorech
2685 557 2700 581 ,
2741 515 2881 588 quod
2908 533 3010 572 non
3028 517 3286 588 judicium
3317 514 3558 582 fecisset,
3618 516 3706 572 sed
3754 518 4043 574 clamorem.

770 629 881 664 ram
908 627 926 674 ;
958 610 1047 666 ille
1075 613 1330 682 optimus,
1382 609 1582 665 nullius
1631 609 1892 680 gehennm
1941 607 2239 672 Dominus;
2272 607 2363 677 qui

777 703 937 773 paulo
961 712 1085 757 ante
1115 703 1425 771 discipulos,
1459 717 1527 756 ne
1554 701 1731 772 ignem
1756 701 2092 771 postularent
2122 699 2365 754 inhuma-

775 797 1000 850 nissitno
1031 797 1228 861 viculo,
1263 804 1591 850 coercuerat.
1627 795 1969 862 Quandoiste
1999 793 2287 849 Sodomam
2309 802 2364 848 et

773 887 1125 944 Gumorrbam
1155 888 1338 942 nimbo
1380 889 1536 958 igneo
1566 887 1808 942 exussit?
1837 886 2062 953 Quando
2090 896 2362 941 cantatum

772 991 856 1035 cst
881 998 893 1036 :
930 980 1071 1052 Ignis
1101 990 1218 1034 ante
1246 983 1410 1050 ipsum
1434 979 1679 1050 praecedet
1706 978 1809 1051 (I),
1837 990 1884 1034 et
1911 980 2152 1034 cremabit
2192 980 2366 1033 inimi-

774 1089 859 1127 cos
887 1076 996 1143 ejus
1027 1071 1144 1146 (Ps.
1177 1073 1360 1138 XCIII,
1391 1073 1475 1146 3)?
1502 1073 1728 1142 Quando
1770 1082 1826 1128 et
1860 1089 1954 1144 per
1974 1073 2112 1129 Osee
2138 1075 2366 1129 commi-

776 1177 931 1221 natus
962 1176 1044 1222 est
1077 1184 1092 1221 :
1126 1166 1304 1237 Ignem
1326 1167 1552 1220 emittam
1579 1167 1633 1220 in
1657 1166 1882 1220 civitates
1908 1165 2064 1221 Iudae
2095 1164 2361 1237 (0s.VIll,

777 1258 866 1330 14)
889 1259 1106 1331 (2)ἳι·ρ1
1129 1274 1224 1329 per
1253 1260 1460 1312 Esaiam
1494 1256 1573 1330 (3)
1604 1274 1617 1310 :
1647 1256 1792 1330 Ignis
1818 1259 2006 1313 exarsit
2032 1274 2099 1312 ea:
2125 1257 2365 1328 indigna-

777 1357 910 1406 tione
936 1369 1046 1406 mea
1073 1351 1172 1424 (Is.
1199 1351 1369 1415 XXX,
1397 1351 1518 1421 27)?
1544 1351 1660 1406 Non
1693 1351 2006 1406 mentiatur.
2050 1351 2106 1405 Si
2149 1366 2255 1404 non
2285 1359 2368 1406 est

777 1444 866 1497 ille
896 1445 981 1512 qui
1024 1443 1092 1498 de
1132 1444 1265 1500 rubo
1301 1459 1513 1518 quoque
1539 1444 1747 1500 ardenti
1774 1459 1958 1500 vocem
1986 1459 2139 1498 suam
2163 1444 2364 1512 emisit,

777 1533 972 1588 viderit
1005 1532 1084 1604 (4)
1115 1551 1271 1601 quem
1299 1535 1472 1605 ignem
1505 1534 1912 1606 intelligendum
1943 1536 2233 1591 contendat
2256 1536 2362 1610 (5).

778 1629 1001 1683 Etiamsi
1049 1632 1211 1700 ligura
1239 1637 1320 1684 est
1345 1672 1358 1694 ,
1392 1629 1495 1685 hoc
1539 1630 1659 1699 ipso
1688 1631 1830 1701 quod
1855 1631 1922 1684 de
1946 1645 2070 1686 meo
2097 1631 2369 1687 elemento

776 1731 1088 1791 argumenta
1121 1721 1304 1776 sensui
1331 1737 1430 1775 suo
1469 1723 1665 1786 sumit,
1709 1737 1860 1778 meus
1889 1732 1994 1790 est,
2027 1724 2116 1794 qui
2142 1722 2210 1778 de
2236 1724 2370 1778 meis

774 1816 957 1885 utitur.
1011 1813 1160 1869 Illius
1201 1815 1307 1869 erit
1361 1812 1656 1868 similitudo
1685 1815 1843 1884 ignis,
1872 1815 2027 1885 cujus
2067 1825 2121 1871 et
2146 1816 2367 1871 veritas.

2467 609 2566 677 Qui
2589 625 2719 682 ergo
2745 609 3003 666 docuerat
3027 619 3084 665 ut
3110 613 3348 665 lacerent
3371 624 3435 663 ex
3471 620 3764 680 praecepto,
3799 612 3843 666 is
3870 614 4052 684 exige-

2469 702 2560 757 bat
2589 710 2645 756 ut
2682 699 2922 758 facerent
2950 712 3004 758 et
3028 717 3094 757 ex
3124 701 3369 755 arbitrio.
3401 701 3502 767 Qui
3529 703 3893 757 setuinaverat
3916 720 4052 774 pra:-

2468 804 2702 862 ceptum,
2734 793 2826 847 ille
2850 802 2904 848 et
2930 793 3340 848 redundantiam
3367 792 3484 862 ejus
3513 795 3756 863 urgebat.
3782 793 3902 849 Jam
3930 812 4054 852 vero

2469 904 2626 958 quam
2657 889 2945 945 absurdum
2981 898 3037 944 ut
3077 889 3167 945 ille
3205 888 3483 944 mandaret
3504 889 3648 959 juste
3673 890 3935 960 judicare,
3971 894 4058 963 qui

2471 981 2636 1037 Deum
2663 982 2898 1051 judieem
2945 982 3150 1051 justum
3201 981 3548 1037 destruebat!
3597 982 3730 1038 Nam
3763 995 3816 1039 et
3838 986 4060 1054 judicent

2469 1075 2556 1147 qui
2577 1075 2724 1127 mittit
2751 1075 2804 1128 in
2831 1089 3105 1138 carcerem,
3135 1091 3223 1127 nec
3253 1075 3394 1127 ducit
3417 1075 3557 1140 inde,
3586 1075 3680 1127 nisi
3712 1076 3880 1130 soluto
3910 1078 4058 1130 etiam

2471 1167 2744 1219 novissimo
2787 1165 3093 1235 quadrante,
3121 1165 3172 1218 in
3204 1180 3431 1236 persona
3479 1164 3751 1221 Creatoris
3799 1167 4064 1222 obtrecta-

2473 1259 2634 1314 tionis
2687 1260 2901 1314 nomine
2943 1259 3234 1314 disseruut.
3296 1260 3374 1312 Ad
3427 1260 3570 1330 quod
3624 1276 3847 1316 necesse
3893 1262 4064 1317 habeo

2473 1350 2661 1406 eodem
2703 1351 2873 1421 gradu
2919 1365 3224 1406 occurrere.
3268 1350 3721 1422 Quotiescumque
3747 1354 3889 1407 enim
3918 1369 4066 1410 set-e-

2472 1438 2606 1497 ritas
2634 1441 2907 1498 Creatoris
2935 1443 3242 1513 apponitur,
3270 1444 3465 1498 totiens
3497 1445 3636 1499 illius
3662 1457 3746 1500 est
3786 1445 4063 1514 Christus,

2475 1534 2559 1590 cui
2591 1549 2687 1605 per
2717 1536 2964 1589 timorem
2989 1535 3132 1604 cogit
3161 1533 3503 1604 obsequium.

3054 1625 3283 1682 CAPUT
3327 1623 3498 1681 XXX.

2547 1718 2910 1788 Quaestionem
2941 1732 3128 1773 rursus
3153 1719 3214 1772 de
3240 1719 3506 1772 curatione
3535 1716 3744 1772 sabbato
3762 1720 3916 1790 facta,
3941 1735 4070 1790 quo-

2481 1812 2641 1867 modo
2653 1809 2904 1866 discussit
2924 1828 2935 1864 :
2952 1810 3029 1882 (d)
3052 1809 3379 1881 Unusquique
3394 1820 3610 1864 vestrum
3622 1811 3842 1865 sabbatis
3854 1829 3955 1865 non
3971 1813 4071 1866 sol-

777 1905 892 1974 lpsc
922 1906 1114 1960 melius
1160 1905 1596 1974 interpretabitur
1638 1905 1776 1976 ignis
1823 1906 1978 1960 istius
2023 1905 2357 1976 qualitatem,
2391 1908 2440 1969 B
2467 1907 2535 1960 vit
2563 1906 2760 1959 asinum
2773 1915 2860 1958 aut
2875 1905 3045 1958 bouem
3061 1920 3211 1958 suum
3231 1920 3262 1956 a
3284 1905 3518 1974 prasepi,
3545 1913 3591 1957 et
3608 1904 3746 1957 ducit
3762 1906 3832 1957 ad
3860 1907 4072 1974 potum?

776 1997 1034 2065 adjit-icns
1069 2015 1081 2050 :
1119 1996 1321 2051 Putatis
1361 1999 1555 2052 venisse
1583 2014 1662 2052 me
1692 2015 1868 2068 pacem
1921 2000 2118 2053 mittere
2158 2001 2213 2054 in
2265 2010 2362 2054 ter-

774 2089 927 2141 ram?
958 2086 1103 2153 Non,
1145 2088 1260 2142 dico
1290 2088 1447 2153 vobis,
1479 2091 1566 2142 sed
1587 2089 1985 2164 separationem.
2019 2090 2096 2163 (a)
2132 2089 2362 2146 liae/tte.

775 2199 885 2236 ram
914 2182 1129 2251 quidem
1180 2184 1435 2252 scriptum
1481 2191 1596 2247 est;
1649 2182 1725 2257 (b)
1769 2184 1864 2240 sed
1909 2184 2142 2240 Marcion
2174 2201 2364 2241 emen-

774 2273 885 2338 dat,
923 2273 996 2346 (c)
1029 2275 1178 2343 quasi
1209 2290 1313 2329 non
1355 2285 1409 2331 et
1453 2277 1725 2346 separatio
1771 2292 1908 2347 Opus
1947 2277 2017 2332 sit
2060 2279 2361 2334 machaerae.

774 2363 940 2434 Igitur
964 2374 1018 2419 et
1047 2367 1220 2435 ignem
1267 2366 1564 2421 eversionis
1594 2365 1843 2433 intendit,
1873 2369 1962 2439 qui
1989 2384 2174 2438 pacem
2204 2387 2366 2440 nega-

774 2459 870 2510 vit.
917 2457 1082 2526 Quale
1115 2459 1379 2528 pra-lium,
1417 2459 1521 2514 tale
1566 2469 1622 2514 et
1673 2460 2003 2517 incendium.
2041 2462 2226 2531 Qualis
2254 2481 2367 2519 ma-

773 2549 974 2617 chaera,
1023 2551 1144 2605 talis
1192 2561 1246 2606 et
1292 2551 1503 2606 flamma
1528 2595 1541 2618 ,
1574 2563 1758 2609 neutra
1788 2569 2088 2626 congruens
2116 2557 2362 2614 Domino.

776 2642 1018 2713 Denique
1049 2662 1059 2696 :
1090 2642 1388 2709 Dividetur,
1431 2645 1636 2715 iuqttit,
1668 2656 1810 2714 pater
1833 2648 1885 2700 in
1917 2649 2106 2716 ﬁlium,
2141 2659 2187 2704 et
2227 2650 2367 2720 [ilius

772 2736 825 2789 in
854 2746 1047 2804 patrem
1066 2754 1086 2803 ;
1113 2746 1158 2791 et
1190 2747 1350 2792 mater
1370 2738 1422 2791 in
1449 2738 1613 2806 ﬁliam
1637 2779 1652 2803 ,
1687 2749 1733 2792 et
1763 2740 1874 2806 ﬁlia
1931 2742 1984 2794 in
2029 2755 2278 2807 matrem;
2320 2754 2365 2798 et

773 2845 933 2883 nurus
962 2829 1014 2882 in
1053 2846 1281 2895 socrum,
1315 2840 1362 2883 et
1395 2847 1570 2885 socrus
1607 2832 1662 2884 in
1707 2849 1917 2886 nurum.
1963 2833 2076 2889 Iloc
2116 2837 2362 2904 prmlium

773 2923 916 2976 inter
943 2931 1212 2991 parentes,
1248 2924 1289 2976 si
1315 2923 1366 2976 iu
1397 2924 1526 2993 ipsis
1555 2922 1734 2978 verbis
1766 2925 1886 2979 tuba
1913 2928 2106 2980 cecinit
2137 2929 2366 2998 prophe-

775 3023 864 3078 tze,
897 3030 1090 3068 vereor
1115 3031 1181 3069 ne
1209 3015 1459 3070 Micha-as
1492 3017 1691 3089 (.lliclt.
1722 3018 1830 3080 VII.
1882 3019 1951 3090 6)
1983 3021 2202 3076 Christo
2229 3022 2366 3078 lllar-

772 3099 944 3154 cionis
972 3100 1295 3170 praedicarit.
1348 3101 1413 3155 Et
1460 3101 1581 3156 ideo
1621 3103 1914 3173 hypocritas
1946 3107 2364 3175 pronuntiabat,

770 3192 885 3245 (τι)ιὶ
911 3194 1112 3263 quidem
1141 3204 1187 3246 et
1219 3206 1366 3248 terra:
1419 3196 1603 3264 [aciem
1651 3194 1938 3265 probantes,
1995 3207 2193 3268 tempus
2247 3217 2366 3255 rere

2471 2000 2614 2072 Ergo
2643 1998 2936 2055 secundum
2970 1998 3330 2053 conditionem
3372 1996 3530 2066 Legis
3560 2007 3842 2066 operatus,
3877 1997 4069 2069 Legem

2468 2093 2824 2159 conﬁrmavit,
2848 2107 2953 2147 non
2968 2091 3520 2160 dissolvit,jubentcm
3539 2091 3738 2145 nullum
3771 2106 3907 2159 opus
3936 2093 4070 2156 lieri,

2469 2187 2570 2242 nisi
2594 2187 2735 2257 quod
2769 2189 2920 2240 fieret
2949 2184 3304 2239 omuianima:
3337 2182 3431 2255 (c),
3452 2191 3652 2253 quanto
3686 2183 3860 2253 potius
3892 2183 4073 2238 huma-

2469 2279 2576 2334 nas?
2591 2277 2968 2333 Parabolarum
2988 2276 3392 2346 congruentiam
3408 2275 3607 2343 ubique
3621 2290 3974 2345 recognoscat
3992 2276 4068 2347 (6)

2470 2372 2708 2441 exigere.
2740 2369 2922 2424 Simile
2948 2380 3021 2422 est
3049 2383 3259 2439 regnum
3286 2365 3408 2432 Dei,
3443 2367 3635 2436 inquit,
3668 2384 3827 2437 grano
3857 2368 4072 2437 sinapis,

2469 2465 2606 2534 quod
2631 2462 2824 2524 accepit
2859 2461 3030 2527 homo,
3063 2471 3106 2514 et
3150 2459 3411 2514 seminavit
3436 2458 3488 2511 in
3529 2460 3675 2512 Itorto
3704 2475 3816 2512 suo.
3862 2459 3992 2524 Quis
4023 2460 4074 2511 in

2469 2569 2697 2626 persona
2723 2553 2954 2608 hominis
2982 2550 3393 2622 intelligendus?
3424 2549 3616 2621 Utique
3641 2550 3770 2604 Chri
3804 2559 3920 2604 tus:
3951 2552 4073 2621 quia

2471 2646 2596 2700 licet
2621 2645 2922 2710 Marcionis,
2955 2643 3096 2698 filius
3122 2642 3356 2696 hominis
3384 2651 3468 2697 est
3505 2643 3699 2703 dictus,
3749 2642 3839 2712 qui
3868 2646 4078 2712 accepit

2471 2752 2501 2790 λ
2530 2738 2684 2792 Patre
2713 2752 2895 2791 semen
2927 2737 3098 2804 regni,
3126 2750 3429 2791 sermonem
3459 2736 3661 2788 scilicet
3701 2734 3742 2788 Ε
3781 2734 3991 2804 attgelti,
4023 2743 4079 2788 et

2471 2831 2754 2886 seminavit
2793 2831 2845 2885 iu
2876 2830 3031 2884 horto
3059 2845 3176 2894 suo,
3212 2830 3392 2898 utique
3424 2828 3474 2881 iu
3513 2827 3738 2891 nnmdo,
3774 2841 3900 2897 puta
3931 2843 4079 2882 nunc

2474 2927 2525 2980 in
2557 2926 2787 2981 homine.
2814 2925 2918 2980 Sed
2951 2939 3069 2978 cum
3097 2924 3148 2977 in
3171 2936 3268 2978 Suo
3297 2922 3450 2976 horto
3473 2921 3689 2987 dixerit,
3724 2936 3821 2975 nec
3845 2921 4079 2975 mundus

2472 3026 2647 3072 autem
2682 3031 2780 3072 nec
2808 3016 2967 3070 homo
2995 3016 3134 3069 illius
3161 3015 3248 3076 sit,
3281 3013 3374 3068 sed
3409 3013 3709 3076 Creatoris;
3749 3027 3878 3082 ergo
3903 3013 3992 3082 qui
4026 3014 4081 3067 in

2472 3124 2625 3163 suum
2664 3109 2963 3174 scmiuarit,
2997 3122 3095 3162 nec
3137 3107 3214 3178 (7)
3256 3105 3476 3162 Creator
3507 3105 3821 3160 ostenditur.
3859 3108 3964 3159 Aut
4007 3105 4080 3171 si,

2475 3215 2531 3259 ttt
2562 3205 2702 3259 hunc
2741 3204 2986 3273 laqucuttt
3018 3202 3264 3262 evadant,
3299 3201 3666 3254 converterint
3697 3199 3925 3252 hominis
3950 3213 4081 3268 pcr-

767 3284 901 3338 illud
930 3301 1030 3338 non
1060 3287 1410 3350 dinoscentes;
1453 3302 1559 3356 quo
1599 3288 1804 3342 scilicet
1833 3287 2135 3358 adimpleus
2179 3293 2360 3346 omnia
2391 3296 2436 3358 C
2472 3312 2657 3351 sonam
2707 3311 2734 3348 a
2774 3294 3013 3358 Christo,
3072 3294 3124 3346 in
3175 3292 3442 3346 hominem
3493 3291 3839 3359 accipientem
3884 3304 4080 3343 semen

772 3391 893 3444 qua»
919 3390 1080 3447 super
1102 3376 1245 3445 ipsos
1267 3375 1482 3431 fuerunt
1510 3379 1814 3446 praedicata,
1844 3395 1943 3434 nec
1964 3381 2120 3435 aliter
2138 3383 2362 3450 ducens,

773 3465 1032 3521 debuerat
1054 3468 1289 3538 aguosri.
1308 3470 1594 3535 Caeterum,
1622 3471 1743 3540 quis
1771 3483 1950 3540 posset
1980 3474 2096 3541 ejus
2124 3483 2363 3543 tempora

774 3573 958 3624 nosse,
1005 3560 1156 3629 cujus
1191 3575 1286 3630 per
1309 3577 1427 3631 quze
1458 3561 1708 3632 probaret
1748 3577 1852 3617 non
1887 3563 2148 3620 habebat?
2173 3566 2365 3622 Merito

776 3652 1065 3718 exprobrat
1094 3653 1275 3719 etiam,
1307 3653 1444 3723 quod
1458 3655 1658 3724 justum
1685 3671 1787 3708 non
1808 3658 2132 3726 ascmetipsis
2156 3659 2362 3724 judica-

771 3758 904 3801 rent.
934 3745 1074 3801 Olim
1109 3747 1210 3801 boc
1252 3746 1469 3801 mandat
1507 3762 1605 3816 per
1654 3747 1968 3803 Zachariam
1996 3750 2182 3821 (Zach.
2216 3751 2360 3818 Vlll,

772 3837 864 3910 16)
917 3857 930 3891 :
971 3837 1179 3892 Iustum
1216 3839 1475 3909 judicium
1519 3848 1564 3893 et
1609 3841 1925 3910 pacatorium
1969 3842 2214 3912 iudicate.
2263 3845 2365 3900 Pcr

773 3931 1097 3987 Ilicremiaut
1140 3932 1353 4005 (Jerem.
1385 3931 1551 3995 XXII,
1572 3931 1630 4004 5)
1657 3951 1670 3985 :
1704 3931 1880 3989 Facite
1898 3936 2154 4005 judicium
2180 3947 2226 3992 et
2247 3941 2366 4009 jus-

770 4025 953 4079 titiam.
988 4025 1090 4080 Per
1144 4026 1352 4080 Esaiam
1405 4025 1505 4097 (Is.
1539 4024 1580 4092 I,
1615 4025 1712 4091 l7;
1742 4024 1808 4080 V.
1855 4025 1911 4099 ὁ)
1947 4026 2223 4086 :Judicate
2263 4049 2363 4102 pu-

773 4119 923 4190 pillo,
961 4129 1011 4174 et
1041 4119 1323 4189 justiﬁcate
1366 4120 1607 4187 viduam,-
1654 4120 1921 4191 imputans
1970 4123 2133 4178 etiam
2189 4127 2360 4183 vinea:

2471 3387 2642 3458 regni,
2684 3397 2739 3441 et
2779 3386 3128 3440 setuittantem
3160 3383 3214 3437 itt
3245 3380 3402 3436 horto
3431 3378 3611 3434 cordis
3652 3380 3770 3440 Sui;
3815 3394 3910 3433 nec
3955 3380 4083 3447 ipsa

2471 3483 2690 3537 materia
2719 3479 2806 3535 alii
2840 3478 3123 3534 conveniet
3147 3491 3305 3545 quam
3327 3472 3590 3529 Creatori.
3621 3472 3790 3540 Quale
3817 3483 3894 3526 est
3921 3472 4082 3526 enim

2472 3584 2528 3630 ut
2575 3574 2830 3630 leuissimi
2874 3573 2964 3626 Dei
3009 3585 3231 3641 regnum
3261 3568 3526 3638 significet
3564 3580 3747 3621 semen
3782 3564 3881 3637 (8),
3920 3564 4084 3634 quod

2468 3669 2628 3723 etiam
2676 3666 2863 3737 judicii
2924 3664 3104 3720 fervor
3160 3662 3457 3731 lacrymosa
3509 3660 3822 3714 austeritate
3871 3658 4082 3714 subsc-

2469 3760 2650 3830 quitur
2696 3757 2818 3829 (9)?
2861 3756 2936 3811 De
2981 3751 3225 3824 sequenti
3269 3752 3425 3821 plane
3463 3749 3810 3804 similitudine
3851 3763 4082 3818 vereor,

2469 3867 2538 3906 ne
2601 3851 2736 3904 lorte
2783 3847 3003 3902 alterius
3067 3845 3160 3899 Dei
3208 3859 3372 3914 regno
3427 3841 3729 3912 portendat.
3777 3841 4085 3896 Fertucuto

2467 3943 2610 3999 enim
2641 3940 2970 4012 comparavit
2997 3935 3152 4001 illud,
3181 3950 3286 3989 non
3317 3933 3540 4006 azymis,
3571 3948 3691 4004 qua:
3721 3930 4085 3986 familiariora

2465 4043 2592 4088 sunt
2624 4031 2885 4090 Creatori.
2919 4028 3174 4100 Congruit
3201 4035 3254 4080 ct
3282 4025 3397 4080 haec
3421 4024 3725 4093 conjectura
3751 4022 4083 4078 mendican-

2468 4130 2610 4185 tibus
2655 4133 2989 4197 argumenta.
3035 4121 3218 4192 Itaque
3264 4128 3318 4174 et
3365 4133 3467 4190 ego
3505 4123 3791 4173 vanitatem
3830 4116 4086 4174 vanitate

1975 4237 2360 4300 LECTIONES
2396 4241 2814 4301 VARIANTES.

860 4355 906 4418 ξ)
930 4353 1179 4418 Procedet
1197 4357 1342 4418 Pam.

853 4415 903 4480 ἓ)
922 4417 1105 4466 Jmlaae
1126 4416 1276 4480 Seml,

860 4355 906 4418 l)
933 4353 1179 4404 Procedet
1197 4357 1342 4404 Pam.

853 4415 903 4480 2)
922 4417 1105 4466 Jmlmte
1126 4416 1276 4467 Seml.

812 4352 1232 4591 Eieremiam
1256 4477 1350 4546 leg.
1375 4485 1510 4540 αισι..
1537 4478 1720 4532 diserta
1760 4477 1906 4530 verba
1924 4482 2114 4531 exstant
2138 4479 2365 4535 Jeremite

765 4538 1124 4729 “(itineris
1138 4599 1290 4655 Seml.

831 4667 884 4729 (5
931 4666 1207 4718 Coutendas
1225 4669 1290 4718 Pa

831 4666 904 4730 (5)
931 4666 1207 4718 Coutendas
1225 4669 1366 4718 Pam.

2533 4359 2605 4425 (6)
2629 4357 2987 4425 Ilecognoscite
3012 4353 3115 4403 Lat.

2532 4421 2607 4482 t7)
2628 4422 2732 4472 Nec
2752 4422 2901 4471 omitt.
2925 4421 3066 4469 Pam.
3266 4477 3277 4482 _
3331 4474 3341 4482 _
3392 4481 3395 4482 ν
3444 4478 3478 4482 __
3631 4475 3660 4482 _
3712 4472 3723 4482 _
3822 4479 3831 4482 _
3875 4471 3885 4482 _

2532 4425 2582 4478 t7
2628 4424 2732 4472 Nec
2752 4424 2901 4471 omitt.
2925 4424 3066 4469 Pam.
3875 4471 3885 4482 _

2532 4424 2607 4549 (8i
2629 4483 2879 4549 Significet
2915 4492 3092 4532 semen
3131 4490 3225 4530 non
3257 4474 3400 4527 habet
3438 4478 3580 4529 Pam.
3624 4472 3723 4525 Sed
3762 4479 3831 4524 est
3867 4483 3914 4523 ut
3944 4472 4076 4524 cod.

2471 4557 2879 4672 ,Ρῖἕῖυξῐυάἱείιιιιι
2933 4605 3138 4657 fervoris
3187 4603 3468 4667 lacrymosa:
3505 4600 3837 4660 austeritates,
3875 4598 4076 4650 subse—

2382 4651 2436 4712 D
2461 4651 3002 4736 ιιυῖιῖἷιιῖἕέὂᾶῗιῑίοιὶιὶιζ

2135 4770 2692 4836 COMMENTARIUS.

843 4891 919 4966 (a)
953 4890 1262 4966 M_a_ch(eran_t
1310 4890 1513 4966 quidem
1560 4889 1801 4966 scriptum
1832 4897 1924 4966 est.
1955 4887 2014 4966 In
2050 4887 2344 4966 Evangelio

766 4959 974 5018 scilicet
999 4962 1301 5024 Marcionis,
1338 4962 1438 5016 hoc
1463 4970 1566 5025 est,
1594 4960 1752 5016 Luca:
1782 4975 1810 5013 a
1837 4959 2104 5014 Marcioue
2133 4959 2341 5016 adulte—

766 5043 903 5087 rato.
931 5032 1241 5101 Cuiusmodi
1273 5032 1618 5097 Evangelittm
1653 5045 1942 5100 provocare
1968 5044 2028 5085 se
2054 5030 2183 5086 dicit
2211 5032 2343 5088 Ter-

766 5105 1020 5158 tulliauus
1065 5105 1215 5158 initio
1249 5103 1402 5173 hujus
1434 5103 1574 5170 libri,
1606 5114 1661 5158 ut
1687 5118 1753 5158 ex
1778 5117 1845 5158 eo
1872 5102 1990 5172 ipso
2016 5102 2344 5159 Marcionem

765 5177 1048 5229 convincat
1073 5176 1311 5230 insaniat.
1341 5175 1460 5231 th.

841 5245 923 5317 (lt)
954 5247 1059 5300 Sed
1118 5246 1346 5300 Marcion
1386 5245 1636 5301 emendat.
1692 5245 1905 5302 Etenim
1956 5243 2130 5301 Lucas
2180 5244 2348 5316 dixit,

761 5319 1089 5387 διαμερισμόν.
1123 5317 1241 5373 “lc.

840 5388 916 5460 (ιτ)
951 5388 1112 5456 Quasi
1136 5405 1237 5441 non
1280 5398 1328 5442 et
1355 5389 1608 5460 separatio
1633 5404 1763 5457 opus
1800 5388 1866 5441 sit
1903 5390 2189 5443 machara.
2241 5389 2348 5444 Eo-

765 5459 1077 5541 que-sensu
1126 5460 1334 5541 digerat
1384 5459 1668 5541 Mattbgeus
1701 5467 1959 5541 μάχαιροε
1984 5459 2126 5530 quod
2177 5460 2348 5516 Lucas

2446 4905 2612 4949 autem
2627 4896 2788 4962 ﬁliam
2803 4895 3038 4959 Abrahte,
3052 4909 3203 4962 quam
3215 4889 3440 4961 alligavit
3464 4888 3710 4962 Satanas;
3719 4901 3788 4962 ex
3803 4899 3905 4962 quo
3922 4902 4072 4962 pro-

2446 4967 2554 5029 hat,
2572 4956 2839 5023 Christum
2865 4983 2982 5021 esse
3005 4956 3244 5036 ejusdem
3267 4956 3379 5027 ltiti,
3407 4957 3862 5036 cujusAhmham.
3883 4956 4075 5036 quue

2444 5052 2510 5092 eo
2525 5040 2712 5109 magis,
2728 5040 2801 5094 uti
2815 5037 3035 5109 (confut.
3059 5036 3127 5092 40

2650 5040 2712 5105 is,
2728 5040 2801 5094 uti
2815 5029 3529 5161 (confutin).prosequitur,
3549 5029 3688 5101 quod
3704 5031 3871 5110 eti:qu
3887 5032 4075 5084 resci-

2649 5111 2775 5161 illud
2808 5111 2909 5161 sub
2938 5108 3096 5161 linem
3168 5106 3288 5161 nius
3315 5119 3432 5161 can.
3463 5102 3641 5161 Lucae,
3671 5099 3797 5156 Cum
3823 5099 4072 5157 videritis

2456 5099 2775 5164 deratvillud
2808 5099 2909 5164 sub
2938 5108 3096 5163 linem
3129 5099 3288 5175 hujus
3315 5099 3432 5173 cap.
3463 5099 4072 5175 Luem,_Cum_videritis

2457 5181 2734 5246 Abraham,
2773 5181 2923 5235 Isaac
2949 5190 2995 5233 et
3022 5172 3211 5242 Jacob,
3234 5187 3279 5228 et
3308 5172 3480 5229 attines
3512 5173 3782 5246 prophetas
3805 5172 3858 5246 in
3878 5188 4070 5246 regno

2455 5249 2570 5316 Dei,
2607 5242 2790 5317 lege-ns
2845 5251 3121 5311 duntaxat,
3164 5264 3278 5302 cum
3317 5263 3487 5300 omnes
3517 5249 3687 5317 justas
3725 5242 3962 5317 uideritis
4008 5244 4070 5298 iis

2453 5338 2610 5393 regno
2657 5316 2768 5376 Dei.
2804 5323 2877 5377 Ita
2914 5321 3053 5392 quod
3101 5323 3300 5376 Auctor
3328 5316 3530 5380 omisit,
3580 5316 3669 5370 ille
3719 5316 3830 5369 fere
3867 5327 4064 5384 urget.

2453 5395 2574 5448 adv.
2607 5394 2764 5449 Marc.
2799 5395 2934 5449 Ριιιι.
3057 5462 3071 5465 _
3136 5462 3148 5465 _
3240 5460 3298 5465 __
3450 5460 3460 5465 _
3504 5458 3523 5465 _
3791 5456 3803 5465 .
3905 5454 3920 5465 .

2525 5467 2604 5537 (θ)
2636 5465 2856 5520 Nullum
2883 5479 3011 5534 opus
3036 5462 3169 5537 ﬁeri,
3198 5458 3627 5537 ubiquod/iere!
3665 5456 3803 5537 omni
3831 5456 4063 5512 anim.

768 5533 1101 5601 διαμερισμόν,
1117 5531 1291 5599 utjar’n
1307 5545 1440 5584 vana
1464 5530 1533 5585 sit
1555 5529 1838 5586 Marcionis
1869 5529 1919 5583 iu
1940 5529 2135 5586 Lucam
2150 5548 2335 5586 emen-

764 5601 928 5654 datio.
955 5603 1185 5664 llujusce
1215 5612 1392 5657 autem
1422 5618 1527 5656 non
1560 5602 1800 5655 meminit
1829 5601 2179 5671 Epiphanius.
2215 5603 2332 5660 Illo.

837 5671 1334 5738 C;\P.XXX.—(d)
1367 5672 1717 5740 Unusquisque
1740 5684 1956 5727 vestrum
1988 5674 2202 5727 sabbatis
2236 5693 2336 5729 non

764 5746 909 5796 stt/rit
940 5745 1157 5797 asinum.
1186 5743 1288 5799 etc.
1317 5745 1455 5799 Istud
1484 5747 1561 5812 (in
1589 5760 1694 5813 quo
1714 5745 1885 5798 solum
1910 5745 1978 5797 ab
2000 5745 2117 5797 aliis
2139 5746 2338 5800 Auctor

764 5814 963 5881 differt,
992 5815 1172 5885 legens
1191 5817 1410 5870 sabbatis
1430 5832 1526 5886 pro
1546 5813 1786 5886 sabbato)
1823 5831 1925 5869 non
1946 5817 2076 5870 ursit
2108 5817 2337 5886 Epipha-

767 5887 905 5953 nius,
931 5887 1022 5942 setl
1039 5887 1262 5950 (confut.
1283 5888 1376 5961 5st)
1394 5885 1518 5941 illud
1531 5885 1880 5958 Cltristiquod
1894 5890 2131 5957 sequitur
2146 5885 2161 5942 :'
2179 5887 2327 5944 llam:

2442 5529 2558 5591 Jaut
2584 5529 2957 5594 annotavimus
2981 5529 3279 5589 versionem
3304 5529 3442 5586 LXX
3470 5531 3849 5597 interpretum,
3879 5544 4057 5595 quam

2441 5608 2764 5675 sequebatur
2802 5603 3338 5675 Tertulliamts,alio
3383 5601 3540 5655 modo
3585 5614 3741 5675 posse
3786 5599 4056 5675 intelligi,

2440 5670 2674 5744 quicum
2705 5679 2918 5749 ingenio
2948 5692 3135 5745 grart‘u’:
3183 5674 3395 5749 Ιίιιεςιιςιι⁸
3417 5683 3473 5726 ct
3516 5671 3908 5749 signiﬁcatione
3942 5670 4056 5749 lie:

2442 5741 2633 5804 braiea:
2680 5741 2920 5803 leciiouis
2951 5741 3131 5818 inagis
3176 5741 3476 5802 Conveniat.
3516 5743 3644 5798 \‘ide
3693 5742 3744 5795 in
3795 5757 3914 5811 cap.
3981 5741 4058 5795 12

2441 5819 2596 5891 ltujus
2625 5822 2764 5878 libri.
2800 5821 2929 5876 Eoo.
