4268 6492
211 403 319 461 457

1235 401 1363 458 LIB.
1406 403 1472 459 IV
1513 400 1872 459 .iDVERSUS
1910 400 2335 459 MARCIONEM.

3399 401 3506 457 ‘58

211 515 503 586 depcllam,
538 514 1000 572 lermentationem
1039 529 1250 586 quoque
1289 531 1584 588 congruere
1623 516 1806 571 dicens
1833 518 1884 576 Α
1911 518 2180 574 scenderit
2209 519 2422 575 subito:
2451 527 2654 574 tantum
2683 518 2823 590 quod
2852 519 3214 584 innotescens,
3231 517 3338 589 jam
3367 518 3504 572 invi-

210 623 381 679 rcgno
407 609 698 674 Creatoris,
728 607 852 678 quia
897 617 1017 678 post
1047 607 1190 662 illam
1233 609 1475 664 clibanus
1504 611 1588 666 vel
1626 609 1814 664 furnus

209 700 474 773 gehennm
493 712 763 773 sequatur.
783 703 1002 769 Quoties
1031 701 1204 756 adhuc
1226 717 1284 758 se
1305 701 1537 773 judieem
1558 701 1813 768 ostendit,

213 804 271 850 et
317 795 368 848 in
418 795 598 865 judice
645 793 988 849 Creatorem!
1042 793 1264 861 Quoties
1315 796 1498 864 utique
1542 794 1721 863 ejecit,
1764 805 1816 850 et

213 885 438 941 damnat
463 885 788 956 rejieiendo!
821 887 968 941 Sicut
991 886 1076 939 hic
1099 901 1346 957 quoque:
1377 884 1501 941 Cum
1521 888 1814 952 surrexerit,

213 979 407 1050 inquit.
437 990 579 1048 pater
607 979 831 1051 [diuitias
871 980 971 1051 (l).
1003 981 1138 1050 Quo,
1185 983 1286 1035 nisi
1318 997 1424 1052 quo
1461 981 1597 1036 dixit
1631 981 1820 1037 Esaias

217 1069 348 1141 (Is.,
380 1071 438 1137 ΙΙ,
472 1070 598 1142 19);
637 1071 765 1126 Cum
794 1075 1066 1127 surrexerit
1110 1075 1448 1130 comminuere
1481 1075 1711 1128 terram?
1753 1074 1820 1130 Et

213 1162 419 1217 cluserit
477 1165 694 1230 ostium;
748 1165 928 1233 utique
973 1165 1320 1220 excludendis
1367 1167 1596 1236 iniquis,
1630 1167 1822 1238 quibus

216 1254 538 1322 pulsantibus
581 1256 934 1322 respondebit:
964 1255 1152 1310 Nescio
1179 1258 1314 1310 unde
1343 1259 1488 1312 sitis?
1527 1258 1592 1313 Et
1636 1272 1822 1313 rursus

215 1349 624 1401 enumerantibus
668 1348 802 1417 quod
841 1365 1012 1402 coram
1048 1347 1140 1402 illo
1166 1349 1380 1415 ederint,
1429 1358 1476 1402 et
1519 1350 1747 1412 biberint,
1776 1359 1823 1403 et

214 1437 271 1491 in
323 1439 504 1508 plateis
555 1456 728 1493 eorum
776 1439 1020 1503 docuerit,
1069 1441 1307 1511 adjiciet:
1359 1439 1598 1494 Rucedite
1662 1458 1694 1493 a
1742 1457 1824 1495 me

215 1549 392 1587 omnes
430 1535 649 1603 aperarii
695 1533 1010 1604 iniquitatis:
1053 1534 1155 1587 illic
1198 1534 1290 1587 erit
1329 1534 1476 1603 ﬂetus
1524 1542 1568 1587 et
1615 1535 1824 1604 {rendor

217 1625 466 1678 dentium.
501 1624 640 1680 Ubi?
673 1623 827 1680 Foris
853 1627 1078 1689 scilicet,
1108 1626 1194 1680 uhi
1240 1637 1395 1680 erunt
1435 1627 1657 1693 exclusi,
1687 1627 1826 1682 ostio

217 1717 371 1772 cluso
388 1716 454 1770 ab
469 1730 554 1770 eo:
575 1731 702 1786 ergo
717 1717 820 1771 erit
837 1732 1012 1787 pinna,
1035 1734 1062 1771 a
1079 1732 1184 1787 quo
1197 1717 1252 1772 ﬁt
1265 1719 1501 1773 exclusio
1519 1720 1567 1772 in
1586 1734 1820 1788 plenam,

217 1822 342 1862 cum
378 1808 635 1861 videbunt
672 1808 848 1878 justus
879 1811 1210 1864 introeuntes
1254 1811 1305 1865 in
1345 1827 1569 1882 regnum
1618 1811 1734 1878 Dei,
1766 1827 1825 1868 se

1919 617 2064 672 tans;
2089 619 2293 664 tantum
2314 610 2455 680 quod
2483 610 2734 677 invitans,
2753 610 2862 681 jam
2885 612 2936 665 in
2953 611 3256 668 convivium
3284 623 3506 680 cogens;

1917 701 2160 756 eamdem
2181 700 2378 757 faciens
2407 703 2592 757 horam
2630 701 2900 768 cwnandi,
2925 713 2980 757 et
3022 700 3088 756 ad
3127 715 3336 758 ctenam
3376 700 3511 755 invi-

1921 794 2084 850 tandi.
2121 796 2391 850 Excusant
2415 810 2474 850 se
2501 794 2766 849 invitanti.
2799 793 2854 850 Si
2895 793 2962 849 ab
2987 794 3094 848 alio
3123 794 3261 860 Deo,
3293 793 3506 858 merito,

1918 890 2042 960 quia
2081 889 2260 945 subito
2288 889 2510 942 invitati.
2542 886 2598 942 Si
2635 903 2742 942 non
2773 886 2988 955 merito,
3017 902 3145 956 ergo
3184 900 3284 941 nec
3311 884 3490 940 subito

1920 984 1978 1041 Si
2003 993 2179 1039 autem
2209 997 2314 1038 non
2343 981 2520 1037 subito
2548 981 2784 1046 invitati;
2815 994 2944 1050 ergo
2971 994 3001 1034 a
3039 978 3314 1044 Creatore,
3347 991 3376 1030 a
3406 990 3514 1046 quo

1921 1078 2071 1132 olim.
2101 1075 2264 1145 Cujus
2305 1073 2536 1143 denique
2579 1072 2983 1128 declinaverant
3009 1071 3340 1125 vocationem
3385 1078 3514 1123 tunc

1923 1171 2097 1242 primo
2123 1169 2362 1224 dicentes
2391 1167 2456 1221 ad
2491 1169 2756 1220 Aaronem
2789 1163 3008 1238 (Exod,
3042 1159 3256 1227 XXXII,
3285 1159 3376 1233 I):
3404 1158 3516 1213 Fac

1923 1262 2066 1316 nobis
2095 1263 2235 1323 deos,
2265 1260 2352 1330 qui
2381 1267 2605 1328 prweant
2635 1258 2811 1322 nobis;
2850 1264 3012 1326 atque
3040 1252 3234 1310 exinde
3261 1251 3387 1323 (Is.,
3421 1250 3513 1318 VI,

1927 1353 2055 1422 10):
2082 1352 2218 1406 Aure
2245 1352 2503 1405 audientes
2538 1357 2586 1404 et
2617 1365 2718 1402 non
2747 1347 3028 1411 audientes,
3050 1345 3385 1400 vocationem
3412 1344 3516 1399 sci-

1926 1444 2052 1499 licet
2101 1443 2228 1507 Dei;
2273 1443 2362 1512 qui
2409 1438 2863 1511 pertinentissime
2911 1438 2976 1490 ad
3029 1441 3164 1491 hanc
3207 1435 3512 1506 parabolam

1927 1552 2020 1607 per
2039 1533 2360 1590 Hieremiam
2383 1533 2621 1605 (larem,
2643 1530 2736 1596 XI,
2759 1530 2885 1602 40):
2911 1530 3109 1594 Audite,
3137 1529 3323 1598 inquit,
3348 1544 3515 1583 uocem

1928 1646 2112 1695 meam,
2135 1639 2181 1682 et
2202 1644 2289 1682 ero
2305 1627 2440 1681 vobis
2461 1627 2512 1679 in
2537 1625 2831 1690 Dominum,
2856 1634 2899 1677 et
2921 1640 3007 1677 eos
3030 1622 3153 1675 mihi
3169 1623 3221 1674 in
3248 1621 3515 1692 pupulum;

1927 1731 1973 1776 et
2016 1720 2147 1774 ibitis
2184 1721 2236 1773 in
2265 1718 2493 1773 omnibus
2540 1717 2631 1771 viis
2671 1719 2794 1770 meis
2831 1729 3173 1786 quascumque
3210 1713 3516 1766 mandavero

1928 1814 2084 1867 vobis.
2120 1812 2258 1866 Ecce
2303 1810 2545 1864 invitatio
2577 1809 2688 1864 Dei.
2735 1807 2799 1862 Et
2846 1825 2948 1862 non
2990 1809 3280 1870 audierunt,
3329 1806 3517 1876 inquit,

217 1917 348 1956 vero
373 1901 598 1957 detineri
633 1901 782 1956 furis.
817 1905 854 1956 Α
889 1905 1030 1973 quo?
1077 1903 1132 1959 Si
1169 1921 1197 1956 a
1241 1902 1521 1971 Creatore,
1567 1907 1686 1976 quis
1724 1907 1824 1960 erit
1854 1911 1901 1970 B
1929 1914 1975 1958 et
2002 1921 2100 1958 non
2129 1904 2449 1958 adverterunt
2478 1917 2651 1955 aurem
2672 1917 2834 1955 suam.
2866 1899 3004 1955 Ecce
3030 1901 3294 1955 recusatio
3320 1898 3519 1968 populi.

219 2007 350 2062 ergo
381 1995 523 2047 intus
555 1995 818 2063 recipiens
839 1995 1014 2064 justos
1054 1995 1106 2048 in
1149 1997 1410 2065 regnum?
1454 1995 1594 2050 Deus
1624 1997 1814 2050 bonus.

221 2083 361 2152 Quid
388 2099 516 2155 ergo
545 2085 669 2138 illuc
693 2085 958 2151 Creatori,
989 2097 1044 2140 ut
1085 2085 1213 2140 loris
1247 2087 1482 2142 detineat
1505 2088 1556 2140 in
1585 2101 1818 2156 pmnam,

223 2193 360 2248 quos
402 2179 742 2233 adversarius
785 2179 900 2248 ejus
946 2179 1193 2244 exclusit,
1249 2179 1618 2248 suscipiendos
1660 2197 1688 2234 a
1729 2195 1819 2247 sc,

223 2273 409 2342 utique
439 2273 607 2343 magis
638 2273 687 2326 iu
719 2272 1010 2328 adversarii
1043 2274 1240 2329 bilem?
1284 2273 1388 2330 Sed
1420 2285 1476 2329 et
1517 2274 1604 2329 ille
1644 2276 1824 2330 exclu-

225 2379 382 2421 surus
402 2365 632 2434 iniquos,
653 2365 784 2420 sciat
808 2369 986 2436 utique
1008 2367 1315 2421 Creatorem
1341 2367 1460 2420 illos
1483 2365 1824 2422 detenturum

224 2456 279 2511 iu
307 2472 548 2526 pugnam,
587 2469 679 2511 aut
709 2474 814 2512 non
845 2460 980 2513 sciat
1015 2468 1248 2528 Oportet.
1282 2458 1446 2528 Ergo,
1478 2470 1570 2514 aut
1608 2461 1828 2516 nolente

225 2565 294 2606 eo
321 2550 725 2614 detinebunlur,
757 2559 812 2604 et
831 2551 1004 2604 minor
1033 2562 1114 2605 est
1144 2551 1234 2605 illo
1262 2551 1352 2620 qui
1374 2551 1598 2615 detinet,
1629 2551 1827 2608 cedens

227 2646 280 2700 ei
309 2644 528 2709 nolens;
559 2651 652 2698 aut
679 2644 721 2698 si
767 2645 879 2698 vult
907 2644 977 2698 ita
1009 2645 1144 2710 ﬁeri,
1181 2646 1292 2715 ipse
1322 2647 1390 2698 ita
1419 2643 1717 2700 faciendum
1745 2647 1830 2716 ju-

227 2736 448 2804 dicavit,
480 2748 534 2792 et
564 2752 668 2791 non
699 2737 799 2792 erit
843 2737 1033 2792 melior
1062 2738 1334 2802 Creatore,
1368 2738 1479 2806 ipse
1522 2747 1706 2792 auctor
1749 2738 1828 2793 in-

229 2827 408 2884 famia:
464 2828 758 2884 Creatoris.
805 2828 930 2884 llaac
975 2831 1018 2883 si
1070 2829 1210 2883 nulla
1259 2830 1463 2884 ratione
1508 2831 1828 2896 consistunt,

230 2933 287 2976 ut
327 2922 466 2976 alius
510 2922 722 2992 punire,
769 2923 906 2977 alius
951 2922 1182 2978 liberare
1225 2922 1497 2986 credatur,
1531 2924 1686 2978 unius
1729 2923 1833 2978 erit

233 3023 340 3070 tam
381 3015 640 3085 judicium
688 3030 845 3085 quam
893 3024 948 3070 et
997 3030 1254 3085 regnum;
1310 3023 1365 3069 et
1401 3015 1524 3069 dum
1569 3016 1717 3070 unius
1760 3025 1833 3070 est

233 3117 526 3176 utrumque,
555 3106 640 3174 qui
668 3115 716 3159 et
749 3106 970 3175 judicat,
999 3105 1268 3160 Creatoris
1298 3114 1401 3160 est.

805 3196 1031 3254 CAPUT
1084 3195 1279 3252 XXXI.

1923 1997 2029 2051 Sed
2066 1996 2294 2049 abierunt
2334 1996 2386 2049 in
2414 1995 2476 2048 iis
2503 2011 2616 2065 qua!
2654 1995 3014 2063 concupierunt
3058 1993 3210 2048 corde
3246 2010 3337 2048 suo
3361 1993 3520 2049 malo.

1927 2092 2118 2162 Agrum
2147 2089 2269 2158 emi,
2311 2098 2357 2143 et
2398 2089 2542 2142 boves
2585 2097 2832 2141 mercatus
2859 2103 2992 2153 sum,
3034 2095 3080 2140 et
3127 2101 3337 2140 uxorem
3375 2085 3520 2140 duxi.

1927 2183 1998 2239 Et
2025 2182 2201 2238 adhuc
2232 2182 2424 2253 ingerit
2454 2179 2695 2255 (Jerem.,
2731 2179 2841 2244 VII,
2880 2179 2974 2251 Ἦ)
3003 2199 3016 2235 :
3065 2178 3130 2233 Et
3157 2179 3299 2233 emisi
3328 2179 3396 2232 ad
3438 2195 3525 2234 eos

1927 2292 2100 2331 omnes
2150 2276 2372 2345 famulos
2429 2291 2566 2328 meos
2632 2272 2938 2343 Prophetas.
2991 2271 3090 2327 Hic
3147 2272 3250 2326 erit
3293 2271 3526 2341 Spiritus

1926 2369 2153 2425 Sanctus
2195 2368 2500 2423 admonitor
2541 2367 2908 2431 convivarum,
2937 2366 3026 2422 die
3070 2375 3126 2422 et
3154 2375 3281 2422 ante
3323 2365 3521 2421 lucem.

1929 2459 1998 2515 Et
2044 2477 2144 2515 non
2179 2461 2342 2515 audiit
2375 2461 2596 2530 populus
2639 2476 2794 2526 meus,
2843 2469 3020 2514 etnon
3063 2459 3274 2513 intendit
3318 2459 3529 2513 auribus

1931 2557 2056 2622 suis,
2103 2565 2148 2608 et
2187 2555 2452 2608 obduravit
2483 2553 2669 2608 collum
2710 2569 2879 2606 suum.
2911 2550 3024 2605 Hoc
3067 2559 3124 2605 ut
3167 2551 3529 2623 patrifamilias

1929 2649 2275 2702 renuntiatum
2319 2656 2413 2711 est,
2445 2656 2610 2700 motus
2651 2656 2769 2698 tunc
2809 2643 2989 2712 (bene
3035 2641 3172 2712 quod
3219 2651 3274 2697 et
3312 2651 3525 2708 motus;

1934 2750 2089 2811 negat
2130 2739 2276 2794 enim
2321 2737 2558 2792 Marcion
2591 2737 2791 2791 moveri
2825 2736 2991 2791 Deum
3023 2748 3201 2798 suum,
3233 2734 3300 2787 ita
3343 2742 3395 2788 et
3428 2734 3529 2788 hoc

1933 2849 2087 2888 meus
2126 2833 2264 2901 est),
2312 2833 2522 2884 mandat
2559 2830 2623 2883 de
2667 2829 2847 2899 plateis
2891 2838 2938 2883 et
2973 2827 3096 2881 eicis
3123 2826 3336 2881 civitatis
3364 2829 3530 2897 facere

1933 2922 2311 2979 sublectionem.
2340 2922 2632 2978 Videamus
2661 2936 2728 2976 an
2768 2935 2835 2977 eo
2874 2935 3036 2976 sensu
3077 2935 3184 2990 quo
3210 2933 3395 2974 rursus
3437 2933 3532 2988 per

1937 3015 2257 3070 Hieremiam
2284 3013 2522 3087 (Jerem.,
2552 3012 2620 3080 II,
2649 3012 2742 3084 5i)
2767 3031 2780 3066 :
2816 3011 3081 3082 Numquid
3111 3011 3335 3065 solitudo
3363 3015 3532 3076 factus

1936 3124 2049 3162 sum
2075 3107 2249 3175 domui
2277 3104 2529 3160 lsraelis?
2566 3114 2656 3158 aut
2703 3115 2838 3158 terra
2876 3105 2930 3158 in
2955 3102 3206 3157 incultum
3244 3101 3483 3156 derelicta
3505 3102 3531 3155 Σ)

1939 3203 1990 3256 id
2017 3211 2120 3266 est,
2149 3198 2414 3270 Numquid
2453 3212 2557 3253 non
2606 3196 2776 3254 habeo
2812 3210 2946 3267 quos
2973 3194 3220 3267 allegant,
3250 3203 3343 3248 aut
3387 3193 3529 3248 unde

305 3292 386 3345 Ad
431 3291 702 3361 prandium
731 3292 808 3345 vel
845 3291 914 3344 ad
963 3307 1157 3345 caenam
1201 3289 1386 3360 quales
1431 3289 1603 3344 vocari
1645 3290 1831 3360 jubet?
1856 3297 1902 3360 (ι
1933 3293 2194 3366 allegant?
2220 3292 2470 3361 Quoniam
2497 3291 2624 3346 diuit
2646 3290 2864 3360 populus
2886 3303 3046 3356 meus,
3077 3286 3197 3341 Non
3219 3287 3443 3340 uenimus
3463 3285 3531 3338 ad

231 3387 432 3456 Quales
451 3385 750 3441 ostenderat
773 3401 870 3458 per
892 3385 1101 3440 Esaiam
1124 3383 1247 3457 (Is.,
1280 3383 1459 3451 LVIII,
1483 3382 1538 3455 7)
1567 3384 1672 3456 :(a)
1699 3384 1837 3438 Con-

234 3481 403 3550 fringe
430 3494 612 3550 panem
651 3487 792 3530 tuum
835 3478 1096 3543 esurienti,
1127 3488 1172 3532 et
1217 3479 1496 3542 mendicos,
1526 3487 1572 3531 et
1601 3478 1688 3547 qui
1730 3477 1839 3532 sine

234 3582 364 3627 tecto
389 3581 528 3634 sunt,
561 3570 719 3624 induc
762 3571 817 3624 in
851 3572 1057 3623 domum
1083 3580 1259 3634 tuam;
1297 3570 1387 3640 qui
1415 3570 1622 3625 scilicet
1651 3569 1840 3623 huma-

235 3664 422 3719 nitatis
467 3662 618 3716 istius
653 3661 824 3716 vicem
867 3661 1163 3716 retribuere
1208 3676 1313 3714 non
1357 3661 1578 3728 possint.
1609 3658 1754 3713 lianc
1793 3658 1838 3714 si

240 3755 484 3813 Christus
510 3754 717 3824 captari
761 3763 929 3820 vetat,
974 3756 1025 3808 in
1067 3755 1466 3809 resurrectione
1495 3768 1613 3808 eam
1656 3767 1839 3822 repro-

236 3847 480 3912 mittens,
502 3842 772 3900 Creatoris
792 3855 876 3901 est
901 3845 1090 3911 forma,
1117 3847 1202 3900 cui
1229 3860 1332 3900 non
1364 3846 1574 3914 placent
1598 3854 1840 3901 amantes

238 3955 487 4005 munera,
529 3950 798 3994 sectantes
843 3940 1272 3994 retributionem.
1320 3939 1494 3994 Etiam
1543 3938 1842 3993 invitatoris

240 4036 496 4108 parabola
523 4037 609 4090 cui
639 4035 806 4106 magis
829 4035 962 4104 parti
987 4043 1250 4099 occurrat,
1273 4033 1517 4104 expende
1539 4033 1638 4105 (2).
1673 4032 1842 4088 Homo

241 4129 452 4201 quidam
479 4129 597 4200 fecit
639 4143 854 4193 caenam,
896 4137 942 4181 et
983 4127 1174 4181 vocavit
1204 4125 1406 4180 multos.
1441 4124 1633 4197 Utique
1673 4139 1842 4181 caena:

243 4233 494 4295 paratura
519 4223 639 4276 vita:
667 4232 882 4276 :eterme
907 4220 1242 4275 saturitatem
1266 4219 1474 4290 ﬁgurat.
1502 4221 1628 4274 Dico
1648 4220 1841 4290 primo,

243 4325 532 4372 extraneos
561 4325 616 4370 et
646 4314 845 4369 nullius
884 4315 1022 4384 juris
1049 4311 1242 4369 afﬁnes
1271 4314 1479 4369 invitari
1522 4313 1590 4369 ad
1631 4329 1842 4370 canam

246 4424 355 4465 non
399 4409 613 4472 solere;
645 4417 793 4462 certe
818 4406 1027 4462 facilius
1056 4408 1231 4462 solere
1255 4407 1580 4463 domesticos
1607 4416 1662 4462 et
1689 4407 1843 4462 fami-

246 4501 428 4558 liares.
461 4501 602 4568 Ergo
624 4498 894 4554 Creatoris
919 4506 1004 4553 est
1035 4497 1310 4563 invitasse,
1341 4497 1409 4552 ad
1438 4513 1594 4568 quem
1619 4498 1848 4567 pertine-

248 4591 380 4649 bant
421 4591 510 4662 qui
541 4589 926 4656 invitabantur,
958 4598 1012 4644 et
1041 4605 1136 4659 per
1165 4587 1333 4643 Adam
1363 4605 1464 4659 qua
1497 4589 1760 4654 homines,
1792 4599 1847 4646 et

1941 3398 2007 3442 te.
2035 3387 2218 3458 Itaque
2241 3386 2387 3442 misit
2410 3384 2476 3440 ad
2501 3385 2634 3440 alios
2653 3381 2944 3445 vocandos,
2969 3396 3033 3436 ex
3051 3379 3241 3437 eadem
3262 3379 3435 3433 adhuc
3459 3379 3505 3433 ci
3522 3407 3535 3418 -

1940 3481 2127 3535 vitate.
2163 3478 2366 3534 Dehinc
2387 3478 2510 3533 loco
2533 3477 2858 3540 abundante,
2882 3475 3135 3544 praecepit
3159 3475 3320 3528 etiam
3343 3473 3410 3528 de
3431 3473 3531 3528 viis

1941 3583 1997 3630 et
2024 3571 2240 3643 sepibus
2277 3569 2481 3642 colligi,
2513 3569 2566 3625 ld
2600 3578 2704 3635 est,
2733 3583 2830 3624 nos
2850 3567 2960 3639 jam
3005 3566 3074 3623 de
3105 3567 3372 3622 extraneis
3400 3581 3532 3638 gen-

1943 3665 2115 3731 tibus;
2163 3664 2247 3719 illa
2279 3663 2484 3719 scilicet
2507 3662 2865 3723 remulatione,
2897 3675 2998 3730 qua
3043 3659 3093 3713 in
3122 3658 3536 3713 Deuteronomio

1946 3757 2146 3831 (Deut.,
2188 3756 2408 3820 XXXII,
2447 3755 2540 3828 20)
2568 3773 2581 3808 :
2611 3756 2845 3809 Avertam
2873 3754 3054 3826 faciem
3079 3768 3240 3806 meam
3277 3753 3339 3806 ab
3365 3752 3456 3816 eis,
3485 3761 3532 3806 et

1944 3849 2231 3906 monstrabo
2259 3851 2380 3921 quid
2405 3847 2511 3904 illis
2541 3849 2595 3902 in
2622 3847 2927 3909 novissimis,
2959 3844 3009 3899 id
3037 3854 3120 3899 cst
3157 3844 3292 3899 alios
3319 3857 3535 3913 posses-

1943 3957 2100 3998 suros
2128 3941 2302 3997 locum
2346 3955 2533 3996 eorum
2561 3958 2573 3994 :
2602 3939 2842 4010 quoniam
2888 3938 3119 4009 genitura
3161 3953 3394 4006 perversa
3436 3946 3530 4004 est,

1945 4035 2042 4105 [itii
2080 4035 2134 4089 in
2160 4034 2337 4105 quibus
2367 4031 2494 4102 ﬁdes
2532 4047 2634 4085 non
2659 4040 2753 4084 est.
2781 4026 2873 4084 Illi
2911 4028 3198 4084 obarmulati
3229 4038 3346 4082 sunt
3374 4044 3454 4082 me
3479 4028 3534 4081 in

1946 4144 2047 4183 non
2074 4125 2204 4195 Deo,
2237 4135 2284 4180 et
2313 4131 2708 4196 prouocauerunt
2728 4123 2784 4176 in
2807 4121 2939 4174 iram
2961 4121 3016 4174 in
3042 4120 3195 4174 idolis
3221 4120 3348 4183 suis;
3372 4127 3420 4172 et
3442 4134 3533 4188 ego

1947 4220 2286 4277 oba’mulabor
2327 4235 2411 4272 eos
2454 4217 2506 4270 in
2546 4232 2647 4270 non
2675 4215 2901 4277 natione,
2939 4213 2993 4266 in
3031 4212 3234 4266 natione
3277 4209 3539 4277 insipienti

1948 4313 2230 4385 provocabo
2274 4327 2358 4366 eos
2409 4311 2464 4364 in
2512 4309 2678 4372 iram;
2732 4307 2786 4362 in
2827 4304 2982 4360 nobis
3031 4303 3257 4370 scilicet,
3309 4315 3536 4372 quorum

1947 4422 2097 4478 spem
2141 4406 2219 4478 (5)
2249 4404 2416 4461 ,1υάςεί
2461 4409 2673 4475 gerunt,
2725 4398 2798 4472 (ὁ)
2843 4399 2912 4456 de
2934 4413 3036 4470 qua
3076 4398 3195 4454 illos
3226 4404 3536 4467 gustaturos

1949 4511 2107 4574 negat
2136 4501 2392 4556 Dominus
2431 4519 2446 4557 :
2477 4497 2716 4553 derelicta
2754 4494 2912 4551 Sione
2955 4491 3082 4563 (Is.,
3113 4491 3155 4555 I,
3195 4490 3250 4562 8)
3297 4498 3538 4561 tanquam

1947 4593 2153 4664 specula
2179 4594 2233 4646 in
2257 4593 2402 4646 vinea
2427 4600 2472 4646 et
2499 4591 2552 4644 in
2589 4587 2936 4643 cucumerario
2963 4585 3157 4650 casula,
3189 4593 3538 4655 posteaquam

249 4701 350 4757 per
379 4685 563 4740 Patres
590 4698 694 4755 qua
721 4682 948 4748 Iudaici,
991 4699 1096 4738 non
1125 4683 1242 4754 ejus
1266 4682 1332 4738 ad
1363 4699 1520 4753 quem
1551 4698 1727 4754 neque
1752 4699 1848 4739 na-
1872 4692 1925 4752 1)
1951 4695 2006 4742 et
2031 4685 2373 4740 novissimam
2405 4683 2458 4736 in
2485 4681 2698 4737 Christo
2739 4679 2822 4751 (4)
2850 4676 3220 4733 invitationem
3251 4674 3536 4731 recusavit.

251 4785 372 4830 tura
419 4773 783 4844 pertinebant,
818 4788 988 4841 neque
1035 4774 1402 4843 praerogativa.
1446 4772 1667 4839 Dehinc,
1716 4773 1761 4828 si
1805 4774 1851 4829 is

252 4867 419 4922 mittit
460 4865 526 4920 ad
553 4866 826 4933 convivas,
873 4866 962 4936 qui
1002 4880 1209 4920 comam
1255 4865 1490 4934 paravit;
1532 4866 1611 4920 sie
1639 4882 1850 4937 quoque

252 4958 524 5016 Creatoris
539 4967 622 5012 est
635 4972 811 5021 cinna,
830 4957 917 5027 qui
939 4957 1081 5011 misit
1101 4955 1166 5010 ad
1189 4956 1441 5011 convivas
1464 4955 1850 5024 admonendos,

253 5062 381 5109 ante
404 5052 512 5122 jam
554 5060 773 5106 vocatos
799 5067 896 5122 pcr
929 5051 1134 5114 Patres,
1158 5050 1522 5106 admonendos
1551 5059 1729 5106 autem
1757 5066 1852 5122 per

254 5145 586 5216 PrOphetas:
623 5159 730 5198 non
756 5147 845 5214 qui
874 5145 1143 5198 neminem
1177 5143 1383 5199 miserit
1410 5143 1474 5198 ad
1502 5145 1852 5213 monendum,

257 5253 362 5296 nec
391 5239 481 5310 qui
515 5237 647 5293 nihil
671 5238 818 5310 prius
844 5238 1013 5309 egerit
1036 5235 1104 5292 ad
1132 5236 1450 5305 vocandum,
1479 5234 1571 5292 sed
1621 5237 1736 5306 ipse
1755 5238 1848 5296 de-

1949 4777 2086 4846 Quid
2113 4793 2180 4833 ex
2207 4775 2310 4831 hoc
2333 4774 2522 4830 ordine
2544 4772 2836 4829 secundum
2867 4767 3246 4840 dispositiones
3266 4776 3320 4822 et
3349 4766 3542 4836 praedi-

1949 4871 2192 4925 cationes
2232 4867 2504 4924 Creatoris
2539 4862 2869 4921 recensendo
2906 4869 3215 4931 competere
3241 4869 3415 4929 potest
3443 4858 3540 4925 illi,

1951 4967 2104 5035 cujus
2128 4977 2228 5020 nec
2256 4963 2498 5018 ordinem
2526 4959 2706 5024 habet,
2737 4973 2836 5014 nec
2860 4955 3265 5027 dispositionem
3292 4952 3356 5007 ad
3389 4966 3544 5022 para-

1953 5058 2090 5114 bolae
2135 5055 2609 5125 conspirationem,
2651 5051 2743 5121 qui
2784 5058 2951 5104 totum
2995 5058 3130 5116 epus
3169 5045 3333 5100 semel
3383 5041 3543 5098 fecit?

1953 5151 2062 5205 Aut
2088 5164 2206 5220 qua:
2229 5147 2335 5202 erit
2361 5145 2529 5214 prima
2554 5143 2763 5197 vocatio
2782 5142 2921 5210 ejus,
2945 5148 2999 5194 et
3020 5153 3138 5209 quae
3159 5136 3394 5192 secundo
3419 5144 3542 5191 actu

1952 5239 2286 5296 admonitio?
2303 5238 2442 5293 Ante
2459 5235 2657 5292 debent
2679 5232 2773 5288 alii
2791 5245 3070 5300 excusare,
3093 5239 3275 5302 postea
3292 5230 3384 5286 alii
3408 5243 3539 5286 con-

1468 5351 1848 5414 LECTIONES
1885 5355 2301 5415 VARIANTES.

352 5447 402 5496 Il
423 5443 640 5496 Familize
662 5447 803 5494 Pam.

352 5447 372 5496 I
423 5445 640 5496 Familize
662 5447 803 5494 Pam.

327 5445 402 5573 i2;
428 5507 668 5571 Expende
685 5509 826 5556 Pam.

2113 5452 2356 5564 (323.7333
2545 5518 2696 5563 nats.
2723 5505 2828 5576 θὶς.
2853 5509 2977 5560 Par.

1627 5598 2180 5658 COMMENTARIUS.

335 5687 492 5744 CAP.
527 5686 807 5743 XXXI.—
828 5686 904 5758 (a)
932 5686 1206 5758 Confriuge
1227 5705 1408 5758 panem
1431 5699 1571 5745 tuum
1592 5695 1847 5755 esurienti,

262 5770 312 5837 et
336 5759 612 5837 mendicos,
633 5768 738 5837 etc.
765 5759 1068 5826 Mendicos,
1102 5775 1197 5830 pro
1212 5775 1318 5830 quo
1350 5761 1602 5834 Vulgatus
1645 5781 1846 5837 egenos,

193 5894 204 5899 ἀ
268 5834 384 5889 sive
407 5835 638 5900 πτωχοὺς.
682 5830 818 5885 ΡΑὶι.

339 5902 419 5974 (1))
448 5903 543 5956 ’lle
577 5918 692 5972 qua.
715 5903 832 5956 illos
871 5911 1154 5972 gustaturos
1195 5913 1342 5975 negat
1375 5903 1640 5961 Dominus.
1690 5906 1851 5963 Docet

1953 5695 2066 5750 haec
2095 5694 2462 5763 interpretatio
2491 5685 2796 5763 repudiatos
2821 5689 2892 5745 ob
2917 5687 3269 5763 pervicaciam
3295 5689 3531 5763 Judreos,

1952 5761 2393 5839 Christianusque
2441 5764 2509 5819 ad
2545 5761 2775 5839 egenam,
2802 5775 2897 5839 seu
2926 5769 2982 5839 u_t
3022 5761 3272 5832 explicat,
3315 5762 3380 5815 ad
3407 5761 3530 5816 vita:

1953 5837 2186 5894 caelestis
2215 5832 2546 5893 saturitatem
2573 5832 2807 5891 vocatos.
2840 5832 2914 5887 In:
2944 5833 3038 5888 Pa.
3116 5896 3121 5900 _
