4268 6492
718 392 828 449 459

2134 387 2601 447 TERTULLIANI

3915 398 4023 455 440

718 507 953 561 venisse.
987 504 1136 562 Nunc
1175 516 1353 563 autem
1381 508 1583 578 pariter
1610 516 1891 577 utramque
1938 516 2139 577 partem
2170 506 2308 559 invi-
2339 508 2387 566 Α
2414 507 2481 562 de
2523 524 2742 561 nummo
2781 508 3004 576 dictum,
3052 527 3120 567 ne
3166 512 3286 584 quis
3326 515 3597 571 existimet
3622 515 3675 570 in
3715 530 4026 571 mammona

716 610 834 657 tare
860 602 1022 667 venit,
1046 601 1113 655 de
1135 603 1365 665 civitate,
1395 602 1459 656 de
1490 602 1725 672 sepibus,
1752 602 2009 657 adversus
2035 598 2310 670 speculum

718 695 1007 763 parabolae.
1054 695 1161 750 Nec
1204 695 1512 764 potestjam
1540 694 1849 750 fastidiosos
1871 692 2132 763 judicare,
2179 709 2314 764 quos

725 802 992 856 nunquam
1039 797 1186 841 retro
1231 787 1509 851 invitavit,
1541 802 1678 856 quos
1702 801 1821 841 cum
1852 786 2083 841 maxime
2124 801 2313 857 aggre-

716 876 879 931 ditur.
911 881 1015 931 Aut
1040 878 1084 933 si
1114 877 1182 932 de
1234 877 1411 932 futuro
1440 893 1533 933 eos
1554 877 1757 948 judieat
1790 887 2193 948 contempturos
2222 892 2314 932 vo-

715 971 1018 1035 cationem;
1061 985 1190 1040 ergo
1228 980 1282 1026 et
1308 970 1695 1025 subiectionem
1734 969 1855 1025 loco
1881 985 2067 1025 eorum
2094 986 2159 1025 es
2184 985 2315 1040 gen-

716 1062 860 1116 tibus
910 1061 979 1117 de
1029 1061 1211 1119 futtiro
1261 1062 1550 1132 portendit.
1604 1062 1766 1118 Plane
1814 1061 1880 1116 ad
1932 1062 2031 1116 hoc
2077 1063 2315 1118 secundo

715 1164 972 1211 venturus
998 1164 1085 1208 est
1114 1166 1169 1209 ut
1200 1153 1444 1224 gentibus
1476 1154 1747 1223 pra-dicet.
1780 1152 1847 1207 Et
1883 1154 1926 1208 si
1955 1165 2209 1208 venturus
2233 1162 2317 1209 est

713 1258 915 1313 autem,
946 1256 1073 1317 puto
1102 1263 1207 1303 non
1235 1248 1384 1317 quasi
1410 1258 1695 1303 vocaturus
1724 1246 1901 1301 adlmc
1918 1247 2192 1311 convivas,
2218 1247 2313 1301 sed

706 1338 821 1410 jam
849 1340 1228 1394 collocaturus.
1259 1341 1468 1395 Interea
1491 1341 1580 1411 qui
1606 1355 1776 1395 emine
1800 1340 1952 1394 istius
1979 1341 2312 1396 vocationem

716 1432 769 1485 in
800 1431 877 1503 (I)
903 1432 1122 1487 rmleste
1157 1432 1459 1487 convivium
1486 1431 1855 1501 interpretaris
1883 1432 2139 1503 spiritalis
2168 1442 2316 1488 satu-

716 1523 892 1578 ritatis
942 1534 997 1579 et
1038 1522 1411 1595 jucunditatis,
1486 1534 1755 1579 memento
1818 1537 1874 1579 et
1928 1524 2004 1595 (α)
2070 1533 2313 1579 terrenas

715 1616 1099 1685 promissioues
1125 1614 1233 1670 vini
1264 1624 1319 1671 et
1347 1616 1450 1671 olei
1480 1627 1535 1672 et
1576 1617 1849 1681 frumenti,
1892 1626 1947 1671 et
1989 1617 2155 1687 ipsius
2184 1619 2315 1674 civi-

716 1708 861 1775 tatis,
892 1724 1045 1779 mque
1070 1708 1126 1764 in
1154 1709 1409 1778 Spiritalia
1440 1710 1654 1779 Iigurari
1694 1724 1725 1763 a
1752 1708 2028 1765 Creatore.

1273 1800 1499 1858 CAPUT
1549 1789 1765 1856 XXXII.

2417 602 2729 658 Creatorem
2777 604 3205 675 intelligendum,
3254 618 3309 662 et
3352 608 3626 663 Christum
3671 624 3701 661 a
3748 609 4029 664 Creatoris

2419 694 2538 748 illos
2579 696 2837 750 servitute
2867 711 3177 753 revocasse.
3225 699 3402 766 Quid?
3435 716 3576 754 nunc
3607 700 3780 770 potius
3821 716 3885 755 ex
3922 700 4028 755 hoc

2417 786 2585 852 disce,
2617 803 2777 841 unum
2826 803 2855 842 a
2894 789 3110 845 Christo
3144 792 3309 846 Deum
3356 802 3656 848 ostensum.
3693 793 3833 848 Duos
3878 795 4025 848 enim

2417 877 2664 933 dominos
2689 880 3009 945 nominavit,
3040 881 3206 937 Deum
3224 893 3277 937 et
3302 900 3685 951 mammonam,
3706 884 4026 941 Creatorem

2416 980 2472 1026 et
2497 987 2793 1026 nummum.
2824 973 3079 1043 Denique,
3107 992 3205 1029 non
3226 979 3432 1043 potestis
3459 975 3562 1031 Deo
3583 980 3767 1031 seruire
3789 993 3809 1031 :
3834 979 4026 1046 utique

2418 1063 2487 1127 ei,
2532 1064 2617 1119 cui
2666 1064 2871 1119 servire
2904 1065 3251 1131 videbantur;
3284 1077 3329 1121 et
3369 1085 3695 1133 mammonw,
3741 1070 3825 1123 cui
3856 1070 4030 1141 magis

2417 1154 2841 1211 desﬁnabantur.
2898 1157 3052 1223 Quod
3098 1159 3141 1212 si
3192 1160 3309 1229 ipse
3348 1160 3511 1214 alium
3552 1175 3614 1215 se
3661 1169 3865 1231 ageret,
3917 1178 4030 1216 non

2419 1246 2556 1301 duos
2596 1246 2869 1313 dominos,
2903 1249 2999 1304 sed
3051 1259 3160 1304 tres
3207 1251 3650 1307 demonstrasset.
3693 1252 3759 1306 Et
3800 1251 4031 1307 Creator

2418 1339 2561 1393 enim
2596 1337 2872 1405 Dominus,
2902 1344 3024 1411 quia
3052 1342 3215 1397 Deus.
3248 1342 3315 1398 Et
3346 1344 3528 1415 utique
3556 1346 3724 1415 magis
3750 1344 4028 1410 dominus,

2418 1448 2578 1502 quam
2607 1449 2965 1502 mammonas;
3001 1439 3278 1508 magisque
3309 1438 3700 1504 observandus,
3726 1455 3829 1510 qua
3859 1441 4032 1509 magis

2417 1526 2688 1582 dominus.
2739 1527 2916 1596 Quare
2954 1540 3039 1585 est
3081 1532 3246 1595 enim,
3301 1540 3356 1585 ut
3402 1532 3493 1601 qui
3526 1547 3901 1586 mammonam
3934 1532 4034 1586 do-

2420 1619 2621 1671 minum
2649 1618 2877 1683 dixerat,
2923 1628 2977 1675 et
3024 1635 3145 1675 cum
3177 1622 3286 1675 Deo
3318 1621 3591 1690 iunxerat,
3620 1637 3747 1677 vere
3774 1622 4019 1691 ipsorum

2418 1707 2693 1764 dominum
2735 1719 2956 1775 taceret,
3004 1711 3057 1767 id
3106 1723 3191 1768 est
3236 1713 3574 1769 Creatorem?
3616 1716 3723 1769 Aut
3758 1717 4023 1785 numquid

2421 1803 2650 1858 tacendo
2695 1818 2783 1870 eo,
2816 1806 3085 1861 concessit
3108 1805 3454 1861 serviendum
3486 1808 3536 1862 ei
3565 1823 3707 1874 esse,
3740 1809 3784 1862 si
3817 1809 4035 1861 solum-

792 1894 947 1949 Ovem
990 1904 1035 1948 et
1064 1895 1359 1949 drachmam
1400 1896 1653 1967 perditam
1690 1897 1802 1967 quis
1844 1897 2091 1967 requirit?
2127 1897 2317 1955 Nonne
2347 1898 2393 1959 B
2423 1894 2584 1949 modo
2650 1894 2753 1949 Sibi
2821 1904 2877 1950 ει
2931 1910 3254 1951 mammona!
3316 1897 3530 1965 negavit
3583 1913 3744 1968 posse
3797 1898 4036 1953 scrviri?

718 1988 809 2057 qui
843 1986 1114 2057 perdidit?
1145 1988 1276 2055 Quis
1318 1999 1499 2044 autem
1544 1988 1810 2058 perdidit?
1849 1989 2037 2045 Nonne
2080 1991 2171 2061 qui
2221 1990 2315 2045 ha-

714 2078 865 2133 buit?
892 2080 1022 2146 Quis
1048 2095 1177 2135 vero
1206 2079 1428 2135 habuit?
1474 2079 1663 2135 Nonne
1691 2080 1845 2150 cujus
1876 2080 2009 2135 fuit?
2054 2082 2111 2136 Si
2156 2082 2316 2153 igitur

718 2171 882 2226 homo
909 2187 1014 2226 non
1042 2172 1264 2228 alterius
1302 2184 1387 2228 est
1428 2188 1538 2240 res,
1583 2189 1743 2244 quam
1782 2173 2087 2241 Creatoris;
2123 2175 2166 2230 is
2191 2190 2312 2231 eum

717 2263 921 2330 habuit,
952 2265 1107 2336 cujus
1150 2265 1268 2320 fuit.
1299 2265 1349 2320 Is
1389 2266 1635 2335 perdidit,
1685 2266 1773 2336 qui
1814 2266 2019 2321 habuit.
2051 2266 2101 2322 Is
2136 2269 2315 2338 requi-

717 2357 860 2421 sivit,
915 2358 1006 2426 qui
1054 2356 1304 2426 perdidit.
1333 2356 1385 2413 Is
1413 2358 1634 2422 invenit,
1666 2358 1756 2429 qui
1786 2358 2053 2428 quaesivit.
2092 2359 2140 2414 Is
2167 2360 2316 2415 exul-

722 2450 873 2514 tavit,
897 2452 986 2520 qui
1006 2451 1225 2505 invenit.
1254 2450 1326 2505 Ita
1354 2452 1631 2521 utriusque
1655 2452 1925 2522 parabolis:
1941 2463 2312 2523 argumentum

722 2550 878 2596 vacat
903 2543 1043 2598 circa
1071 2559 1217 2608 etnn,
1242 2543 1398 2613 cujus
1430 2560 1534 2599 non
1573 2554 1655 2599 est
1682 2545 1798 2600 ovis
1828 2560 2005 2617 neque
2028 2547 2313 2615 drachma,

720 2636 771 2691 id
802 2648 884 2692 est
923 2638 1101 2692 homo.
1134 2638 1249 2692 Non
1291 2639 1434 2693 enim
1473 2639 1723 2708 perdidit,
1768 2640 1893 2710 quia
1934 2656 2041 2696 non
2090 2641 2311 2708 habuit;

721 2743 819 2784 nec
866 2724 1321 2800 rcquisivit,‘quia
1368 2745 1473 2783 non
1520 2730 1775 2800 perdidit;
1807 2746 1905 2786 nec
1943 2731 2167 2800 invenit,
2194 2734 2315 2804 quia

720 2834 819 2874 nec
868 2821 1183 2890 requisivit;
1252 2836 1349 2875 nec
1406 2822 1685 2889 exultavit,
1740 2824 1864 2892 quia
1918 2839 2025 2879 non
2091 2824 2313 2880 invenit.

718 2916 897 2982 Atque
945 2912 1081 2967 adeo
1127 2911 1201 2984 (b)
1260 2913 1504 2968 exultare
1556 2914 1697 2968 illius
1746 2924 1829 2970 est
1880 2915 1947 2970 de
2007 2917 2317 2986 pmnitentia

722 3005 1038 3076 peccatoris,
1070 3006 1119 3060 id
1148 3016 1252 3072 cst,
1284 3006 1352 3063 de
1396 3006 1585 3077 perditi
1630 3009 2054 3078 recuperatione,
2100 3011 2188 3080 qui
2261 3026 2320 3066 se

721 3099 991 3167 professus
1018 3107 1103 3154 est
1123 3098 1251 3154 olim
1277 3099 1417 3155 male
1443 3102 1738 3169 peccatoris
1766 3102 2131 3171 paenitentiam
2160 3118 2318 3175 quam

722 3198 977 3245 IIIOI'ICIII.

1255 3282 1484 3341 CAPUT
1534 3284 1773 3343 XXXIII.

793 3375 997 3444 Quibus
1027 3376 1224 3431 duobus
1255 3377 1474 3433 dorninis
1501 3388 1659 3450 neget
1686 3394 1842 3450 posse
1870 3381 2067 3446 serviri,
2096 3383 2216 3452 quia
2236 3382 2313 3437 al-

722 3474 885 3523 terum
904 3468 1096 3536 olfendi
1113 3472 1176 3525 sit
1198 3488 1411 3539 necesse,
1438 3475 1655 3527 alterunt
1675 3473 1899 3546 defendi,
1928 3475 2038 3545 ipse
2055 3476 2313 3544 declarat,

726 3561 889 3617 Deum
930 3578 1234 3635 proponens
1277 3576 1332 3621 et
1364 3582 1724 3622 mammonam.
1775 3567 1978 3624 Deinde
2019 3570 2091 3643 (e)
2143 3587 2314 3627 mam—

724 3671 939 3710 monam
965 3672 1121 3727 quem
1149 3656 1370 3729 intelligi
1395 3659 1540 3726 velit,
1568 3660 1610 3714 si
1636 3660 1978 3731 interpretem
2001 3678 2103 3717 non
2129 3663 2314 3731 babes,

724 3746 793 3800 ab
824 3748 940 3815 ipso
967 3758 1117 3816 potes
1137 3748 1367 3804 discere.
1396 3750 1703 3806 Admoneus
1731 3753 1873 3807 enim
1906 3768 2025 3818 nos,
2056 3754 2124 3810 de
2152 3770 2319 3811 sarcu-

728 3837 932 3893 Iarihus
972 3838 1219 3911 sul'fragia
1270 3842 1443 3897 nobis
1473 3842 1779 3912 prospicere
1824 3844 2200 3911 amicitiarum,
2235 3863 2318 3903 se-

724 3931 947 3984 cundum
975 3933 1103 3986 servi
1131 3932 1271 3986 illius
1310 3934 1616 4002 exeinplum,
1646 3936 1733 4005 qui
1756 3935 1820 3990 ab
1858 3946 1977 3991 actu
2015 3948 2316 4007 summotus,

726 4023 1007 4078 dominicas
1035 4024 1283 4080 debitores
1307 4026 1571 4080 diminutis
1599 4028 1680 4098 (2)
1713 4028 2028 4085 cautionibus
2054 4031 2238 4085 revelat
2268 4034 2320 4087 in

725 4113 1005 4167 subsidium
1034 4116 1147 4168 sibi.
1185 4115 1250 4169 Et
1278 4133 1389 4187 ego,
1426 4118 1625 4188 inquit,
1657 4119 1771 4173 dico
1801 4120 1959 4187 vobis,
2005 4123 2157 4193 facile
2185 4124 2322 4179 vobis

728 4210 920 4263 amicos
964 4210 1027 4264 de
1055 4226 1344 4264 mammona
1383 4212 1686 4281 injustitiaz;
1734 4213 1802 4267 de
1831 4229 2053 4268 nummo
2096 4216 2321 4285 scilicet,

727 4303 795 4357 de
841 4318 946 4372 quo
988 4311 1040 4357 et
1082 4318 1272 4359 servus
1314 4305 1423 4360 ille.
1467 4303 1747 4375 Injustitiac
1785 4308 1927 4363 enim
1954 4319 2227 4365 auctorem
2270 4320 2325 4367 et

729 4394 1120 4450 dominatorem
1155 4398 1314 4452 totius
1341 4398 1520 4452 s:eeuli
1563 4414 1839 4454 nummum
1869 4402 2071 4456 scimus
2107 4417 2315 4459 omnes.

727 4483 825 4540 Cui
860 4486 1162 4541 Iamnlatam
1187 4488 1372 4544 videns
1403 4490 1790 4546 Pharismorum
1811 4493 2178 4564 cupiditatem,
2207 4509 2291 4549 am
2310 4525 2323 4534 ο

733 4578 989 4632 tnentavit
1017 4577 1154 4633 hanc
1191 4581 1511 4636 sententiam
1534 4581 1651 4653 (d):
1684 4581 1806 4636 Non
1838 4586 2046 4653 potestis
2074 4584 2181 4640 Deo
2216 4602 2323 4641 ser-

2418 1985 2516 2051 Ita,
2549 2000 2670 2041 cum
2714 2003 2875 2041 unum
2908 1987 3073 2041 Deum
3124 1988 3274 2057 ponit
3304 1990 3673 2043 nominaturus
3715 2000 3768 2044 et
3808 1988 4036 2045 Creato-

2417 2094 2553 2144 rem,
2584 2079 2628 2132 si
2652 2078 2785 2133 alius
2822 2090 2966 2133 esset
2994 2079 3136 2149 ipse,
3166 2078 3473 2134 Creatorem
3503 2080 3818 2146 nominavit,
3850 2096 4018 2151 quem

2416 2171 2691 2226 dominum
2720 2173 2837 2227 sine
2859 2173 2965 2227 alio
2995 2172 3107 2227 Deo
3153 2187 3259 2228 non
3304 2175 3498 2243 posuit.
3554 2175 3619 2228 Et
3661 2174 3787 2227 illud
3849 2176 4037 2244 itaque

2418 2261 2701 2328 relncebit,
2736 2262 3006 2333 quomodo
3030 2263 3230 2318 dictum
3255 2281 3269 2317 :
3314 2264 3374 2318 Si
3429 2266 3480 2318 in
3509 2281 3797 2319 mammona
3825 2266 4025 2335 injuste

2420 2354 2595 2423 fideles
2624 2370 2725 2408 non
2751 2354 3011 2420 extitistis,
3057 2355 3196 2425 quod
3224 2372 3395 2409 rerum
3424 2365 3495 2409 est
3524 2357 3634 2422 quis
3662 2357 3800 2410 vobis
3827 2358 4037 2411 credet?

2418 2446 2475 2502 In
2501 2461 2720 2501 nummo
2748 2447 2951 2501 scilicet
2979 2448 3198 2515 injusto,
3230 2462 3335 2501 non
3377 2448 3427 2501 in
3458 2448 3731 2513 Creatore,
3761 2463 3923 2516 quem
3972 2458 4032 2503 ct

2419 2538 2651 2594 Marcion
2676 2541 2878 2608 justum
2908 2538 3051 2593 facit.
3084 2537 3151 2593 Et
3173 2538 3216 2593 si
3238 2541 3290 2592 in
3313 2539 3480 2593 alieno
3507 2539 3681 2607 fideles
3716 2540 3906 2593 inventi
3928 2557 4036 2597 non

2420 2633 2556 2699 estis,
2585 2631 2721 2702 quod
2752 2647 2918 2685 meum
2944 2642 3015 2684 est
3057 2632 3171 2701 quis
3224 2629 3304 2702 (5)
3354 2631 3497 2684 dabit
3544 2631 3727 2686 vobis?
3781 2632 4039 2690 Alienum

2421 2725 2562 2780 enim
2611 2723 2771 2778 debet
2809 2737 2928 2776 esse
2976 2736 3005 2774 a
3043 2722 3215 2776 servis
3260 2723 3381 2787 Dei,
3431 2723 3571 2791 quod
3628 2723 3885 2792 injustum
3928 2734 4036 2780 est.

2419 2816 2641 2874 Creator
2664 2826 2865 2883 autem,
2898 2814 3169 2884 quomodo
3218 2814 3300 2885 (4)
3342 2814 3545 2870 alienus
3567 2825 3682 2870 erat
3711 2815 4030 2887 Pharismis,

2423 2911 2672 2983 proprius
2716 2910 2856 2965 Deus
2898 2908 3135 2964 Judaiczc
3160 2908 3377 2977 gentis?
3414 2907 3467 2963 Si
3498 2923 3630 2978 ergo
3658 2909 3771 2962 hate
3804 2925 3912 2963 non
3940 2925 4037 2965 ca-

2423 3002 2553 3057 dunt
2585 3002 2638 3055 in
2662 3000 3007 3066 Creatorem,
3047 3000 3140 3055 sed
3181 3001 3231 3053 in
3262 3013 3620 3053 mammonam
3644 3042 3659 3065 ,
3709 3001 3832 3069 quis
3880 3002 4038 3057 vobis

2422 3094 2609 3152 credet
2648 3094 2790 3163 quod
2839 3094 3017 3149 verius
3061 3092 3181 3148 est?
3236 3104 3289 3148 et
3342 3094 3462 3163 quis
3507 3094 3657 3147 vobis
3703 3093 3854 3149 dabit
3891 3095 4036 3165 quod

2426 3203 2602 3243 meum
2632 3186 2759 3243 est?
2784 3185 2899 3241 Non
2926 3195 3101 3255 potest
3128 3187 3278 3256 quasi
3300 3186 3434 3240 alius
3474 3186 3673 3239 dixisse
3703 3186 3770 3241 de
3798 3186 4031 3243 alterius

2340 3285 2385 3348 C
2420 3284 2513 3339 Dei
2539 3282 2726 3354 gratia.
2773 3282 2925 3337 Tunc
2950 3282 3091 3339 enim
3132 3281 3404 3336 videretur
3430 3283 3497 3335 ita
3525 3282 3742 3346 dixisse,
3772 3282 3815 3335 si
3849 3282 4027 3337 cosiu

2417 3376 2751 3439 Creatorem,
2796 3389 2901 3429 non
2946 3374 2997 3428 in
3046 3388 3405 3429 mammonam
3450 3372 3691 3430 inﬁdeles
3752 3373 4016 3438 notando,

2421 3484 2515 3539 per
2539 3466 2806 3525 Creatoris
2834 3467 3156 3522 mentionem
3184 3464 3555 3521 distinctiones
3587 3466 3802 3521 fecisset
3833 3467 3929 3520 Dei
3958 3467 4033 3522 al-

2430 3559 2618 3625 terius,
2664 3574 2771 3615 non
2812 3560 3152 3614 commissuri
3203 3574 3353 3613 suam
3403 3559 3679 3613 veritatem
3728 3559 4039 3616 inﬁdelibus

2421 3649 2709 3707 Creatoris.
2745 3651 3026 3719 Quomodo
3069 3660 3194 3706 tunc
3245 3652 3468 3706 alterius
3520 3652 3688 3706 videri
3741 3662 3942 3721 potest,
3991 3652 4040 3709 si

2424 3756 2528 3797 non
2561 3742 2626 3796 ad
2668 3742 2770 3796 hoc
2794 3752 3140 3813 proponatur,
3173 3751 3228 3795 ut
3262 3757 3290 3793 a
3322 3750 3375 3798 te
3412 3743 3480 3797 de
3508 3758 3610 3811 qua
3641 3743 3819 3812 agitur
3872 3758 4036 3814 sepa-

2424 3834 2615 3890 retur?
2643 3834 2697 3890 Si
2723 3844 2903 3890 autem
2944 3848 2999 3891 et
3036 3834 3397 3905 justiﬁeantes
3427 3849 3485 3890 se
3510 3849 3692 3889 coram
3722 3834 4037 3893 hominibus

2426 3928 2716 3996 Pharisaei,
2745 3944 2893 3999 spem
2940 3928 3203 3985 mercedis
3250 3929 3303 3983 in
3351 3930 3568 3984 homine
3610 3930 4042 3999 ponebant,illo

2424 4036 2519 4078 eos
2569 4036 2731 4077 sensu
2782 4022 3108 4092 increpabat,
3160 4038 3267 4093 quo
3315 4032 3369 4077 et
3422 4023 3680 4091 propheta
3734 4022 4041 4080 Hieremias

2426 4115 2665 4187 (Jerem.,
2706 4114 2873 4181 XVII,
2902 4116 2958 4185 5)
2986 4134 2999 4169 :
3030 4118 3102 4184 (e)
3155 4113 3313 4168 Miser
3343 4116 3511 4175 homo,
3537 4115 3621 4186 qui
3643 4131 3784 4183 spem
3811 4117 3964 4169 habet
3989 4120 4043 4170 in

2426 4209 2645 4262 homine.
2686 4207 2741 4263 Si
2767 4216 2822 4263 et
2847 4208 3029 4277 adjicit
3058 4222 3071 4259 :
3106 4207 3215 4261 Scit
3253 4216 3420 4260 auten;
3452 4205 3592 4260 Deus
3634 4206 3794 4260 corda
3832 4218 4043 4274 vestra;

2427 4298 2570 4354 illius
2611 4300 2702 4355 Dei
2732 4300 2839 4354 vim
2866 4297 3359 4364 commemorabat,
3394 4299 3485 4370 qui
3518 4297 3797 4354 lucernam
3829 4314 3892 4354 se
3920 4314 4044 4369 pro-

2429 4393 2739 4458 nuntiabat,
2770 4402 3096 4448 scrutantem
3142 4406 3302 4447 renes
3326 4401 3381 4447 et
3406 4392 3588 4447 corda.
3639 4392 3697 4448 Si
3728 4393 4041 4461 superbiam

2429 4488 2635 4558 tangit:
2666 4486 2816 4555 Quod
2846 4487 3037 4541 elatum
3091 4496 3165 4540 est
3192 4487 3332 4553 apud
3379 4487 3626 4550 homines,
3676 4501 3919 4557 perosum
3973 4495 4045 4541 est

2431 4579 2564 4647 Deo,
2592 4580 2804 4637 Esaiam
2834 4581 3121 4651 ponitante
3142 4580 3326 4634 oculos
3352 4578 3562 4650 (Is.,Il,
3596 4576 3684 4649 l9.)
3711 4597 3723 4632 :
3756 4576 3880 4631 Dies
3911 4581 4044 4633 enim

732 4670 837 4721 sire
872 4678 915 4721 et
954 4686 1277 4725 mammona.
1326 4669 1627 4727 Irridebant
1673 4673 1906 4745 denique
1938 4675 2190 4732 Pharismi
2237 4693 2331 4747 pe-
2358 4685 2411 4745 D
2442 4671 2647 4727 Domini
2675 4672 2908 4737 sabaoth,
2936 4672 2990 4725 in
3018 4687 3215 4725 onmem
3236 4670 3655 4724 contumeliosum
3670 4679 3717 4724 et
3737 4669 4040 4737 superbum,

732 4760 904 4814 ennius
923 4760 1122 4830 cupidi,
1152 4762 1292 4832 quod
1321 4761 1709 4820 intellexissent
1731 4765 1937 4823 scilicet
1961 4782 2319 4824 mammonam

2423 4769 2478 4822 in
2498 4783 2694 4822 omnem
2723 4766 2985 4821 sublimem
3015 4777 3061 4821 et
3090 4768 3279 4820 elatum
3303 4782 3321 4831 ;
3361 4773 3408 4819 et
3434 4765 3574 4818 humi
3585 4764 3871 4818 liabuntur.
3912 4763 4043 4819 Pos-

1964 4880 2341 4940 LECTIONES
2383 4880 2795 4941 VARIANTES.

800 4989 871 5051 (I)
897 4989 951 5039 In
972 4987 1103 5040 abest
1126 4988 1222 5041 vult
1247 4988 1469 5043 Ciaccon.

799 5050 871 5115 (2)
894 5051 1133 5103 Dimiuuit
1148 5054 1291 5104 Pam.

2512 4998 2563 5061 5)
2589 4996 2717 5048 Estis
2740 5009 2903 5061 meum
2925 4998 3033 5061 quis
3054 4996 3206 5061 Seml.

2512 4998 2563 5061 5)
2589 4996 2717 5048 Estis
2740 5009 2903 5049 meum
2925 4998 3033 5060 quis
3054 4996 3206 5048 Semt.

2491 4996 2565 5125 id)
2588 5061 2765 5111 Autem
2788 5060 2882 5110 alio
2905 5059 3047 5110 modo
3073 5058 3219 5110 (then.

2098 5144 2471 5202 COMMENTA
2484 5144 2656 5202 BIUS.

811 5248 887 5319 (a)
927 5248 1176 5326 Tcrrenas
1219 5251 1575 5326 promissiones
1589 5254 1724 5326 _uini
1766 5263 1814 5309 et
1850 5256 1966 5311 olei.
1996 5255 2192 5326 Quales
2229 5258 2321 5313 ha-

742 5322 939 5375 bentur
967 5324 1263 5389 saepissime
1300 5324 1350 5377 in
1381 5323 1559 5379 Veteri
1587 5323 1948 5381 Testamento.
1978 5322 2054 5383 Li:
2083 5329 2177 5383 Pa.

809 5392 961 5447 CAP.
984 5392 1387 5470 _XX_XII.-_—:(h)
1413 5394 1660 5449 Exultare
1683 5397 1821 5451 illius
1846 5408 1918 5452 est
1947 5399 2009 5454 de
2034 5401 2325 5470 paenitentia

741 5465 1036 5539 peccatoris.
1062 5464 1173 5539 N_un
1198 5463 1354 5520 video
1379 5480 1474 5539 cur
1505 5476 1777 5539 tantopere
1803 5463 2111 5539 setorqueat
2144 5472 2327 5527 Pame-

742 5538 841 5589 lius
870 5534 1267 5590 uthunclocum
1284 5537 1529 5611 explicet.
1546 5534 1675 5611 Cum
1704 5541 1844 5593 enim
1866 5534 2174 5611 angelorum
2203 5558 2323 5599 esse

742 5610 814 5659 ait
842 5624 901 5680 ex
932 5616 1183 5680 contextu
1226 5609 1551 5680 evangelica,
1605 5608 1826 5680 ideoque
1872 5608 1959 5666 hic
2000 5613 2107 5666 Deo
2142 5614 2323 5669 tribuit

743 5677 885 5746 quod
924 5678 990 5730 de
1016 5678 1221 5747 angelis
1246 5677 1444 5732 dictum
1483 5690 1567 5733 est
1591 5723 1603 5735 .
1644 5677 1882 5736 atténdat
1913 5684 2103 5738 sedulo
2143 5702 2209 5739 ne
2238 5698 2324 5739 se-

748 5751 877 5801 riem
923 5751 1186 5823 sermonis
1214 5749 1554 5823 iittcrtttt'het,
1583 5751 1985 5823 tlisjungatqne;
2043 5772 2161 5808 nam
2192 5756 2326 5809 ordo

742 5830 793 5899 «:t
822 5836 1011 5899 sensus
1031 5820 1219 5899 .laeilis
1245 5831 1346 5883 est,
1382 5821 1449 5874 de
1478 5837 1543 5899 eo
1572 5822 1660 5891 qui
1701 5823 1830 5877 dixit
1916 5826 2022 5881 Deo
2048 5826 2281 5899 sciliuert)
2310 5846 2323 5884 :

739 5889 883 5946 Malo
910 5891 1248 5960 paenitentiam
1274 5893 1567 5963 peccatoris,
1591 5889 1752 5964 quam
1777 5889 2006 5953 mortem.
2050 5896 2125 5953 LE
2153 5897 2249 5955 Pa.

2493 5256 2644 5314 CAP.
2663 5256 2902 5313 XXXIII.
2925 5256 3088 5328 —(c)
3119 5254 3467 5328 Mammonam
3488 5271 3633 5320 quem
3654 5254 3873 5323 intelligi
3902 5257 4034 5312 relit.

2424 5330 2575 5398 Quod
2604 5330 2782 5385 Punici
2806 5330 2987 5385 dicunt
3017 5327 3309 5398 mammon,
3341 5327 3528 5381 Latine
3556 5327 3759 5380 lucrmn
3790 5337 4032 5383 vocatur.

2427 5397 2654 5471 August.
2686 5402 2858 5455 Serm.
2892 5398 3087 5454 XXXV
3115 5399 3182 5453 de
3209 5397 3368 5452 Verh.
3407 5398 3560 5471 Doni.
3592 5398 3710 5453 lite.

2502 5468 2581 5541 (vd)
2607 5473 2939 5526 Ammentuvit
2960 5472 3089 5525 hanc
3115 5472 3432 5524 sententiam.
3457 5468 3519 5523 Ut
3541 5469 3773 5537 iaculum
3797 5471 4031 5525 intorsit.

2434 5540 2590 5598 Varie
2643 5543 2894 5597 scrihitnr
2942 5544 2991 5595 in
3044 5541 3193 5595 MSS.
3248 5544 3556 5609 Amentum,
3613 5540 3940 5595 .\dlll(',ttltllll
3990 5553 4040 5597 et

2428 5617 2789 5669 Annnentum.
2810 5614 3054 5669 Graecum
3073 5622 3154 5667 est
3170 5616 3331 5680 ἄμμι.
3356 5612 3553 5667 lite.—
3571 5610 3623 5664 Id
3647 5622 3750 5675 est,
3772 5612 4039 5680 iaculatus

2428 5696 2529 5751 eSI,
2562 5687 2772 5741 emisit:
2803 5687 2868 5739 ah
2896 5695 3129 5751 amento,
3161 5683 3302 5753 quod
3325 5683 3494 5737 lorum
3524 5684 3807 5751 signiﬁcat,
3837 5684 4041 5738 deduc-

2430 5768 2539 5811 tttm
2574 5760 2790 5809 verbum
2820 5766 3111 5811 atnentare.
3146 5756 3319 5810 RnEN.

2500 5828 2577 5898 (ει)
2622 5828 2775 5882 Miser
2804 5830 2952 5881 homo
2980 5828 3064 5897 qui
3091 5844 3229 5897 spem
3256 5825 3419 5879 habet.
3454 5834 3555 5877 etc.
3608 5822 3824 5898 De_bttit_
3848 5823 4032 5884 dicere

2428 5894 2758 5963 maledictus,
2788 5914 2908 5956 nam
2938 5894 3126 5973 grtece
3142 5909 3224 5955 est
3250 5903 3625 5969 ieiunam”.
3672 5894 3749 5949 Ls
3792 5894 3893 5951 Pa.
