4268 6492
222 412 323 468 ιιι

1285 411 1413 466 LIB.
1440 409 1502 466 IV
1545 410 1913 469 ADVERSUS
1950 408 2378 466 MARCIONEM.

3416 412 3528 470 ΗΞ

224 543 340 582 sunt
393 527 503 598 jam
557 525 830 598 colligere,
873 540 968 581 cur
1013 534 1161 582 tanto
1207 541 1322 583 arvo
1368 527 1506 582 Deus
1537 527 1820 582 Marcionis
1847 527 1896 585 Α
1929 543 1948 577 ‹
1995 529 2208 598 gotium,
2250 527 2431 581 scribet
2482 526 2711 582 libellum
2745 528 2967 598 repudii,
3020 539 3066 585 et
3094 529 3230 585 dabit
3269 530 3321 584 in
3371 546 3527 586 manu

224 621 388 674 fuerit
417 621 469 674 in
501 620 730 674 occulto.
782 619 1172 689 Exspectabat,
1217 623 1445 690 Opinor,
1491 621 1661 676 donec
1711 621 1825 676 hare

225 712 403 764 omnia
465 711 694 766 disceret
733 727 761 764 a
793 711 1071 768 Creatore.
1131 712 1322 766 Didicit
1369 727 1497 781 ergo
1541 728 1706 782 usque
1757 714 1821 768 ad

225 804 449 857 Joannis
481 813 740 873 tempora,
773 813 931 873 atque
965 804 1033 857 ita
1076 803 1266 858 exinde
1310 804 1570 875 processit
1620 819 1826 858 annun-

226 898 358 949 tiare
385 911 608 965 regnum
641 895 728 948 Dei
753 897 937 949 dicens
965 913 976 948 :
1015 894 1091 966 (η)
1145 893 1250 948 Lex
1277 905 1322 949 et
1353 893 1626 966 Prop/tete
1671 911 1828 964 usque

225 989 294 1040 ad
322 988 615 1050 Joannem,
657 1003 718 1040 ex
756 1004 852 1054 quo
894 1003 1100 1056 regnum
1144 986 1236 1040 Dei
1282 989 1632 1042 annuntiatur.
1665 987 1824 1054 Quasi

227 1096 332 1132 non
377 1088 430 1133 et
475 1094 570 1132 uOs
613 1079 832 1132 limitem
877 1079 1159 1148 quemdam
1188 1094 1541 1150 agnosCamus
1564 1079 1824 1135 Joannem

225 1173 572 1226 coiistitutum
620 1172 755 1226 inter
783 1181 959 1225 vetera
996 1182 1049 1226 et
1075 1188 1230 1236 nova,
1262 1174 1327 1226 ad
1373 1189 1531 1242 quem
1560 1173 1826 1229 desineret

221 1263 542 1332 judaismus,
591 1272 645 1317 et
681 1277 708 1314 a
754 1278 859 1332 quo
905 1264 1162 1332 inciperet
1201 1264 1670 1319 christianismus:
1721 1279 1826 1319 non

229 1366 404 1408 tamen
453 1366 508 1408 ut
550 1355 617 1406 ab
656 1354 755 1408 alia
800 1355 992 1410 virtute
1042 1355 1178 1410 facta
1223 1357 1292 1411 sit
1335 1357 1543 1412 sedatio
1591 1357 1744 1427 Legis
1775 1367 1829 1413 et

228 1445 646 1516 Prophetarum,
675 1455 729 1500 et
757 1447 981 1501 initiatio
1018 1447 1316 1516 Evangelii,
1359 1449 1408 1502 in
1454 1465 1561 1518 quo
1611 1459 1694 1505 est
1733 1448 1827 1504 Dei

226 1553 472 1607 regnum,
503 1536 747 1591 Christus
777 1539 906 1607 ipse.
933 1537 1063 1592 Nam
1092 1539 1191 1592 etsi
1224 1539 1564 1608 probavimus
1596 1552 1647 1595 et
1680 1551 1828 1596 vete-

223 1645 279 1683 ra
335 1630 623 1685 transitura
671 1642 726 1684 et
774 1646 907 1684 nova
959 1646 1273 1685 suceessura
1329 1631 1464 1704 (ls.,
1507 1632 1826 1704 XI.II|,19)

226 1722 502 1791 prtedicari
549 1738 578 1776 a
626 1723 911 1788 Creatore;
958 1725 1002 1778 si
1051 1733 1106 1778 et
1147 1723 1381 1780 Joannes
1420 1735 1734 1782 antecursor
1778 1739 1831 1781 et

223 1825 554 1883 prarparator
598 1816 899 1870 ostenditur
951 1817 1155 1870 viarum
1204 1816 1434 1884 Domini,
1489 1820 1829 1890 Evangelium

1934 638 1952 671 ι
1999 621 2128 689 ejus,
2159 631 2205 674 et
2237 620 2451 674 dimittet
2478 621 2622 674 illam
2666 622 2728 675 de
2772 621 2922 677 domo
2959 639 3074 677 sua.
3103 622 3268 679 Vides
3298 622 3528 680 diversi-

1932 728 1952 762 α
2001 721 2159 766 tatem
2213 711 2370 782 Legis
2415 721 2472 767 et
2517 713 2830 783 Evangelii,
2873 713 3038 786 Moysi
3083 723 3137 770 et
3206 715 3456 770 Christi?
3503 737 3522 770 ι

1930 802 2108 858 Plane.
2144 803 2258 857 Non
2290 804 2433 858 enim
2465 805 2712 873 recepisti
2763 805 2890 859 illud
2935 821 3147 876 quoque
3195 806 3530 878 Evangelium

1931 895 2172 967 (Matth,
2205 895 2412 969 ΧΙΧ,8)
2445 897 2670 967 ejusdem
2699 898 2941 965 veritatis,
2964 907 3018 954 et
3040 899 3280 969 ejusdem
3309 901 3527 968 Christi,

1932 990 1982 1042 in
2023 1003 2129 1059 quo
2160 989 2450 1058 prohibens
2501 991 2811 1057 divortium,
2857 992 3126 1062 propriam
3180 993 3529 1062 qumsti0tietn

1929 1081 2046 1147 ejus
2094 1079 2360 1135 absolvit:
2409 1080 2612 1152 Moyses
2653 1091 2857 1152 prapter
2900 1083 3138 1137 duritiam
3183 1085 3350 1138 cordis
3377 1085 3530 1139 vestri

1933 1176 2168 1243 prteccpit
2195 1174 2417 1228 libellum
2451 1177 2649 1243 repudii
2673 1176 2830 1239 dare;
2873 1193 2906 1229 α
2935 1178 3211 1244 primordio
3234 1188 3399 1231 autem
3429 1196 3531 1233 non

1932 1269 2144 1340 fuitsic,
2176 1271 2294 1338 quia
2323 1269 2510 1322 scilicet
2549 1270 2634 1339 qui
2687 1286 2876 1324 marem
2924 1280 2972 1324 et
3019 1272 3275 1340 fmminam
3321 1275 3530 1339 fecerat,

1936 1359 2102 1414 Erunt
2126 1361 2248 1424 duo,
2283 1359 2502 1422 dixerat,
2532 1361 2584 1412 in
2622 1376 2774 1414 carne
2803 1377 2902 1414 una
2931 1359 3010 1431 (2)
3038 1375 3056 1424 ;
3086 1361 3221 1431 quod
3261 1360 3396 1415 Deus
3429 1362 3532 1415 ita-

1931 1465 2028 1518 que
2045 1450 2240 1518 junxit,
2273 1449 2422 1502 homo
2449 1450 2749 1517 disjunxerit
2777 1450 2857 1522 (3)
2883 1450 2906 1503 ?
2941 1450 3052 1506 Hoc
3079 1452 3221 1506 enim
3251 1467 3532 1522 responso,

1932 1551 1987 1596 et
2011 1541 2177 1612 Moysi
2204 1542 2638 1596 constitutionem
2663 1543 2922 1611 protexit,
2954 1553 3009 1598 ut
3033 1543 3148 1608 sui;
3182 1553 3234 1597 et
3262 1544 3536 1600 Creatoris

1935 1636 2319 1690 institutionem
2358 1635 2578 1702 direxit,
2610 1645 2666 1689 ut
2709 1635 2954 1690 Christus
2997 1636 3185 1705 ipsius.
3214 1635 3319 1691 Sed
3351 1646 3534 1706 quate-

1936 1743 2036 1782 nus
2065 1745 2127 1783 ex
2157 1729 2238 1782 his
2273 1729 2627 1783 revincendus
2657 1743 2736 1792 es,
2771 1744 2888 1797 qum
2912 1729 3180 1798 recepisti,
3209 1730 3286 1784 sic
3319 1729 3410 1782 tibi
3437 1742 3533 1784 oc-

1933 1836 2167 1885 curram,
2195 1835 2259 1875 ae
2284 1821 2328 1875 si
2354 1837 2502 1875 meus
2519 1821 2784 1875 Christus.
2815 1820 3003 1875 Nonne
3030 1832 3078 1874 et
3109 1822 3222 1890 ipse
3247 1821 3536 1890 prohibens

220 1908 618 1976 s-iperditcturi,
653 1918 706 1962 et
730 1924 949 1978 regnum
982 1908 1073 1964 Dei
1112 1911 1490 1980 promulgaturi
1520 1927 1533 1974 ;
1559 1922 1695 1966 etes
1728 1911 1830 1967 hoc
1863 1923 1906 1981 Β
1933 1916 2242 1980 divortium,
2275 1924 2327 1968 et
2363 1924 2565 1984 patrem
2597 1923 2773 1968 tamen
2812 1923 3024 1984 gestans
3056 1914 3135 1986 (ι)
3163 1930 3282 1968 eum
3311 1915 3397 1984 qui
3427 1928 3539 1968 ma-

215 2000 324 2066 jam
355 2001 497 2070 quod
529 2001 762 2056 Joannes
789 2003 956 2068 venit,
989 2004 1100 2073 ipse
1128 2005 1230 2058 erit
1253 2004 1518 2069 Chrisms,
1547 2006 1637 2075 qui
1667 2006 1833 2062 Joan-

221 2108 342 2145 nem
377 2103 493 2147 erat
534 2093 949 2159 subsecuturus,
999 2105 1054 2148 ut
1097 2105 1527 2160 antecurst‘went;
1558 2108 1612 2152 et
1646 2101 1690 2154 si
1731 2099 1830 2153 de.

218 2187 429 2239 sierunt
480 2196 679 2252 vetera,
717 2197 769 2241 et
798 2198 1080 2256 cmpernnt
1111 2205 1244 2242 nova
1299 2191 1560 2246 interstite
1602 2190 1830 2261 Joanne,

221 2295 328 2332 non
363 2281 466 2333 erit
495 2281 686 2334 mit-mn
725 2281 866 2350 quod
911 2298 973 2336 ex
1013 2283 1366 2352 dispositione
1405 2294 1490 2340 est
1541 2285 1832 2340 Creatoris.

221 2384 278 2426 nt
309 2373 525 2428 aliunde
586 2374 667 2446 (ι)
716 2377 880 2444 magis
931 2376 1202 2445 probetur,
1256 2392 1414 2446 quam
1465 2393 1530 2432 es
1584 2377 1740 2448 Legis
1779 2389 1834 2433 et

227 2467 612 2536 Prophetarum
669 2468 719 2521 in
769 2467 1032 2522 Joannem
1080 2483 1296 2535 occasu,
1353 2478 1407 2524 et
1455 2471 1649 2526 exinde
1689 2481 1832 2539 ortu,

224 2577 450 2630 reg-ium
499 2561 610 2615 Dei.
656 2559 904 2614 Transeat
966 2561 1123 2630 igitur
1152 2561 1334 2614 caelum
1375 2573 1421 2616 et
1474 2573 1606 2616 terra
1661 2564 1831 2627 citius,

227 2653 367 2706 sicut
395 2661 449 2707 et
489 2652 596 2706 Lex
647 2662 700 2706 ct
741 2653 1042 2723 Propheta,
1075 2669 1226 2720 quam
1252 2670 1381 2706 unus
1410 2671 1544 2723 apex
1572 2657 1836 2710 verborum

228 2743 460 2798 Domini.
524 2742 735 2797 Verbum
772 2745 937 2809 enim,
988 2746 1156 2814 inquit
1201 2743 1340 2816 (Is.,
1366 2744 1476 2810 XL,
1507 2746 1576 2816 8)
1610 2746 1831 2813 Estiias,

234 2835 330 2889 Dei
381 2840 548 2889 nostri
599 2847 762 2891 manet
809 2839 861 2890 in
901 2855 1083 2892 arvum.
1118 2837 1245 2892 Nam
1292 2840 1540 2908 quoniam
1597 2841 1646 2894 in
1680 2839 1834 2896 Esaia

226 2929 334 2996 jam
367 2938 490 2982 tunc
518 2927 781 2993 Christus,
817 2930 1006 2984 Sermo
1047 2931 1249 2985 scilicet
1276 2940 1325 2985 et
1345 2931 1564 2998 spiritus
1609 2929 1834 2986 Creato-

231 3020 328 3083 ris,
361 3020 621 3074 Joannem
668 3020 1001 3089 prtedicarat,
1033 3037 1200 3073 roccm
1227 3022 1495 3074 clantantis
1527 3025 1577 3075 in
1616 3023 1834 3088 deserto,

233 3127 419 3179 parare
457 3112 589 3163 viam
625 3110 859 3177 Domini,
891 3113 940 3166 in
991 3112 1090 3165 hoc
1135 3121 1416 3167 venturum
1471 3123 1526 3167 ut
1579 3112 1737 3182 Legis
1784 3125 1838 3168 et

234 3202 622 3272 Prophetarum
671 3205 803 3256 ordo
851 3204 1042 3258 exinde
1084 3215 1336 3269 cessaret,
1369 3221 1464 3274 per
1503 3205 1837 3276 adimpletioo

1937 2023 2049 2062 rem
2089 2017 2143 2061 et
2193 2006 2463 2062 heminam
2507 2006 2710 2075 junxit,
2760 2007 3097 2060 excusaverit
3157 2006 3332 2076 potius
3379 2022 3536 2076 quam

1937 2098 2264 2152 destruxerit
2290 2097 2454 2168 Moysi
2487 2097 2964 2152 consdtutionem?
3005 2096 3110 2151 Sed
3142 2111 3268 2152 ecce
3312 2097 3389 2152 sic
3421 2107 3540 2153 tuus

1937 2191 2007 2245 sit
2031 2192 2129 2244 iste
2148 2189 2394 2244 Christus
2423 2189 2748 2244 contrarium
2776 2188 2976 2244 docens
3007 2188 3168 2259 Moysi
3196 2200 3249 2243 et
3276 2189 3537 2256 Creatori,

1939 2292 1996 2336 ut
2024 2283 2068 2335 si
2098 2297 2202 2335 nou
2227 2281 2552 2334 contrarium
2580 2279 2888 2341 ostendero,
2925 2294 3074 2334 meus
3101 2281 3188 2334 sit.
3239 2279 3368 2334 Dico
3393 2280 3538 2334 enim

1939 2374 2087 2428 ilhnn
2115 2373 2544 2428 conditionaliter
2571 2386 2710 2426 nunc
2741 2370 2933 2426 fecisse
2983 2370 3195 2426 divortii
3227 2370 3541 2440 prohibitio-

1939 2484 2083 2528 nem,
2115 2467 2157 2520 si
2188 2465 2307 2519 ideo
2336 2464 2454 2536 quis
2493 2464 2728 2518 dimittat
2757 2478 3002 2526 uxorem,
3036 2471 3094 2516 ut
3130 2462 3287 2516 aliam
3341 2463 3538 2516 ducat:

1942 2557 2044 2624 Qui
2071 2557 2339 2620 dimiserit,
2370 2555 2560 2624 inquit,
2586 2570 2832 2617 uxorem,
2862 2563 2907 2607 et
2934 2553 3090 2606 aliam
3116 2554 3348 2618 duxerit,
3382 2552 3536 2605 adul-

1937 2653 2118 2705 teriunt
2163 2650 2452 2712 commisit,
2494 2659 2540 2701 et
2583 2649 2668 2717 qui
2715 2663 2745 2700 a
2787 2647 2968 2699 ntarito
3015 2645 3273 2699 dimissam
3318 2645 3539 2709 duxerit,

1937 2761 2077 2810 mque
2103 2744 2305 2796 adulter
2347 2753 2462 2805 est;
2506 2757 2571 2797 ex
2603 2741 2788 2796 eadem
2821 2741 3004 2809 utique
3031 2753 3216 2793 caussa
3265 2737 3379 2810 (5),
3437 2752 3542 2807 qua

1940 2853 2045 2892 non
2073 2835 2198 2891 licet
2222 2835 2437 2899 dimitti,
2471 2845 2526 2889 ut
2553 2834 2652 2888 alia
2683 2833 2947 2888 ducatur:
2982 2833 3162 2888 illicite
3185 2832 3326 2887 enim
3357 2831 3544 2886 dimis-

1939 2945 2052 2984 sam
2101 2944 2198 2997 pro
2245 2927 2519 2982 indimissa
2547 2925 2768 2988 ducens,
2813 2924 3022 2980 adulter
3048 2933 3148 2978 est.
3179 2923 3354 2978 Manet
3397 2923 3542 2978 enim

1941 3020 2338 3076 matrimonium
2369 3019 2509 3089 quod
2545 3035 2648 3073 non
2679 3018 2780 3071 rite
2809 3015 3132 3086 diremptum
3159 3027 3262 3070 est.
3295 3014 3544 3070 Manente

1941 3113 2283 3168 matrimonio
2330 3112 2550 3174 nubere,
2599 3108 2921 3163 adulterium
2963 3116 3066 3164 est.
3100 3106 3172 3161 Ita
3205 3107 3248 3160 si
3280 3105 3544 3160 conditio-

1941 3209 2133 3262 naliter
2176 3205 2444 3276 prohibuit
2476 3204 2745 3258 dimittere
2795 3217 3040 3267 uxorem,
3101 3215 3206 3255 non
3259 3201 3312 3255 in
3373 3209 3541 3255 totum

233 3313 380 3362 nem,
413 3313 516 3350 non
551 3314 642 3366 per
672 3297 1114 3361 destructionem,
1146 3308 1198 3353 et
1230 3315 1448 3368 regnum
1484 3301 1575 3355 Dei
1619 3317 1647 3353 a
1677 3298 1830 3354 Clu'i-
1859 3310 1904 3371 ρ
1942 3300 2248 3369 prohibuit;
2281 3295 2356 3370 (b)
2388 3306 2441 3352 et
2468 3295 2608 3365 quod
2640 3311 2746 3350 non
2794 3293 3070 3366 prohibuit
3102 3292 3152 3347 in
3199 3301 3390 3355 totum,
3426 3307 3546 3362 per-

231 3401 316 3441 sto
348 3391 795 3454 aununtiaretur;
829 3391 945 3444 ideo
990 3392 1280 3455 Subtexuit,
1333 3394 1534 3462 facilius
1585 3395 1831 3448 elementa

231 3482 531 3542 transitura,
567 3498 717 3549 quant
749 3483 894 3536 verba
919 3499 1012 3537 sua
1036 3501 1052 3546 ;
1077 3483 1402 3538 conﬁrmans
1449 3485 1550 3540 hoc
1590 3502 1828 3557 quoque,

231 3573 374 3642 quod
393 3574 460 3628 de
485 3573 688 3629 Joanne
709 3576 933 3639 dixerat,
967 3594 1070 3630 non
1106 3578 1446 3644 pra-teriisse.

786 3666 1012 3723 CAPUT
1055 3667 1293 3725 XXXIV.

309 3779 327 3808 σ
378 3759 484 3814 Sed
524 3759 770 3814 Christus
817 3761 1101 3816 divortium
1152 3762 1416 3831 prohibet,
1463 3762 1648 3819 dicens
1691 3763 1830 3830 :Qui

304 3853 548 3905 dimiserit
579 3869 789 3906 uxorem
815 3871 980 3918 suam,
1015 3866 1059 3908 et
1090 3857 1244 3909 aliam
1273 3857 1491 3925 duxerit,
1525 3857 1830 3914 adulterium

303 3944 603 3997 committit:
633 3947 718 4014 qui
758 3945 1018 4000 dimissum
1039 3963 1069 3999 a
1099 3950 1203 4000 viro
1243 3949 1476 4014 duxerit,
1517 3967 1655 4019 teque
1682 3953 1832 4006 adul-

308 4045 384 4089 ter
411 4047 500 4090 est.
527 4036 597 4092 Ut
622 4038 698 4091 sic
727 4054 937 4107 quoque
980 4038 1258 4108 prohibeat
1305 4039 1613 4107 divortium,
1674 4042 1831 4096 illici-

310 4138 419 4182 tum
472 4129 598 4183 facit
642 4131 932 4200 repudiate
974 4131 1398 4187 matrimonium.
1445 4135 1654 4206 Moyses
1701 4152 1834 4192 vero

307 4222 863 4292 permittitrepudimu
893 4224 945 4276 in
976 4225 1610 4294 Deuteronomio(Deut.,
1641 4227 1831 4294 XXIV,

311 4315 367 4382 1)
401 4331 412 4364 :
467 4315 527 4370 Si
573 4317 840 4384 sumpserit
887 4319 998 4385 quis
1031 4334 1262 4384 uxorem,
1309 4328 1354 4372 et
1395 4320 1693 4375 habitaverit
1723 4340 1837 4377 cunt

307 4423 403 4471 ea,
457 4416 502 4460 ct
544 4410 757 4460 evenerit
809 4425 909 4462 non
939 4410 1160 4463 invenire
1211 4427 1325 4464 eant
1369 4413 1510 4481 apud
1553 4431 1667 4468 eum
1713 4432 1834 4485 gra-

307 4502 465 4566 tiam,
499 4516 557 4555 eo
584 4503 719 4571 quod
759 4503 1009 4556 inventum
1063 4503 1128 4557 sit
1177 4505 1230 4557 in
1276 4504 1367 4558 illa
1400 4505 1714 4576 impudicum
1747 4524 1836 4561 ne-

236 3872 254 3900 (

238 3965 253 3991 I

238 4057 255 4085 l

237 4148 253 4177 ι

237 4242 254 4272 ἰ

237 4333 254 4363 ί

238 4424 255 4455 ι

241 4522 257 4550 1

1938 3394 2082 3448 misit
2121 3393 2273 3458 alias,
2325 3389 2413 3445 ubi
2461 3404 2648 3444 caussa
2703 3397 2877 3442 cessat
2923 3388 2992 3442 ob
3047 3401 3204 3455 quam
3247 3384 3540 3454 prohibuit.

1938 3488 2107 3540 Etiam
2138 3501 2242 3539 non
2273 3482 2598 3538 contrarium
2626 3479 2795 3551 Moysi
2818 3478 2994 3543 docet,
3028 3477 3179 3546 cujus
3207 3486 3538 3546 praeceptum

1935 3579 2128 3634 alicubi
2175 3587 2497 3640 conservat,
2546 3571 2947 3635 uoudmndico,
2979 3569 3289 3625 conﬁrmat.
3348 3569 3456 3622 Aut
3496 3568 3543 3624 si

1936 3671 2156 3726 omnino
2183 3684 2346 3739 negas
2373 3667 2609 3738 permitti
2637 3665 2926 3719 divortium
2956 3678 2985 3717 a
3014 3662 3250 3728 Christo,
3273 3661 3545 3732 quomodo

1937 3775 1992 3818 tu
2025 3765 2234 3834 nuptias
2261 3763 2492 3826 dirimis,
2527 3775 2626 3815 nec
2653 3758 2986 3830 conjungens
3019 3772 3218 3811 marem
3261 3766 3316 3810 et
3365 3755 3542 3811 {cemi-

1939 3874 2082 3923 nam,
2137 3871 2236 3912 nec
2279 3856 2402 3908 alibi
2449 3857 2764 3921 conjunctos
2807 3851 2872 3904 ad
2919 3860 3314 3904 sacramentum
3347 3847 3546 3917 baptis-

1941 3952 2096 4004 matis
2139 3959 2190 4002 et
2235 3945 2586 4002 Eueharistia:
2614 3944 2924 4004 admittens,
2961 3941 3062 3994 nisi
3109 3941 3246 3994 inter
3275 3954 3334 3994 se
3359 3939 3546 4008 conju-

1940 4043 2180 4096 raverint
2212 4040 2285 4112 (ς)
2311 4041 2570 4096 adversus
2597 4037 2826 4090 fructum
2851 4034 3179 4104 nuptiarum,
3205 4043 3263 4088 ιιι
3286 4033 3546 4088 adversus

1941 4135 2112 4204 ipsum
2142 4132 2494 4188 Creatorem?
2527 4130 2684 4186 Certe
2709 4129 2834 4199 qttid
2863 4128 2990 4183 facit
3021 4127 3105 4200 (ti)
3135 4127 3276 4198 apud
3309 4137 3360 4182 te
3383 4126 3547 4181 mari-

1942 4241 2046 4294 tus,
2079 4231 2121 4283 si
2170 4242 2305 4282 uxor
2332 4227 2449 4296 ejus
2473 4224 2805 4280 commiserit
2843 4222 3210 4277 adulterium?
3255 4220 3546 4276 habebitne

1941 4323 2132 4378 illam?
2162 4321 2267 4376 Sed
2299 4333 2398 4374 nec
2432 4327 2579 4372 tuum
2611 4315 2914 4384 apostolum
2945 4315 3122 4368 sinere
3164 4311 3248 4384 (7)
3283 4311 3389 4366 scis
3416 4326 3547 4366 con-

1940 4416 2091 4486 jungi
2150 4412 2450 4483 prostituta:
2506 4409 2745 4464 membra
2803 4406 3020 4462 Christi.
3075 4405 3241 4459 liabet
3274 4404 3449 4474 itaque
3491 4414 3547 4460 et

1941 4508 2213 4564 Christum
2243 4515 2566 4561 assertorem
2625 4501 2705 4576 (ιι)
2751 4501 2953 4572 justitia
2984 4497 3218 4555 divortii.
3251 4496 3368 4554 Jam
3419 4496 3546 4554 hinc

1469 4643 1849 4704 LECTIONES
1891 4645 2191 4702 VARIAN'I‘
2201 4644 2302 4700 ES.

304 4754 373 4818 (Ι)
404 4753 542 4805 Unde
566 4755 708 4806 Pam.
733 4755 997 4805 undeunde
1023 4756 1127 4808 Lat.

297 4818 373 4876 (2)
402 4818 454 4866 ln
480 4830 676 4867 carnem
699 4831 842 4867 unam
869 4827 1016 4868 Frtm.

296 4884 372 4946 (ἔξ)
398 4881 504 4946 δοκι
526 4883 779 4942 disgungit
801 4889 950 4932 Fran.

299 4943 374 5004 (4)
401 4943 607 4995 'l'estans
634 4946 734 4996 Lat.

1853 4760 1905 4825 Ι)
1996 4757 2046 4945 g5
2093 4757 2352 4807 Dimissam
2375 4754 2497 4806 add.
2525 4754 2722 4806 Oberth.

2016 4822 2046 4870 6
2096 4820 2260 4869 Faciet
2276 4818 2385 4868 cod.
2421 4819 2654 4868 Wouver.

2018 4769 2069 4946 7i
2091 4883 2199 4934 Scis
2220 4883 2368 4934 omitt.
2396 4880 2546 4933 ἔνιαι.

2018 4883 2044 4931 ’1

2096 4820 2260 4869 Faciet
2276 4818 2385 4868 cod.
2421 4819 2654 4868 Wouver.

2091 4883 2199 4934 Scis
2220 4883 2368 4934 omitt.
2396 4880 2546 4933 ἔνιαι.

1586 5050 1960 5109 COMMENTA
1973 5051 2148 5110 RIUS.

309 5190 390 5270 (ξι)
419 5188 526 5270 Lex
544 5198 590 5242 et
618 5187 888 5270 Propheta
901 5204 1055 5270 usque
1073 5187 1140 5242 ad
1152 5185 1534 5270 oannem,etc-.
1554 5187 1798 5270 Frequen
1809 5217 1830 5229 -

236 5263 444 5316 tissime
485 5263 620 5315 hanc
635 5259 951 5328 scripturam
969 5261 1218 5330 allegavit
1247 5263 1446 5314 Auctor
1461 5259 1582 5315 adv.
1610 5260 1831 5315 Marcio-

236 5351 359 5388 nem
394 5334 494 5387 hoc
515 5332 629 5400 ipso
659 5332 811 5394 lihro,
839 5346 903 5386 eo
930 5332 1071 5401 quod
1111 5347 1227 5394 eam
1256 5334 1441 5386 citaret
1471 5347 1567 5400 pro
1596 5347 1653 5384 se
1695 5331 1830 5385 Mar.

234 5407 356 5459 cion
385 5421 398 5464 ;
434 5401 526 5458 sed
569 5401 789 5473 pulchre
815 5403 1066 5466 deducit,
1107 5404 1268 5457 etiam
1298 5402 1516 5458 Joannis
1547 5402 1828 5457 adventum

237 5474 548 5544 praedictum
603 5490 629 5526 a
680 5473 936 5528 Creatore
958 5516 971 5535 ,
1009 5483 1117 5527 tum
1160 5473 1244 5528 hic
1271 5517 1285 5539 ,
1319 5484 1427 5528 tum
1471 5474 1616 5527 alibi.
1648 5473 1830 5540 Quid?

236 5545 386 5612 Quod
425 5545 746 5616 Epiphanius
773 5544 994 5616 (conlut.
1030 5546 1120 5613 45)
1154 5544 1276 5599 inde
1318 5545 1501 5614 probet
1527 5587 1540 5610 ,
1583 5544 1829 5600 euntdent

239 5633 358 5672 esse
389 5616 552 5669 Deum
583 5615 915 5677 Creatorem,
946 5626 1000 5670 et
1029 5616 1190 5671 Deum
1223 5616 1451 5680 Christi,
1482 5616 1620 5684 quod
1665 5619 1831 5668 nomi-

239 5704 370 5743 nans
421 5690 587 5756 legem
641 5698 693 5741 et
747 5687 1057 5754 prOphetas,
1116 5703 1288 5757 neque
1345 5689 1671 5756 iniquitatem
1729 5687 1833 5741 illis

239 5759 578 5823 adscribcns,
615 5758 788 5812 eidem
833 5759 1193 5812 testimonium
1231 5760 1479 5827 przebeat.
1511 5760 1669 5826 Atqui
1702 5759 1831 5827 Epi-

242 5832 468 5899 phanius
512 5832 678 5898 magis
724 5829 868 5883 clare
926 5831 1114 5893 vertit,
1166 5847 1228 5884 ex
1281 5845 1345 5884 eo
1396 5840 1652 5899 tempore,
1710 5846 1833 5886 nam

241 5916 412 5976 graece
439 5901 579 5973 apud
609 5899 809 5958 Lucam
836 5908 920 5958 est
946 5905 1041 5958 ἀπὸ
1070 5911 1174 5956 rm
1202 5909 1256 5958 et
1291 5906 1493 5958 Auctor
1533 5901 1830 5971 obscurius,

1937 5206 2160 5315 “(2)::
2182 5188 2590 5328 ξῖἆινρ-μη
2616 5252 2681 5308 Et
2708 5254 2843 5323 quod
2866 5268 2964 5306 non
2997 5250 3252 5328 prohibuit
3277 5251 3328 5328 in
3346 5258 3540 5328 totum,

1940 5333 2187 5400 permisit.
2219 5332 2373 5384 Aliud
2397 5340 2468 5384 est
2490 5320 2581 5382 ubi
2598 5320 2782 5380 caussa
2809 5332 2990 5400 cessat.
3027 5322 3081 5376 In
3103 5322 3396 5400 exemplari
3422 5320 3545 5390 legi-

1940 5391 2046 5467 iur,
2076 5406 2127 5456 in
2157 5413 2315 5456 totum
2335 5401 2582 5471 permisit.
2607 5399 2722 5451 Alia
2743 5396 2925 5471 subjici
2943 5410 3130 5471 caussa
3143 5401 3325 5471 cessat.
3346 5391 3422 5471 Ex
3444 5407 3542 5445 cu-

1933 5474 2021 5542 jus
2035 5462 2577 5542 'set-ipturtekestigiis
2591 5471 2665 5524 sic
2680 5462 2955 5542 emendari
2980 5465 3176 5542 debere
3204 5462 3345 5515 hunc
3367 5462 3543 5542 locum

1936 5534 2294 5599 arbitramur:
2324 5541 2387 5596 Et
2427 5534 2563 5611 qtiod
2593 5557 2690 5593 non
2721 5538 2975 5610 prohibuit
3107 5543 3284 5611 totum,
3317 5534 3543 5603 permisit

1937 5616 2088 5676 alias.
2119 5616 2200 5668 ubi
2231 5631 2408 5668 caussa
2438 5605 2598 5666 cessat
2628 5611 2688 5664 ob
2717 5605 2865 5680 quam
2895 5608 3171 5680 prohibuit.
3204 5605 3324 5660 RIG.

2010 5688 2086 5759 (c)
2135 5689 2383 5739 Adversus
2403 5677 2955 5759 fructumnuptiarum.
3001 5677 3152 5759 Quod
3201 5689 3394 5744 nempe
3417 5688 3539 5743 cap.

1938 5749 2026 5821 23,
2059 5749 2279 5828 fructum
2307 5749 2542 5828 connubii
2586 5754 2753 5828 dixit,
2781 5752 2898 5828 hoc
2937 5761 3041 5828 est__
3070 5749 3360 5803 liberorum
3413 5761 3538 5815 pro-

1937 5820 2284 5888 creationem.
2325 5828 2396 5882 De
2427 5827 2509 5880 his
2544 5839 2641 5880 nos
2667 5824 2818 5880 alibi.
2881 5823 2955 5876 Le
3009 5820 3103 5875 Pa.

2012 5901 2092 5975 (d)
2136 5899 2348 5958 Iustitia
2405 5897 2625 5955 divortii.
2678 5895 2778 5954 Hic
2832 5893 3042 5950 videtur
3087 5890 3299 5948 illorum
3354 5888 3537 5947 favere
