4268 6492
713 395 822 456 445

2130 390 2588 450 TERTULLIANI

3900 391 4011 448 444

714 512 1064 568 conﬁrmatur
1089 510 1268 567 abillo
1297 510 1524 584 Moyses,
1547 526 1611 568 ex
1635 511 1826 567 eodem
1848 511 2000 567 titulo
2017 509 2306 580 prohibens
2333 510 2385 568 Α
2413 509 2569 563 hente
2593 525 2657 563 ex
2683 508 2769 563 illa
2803 508 2987 576 ﬁliam,
3020 518 3075 564 et
3098 509 3180 565 vel
3208 523 3274 564 eo
3304 509 3517 565 nomine
3540 510 3760 576 illicite;
3790 525 3855 567 ex
3887 511 4016 566 libi-

716 605 1020 675 repudium,
1050 620 1158 676 quo
1185 615 1237 660 et
1261 603 1526 671 Christus,
1556 605 1599 659 si
1627 609 1898 660 inventum
1927 604 2085 660 fuerit
2114 605 2164 659 in
2193 620 2309 658 nm-

2413 600 2574 666 diuis,
2600 615 2704 654 non
2733 616 2800 654 ex
2836 601 2966 671 legis
2992 601 3278 666 instinctu;
3309 617 3369 656 ac
3397 611 3679 671 propterea
3711 601 4011 673 prapheten

718 697 852 754 liere
904 698 1167 767 negetium
1220 698 1564 766 impudicum.
1617 697 1749 752 Nam
1799 707 1853 752 et
1909 697 1959 752 in
2022 697 2310 766 Evangelia
2411 708 2622 764 quoque
2652 702 2974 748 assertorem
2997 692 3128 764 legis
3164 693 3457 748 occiderat.
3509 693 3620 747 IIoc
3663 693 3792 746 mihi
3840 693 4015 748 disse-

720 787 952 843 Matthaei
981 786 1220 858 (Matth.,
1253 787 1319 854 V,
1351 787 1444 860 ‘52)
1472 806 1482 841 :
1521 789 1622 854 Qui
1650 789 1914 852 dimiserit,
1941 789 2130 858 inquit,
2176 804 2310 842 uxo-

719 896 826 935 rem
849 897 992 934 suam
1017 891 1198 950 praeter
1217 897 1449 936 caussam
1475 882 1731 946 adulterii,
1761 883 1886 952 facit
1914 899 2024 936 eam
2053 883 2312 936 adultera-

719 973 767 1026 τί
788 988 807 1038 ;
827 983 973 1043 atque
1001 973 1073 1026 ita
1097 974 1173 1044 (1)
1202 974 1402 1027 adulter
1429 983 1658 1028 censetur
1691 985 1737 1028 et
1774 974 1882 1040 ille,
1929 976 2014 1045 qui
2051 975 2312 1029 dimissam

722 1082 754 1118 a
782 1066 888 1119 viro
929 1065 1148 1121 duserit.
1180 1066 1466 1131 Caeterum,
1509 1077 1704 1137 praeter
1729 1083 1791 1120 ex
1822 1081 2010 1121 caussa
2039 1067 2310 1130 adulterii,

723 1172 822 1212 nec
848 1155 1071 1212 Creator
1095 1157 1350 1228 disjungit
1373 1201 1388 1225 ,
1437 1159 1575 1229 quod
1608 1159 1723 1229 ipse
1765 1159 1969 1213 scilicet
2015 1159 2312 1228 conjunxit,

722 1250 912 1306 eodem
950 1251 1074 1306 alibi
1129 1250 1312 1322 Moyse
1363 1253 1717 1307 constituente
1761 1251 1938 1322 (Deut.
1966 1294 1980 1315 ,
2013 1251 2185 1316 XXII,
2219 1253 2313 1323 28)

723 1359 846 1400 eum
877 1345 967 1414 qui
997 1342 1097 1417 (a)
1130 1359 1194 1399 ex
1225 1347 1625 1414 compressione
1664 1346 2063 1400 matrimonium
2095 1346 2313 1412 fecerat,

724 1456 830 1497 non
865 1457 1022 1513 posse
1049 1442 1319 1499 dimittere
1346 1459 1565 1499 uxorem
1615 1445 1664 1498 in
1705 1459 1865 1499 omne
1904 1451 2130 1512 tempus.
2163 1443 2314 1510 Quod

725 1533 769 1587 si
799 1549 869 1588 ex
899 1533 1148 1588 violentia
1177 1545 1419 1588 coactum
1467 1535 1861 1589 matrimonium
1891 1535 2071 1601 stabit,
2118 1544 2318 1604 quanto

727 1625 892 1694 magis
924 1641 988 1679 ex
1016 1626 1386 1681 convenientia
1417 1627 1815 1681 voluntarium?
1843 1628 1981 1682 sicut
2008 1637 2061 1682 et
2090 1628 2318 1697 prophe-

728 1719 814 1772 tizc
853 1715 932 1789 (2)
979 1718 1291 1772 auctoritate
1332 1717 1512 1790 (Mat,
1541 1717 1602 1784 II,
1635 1718 1727 1790 15)
1761 1736 1774 1773 :
1809 1717 2027 1773 Uxorem
2040 1721 2318 1791 juventutis

728 1819 827 1863 tua:
857 1826 957 1864 non
985 1809 1198 1865 dimitte.
1228 1809 1402 1866 Ilabes
1432 1811 1605 1882 itaque
1629 1810 1898 1867 Christum
1924 1813 2065 1867 ultro
2097 1815 2318 1883 veSIigia

2414 789 2584 841 ruisse
2626 787 2887 857 proﬁciet,
2925 787 3084 840 etiam
3137 786 3218 858 (6)
3265 787 3595 856 subsequens
3639 796 4013 857 argumentum

2415 880 2592 935 divitis
2646 879 2783 949 apud
2833 879 3030 934 inferos
3078 878 3326 944 dolentis,
3380 889 3435 934 ct
3483 882 3730 951 pauperis
3779 882 3830 934 in
3889 881 4016 936 sinu

2418 971 2644 1027 Abrahze
2698 972 3100 1041 requiescentis.
3153 971 3286 1025 Nam
3335 981 3390 1026 et
3429 971 3576 1034 illud,
3630 984 3886 1041 quantum
3943 970 4015 1025 ad

2417 1067 2708 1137 Scriptum
2736 1064 3073 1135 superﬁciem
3099 1107 3114 1130 ,
3143 1065 3320 1119 subito
3348 1065 3678 1136 propositum
3703 1077 3806 1129 eSt,
3836 1078 4016 1135 quan-

2419 1172 2528 1215 tum
2557 1162 2620 1214 ad
2651 1160 2998 1215 intentionem
3043 1175 3250 1224 sensus,
3279 1168 3331 1214 et
3362 1159 3533 1228 ipsum
3584 1158 3819 1212 colizrret
3862 1172 4018 1212 men-

2420 1257 2550 1309 tioni
2576 1256 2796 1311 Joannis
2821 1255 2960 1309 male
2979 1255 3216 1318 tractati,
3250 1261 3304 1307 et
3329 1251 3638 1323 snggillatni
3672 1251 3752 1322 (7)
3789 1249 4021 1306 Ilerodis

2421 1350 2557 1404 male
2608 1349 2840 1404 meritati
2902 1347 3006 1420 (8),
3062 1347 3335 1417 utriusque
3411 1349 3610 1401 exitum
3684 1345 4018 1408 deformans,

2421 1443 2648 1500 Herodis
2675 1452 2959 1506 tormenta,
2983 1450 3038 1495 et
3059 1440 3280 1496 Joannis
3309 1440 3583 1509 refrigeria
3609 1457 3622 1504 ;
3656 1449 3712 1494 ut
3735 1439 3844 1510 jam
3868 1439 4024 1492 audi-

2421 1548 2503 1592 ret
2530 1535 2796 1590 Ilcrodes:
2825 1533 2897 1605 (c)
2931 1532 3130 1587 Habent
3153 1533 3262 1586 illic
3281 1532 3490 1603 Moysen
3512 1542 3557 1586 et
3579 1531 3878 1600 Pmpltctas,
3902 1531 4025 1583 illas

2421 1630 2654 1682 audiant.
2713 1625 2819 1682 Sed
2886 1626 3116 1680 Marcion
3159 1624 3416 1679 aliorsum
3464 1625 3634 1694 cogit,
3678 1623 3882 1678 scilicet
3938 1619 4024 1693 (9)

2424 1729 2699 1787 utramque
2751 1716 3050 1770 mercedem
3083 1716 3373 1780 Creatoris,
3421 1716 3535 1769 sive
3583 1712 3853 1777 tormenti,
3909 1712 4029 1766 sive

2425 1814 2682 1883 refrigerii
2710 1811 2848 1881 apud
2883 1810 3103 1875 inferos,
3138 1809 3461 1864 determinat
3508 1805 3628 1877 (10)
3674 1807 3754 1860 cis
3792 1805 4026 1876 positam

729 1902 924 1972 ubique
953 1903 1220 1958 Creatoris
1251 1904 1544 1969 ineuntem,
1570 1913 1674 1957 tam
1709 1905 1758 1958 in
1784 1906 2139 1974 permittendo
2169 1921 2323 1975 repn-
2352 1901 2401 1961 B
2429 1907 2516 1977 qui
2545 1905 2672 1976 Legi
2704 1915 2756 1959 et
2780 1904 3060 1973 Prophetis
3084 1900 3404 1963 obedierint,
3444 1897 3640 1953 Christi
3669 1911 3800 1951 vero
3843 1905 3902 1951 et
3933 1895 4029 1950 Dei

727 1994 852 2061 dio,
907 2011 1063 2064 quam
1096 1996 1146 2050 in
1179 1996 1528 2065 prohibendo.
1579 1997 1752 2052 IIabes
1798 1999 1957 2053 etiam
2017 2001 2318 2070 nuptiarum

731 2100 945 2156 quoquo
975 2087 1110 2143 velis
1152 2099 1572 2158 prospectorem,
1603 2105 1734 2160 quas
1765 2105 1863 2145 nec
1906 2092 2143 2161 separari
2191 2092 2318 2159 vult,

732 2177 1070 2248 prohibendo
1100 2180 1401 2250 repudium,
1438 2196 1536 2236 nec
1566 2198 1686 2236 cum
1715 2183 1918 2236 macula
1962 2182 2164 2250 haberi,
2199 2195 2324 2239 tunc

733 2273 1092 2342 permittendo
1145 2273 1454 2330 divortium.
1502 2275 1772 2330 Erubesce
1812 2291 1917 2330 non
1967 2278 2318 2349 conjungens,

733 2381 868 2436 quos
899 2377 1019 2420 tuus
1047 2383 1258 2437 quoque
1282 2367 1528 2422 Christus
1548 2370 1846 2438 conjunxit.
1871 2370 2142 2426 Erubesce
2163 2372 2323 2426 etiam

733 2458 1045 2527 disjungens
1070 2460 1186 2513 sine
1211 2474 1276 2514 eo
1303 2461 1515 2525 merito,
1547 2475 1653 2530 quo
1679 2461 1904 2531 disjungi
1933 2463 2097 2517 voluit
2125 2472 2178 2518 et
2207 2473 2328 2518 tuus

733 2549 999 2607 Christus.
1033 2552 1212 2606 Debeo
1238 2568 1378 2607 nunc
1406 2563 1461 2608 et
1493 2553 1619 2607 illud
1645 2554 1929 2609 ostendere
1949 2595 1965 2621 ,
2006 2555 2146 2609 unde
2192 2556 2328 2612 hanc

735 2651 1052 2700 sententiam
1096 2644 1376 2700 deduxerit
1414 2646 1693 2711 Dominus,
1735 2661 1908 2717 quove
1943 2647 2217 2703 direxerit.
2255 2649 2328 2703 Ita

736 2737 879 2792 enim
932 2737 1139 2806 plenius
1187 2738 1487 2804 constabit,
1543 2753 1665 2792 eum
1716 2753 1821 2792 non
1870 2738 1935 2794 ad
1982 2739 2196 2811 Moysen
2238 2741 2337 2797 de-

738 2829 1050 2884 struendum
1077 2841 1351 2900 spectasse
1382 2845 1474 2898 per
1496 2830 1702 2900 repudii
1723 2832 2139 2901 propositionem
2155 2833 2332 2889 subito

741 2922 1147 2993 interpositam;
1178 2923 1297 2993 quia
1328 2939 1427 2978 nec
1455 2925 1630 2978 subito
1657 2926 1965 2995 interposita
1995 2936 2096 2992 est,
2129 2925 2332 2983 habens

739 3015 974 3070 radicem
1011 3031 1077 3070 ex
1112 3015 1297 3070 eadem
1324 3016 1545 3072 Joannis
1576 3019 1864 3074 mentione.
1911 3019 2146 3086 Joannes
2189 3023 2332 3077 enim

739 3107 1032 3162 retundens
1074 3105 1362 3168 Herodem,
1403 3110 1545 3177 quod
1587 3109 1843 3165 adversus
1882 3111 2052 3180 legem
2109 3128 2334 3168 uxorem

742 3197 921 3253 fratris
961 3199 1040 3253 sui
1089 3197 1322 3253 defuncti
1353 3199 1615 3264 duxisset,
1649 3201 1892 3257 habentis
1922 3203 2082 3258 ﬁliam
2123 3220 2189 3261 ex
2219 3203 2333 3273 illa,

2427 2001 2505 2054 sui
2533 1999 2804 2053 cmlestem
2829 1995 3015 2050 delinit
3045 1994 3130 2064 (Η
3143 2004 3159 2063 )
3189 1995 3360 2047 sinum
3383 2002 3436 2046 et
3459 2001 3689 2061 portum.
3714 1988 4033 2060 Responde-

2429 2094 2622 2153 bimus,
2653 2101 2708 2146 et
2738 2090 2836 2144 hac
2869 2090 2980 2159 ipsa
3009 2089 3272 2156 scriptura
3315 2087 3620 2139 revincente
3659 2083 3846 2139 oculos
3888 2082 4031 2151 ejus,

2427 2200 2548 2254 qua:
2578 2183 2640 2237 ab
2669 2184 2846 2254 inferis
2885 2180 2998 2251 (12)
3031 2179 3288 2233 discernit
3331 2175 3549 2230 Abrahae
3586 2176 3751 2230 sinum
3793 2173 4032 2245 pauperi.

2429 2277 2588 2333 Aliud
2617 2278 2758 2330 enim
2795 2274 2982 2337 inferi,
3015 2283 3070 2325 ut
3099 2281 3222 2340 puto
3245 2309 3263 2336 ,
3290 2269 3430 2322 aliud
3458 2283 3669 2338 quoque
3698 2265 3929 2320 Abrahae
3958 2265 4035 2318 si-

2431 2386 2551 2424 nus.
2580 2367 2658 2438 (d)
2689 2367 2818 2422 Nam
2848 2375 2900 2420 et
2925 2380 3164 2433 umquam
3193 2364 3267 2416 ait
3291 2360 3623 2416 intercedere
3646 2357 3760 2431 (I5)
3785 2358 4040 2427 regiones

2433 2461 2562 2516 i5tas
2617 2458 2950 2528 profundum,
2999 2465 3052 2509 et
3102 2456 3379 2508 transitum
3435 2454 3682 2522 utrinque
3725 2449 4036 2520 prohibere.

2434 2553 2539 2610 Sed
2571 2568 2669 2609 nec
2692 2553 2974 2606 allevasset
3001 2549 3149 2604 dives
3175 2547 3380 2612 oculos,
3409 2555 3464 2600 et
3485 2544 3701 2615 quidem
3727 2542 3795 2597 de
3825 2541 4036 2610 longin-

2434 2665 2561 2721 quo,
2587 2649 2685 2703 nisi
2713 2650 2764 2702 in
2791 2645 3088 2717 superiora,
3110 2651 3166 2698 et
3193 2642 3260 2696 de
3284 2639 3578 2695 altitudinis
3600 2636 3916 2706 longinquo,
3942 2649 4042 2704 per

2435 2741 2752 2796 immensam
2783 2737 2927 2792 illam
2957 2734 3262 2790 distantiam
3290 2729 3628 2786 sublimitatis
3665 2735 3721 2780 et
3756 2723 4041 2796 profundi-

2439 2837 2580 2890 tatis.
2616 2832 2767 2888 Unde
2814 2838 3038 2900 apparct
3079 2825 3306 2896 sapienti
3351 2823 3564 2891 cuique,
3612 2820 3700 2891 qui
3749 2817 4044 2888 aliquando

2439 2928 2652 2998 Elysios
2681 2923 2931 2988 audierit,
2961 2935 3081 2976 esse
3110 2919 3340 2989 aliquam
3380 2915 3601 2970 localem
3629 2911 4044 2968 determinatio-

2441 3035 2728 3090 nem,qn:e
2771 3017 2920 3071 sinus
2953 3015 3094 3069 dicta
3143 3013 3212 3068 sit
3265 3008 3530 3072 Abrahze,
3581 3006 3647 3061 ad
3704 3003 4048 3075 recipiendas

2439 3116 2645 3169 animas
2699 3111 2930 3166 filiorum
2978 3107 3128 3177 ejus,
3180 3106 3341 3160 etiam
3391 3117 3456 3156 ex
3505 3098 3828 3164 nationibus,
3877 3096 4049 3167 patris

2439 3207 2642 3262 scilicet
2701 3201 2988 3256 multarum
3048 3197 3319 3251 nationum
3388 3193 3439 3248 in
3514 3191 3742 3246 Abrahae
3818 3203 4046 3244 censum

744 3291 876 3364 (non
901 3293 1033 3347 alias
1063 3294 1163 3348 hoc
1207 3293 1570 3362 permittente,
1605 3295 1794 3351 imo‘et
1835 3298 2179 3367 praecipiente
2223 3299 2336 3370 lege
2362 3299 2407 3360 C
2441 3295 2864 3367 deputandarum
2889 3334 2904 3355 ,
2957 3300 3012 3346 et
3067 3306 3132 3346 ex
3193 3287 3380 3344 eadem
3435 3286 3572 3351 ﬁde,
3617 3300 3720 3353 qua
3777 3290 3832 3337 et
3874 3281 4046 3336 Abra-

746 3382 952 3456 (Deut.,
979 3383 1171 3456 XXV),
1201 3384 1278 3456 (b)
1317 3400 1475 3456 quam
1501 3387 1545 3440 si
1572 3386 1736 3442 frater
1774 3388 1992 3445 illiberis
2019 3389 2332 3455 decesserit,

745 3485 861 3532 uta
889 3475 1054 3532 fratre
1083 3477 1249 3546 ipsius
1277 3485 1331 3532 et
1377 3492 1443 3532 ex
1490 3486 1637 3532 costa
1685 3478 1851 3548 ipsius
1890 3491 2206 3550 supparetur
2252 3481 2333 3554 (3)

746 3585 931 3627 semen
961 3569 1059 3642 illi)
1088 3570 1361 3640 conjectus
1391 3572 1442 3625 in
1471 3585 1741 3627 carcerem
1793 3571 1983 3641 fuerat,
2033 3574 2102 3628 ah
2146 3575 2335 3631 eodem

746 3661 958 3719 lIerode
987 3662 1067 3736 (4)
1095 3665 1434 3734 postmodum
1465 3674 1520 3719 et
1538 3667 1767 3722 occisus.
1797 3666 1956 3722 Facta
1999 3669 2158 3739 igitur
2183 3686 2338 3726 men-

750 3758 895 3813 tione
927 3757 1167 3824 Joannis,
1203 3758 1492 3826 Dominus,
1521 3767 1578 3814 et
1613 3761 1796 3831 utique
1841 3777 2124 3818 successus
2163 3765 2340 3820 exitus

745 3851 886 3919 ejus,
907 3850 1206 3935 illicitorum
1230 3853 1690 3907 matrimoniorum
1710 3862 1765 3908 et
1778 3853 2022 3909 adulterii
2045 3853 2241 3926 figuras
2259 3855 2343 3930 (5)

745 3942 1014 4015 jaculatus
1062 3953 1147 3998 est
1195 3944 1246 3998 in
1298 3943 1601 4010 llerodem;
1652 3943 1951 4000 adulterum
1993 3948 2346 4015 pronuntians

749 4037 911 4092 etiam
938 4036 1027 4108 qui
1053 4037 1328 4092 dimissam
1349 4052 1378 4092 a
1405 4038 1517 4092 viro
1540 4038 1786 4103 duxerit;
1817 4053 1922 4111 quo
1949 4040 2118 4110 magis
2163 4041 2349 4111 impie-

751 4138 914 4186 tatem
947 4129 1172 4187 Herodis
1198 4139 1469 4194 oneraret,
1499 4132 1586 4200 qui
1618 4145 1720 4186 non
1747 4132 1928 4187 minus
1973 4143 2144 4189 morte
2187 4150 2346 4206 quam

752 4221 979 4294 repudio
1005 4221 1279 4279 dimissam
1304 4239 1334 4276 a
1361 4222 1478 4278 viro
1523 4222 1784 4289 duxerat;
1829 4234 1883 4279 et
1925 4224 2027 4280 hoc
2054 4225 2216 4282 fratre
2246 4229 2340 4284 ha-

2439 3394 2562 3447 ham
2631 3390 2744 3445 Deo
2784 3385 3046 3452 credidit,
3093 3382 3236 3437 nullo
3289 3380 3391 3436 sub
3441 3378 3568 3448 jugo
3621 3377 3784 3447 legis,
3833 3389 3939 3430 nec
3997 3376 4050 3428 in

2439 3488 2592 3555 signo
2654 3479 3094 3542 circumcisionis.
3146 3475 3275 3530 Eam
3343 3473 3520 3543 itaque
3573 3471 3888 3541 regionem,
3974 3468 4050 3522 si-

2441 3593 2567 3634 num
2615 3575 2736 3631 dico
2783 3572 3047 3633 Abrahae,
3076 3570 3178 3626 etsi
3218 3582 3324 3622 non
3390 3565 3706 3630 caelestem,
3761 3562 4051 3618 sublimio-

2441 3687 2555 3727 rem
2615 3679 2794 3723 tamen
2864 3663 3088 3728 inferis,
3131 3661 3342 3716 interim
3401 3656 3738 3727 refrigerium
3793 3655 4054 3724 praebitu-

2451 3781 2565 3822 ram
2593 3763 2876 3817 animabus
2900 3761 3164 3828 jnstorum
3194 3796 3209 3820 ,
3241 3754 3414 3808 donec
3433 3749 3828 3806 consummatio
3867 3763 4052 3803 rerum

2450 3857 2897 3914 resurrectionem
2941 3849 3182 3905 omnium
3251 3843 3586 3917 plenitudine
3635 3841 3903 3898 mercedis
3960 3857 4055 3897 es-

2450 3959 2649 4023 pungat
2681 3924 2854 4013 {tunc
2881 3944 3187 4016 apparitura
3236 3938 3443 3996 caelesti
3498 3935 3857 4007 promissione
3889 3948 4052 4005 quam

2453 4042 2686 4098 Marcion
2716 4053 2814 4095 suo
2833 4037 2949 4110 (η)
2979 4033 3212 4090 vindicat
3236 4072 3251 4096 ,
3283 4031 3434 4102 quasi
3467 4043 3572 4084 non
3598 4025 3910 4083 aCreatore
3933 4040 4055 4096 pro-

2453 4138 2762 4208 mulgatam.
2795 4132 2872 4187 Ad
2890 4146 3049 4201 quam
3071 4142 3334 4182 ascensum
3381 4140 3529 4178 suum
3579 4121 3827 4177 Christus
3879 4120 4053 4186 cediti-

2455 4241 2535 4285 cat
2571 4231 2625 4284 in
2654 4229 2855 4292 caelum,
2887 4221 3185 4282 secundum
3212 4222 3375 4274 Amos
3412 4217 3620 4287 (Amos,
3647 4212 3721 4269 IX
3752 4253 3768 4282 ,
3798 4213 3834 4270 6
3861 4211 3882 4285 )
3905 4229 3921 4278 ;
3947 4211 4052 4267 uti-

1978 4337 2358 4400 LECTIONES
2394 4342 2603 4400 VARIA
2613 4341 2811 4398 NTES.

817 4450 890 4516 (l)
910 4451 981 4516 [ta
998 4449 1146 4504 omilt.
1172 4446 1324 4516 seml.
1349 4460 1492 4515 teque
1517 4450 1604 4510 ita,
1629 4451 1751 4500 Par.
1777 4459 1927 4502 Fran.

841 4515 879 4564 2’
916 4515 1175 4578 PrOpheue
1200 4515 1303 4562 Lat.

912 4577 1278 4648 ἓιιιιβεεητειμτ
1300 4578 1442 4648 ἔφη·

842 4638 891 4702 4)
912 4638 1110 4702 ῌετοᾱε
1135 4638 1509 4702 οηιὶιιηοὸενυι.

841 4699 883 4751 5⁷
917 4701 970 4751 Fi
1007 4713 1095 4750 ura
1120 4705 1260 4751 Pam.
1287 4699 1488 4764 fulgara,
1515 4701 1733 4753 Ciaccon.

844 4712 895 4814 6i
919 4715 1006 4812 At?
1035 4763 1181 4814 inser.
1210 4759 1359 4814 Seml.

844 4801 895 4891 ii
917 4801 1181 4891 ἔιῖεέῖἱῖἕὶἰ
1197 4801 1340 4880 ῧῆ

2371 4459 2424 4520 1)
2514 4457 2594 4581 ’8)
2620 4458 2830 4506 Maritati
2854 4456 2978 4506 Par.
3005 4453 3199 4514 irritati,
3218 4457 3332 4500 Jun.

2535 4521 2586 4581 9)
2615 4520 2677 4570 Ut
2697 4517 2844 4571 inscr.
2867 4513 3062 4568 Oberth.
3099 4575 3111 4581 _

2535 4513 2589 4584 9)
2615 4520 2677 4570 Ut
2697 4517 2844 4571 inscr.
2859 4513 3062 4584 θύει-εὴ.

2539 4575 2618 4645 ID)
2648 4583 2959 4634 Determinet
2979 4575 3128 4645 S_eml.

2541 4639 2620 4705 ll)
2646 4645 2857 4696 Deliuiat
2883 4639 3033 4693 Seml.

2543 4701 2620 4757 12)
2645 4710 2713 4756 Ad
2737 4706 2921 4756 inferos
2944 4701 3142 4755 Obertlt.

2517 4765 2619 4834 (15)
2649 4770 2782 4834 Inter
2805 4765 2954 4834 Sent}.
3011 4824 3055 4834 Α.

2518 4828 2622 4895 (tt)
2647 4832 2836 4883 Christe
2851 4829 2972 4880 add.
3001 4828 3224 4879 Ciaccon.

2125 4932 2686 4994 COMMENTARIUS.

759 5047 1063 5114 sententiae,
1089 5047 1180 5118 qui
1209 5047 1309 5104 etsi
1339 5062 1434 5118 per
1453 5061 1514 5105 se
1543 5047 1681 5103 mala
1712 5062 1798 5103 res
1844 5057 1990 5104 esset
2036 5048 2345 5117 divortium,

760 5129 939 5174 tamen
979 5134 1043 5173 ex
1069 5134 1176 5189 quo
1207 5135 1304 5191 per
1351 5121 1568 5191 Moysen
1617 5119 1933 5191 permissum
1986 5121 2102 5184 fuit,
2146 5121 2347 5190 justum

761 5201 922 5260 atque
965 5191 1163 5244 licitum
1196 5190 1360 5246 fuisse
1390 5190 1590 5245 volunt.
1627 5190 1820 5246 Verum
1850 5193 1894 5246 si
1926 5194 2198 5261 sequentia
2226 5193 2349 5246 dili-

761 5272 951 5332 genter
995 5261 1368 5333 inspiciantur,
1413 5262 1540 5316 illud
1580 5262 1753 5316 solum
1778 5262 2089 5333 intelligitur
2129 5264 2352 5332 pennis-

763 5331 906 5399 mm,
936 5333 981 5387 si
1023 5331 1279 5402 inventum
1306 5334 1457 5402 fuerit
1495 5335 1548 5387 in
1588 5334 1797 5387 muliere
1835 5331 2090 5401 nego—tium
2127 5334 2352 5402 impudi-

763 5418 1014 5473 cum,pro
1046 5418 1153 5474 quo
1179 5401 1490 5475 facit_etiam
1520 5405 1796 5474 pr0phetia
1819 5403 2167 5469 Malachizell,
2195 5401 2352 5475 quam

764 5489 892 5530 mox
942 5473 1072 5545 citat
1109 5475 1257 5545 juxta
1305 5473 1448 5528 LXX
1480 5494 1492 5530 :
1523 5473 1733 5530 uxorem
1780 5476 2058 5545 juventutis
2107 5473 2226 5530 tua!
2252 5491 2351 5529 non

767 5547 1006 5617 dimittes.
1033 5543 1130 5600 Cui
1160 5545 1279 5601 addi
1313 5555 1522 5616 potest,
1553 5547 1692 5615 quod
1721 5543 1914 5601 ibidem
1943 5547 2212 5617 subjnngit
2234 5563 2354 5616 pro~

767 5616 963 5689 pheta:
1002 5617 1108 5689 sed
1135 5618 1177 5670 si
1199 5619 1316 5672 adio
1348 5617 1536 5671 habeas
1566 5620 1815 5671 dimiseris
1865 5635 1996 5680 eam,
2023 5616 2155 5671 dicit
2180 5616 2356 5672 Denti-

768 5686 865 5743 nus
885 5687 1020 5742 Deus
1040 5686 1205 5743 Israel
1225 5733 1239 5757 ,
1258 5691 1448 5753 aperiet
1466 5690 1698 5761 impietas
1728 5690 2057 5760 cogitationes
2079 5700 2212 5744 tuas.

1870 5761 2000 5814 Pan.

843 5829 919 5899 (ει)
963 5833 1061 5897 Qui
1091 5849 1151 5887 ex
1177 5833 1546 5894 compressione
1576 5833 1948 5885 matrimonium
1993 5835 2198 5896 fecerat.
2239 5830 2358 5885 Vini

772 5901 970 5979 illatam
996 5916 1087 5960 aut
1116 5915 1357 5978 stuprum
1387 5905 1578 5973 innuit,
1611 5905 1663 5958 in
1691 5904 1884 5973 quibus
1904 5921 1998 5960 seu
2025 5904 2237 5961 adulter
2268 5918 2362 5959 seu

2450 5054 2692 5124 impurus
2723 5052 2881 5106 homo
2908 5057 3140 5123 βιιζεται
3169 5059 3257 5108 τὶν
3295 5050 3505 5107 enisis».
3552 5043 3632 5100 LE
3669 5041 3767 5100 Ριι.

2526 5123 2626 5198 (b).
2651 5124 2816 5190 Quam
2840 5124 2881 5176 si
2910 5127 3068 5193 frater
3088 5121 3314 5175 illiberis.
3342 5118 3495 5187 Quod
3532 5114 4053 5241 GracisLegtpixmg.

2528 5267 2606 5340 (ο)
2647 5263 3214 5341 Habentilliclfoysen
3253 5259 3652 5341 et_Pr_0plretas.
3691 5202 4053 5341 Addidilthau-

2455 5333 2598 5407 ctdr,
2626 5338 2752 5414 illic,
2784 5338 2849 5393 ad
2887 5333 3143 5408 majorem
3187 5333 3508 5414 emphasin,
3541 5344 3736 5401 nempe
3781 5333 3834 5384 in
3890 5344 4054 5412 εχπυ-

2456 5426 2590 5482 goga
2641 5411 2981 5482 .Iudaeorum,
3025 5423 3147 5462 nam
3179 5419 3351 5474 neque
3402 5411 3562 5482 etiam
3604 5411 4054 5482 grznee,_§y_riacc

2458 5471 2557 5536 aut
2618 5483 2778 5537 latine
2849 5471 3069 5548 legitur,
3153 5471 3348 5548 neque,
3387 5471 3757 5548 cti_am_apud
3824 5471 4057 5548 [Epipha—

2459 5555 2604 5608 nium
2630 5556 2717 5622 qui
2753 5542 3100 5623 (confiit._46)
3149 5542 3317 5623 etia'm_
3340 5545 3476 5623 istud
3522 5542 3779 5623 adversus
3827 5543 4054 5598 Marcio-

2461 5640 2582 5681 nem
2631 5614 2928 5694 retorquet,
2961 5614 3176 5693 Moysen
3202 5628 3257 5674 et
3287 5614 3580 5687 Prophetas
3628 5615 4049 5738 impulgnantent.

3805 5695 3918 5740 ’,ιιι

3781 5704 3918 5740 I'AII.

2536 5767 2614 5840 (d)
2665 5766 2799 5840 Nam
2847 5772 2893 5819 et
2935 5759 3643 5840 magnum‘aituintercedere
3681 5761 3912 5840 regiones
3941 5759 4058 5812 istas

2464 5828 2797 5912 profundum,
2828 5843 2998 5907 χάσμα.
3021 5828 3042 5904 ξ
3068 5833 3208 5906 quod
3236 5832 3324 5888 alii
3354 5831 3539 5888 dixere
3581 5833 3766 5886 chaos.
3794 5828 3915 5883 llic.
