4268 6492
274 367 383 422 413

1381 364 1510 421 LIB.
1551 363 1618 418 IV
1659 362 2021 422 ADVERSUS
2056 362 2480 420 MARCIONEM.

3465 360 3571 420 “6

275 494 383 549 que
410 479 526 535 suis
552 522 566 542 ,
594 478 681 535 ubi
710 487 797 536 est
847 487 903 534 et
956 479 1098 534 locus
1135 487 1356 534 internus
1381 520 1397 544 ,
1449 480 1517 535 de
1543 494 1649 548 quo
1703 478 1867 534 Isaias
1894 487 1946 542 Α
1978 479 2186 551 (Zach.,
2215 479 2257 534 II
2288 521 2301 544 ,
2329 479 2364 535 8
2389 480 2411 548 )
2436 497 2449 533 :
2488 478 2590 545 Qui
2632 480 2848 553 tetigerit
2875 496 2981 548 vos,
3012 495 3072 535 ac
3092 480 3136 535 si
3164 480 3415 554 pupillam
3435 482 3568 535 oculi

274 573 377 638 (Is.
409 571 652 638 XXXIII,
690 572 818 640 14):
849 573 981 638 Quis
1001 573 1338 627 annuntiabit
1363 572 1514 628 vobis
1536 573 1698 626 locant
1723 583 1868 627 teter-

271 683 392 719 num
418 708 432 730 ,
460 667 559 721 nisi
583 667 788 721 scilicet
811 666 1055 722 Christus
1102 668 1355 723 incedens
1400 669 1451 722 in
1478 668 1682 738 justitia
1709 711 1724 735 ,
1785 669 1866 722 lo-

270 773 442 828 quens
472 760 611 812 viam
643 768 880 826 rectam,
915 759 1040 815 odio
1075 759 1276 816 habens
1328 761 1641 832 injustitiam
1667 773 1719 816 et
1763 762 1867 817 iiii-

275 852 536 921 quitatem
561 851 754 920 ‘IQuod
782 853 827 906 si
867 861 1100 907 aeternus
1150 853 1300 909 locus
1348 855 1740 925 repromittitur
1769 897 1784 919 ,
1815 861 1870 910 et

275 957 539 998 ascensiis
596 945 646 997 iit
681 945 876 1000 caelum
906 945 1200 1000 :edilicatur
1249 963 1278 1000 a
1307 946 1564 1002 Creatore
1588 989 1603 1013 ,
1646 950 1869 1018 promit-

274 1043 420 1090 teate
444 1036 606 1089 etiam
629 1050 813 1091 semen
847 1037 1073 1090 Abralue
1097 1038 1240 1092 velut
1260 1038 1440 1094 stellas
1467 1040 1588 1095 caeli
1608 1041 1863 1104 futurum,

272 1129 458 1195 utique
479 1126 548 1181 ob
570 1132 848 1184 caelestem
892 1129 1300 1197 promissionem
1327 1172 1340 1195 ,
1373 1130 1515 1184 salva
1543 1146 1606 1187 ea
1637 1133 1866 1201 promis-

271 1218 424 1273 sione
446 1260 460 1282 ,
491 1218 567 1289 (a)
600 1235 696 1274 cur
723 1235 826 1276 non
861 1221 1228 1291 capiatsinum
1268 1223 1497 1277 Abrahae
1526 1224 1631 1277 dici
1658 1233 1868 1295 tempo-

274 1310 386 1364 rale
415 1311 629 1382 aliquod
653 1313 948 1367 animarum
974 1313 1212 1369 fidelium
1241 1315 1657 1386 receptaculum,
1682 1318 1733 1371 in
1754 1332 1861 1387 quo

276 1405 387 1474 jam
420 1405 710 1461 delinietur
741 1405 901 1461 futuri
926 1408 1131 1478 imago,
1163 1406 1237 1479 (ὑ)
1260 1423 1322 1461 ac
1353 1407 1430 1481 (Ι)
1463 1409 1690 1464 candida
1717 1427 1867 1482 qua:-

271 1497 397 1551 dam
432 1500 707 1569 utriusque
731 1499 916 1567 judicii
949 1501 1340 1570 prospiciatur?
1377 1501 1686 1558 Admonens
1735 1519 1868 1574 quo-

279 1608 388 1662 que
437 1609 532 1647 vos
579 1593 902 1659 haereticos,
958 1594 1083 1648 dum
1138 1593 1189 1648 in
1210 1596 1314 1648 vita
1360 1596 1527 1661 estis,
1572 1596 1789 1668 Moysen
1817 1606 1871 1652 et

272 1684 563 1756 prophetas
630 1701 791 1739 unum
843 1687 1008 1740 Deum
1040 1686 1391 1755 praedicantes
1413 1686 1764 1754 Creatorem,
1816 1698 1870 1744 et

272 1792 437 1830 unum
485 1777 756 1832 Christum
815 1777 1168 1846 praedicantes
1223 1779 1376 1848 ejus,
1406 1789 1458 1835 et
1483 1780 1868 1851 utrumqneju-

1977 575 2075 627 mei
2099 583 2294 645 tangat.
2319 574 2462 629 Idem
2481 589 2671 629 sensus
2692 574 2936 644 ejusdem
2963 585 3044 629 est
3071 592 3084 627 :
3116 584 3429 645 peccantem
3461 573 3568 630 fra-

1975 672 2112 719 trem
2129 665 2280 735 jubet
2300 666 2495 735 corripi
2530 683 2544 732 ;
2573 666 2714 737 quod
2747 667 2835 735 qui
2869 683 2972 720 non
3006 665 3222 734 fecerit,
3257 669 3439 737 utique
3469 667 3570 723 de-

1974 755 2166 825 liquit,
2197 766 2285 810 aut
2317 756 2530 811 exodio
2556 758 2743 812 valeas
2786 757 3001 813 fratrem
3034 758 3086 812 in
3140 758 3339 812 delicto
3374 773 3554 828 perse-

1976 864 2164 904 verare
2189 892 2202 914 ,
2236 859 2327 903 aut
2372 866 2435 905 ex
2459 851 2771 920 acceptione
2791 865 3031 919 personm
3052 892 3067 918 ,
3099 865 3322 920 parcens
3361 851 3442 916 ei;
3474 850 3571 904 ha-

1973 945 2107 1001 bens
2128 946 2408 1002 Livilieum
2434 945 2640 1018 (Levit.,
2669 946 2800 1001 XIX
2822 989 2836 1011 ,
2869 945 2960 1017 I7)
2989 964 3001 998 :
3039 945 3162 1000 Non
3187 947 3327 1002 adies
3359 950 3570 1018 fratrem

1973 1049 2114 1092 tuum
2144 1041 2195 1092 in
2223 1042 2393 1093 animo
2438 1049 2523 1094 tuo
2548 1082 2562 1104 ,
2612 1038 2926 1093 traductione
2950 1037 3219 1092 traducens
3247 1037 3329 1110 (6)
3381 1038 3559 1106 proxi-

1972 1149 2110 1186 mum
2135 1134 2511 1200 tunm;utiqne
2536 1144 2589 1188 et
2607 1133 2823 1188 fratrem
2855 1149 2870 1198 ;
2905 1142 2952 1186 et
2995 1148 3097 1185 non
3147 1149 3311 1187 sumes
3359 1141 3564 1202 prapter

1972 1226 2117 1279 illum
2143 1226 2402 1281 delictum.
2432 1227 2540 1282 Nec
2567 1228 2757 1282 mirum
2783 1227 2825 1279 si
2860 1227 2929 1280 ita
2975 1228 3133 1280 docet.
3167 1268 3182 1292 ,
3231 1226 3321 1294 qui
3370 1240 3560 1295 pecora

1972 1333 2185 1388 quoque
2216 1318 2398 1374 fratris
2429 1320 2502 1373 tni
2529 1361 2544 1383 ,
2575 1320 2618 1374 si
2641 1319 2871 1374 errantia
2905 1321 2957 1374 in
2989 1319 3071 1373 via
3116 1319 3408 1385 inveneris,
3442 1336 3565 1391 pro-

1974 1408 2123 1463 hihet
2149 1409 2414 1476 despicias
2449 1409 2847 1482 (Exod.XXIII,
2879 1410 2964 1479 li),
2994 1426 3100 1480 quo
3157 1412 3329 1466 minus
3374 1426 3436 1466 ea
3473 1427 3560 1465 re-

1972 1500 2137 1557 ducas
2158 1500 2308 1556 fratri
2341 1510 2429 1556 tuo
2461 1501 2538 1572 (7)
2570 1519 2583 1566 ;
2615 1502 2811 1556 nedum
2860 1500 3032 1571 ipsum
3078 1502 3198 1556 sibi.
3223 1499 3326 1556 Sed
3371 1511 3426 1556 et
3475 1518 3558 1555 ve-

1972 1597 2112 1649 niam
2141 1596 2230 1650 des
2257 1595 2406 1666 fratri
2427 1595 2478 1648 in
2505 1604 2551 1650 te
2588 1595 2895 1661 delinquenti
2937 1594 3110 1664 jubet,
3159 1595 3312 1649 etiam
3355 1595 3560 1665 septies.

1973 1687 2167 1742 Parum
2212 1687 2385 1757 plane.
2413 1687 2539 1742 Plus
2566 1698 2648 1742 est
2677 1687 2821 1743 enim
2842 1687 2979 1756 apud
2997 1687 3327 1752 Creatorem,
3350 1689 3438 1758 qui
3467 1703 3567 1744 nec

1974 1779 2190 1833 modum
2218 1781 2421 1843 statuit,
2470 1780 2520 1834 in
2551 1779 2813 1834 infinitum
2840 1779 3191 1850 pronuntians
3217 1777 3400 1851 (Leuit.
3419 1778 3562 1845 XIX,

273 1866 496 1934 dicinm,
522 1884 693 1939 paena:
723 1879 776 1922 et
795 1870 984 1925 Salutis
1008 1881 1249 1936 internae,
1283 1873 1421 1941 apud
1454 1874 1664 1928 unicum
1698 1874 1865 1930 Deum
1897 1877 1944 1937 B
1976 1870 2066 1943 18)
2095 1889 2107 1924 :
2138 1870 2336 1926 Fratris
2368 1871 2578 1925 malitiae
2611 1888 2800 1924 menter
2823 1887 2885 1924 ne
2921 1871 3033 1934 sis;
3083 1869 3189 1924 Nec
3225 1868 3305 1941 (8)
3360 1869 3559 1940 petenti

275 1963 508 2030 positum
527 2003 540 2024 ,
573 1963 660 2031 qui
685 1962 895 2017 occidat
919 1974 972 2017 et
998 1965 1251 2019 vivilicet.
1285 1966 1418 2031 lmo,
1450 1968 1623 2036 inquit
1652 2009 1667 2032 ,
1694 1972 1867 2029 nostri

272 2053 366 2109 Dei
396 2054 607 2110 moncla
646 2059 711 2111 de
740 2056 881 2112 caelo
908 2099 921 2120 ,
956 2072 1061 2112 non
1091 2058 1306 2130 Moysen
1335 2068 1390 2115 et
1438 2061 1736 2130 pr0phetas
1753 2063 1869 2132 jus-

270 2146 339 2200 sit
367 2146 577 2211 audiri,
609 2146 702 2202 sed
735 2149 1008 2203 Christum
1034 2166 1047 2203 :
1081 2148 1235 2203 Hunc
1256 2150 1448 2203 audite.
1479 2151 1684 2206 Merito.
1716 2152 1869 2208 'I‘uuc

270 2240 413 2294 enim
440 2241 668 2310 apostoli
699 2241 830 2295 satis
851 2241 959 2310 jam
992 2243 1269 2297 audierant
1291 2243 1508 2315 Moysen
1540 2253 1594 2298 ct
1641 2245 1871 2315 pr0phe-

275 2341 388 2399 tas,
423 2333 514 2403 qui
542 2333 713 2387 secuti
743 2343 896 2388 erant
925 2335 1228 2399 Christum,
1261 2335 1531 2390 credendo
1589 2335 1754 2407 Moysi
1816 2346 1873 2392 et

275 2425 575 2495 prophetis.
606 2425 712 2481 Nec
763 2428 904 2480 enim
944 2429 1240 2496 accepisset
1269 2427 1349 2498 (2)
1401 2428 1589 2483 Petrus
1641 2429 1867 2487 dicere:

275 2515 352 2569 Tn
382 2534 433 2570 es
462 2516 692 2571 Christus
726 2560 742 2585 ,
794 2529 1080 2588 antequam
1133 2519 1432 2574 audivisset
1456 2530 1509 2574 et
1554 2521 1870 2576 credidisset

271 2608 438 2680 Moysi
479 2620 528 2664 et
559 2611 854 2680 prOpIietis,
909 2612 1159 2680 aquibus
1219 2612 1350 2666 solis
1404 2612 1577 2668 adhuc
1624 2613 1870 2671 Christus

275 2702 716 2758 annnntiabatur.
747 2703 871 2758 Il;ec
903 2704 1063 2773 igitur
1094 2704 1224 2760 lides
1270 2720 1456 2760 eorum
1487 2717 1755 2762 meruerat
1781 2750 1794 2770 ,
1816 2718 1873 2762 nt

271 2795 434 2848 etiant
453 2809 586 2850 voce
597 2796 802 2851 caelesti
819 2796 1250 2863 confirmaretur,
1273 2799 1492 2866 jubente
1512 2799 1658 2853 illum
1675 2799 1864 2865 audiri,

271 2903 432 2957 quem
450 2903 581 2959 ergo
605 2899 953 2959 agnoverant,
984 2892 1408 2961 euangelizantem
1434 2909 1629 2963 pacem,
1653 2909 1868 2966 evange-

269 2983 508 3036 lizantem
557 2985 708 3048 bona,
740 2985 1126 3041 annuntiantem
1182 2987 1349 3039 locum
1378 2996 1653 3050 aeternum,
1705 2989 1870 3055 redi/i-

267 3085 470 3128 cantem
489 3074 592 3128 illis
606 3092 867 3130 ascensum
897 3092 1043 3129 suum
1071 3078 1122 3130 in
1142 3078 1320 3131 caelum
1339 3076 1389 3150 (l
1399 3077 1721 3143 s.Lll,7;XX
1733 3079 1866 3145 XIII,

268 3168 357 3230 H;
380 3168 492 3219 Am.
524 3165 624 3232 IX,
649 3167 728 3239 6).
752 3168 904 3239 Apud
929 3168 1128 3223 inferos
1149 3181 1325 3225 autem
1349 3170 1416 3226 de
1434 3172 1512 3226 cis
1535 3172 1732 3227 dictum
1759 3184 1862 3240 est;

1974 1978 2093 2019 eam
2122 1973 2345 2033 praestes
2376 1963 2631 2028 mandat,
2655 1961 2749 2018 sed
2775 1973 2829 2017 et
2863 1977 2966 2016 non
2998 1963 3214 2032 petenti.
3248 1961 3362 2017 Non
3420 1963 3562 2016 enim

1975 2053 2147 2110 dones
2186 2054 2444 2109 offensam
2470 2057 2621 2119 vult,
2651 2053 2745 2109 scd
2772 2054 3128 2110 obliviscaris.
3171 2053 3280 2109 Lex
3326 2054 3566 2124 leproso-

1976 2166 2092 2204 rttm
2126 2150 2311 2218 (Levit.
2336 2149 2454 2205 XIII
2486 2159 2531 2204 et
2558 2150 2701 2221 XIV)
2729 2161 2943 2222 quantae
2984 2151 3055 2205 sit
3112 2149 3565 2220 interpretationis

1974 2258 2098 2312 erga
2125 2243 2330 2312 species
2358 2244 2521 2314 ipsius
2549 2243 2660 2297 vitii
2692 2283 2708 2311 ,
2739 2254 2795 2298 et
2817 2242 3224 2312 inspectationis
3253 2242 3451 2296 summi
3475 2256 3563 2295 sa-

1974 2336 2230 2401 cerdotis,
2263 2345 2504 2390 nostrum
2528 2337 2630 2390 erit
2655 2336 2831 2400 scire;
2861 2335 3164 2402 Marcionis,
3197 2335 3560 2390 morositatem

1989 2429 2124 2500 legis
2143 2444 2416 2499 opponere
2441 2471 2456 2496 ,
2486 2439 2543 2483 ut
2568 2438 2622 2483 et
2645 2429 2730 2484 hic
2755 2427 3020 2483 Christum
3065 2429 3314 2483 a-mulunt
3346 2427 3464 2498 ejus
3489 2428 3567 2481 af-

1977 2521 2155 2576 firmet
2177 2522 2593 2590 praevenientem
2624 2520 2878 2575 solemnia
2898 2520 3029 2590 legis
3045 2521 3204 2574 etiam
3225 2521 3277 2574 in
3292 2521 3567 2574 curatione

1973 2612 2145 2665 decem
2174 2611 2489 2682 leprosornm
2513 2653 2528 2677 ,
2554 2627 2677 2681 quos
2704 2611 3052 2664 tantummodo
3105 2612 3178 2664 ire
3212 2610 3391 2679 jnssos
3429 2619 3486 2663 ιιι
3513 2627 3565 2664 se

1974 2701 2645 2758 ostenderentsacerdotibtts
2669 2699 3079 2774 (Luc.XV|I),in
3109 2700 3285 2755 itinere
3306 2701 3560 2771 purgat-it,

1974 2799 2089 2851 sine
2114 2806 2251 2852 tactu
2274 2797 2385 2866 jam
2414 2805 2468 2851 et
2489 2796 2605 2852 sine
2628 2795 2814 2860 verbo,
2847 2794 3001 2849 tacita
3045 2801 3330 2863 potestate.
3379 2804 3433 2847 et
3453 2793 3564 2846 sola

1975 2891 2285 2954 voluntate;
2316 2889 2467 2958 quasi
2496 2903 2717 2944 necesse
2746 2888 2834 2950 sit,
2867 2887 3032 2942 semel
3066 2885 3420 2940 remediatorc
3446 2885 3560 2938 lan-

1974 2997 2200 3052 guornm
2226 2991 2280 3036 et
2302 2983 2549 3035 vitiorum
2575 2981 2888 3034 annnntiato
2911 2977 3128 3033 Christo
3154 3019 3169 3044 ,
3212 2987 3267 3032 et
3292 2977 3359 3032 de
3406 2975 3565 3032 effec-

1976 3075 2116 3129 tibus
2138 3075 2360 3145 probato
2389 3115 2405 3140 ,
2436 3073 2504 3128 de
2531 3073 2877 3144 qualitatibus
2918 3071 3252 3129 curationum
3304 3080 3565 3126 retracta-

1974 3169 2052 3223 ri:
2080 3177 2172 3222 aut
2200 3168 2513 3222 Creatorem
2537 3167 2588 3220 in
2614 3165 2829 3220 Christo
2859 3164 2925 3218 ad
2972 3164 3141 3234 legem
3167 3163 3445 3235 provocari
3474 3180 3486 3215 :
3517 3161 3563 3217 si

268 3257 475 3312 [labent
504 3261 610 3314 illic
637 3260 845 3333 Moysen
873 3273 919 3316 et
947 3264 1241 3332 prop/tetas,
1269 3265 1483 3319 audiant
1534 3267 1651 3321 illos
1709 3267 1862 3339 (Luc.
1895 3268 1939 3331 C
1974 3260 2102 3333 quid
2131 3260 2286 3314 aliter
2313 3275 2474 3330 quam
2510 3258 2626 3328 lege
2669 3256 2912 3313 distinxit
2939 3298 2953 3324 ,
2994 3257 3109 3326 ipse
3127 3255 3349 3326 perfecit
3382 3275 3394 3310 :
3440 3259 3587 3311 cmn‘

265 3348 576 3418 X\'l,29);
604 3355 690 3422 qui
722 3369 829 3408 non
849 3354 1176 3422 credebant,
1227 3357 1310 3412 vel
1357 3358 1445 3428 qtti
1495 3373 1593 3412 nec
1645 3361 1867 3414 omnino

268 3443 350 3493 sic
375 3443 672 3496 credebant
701 3459 822 3498 esse
848 3456 968 3513 post
995 3457 1222 3501 mortem
1241 3449 1505 3516 superbia:
1537 3449 1864 3514 divitiarum,

262 3543 315 3588 et
344 3533 532 3603 gloriae
562 3535 878 3590 deliciarum
908 3538 1166 3608 supplicia
1207 3542 1519 3594 ammntiata
1543 3557 1571 3595 a
1604 3541 1786 3614 Moyse
1811 3554 1866 3597 ct

262 3625 578 3695 prophetis:
614 3624 825 3681 decreta
855 3639 1032 3684 autem
1063 3630 1130 3683 ab
1158 3645 1224 3685 eo
1248 3630 1376 3697 Deo,
1408 3633 1496 3702 qui
1531 3631 1548 3704 (
1580 3633 1664 3687 I’s.
1701 3634 1859 3701 CXII,

264 3717 298 3770 6
329 3715 433 3784 )de
458 3719 653 3773 tlironis
677 3718 882 3788 deponit
926 3721 1168 3790 dynastas
1189 3764 1203 3789 ,
1232 3731 1279 3776 et
1321 3724 1383 3776 de
1411 3725 1694 3780 stercttlinis
1721 3728 1736 3791 (
1769 3726 1802 3781 3
1834 3727 1855 3794 )

259 3815 424 3868 elevat
451 3816 643 3886 inopes.
677 3817 750 3872 Ita
775 3833 895 3873 eum
923 3821 1171 3890 utrinque
1204 3822 1649 3888 pronuntiationis
1670 3822 1847 3878 direr-

262 3905 397 3958 sitas
459 3917 729 3975 competat
780 3907 1067 3978 Creatori,
1097 3926 1203 3966 non
1235 3913 1337 3965 erit
1376 3912 1713 3968 divinitatum
1745 3925 1858 3969 sta—

265 3995 464 4051 tuenda
513 3995 784 4064 distantia,
821 3999 912 4054 sed
932 4001 1165 4070 ipsarum
1199 4004 1562 4059 materiarum.

789 4090 1023 4174 eaeor
1074 4093 1294 4150 xxxv.

333 4180 638 4240 Conversus
683 4184 877 4240 ibidem
901 4187 967 4242 ad
995 4187 1288 4257 discipulos
1336 4187 1487 4263 (Luc.
1533 4188 1720 4264 XVII),
1781 4208 1858 4248 vat

253 4268 388 4325 dicit
435 4278 634 4328 auctori
680 4277 1039 4332 scantlalorum
1082 4296 1102 4334 :
1149 4282 1406 4350 expedisse
1427 4282 1507 4353 (4)
1528 4285 1572 4337 ei
1624 4286 1667 4338 si
1697 4296 1844 4341 natus

254 4381 358 4454 non
382 4367 600 4436 fuisset,
629 4379 716 4422 aut
768 4374 813 4424 si
870 4373 1059 4426 melino
1114 4391 1244 4428 saxo
1274 4377 1341 4429 ad
1370 4377 1554 4432 collum
1633 4379 1855 4452 deligata

253 4457 603 4524 praecipitatus
663 4469 789 4514 esset
835 4462 887 4514 in
949 4466 1296 4532 profundunt,
1349 4484 1500 4534 quant
1578 4486 1737 4522 unum
1793 4486 1856 4524 ea:

255 4547 364 4602 illis
390 4552 638 4617 modicis,
667 4554 850 4625 utique
902 4555 1176 4627 discipulis
1217 4560 1332 4628 ejus
1363 4601 1377 4626 ,
1436 4562 1849 4617 scandalizasset.

1973 3356 2128 3408 aliter
2175 3356 2356 3425 utique
2381 3353 2638 3408 Dominus
2665 3352 2745 3423 (9)
2777 3367 2870 3422 per
2908 3352 3255 3421 semetipsum
3285 3359 3560 3421 Operetur,

1970 3449 2083 3505 sive
2124 3464 2221 3518 per
2264 3447 2453 3501 Filium
2487 3489 2503 3513 ,
2536 3447 2691 3502 aliter
2719 3461 2812 3515 per
2854 3444 3142 3514 pr0phetas
3177 3441 3404 3498 famulos
3433 3459 3559 3498 suos

1971 3541 2218 3594 maximat
2244 3539 2358 3611 (l0)
2382 3540 2697 3593 documenta
2718 3537 2926 3591 virtutis
2946 3545 2996 3590 et
3023 3535 3332 3605 potestatis;
3362 3551 3478 3605 quae
3503 3544 3560 3589 ut

1969 3632 2195 3686 clariora
2228 3640 2281 3684 et
2309 3631 2597 3693 validiora,
2627 3644 2729 3698 qua
2771 3627 3004 3698 propria,
3034 3627 3234 3682 distare
3275 3639 3305 3679 a
3347 3627 3557 3680 vicariis

1968 3724 2049 3779 fas
2074 3733 2174 3779 est.
2208 3720 2313 3779 Sed
2342 3722 2604 3793 ejusmodi
2627 3733 2675 3776 et
2697 3720 2820 3776 alibi
2844 3719 2954 3790 jam
2977 3717 3116 3774 dicta
3161 3725 3289 3773 sunt
3321 3757 3337 3785 ,
3371 3720 3421 3772 in
3462 3719 3558 3771 (i0-

1966 3829 2218 3874 eumento
2269 3819 2566 3892 superiore.
2628 3815 2777 3871 Nune
2826 3817 2928 3870 etsi
2963 3812 3211 3884 praefatus
3257 3822 3378 3878 est,
3424 3813 3555 3866 mul-

1966 3922 2041 3965 tos
2068 3922 2186 3964 tunc
2213 3912 2370 3981 fuisse
2397 3912 2620 3980 leprosos
2650 3909 2790 3980 apud
2820 3907 3063 3963 lsraelem
3093 3908 3144 3962 in
3193 3907 3368 3962 diebus
3417 3905 3555 3962 Ileli-

1961 4007 2050 4061 srvi
2078 4007 2339 4076 prop/tetas
2365 4048 2379 4071 ,
2407 4014 2450 4058 et
2475 4005 2721 4057 neminem
2746 4018 2921 4056 eorum
2975 4010 3247 4071 purgatum
3289 3999 3386 4053 nisi
3409 3998 3554 4052 Naa-

1962 4116 2079 4152 man
2099 4099 2288 4168 Syrum
2321 4096 2473 4168 (Luc.
2509 4095 2596 4160 IV,
2631 4095 2726 4166 27)
2753 4111 2767 4148 :
2798 4110 2902 4150 non
2934 4094 3114 4164 utique
3144 4093 3261 4164 (11)
3297 4107 3551 4148 numerus

1962 4190 2202 4248 facictad
2229 4189 2588 4245 differentiam
2614 4187 2858 4252 deorum,
2881 4188 2933 4242 in
2956 4185 3551 4242 destructionemCrca-

1965 4288 2114 4350 toris,
2145 4299 2306 4339 unum
2337 4281 2706 4348 remediantis,
2731 4293 2780 4336 et
2811 4279 3177 4351 prtelationem
3204 4279 3322 4349 ejus
3345 4278 3432 4348 qui
3450 4278 3547 4332 dc-

1959 4395 2075 4435 cein
2107 4378 2428 4434 emnndarit.
2453 4379 2584 4445 Quis
2631 4376 2772 4431 enim
2798 4373 3061 4429 dubitabit
3092 4373 3269 4442 plures
3312 4372 3546 4441 potuisse

1959 4472 2135 4525 curari
2166 4471 2232 4524 ab
2261 4469 2451 4539 eo,qui
2477 4483 2638 4522 unum
2662 4475 2922 4530 curasset,
2945 4479 3103 4535 quam
3125 4462 3307 4517 abillo
3332 4461 3540 4526 decent,

1957 4564 2046 4634 qui
2090 4576 2377 4630 numquam
2425 4569 2567 4613 retro
2614 4559 2820 4614 unum?
2864 4557 2967 4611 Sed
3022 4554 3264 4609 haecum
3315 4555 3545 4608 maxime

253 4640 484 4696 Aistima
564 4645 724 4715 quale
783 4650 1102 4717 supplicium
1177 4652 1534 4707 comminetnr
1608 4655 1683 4708 illi
1733 4654 1833 4727 (5).
1871 4669 1925 4729 ι)
1959 4653 2386 4725 prmmntiatione
2445 4651 2794 4705 difﬁdentiam
2847 4647 3062 4702 Israelis
3117 4647 3198 4701 vel
3240 4644 3542 4715 superbiam

250 4730 366 4786 Nec
416 4733 557 4788 enim
585 4736 719 4792 alius
769 4737 1055 4793 ulciscetur
1102 4741 1412 4797 scandalum
1453 4743 1844 4815 discipulorum

262 4829 404 4898 ejus.
451 4831 698 4900 Agnosce
751 4833 912 4902 igitur
972 4844 1026 4890 et
1074 4836 1310 4904 judicent
1343 4879 1358 4902 ,
1389 4850 1441 4894 et
1507 4840 1600 4895 illo
1653 4841 1849 4897 affectu

252 4923 696 4992 pronuntiantem
728 4924 795 4979 de
815 4940 942 4980 cura
973 4943 1213 4996 suorum,
1245 4945 1350 5002 quo
1379 4940 1432 4987 et
1459 4931 1683 4988 Creator
1709 4945 1852 4990 retro

1955 4750 2169 4822 pulsat;
2198 4746 2339 4817 quod
2362 4760 2483 4800 cum
2524 4742 2678 4798 multi
2721 4749 2899 4797 essent
2934 4740 3042 4794 illic
3061 4737 3293 4810 leprosi,
3319 4747 3374 4792 et
3422 4752 3544 4807 pro-

1954 4843 2142 4912 phetes
2173 4856 2273 4894 non
2297 4838 2510 4893 deesset
2535 4876 2548 4895 .
2582 4836 2739 4889 etiam
2760 4832 2903 4886 edito
2953 4831 3277 4885 documento
3307 4870 3323 4895 ,
3375 4845 3534 4883 nemo

1955 4932 2344 4990 decucurrisset
2370 4929 2438 4983 ad
2466 4930 2630 4983 Deum
2655 4935 2963 4997 operantem
3002 4923 3057 4979 in
3103 4922 3399 4994 prephctis.
3435 4921 3536 4992 lgi-

1475 5045 1854 5105 LECTIONES
1890 5043 2303 5105 VARIANTES.

314 5129 386 5188 (1)
409 5128 468 5178 Et
492 5130 596 5180 Lat.

335 5193 384 5253 2)
409 5192 649 5255 Carpisset
672 5195 849 5245 Petrus
873 5194 1094 5247 Ciaccon.

335 5255 383 5316 3)
411 5254 740 5316 Sterquiliniis
763 5260 903 5308 Pam.

368 5325 384 5376 )

311 5254 383 5374 $3)
411 5254 740 5317 Sterquiliniis
763 5260 903 5308 Pam.

333 5319 384 5374 4)
410 5316 703 5374 I‘pretiisset
723 5320 846 5370 Par.

333 5319 384 5376 4)
410 5316 703 5377 I‘Ixjieiiisset
723 5320 846 5370 Par.

309 5376 380 5440 (Si)
412 5379 496 5427 Ille
524 5380 626 5429 Lat.

312 5441 385 5506 (6)
411 5441 514 5491 Non
540 5442 770 5493 traduces
790 5445 920 5494 Sent.
940 5456 1035 5493 non
1061 5445 1189 5495 abest
1212 5449 1351 5499 Pam.

2011 5141 2083 5259 $7)
2108 5139 2214 5211 ἰξυο
2232 5133 2382 5186 omitt.
2408 5133 2604 5186 Obertlt.

2031 5203 2081 5259 8)
2108 5201 2181 5250 he
2217 5203 2378 5249 Venet.

2011 5201 2061 5259 (8
2108 5201 2181 5250 Ne
2217 5203 2378 5249 Venet.

2032 5204 2081 5326 9i
2107 5263 2248 5312 Alter
2275 5263 2342 5311 uti
2372 5261 2604 5310 Dominus
2623 5259 2728 5308 sive
2754 5258 2854 5308 Lat.

2038 5327 2111 5384 10)
2137 5327 2346 5375 Maxime
2371 5323 2474 5389 ltig.

2035 5391 2109 5451 ll)
2137 5388 2198 5440 Et.
2217 5387 2335 5438 add.
2356 5385 2507 5438 Sentl.

2038 5323 2111 5384 l0)
2137 5327 2346 5389 Maxime
2371 5323 2474 5389 ttig.

2035 5391 2109 5451 ll)
2137 5388 2198 5440 Et
2217 5387 2335 5438 add.
2356 5385 2507 5438 Seinl.

1611 5533 2173 5616 CQMMENTARIUS.

317 5639 392 5708 (ει)
422 5638 522 5694 Cur
543 5658 642 5695 non
669 5645 834 5711 rapiat
859 5645 1025 5698 sinum
1058 5643 1277 5699 Abra/ue
1305 5647 1424 5700 dici.
1463 5647 1570 5702 Iloc
1599 5648 1820 5704 verbum

247 5713 303 5766 in
337 5713 698 5778 superioribus
729 5729 872 5785 sa‘pc
901 5716 1003 5783 jam
1043 5715 1197 5770 nobis
1225 5720 1476 5772 occurrit.
1503 5717 1702 5773 Sensus
1737 5720 1820 5776 hic

242 5792 373 5859 est;
413 5799 502 5859 (μιν
533 5800 630 5836 non
664 5789 817 5859 possit
842 5788 949 5859 (liti
963 5789 1106 5839 sinas
1135 5789 1381 5850 libra/ta}.
1413 5790 1584 5859 templ.
1608 5801 1710 5846 etc.
1742 5793 1819 5846 sic

237 5857 296 5911 in
330 5856 393 5907 tle
428 5852 638 5911 llesnrr.
664 5858 830 5911 carnis
862 5873 879 5910 :
908 5856 1120 5912 Terram
1191 5869 1434 5926 sanctam,
1482 5852 1776 5930 paradisum
1803 5906 1818 5932 ,

1925 5670 2072 5721 quam
2096 5663 2140 5703 et
2181 5662 2380 5710 patrum
2407 5651 2505 5704 dici
2531 5652 2717 5719 capiat.
2755 5650 2925 5705 flues.

2007 5723 2084 5794 (il)
2117 5724 2186 5776 .oIc
2224 5724 2441 5775 candida
2465 5716 2693 5791 qtttt'tlant
2742 5723 3002 5794 utriusque
3023 5719 3229 5791 jntlicii.
3277 5716 3515 5773 Candida

1926 5793 2022 5863 pro
2051 5812 2144 5864 spe
2194 5806 2247 5849 ct
2268 5798 2689 5864 exspectatione.
2730 5793 2900 5850 Vestis
2929 5805 3034 5848 erat
3081 5795 3375 5864 petitorum
3403 5830 3418 5854 ,
3465 5799 3523 5846 ut

1923 5882 2082 5937 supra
2103 5869 2495 5922 annomvintus.
2545 5865 2719 5920 Ilum.
