4268 6492
716 410 822 467 417

2129 398 2593 460 Τεῐιτυιιιικι

3907 403 4018 459 MS

718 532 805 581 tur
829 566 842 590 ,
874 524 1127 595 quoniam
1158 523 1277 595 ipse
1297 530 1413 579 erat
1442 521 1785 580 authenticus
1817 521 2058 594 pontifex
2086 521 2181 577 Dei
2206 522 2299 574 Pa-
2340 520 2393 576 A
2420 529 2505 573 tua
2546 530 2593 573 te
2608 518 2807 573 salvum
2838 520 2982 591 fecit,
3011 518 3159 574 audit
3187 536 3202 585 ;
3232 519 3352 590 quia
3386 506 3724 575 intellexerat
3747 534 3925 576 veram
3957 531 4020 576 se

719 619 816 674 tris
837 661 851 683 ,
882 618 1115 687 inspexit
1147 617 1269 671 illos
1296 616 1588 673 secundum
1616 616 1749 687 legis
1774 631 2031 672 arcanum
2057 656 2071 681 ,
2114 614 2317 685 signiti-

719 711 897 767 cantis
923 710 1195 766 Christum
1226 724 1347 765 esse
1370 724 1555 765 verum
1586 708 2003 780 disceptatorem
2047 717 2101 763 et
2130 707 2316 761 elima-

720 811 896 859 torem
929 802 1284 857 humanarum
1310 802 1667 856 macularum.
1694 800 1801 857 Sed
1827 812 1881 857 et
1907 799 2047 870 quod
2072 801 2127 855 in
2155 801 2320 853 maui-

721 894 858 952 fcsto
888 896 984 950 luit
1012 896 1143 966 legis
1162 937 1178 962 ,
1212 896 1467 966 prmcepit
1493 912 1507 961 ;
1541 898 1649 951 Iste
1696 895 1944 950 ostendite
1969 910 2055 949 uos
2080 895 2321 949 sacerdo-

723 990 874 1045 tibus.
906 990 1047 1057 Cur,
1083 990 1125 1043 si
1157 989 1279 1043 illos
1300 1001 1426 1044 ante
1452 999 1567 1045 erat
1595 989 2026 1044 emundaturus?
2078 989 2161 1043 An
2183 1002 2313 1057 qua-

726 1082 772 1137 si
801 1082 935 1153 legis
963 1082 1148 1136 illusor
1168 1122 1184 1147 ,
1209 1092 1265 1134 ut
1292 1083 1342 1135 in
1368 1080 1558 1136 itinere
1583 1082 1785 1136 curatis
1831 1080 2143 1135 ostenderet
2170 1121 2184 1145 ,
2232 1079 2315 1132 ni-

728 1173 803 1229 hil
829 1188 948 1229 esse
968 1174 1138 1243 legem
1168 1189 1289 1228 cum
1322 1174 1451 1242 ipsis
1478 1174 1886 1228 sacerdotibus?
1920 1172 1985 1227 Et
2006 1174 2191 1241 utique
2240 1172 2319 1225 vi-

724 1265 909 1332 derit,
944 1266 986 1320 si
1017 1266 1102 1321 cui
1126 1275 1230 1320 tam
1270 1266 1543 1335 opiniosus
1569 1265 1839 1320 videbitur
1886 1264 2152 1319 Christus.
2209 1263 2319 1318 lmo

724 1357 965 1430 digniora
996 1370 1121 1414 sunt
1154 1358 1551 1429 interpretanda
1571 1399 1586 1425 ,
1612 1367 1665 1413 et
1687 1357 2073 1427 ﬁdeijustiora.
2097 1356 2225 1412 Ideo
2254 1358 2319 1411 il-

725 1450 807 1506 los
838 1450 1159 1506 retttediatos
1183 1493 1198 1513 ,
1230 1467 1331 1520 qua
1365 1450 1659 1505 secundum
1692 1451 1861 1520 legem
1887 1452 2019 1521 jnssi
2075 1444 2223 1505 abire
2252 1451 2317 1504 ad

726 1541 1038 1597 sacerdotes
1058 1584 1073 1609 ,
1097 1542 1452 1596 obaudierant
1478 1559 1491 1595 :
1525 1556 1697 1611 neque
1727 1544 1870 1596 enim
1913 1542 2174 1597 credibile
2197 1552 2279 1596 est
2298 1583 2312 1606 ,

726 1632 1022 1688 emeruisse
1050 1633 1368 1687 medicinam
1394 1647 1422 1685 a
1454 1631 1791 1687 destructore
1822 1634 1973 1703 legis,
2010 1634 2323 1688 observato-

724 1739 814 1781 res
844 1725 993 1794 legis.
1018 1724 1122 1779 Sed
1154 1739 1249 1779 cur
1279 1725 1503 1794 pristino
1531 1726 1746 1795 leproso
1773 1725 1910 1780 nihil
1970 1725 2074 1780 tale
2125 1740 2319 1796 prame-

725 1816 842 1887 pit?
870 1817 993 1887 quia
1019 1830 1119 1870 nec
1144 1816 1369 1871 Elis:eus
1416 1818 1553 1891 Syro
1578 1815 1852 1884 Naaman;
1894 1830 1948 1872 et
2000 1826 2177 1873 tamen
2211 1834 2316 1872 non

2426 613 2535 667 Deo
2564 613 2924 683 omnipotenti
2953 612 3286 669 oblationem
3308 653 3323 678 ,
3350 613 3643 683 gratiarum
3671 612 3879 668 scilicet
3912 628 4007 668 ac-

2426 708 2624 762 tionem
2652 749 2666 771 ,
2698 707 2836 777 apud
2860 722 3046 763 verum
3098 707 3356 777 templum
3400 716 3455 761 et
3483 722 3667 762 verum
3707 706 4019 776 pontiﬁcem

2424 800 2539 871 ejus
2567 799 2841 855 Christum
2866 800 3043 855 facere
3072 800 3291 856 debere.
3316 799 3423 856 Sed
3454 816 3551 856 nec
3598 800 3857 857 Pharisaei
3888 815 4019 871 pos-

2424 905 2547 949 sunt
2577 894 2748 950 videri
2779 894 2850 950 de
2892 894 3114 949 alterius
3145 894 3239 949 Dei
3271 908 3439 961 regno
3460 893 3797 949 consuluisse
3827 894 4019 947 Domi-

2426 1004 2552 1043 num
2583 1030 2598 1055 ,
2631 988 2845 1058 quando
2885 996 3167 1043 venturum
3198 988 3286 1051 sit,
3320 986 3575 1057 quamdiu
3601 987 3741 1042 alius
3775 1002 3806 1041 a
3834 984 4025 1041 Chris-

2425 1090 2478 1137 to
2517 1081 2693 1135 editns
2726 1081 2863 1136 Deus
2902 1096 3009 1135 non
3035 1090 3153 1135 erat
3181 1122 3195 1146 ,
3243 1094 3342 1134 nec
3364 1079 3454 1134 ille
3481 1079 3551 1134 de
3583 1078 3807 1134 alterius
3850 1093 4025 1149 regno

2424 1174 2790 1244 respondisse,
2815 1188 2973 1243 quam
2995 1172 3065 1227 de
3092 1173 3248 1242 cujus
3270 1171 3679 1227 consulebatur.
3704 1169 3828 1225 Non
3854 1171 4021 1239 venit,

2425 1266 2615 1339 inquit,
2639 1282 2852 1337 regnum
2876 1263 2972 1320 Dei
2990 1281 3104 1319 cum
3126 1264 3473 1319 observatione
3497 1280 3514 1328 ;
3540 1280 3630 1318 nec
3654 1263 3852 1329 dicunt,
3881 1261 4021 1317 Ecce

2423 1358 2525 1420 hic,
2551 1376 2662 1413 ecce
2690 1359 2818 1423 illic;
2848 1358 2979 1413 Ecce
3000 1359 3132 1412 enim
3152 1374 3367 1428 regnum
3394 1356 3490 1411 Dei
3515 1358 3650 1411 intra
3668 1373 3753 1411 vos
3767 1366 3838 1410 est
3860 1354 4024 1427 (Luc.

2427 1450 2566 1507 XVII
2579 1495 2588 1513 ,
2603 1450 2814 1521 20,24).
2834 1450 2964 1519 Quis
2983 1465 3087 1503 non
3104 1449 3172 1503 ita
3190 1449 3650 1518 interpretabitur,
3666 1448 3803 1501 intra
3819 1463 3908 1500 vos
3920 1454 4023 1512 est,

2425 1544 2475 1599 id
2498 1555 2579 1599 est
2599 1545 2650 1597 iu
2670 1545 2912 1610 manu,in
2938 1553 3200 1611 potestate
3216 1541 3469 1608 vestra,si
3488 1542 3788 1602 audiatis,si
3807 1538 4023 1595 faciatis

2426 1638 2519 1692 Dei
2541 1638 2894 1707 prieccptum?
2910 1635 3064 1705 Quod
3087 1638 3131 1690 si
3157 1636 3209 1690 in
3238 1644 3510 1706 praecepto
3536 1646 3617 1691 est
3643 1635 3734 1689 Dei
3763 1650 4017 1703 regnum,

2424 1744 2664 1800 propone
2693 1728 2852 1799 igitur
2889 1740 3076 1784 contra
3097 1770 3112 1795 ,
3142 1728 3220 1801 (b)
3251 1730 3550 1785 secundum
3609 1737 3824 1782 nostras
3869 1728 4020 1780 anti-

2426 1823 2626 1884 theses,
2655 1821 2910 1893 Moysen,
2942 1830 2997 1877 et
3024 1835 3127 1875 una
3181 1821 3445 1876 sententia
3498 1828 3602 1875 est.
3665 1818 4019 1889 Ρνωεεριιιηι,

723 1906 929 1963 idcirco
956 1922 1063 1961 non
1092 1916 1207 1962 erat
1234 1906 1526 1962 Creatoris.
1555 1909 1695 1963 Satis
1746 1908 2029 1977 respondi;
2080 1908 2175 1963 sed
2224 1909 2312 1977 qui
2343 1911 2391 1972 B
2422 1916 2590 1987 inquit
2612 1914 2786 1983 (Deut.
2819 1913 3211 1985 XXXJi-H),
3237 1914 3488 1968 excelsum
3512 1930 3611 1967 non
3638 1923 3730 1977 est,
3753 1928 3846 1966 nec
3872 1914 4027 1983 longe

722 2000 993 2067 credidit,
1029 2001 1457 2071 intelligitetiam
1490 2002 1649 2056 altius
1698 2001 1918 2072 aliquid.
1957 2003 2111 2057 Disce
2157 2002 2319 2072 igitur

725 2102 779 2149 et
804 2108 1013 2149 causas.
1043 2093 1109 2147 lu
1135 2094 1389 2148 Samaria:
1409 2095 1694 2164 regionibus
1716 2108 1804 2149 res
1829 2096 2087 2164 agebatur
2109 2136 2122 2159 ,
2176 2093 2316 2147 unde

729 2198 843 2242 erat
868 2199 914 2240 et
942 2203 1072 2241 unus
1098 2188 1295 2239 interim
1321 2204 1383 2241 ea;
1409 2188 1640 2256 leprosis.
1671 2186 1911 2241 Samaria
1944 2198 2118 2241 autem
2153 2187 2317 2241 desci—

724 2289 875 2335 verat
903 2281 972 2333 ab
1025 2280 1248 2345 lsraeIe,
1283 2281 1483 2334 habens
1513 2280 1746 2334 sehisma
1776 2280 1904 2335 illud
1925 2296 1991 2335 ex
2015 2280 2203 2335 decem
2238 2279 2316 2352 (l)

722 2373 988 2437 tribubus,
1023 2388 1157 2443 quas
1187 2374 1399 2426 avulsas
1450 2388 1545 2442 per
1586 2374 1806 2428 Achiam
1841 2373 2177 2443 prophetam,
2209 2374 2318 2427 col-

724 2463 996 2521 locaverat
1026 2465 1167 2535 apud
1213 2464 1510 2519 Samariam
1540 2465 1829 2520 det-obeam
1859 2464 1950 2533 (Ill
1982 2464 2113 2536 Reg.
2167 2464 2240 2519 XI
2270 2476 2316 2519 et

724 2555 887 2628 XVI).
922 2558 1028 2613 Sed
1055 2567 1109 2613 et
1136 2559 1269 2613 alias
1300 2573 1513 2627 semper
1535 2558 1632 2613 sibi
1659 2559 1932 2628 placentes
1958 2570 2109 2613 erant
2130 2559 2317 2615 Sama-

726 2650 891 2705 ritani
924 2649 991 2703 de
1016 2650 1289 2705 montibus
1321 2659 1374 2704 et
1411 2651 1583 2719 puteis
1607 2661 1854 2721 patrum;
1886 2652 2025 2705 sicut
2049 2652 2101 2705 in
2143 2652 2318 2706 Evan-

726 2742 870 2813 gelio
897 2742 1120 2798 Joannis
1144 2740 1326 2814 (Joan.
1358 2742 1450 2813 IV)
1479 2743 1815 2799 Samaritana
1851 2746 1935 2797 illa
1969 2745 2019 2798 iu
2049 2745 2319 2814 colloquio

727 2834 941 2891 Domini
960 2837 1098 2905 apud
1126 2846 1344 2906 puteum
1371 2854 1384 2890 :
1424 2836 1619 2907 Nec!)
1649 2850 1700 2891 tu
1730 2839 2005 2908 majorsis,
2026 2848 2079 2893 et
2098 2849 2319 2895 caetera.

722 2924 788 2980 Ει
814 2942 1000 2981 rursus
1041 2945 1055 2981 :
1087 2926 1271 2981 Patres
1299 2932 1457 2984 nostri
1485 2930 1535 2981 in
1569 2932 1663 2982 isto
1687 2941 1854 2983 monte
1880 2931 2241 2993 adoraverunt,
2274 2942 2319 2984 et

719 3033 807 3073 vos
832 3020 999 3073 dicitis
1046 3020 1164 3088 quia
1195 3019 1565 3092 Hierosolymis
1593 3031 1789 3092 oportet
1811 3023 2048 3077 adorare.
2100 3022 2280 3095 Itaque
2299 3067 2314 3091 ,

720 3110 810 3181 qui
839 3119 898 3164 et
918 3126 1012 3179 per
1048 3112 1213 3165 Amos
1243 3111 1321 3183 (5)
1348 3112 1545 3180 (Amos,
1584 3112 1680 3178 Vl,
1710 3114 1807 3182 1),
1852 3112 1939 3168 Va:
1989 3115 2183 3169 dixerit
2223 3115 2315 3178 eis,

722 3201 800 3275 (τι)
849 3205 934 3274 qui
986 3204 1300 3272 conﬁderent
1331 3204 1409 3275 (4)
1458 3206 1510 3258 in
1559 3216 1725 3259 monte
1778 3206 2072 3272 Samaria;
2107 3206 2217 3276 jam
2264 3216 2319 3262 et

2420 2026 2453 2061 α
2483 2019 2548 2062 te.
2583 2005 2703 2060 Non
2742 2016 2814 2058 est
2853 2005 2906 2059 in
2935 2005 3062 2059 cazlo
3091 2046 3106 2068 ,
3157 2014 3211 2058 ut
3259 2007 3400 2059 dicas
3430 2022 3449 2058 :
3478 2005 3604 2072 Quis
3653 2004 3889 2059 ascendet
3934 2004 4022 2076 (8)

2418 2103 2472 2156 in
2500 2102 2679 2156 caelum
2704 2143 2719 2163 ,
2744 2111 2789 2154 et
2811 2099 3026 2169 deponet
3057 2098 3135 2170 (9)
3167 2099 3309 2153 nobis
3335 2098 3467 2152 illud
3492 2141 3507 2163 ,
3533 2108 3581 2152 et
3629 2098 3863 2151 auditum
3887 2098 4023 2151 illud

2423 2194 2667 2264 faciemus
2694 2193 2717 2247 ?
2746 2208 2834 2246 nec
2857 2191 2991 2245 ultra
3022 2208 3159 2244 mare
3180 2200 3273 2258 est,
3304 2201 3358 2244 ut
3383 2191 3523 2245 dicas
3557 2206 3576 2245 :
3609 2190 3734 2257 Quis
3762 2194 4023 2261 transfre-

2421 2284 2544 2337 tubit
2595 2294 2640 2336 et
2665 2293 2827 2337 suntet
2870 2282 3000 2336 illud
3032 2283 3197 2348 nobis,
3236 2292 3283 2336 et
3321 2282 3552 2335 auditum
3576 2283 3707 2335 illud
3728 2282 3975 2353 faciemus
3997 2281 4026 2335 Ρ

2428 2377 2595 2448 Prope
2648 2389 2695 2432 te
2724 2386 2797 2431 est
2823 2377 3029 2431 uerbum
3053 2417 3069 2441 ,
3098 2377 3151 2430 in
3178 2393 3265 2430 ore
3286 2386 3395 2437 tuo,
3425 2377 3541 2429 etin
3569 2375 3723 2429 corde
3748 2386 3858 2440 tuo,
3894 2376 4025 2429 etin

2421 2470 2652 2523 manibus
2678 2471 2777 2523 tuis
2802 2473 2969 2539 facere
2988 2468 3140 2522 illud.
3167 2468 3279 2523 Iloc
3317 2467 3440 2529 erit,
3484 2465 3607 2520 Non
3631 2466 3734 2530 hic,
3764 2482 3858 2520 nec
3883 2466 4018 2532 illic;

2420 2580 2534 2618 ecce
2562 2563 2697 2616 enim
2718 2561 2855 2615 intra
2892 2576 2980 2615 vos
3001 2570 3076 2616 est
3106 2577 3320 2632 regnum
3353 2559 3463 2616 Dei.
3492 2559 3561 2614 Et
3612 2574 3679 2615 ne
3725 2574 4022 2630 argumen-

2420 2667 2563 2713 tetnr
2590 2656 2809 2709 audacia
2840 2654 3089 2710 lneretica
3116 2695 3130 2717 ,
3160 2654 3229 2709 de
3259 2668 3424 2724 regno
3454 2650 3730 2708 Creatoris
3757 2696 3772 2717 ,
3803 2654 3874 2710 de
3903 2670 4015 2724 quo

2420 2749 2803 2805 consulebatur
2831 2787 2847 2812 ,
2879 2761 2984 2801 non
3012 2747 3080 2802 de
3097 2761 3196 2801 suo
3218 2746 3565 2815 reSpondiSse
3592 2749 3673 2804 eis
3705 2748 4020 2816 Dominum,

2420 2840 2697 2911 sequentia
2719 2838 3009 2894 obsistunt.
3042 2838 3236 2893 Diceus
3260 2840 3430 2902 enim,
3458 2838 3651 2894 Filium
3683 2839 3908 2897 hominis
3930 2860 4027 2895 an-

2421 2944 2468 2987 te
2488 2935 2647 2987 multa
2678 2933 2783 3000 pati
2818 2972 2834 2997 ,
2899 2942 2945 2985 et
2981 2932 3242 2999 reprobari
3289 2941 3543 3000 oportere,
3574 2942 3692 2987 ante
3736 2934 4017 2987 adventum

2422 3046 2595 3091 suum,
2624 3027 2676 3081 in
2702 3041 2809 3096 quo
2835 3035 2891 3082 et
2912 3040 3134 3096 regnum
3174 3024 3603 3081 substantialiter
3650 3025 3982 3081 revelabitur
4005 3066 4022 3091 ,

2424 3138 2582 3177 suum
2614 3120 2849 3178 ostendit
2872 3130 2926 3175 et
2954 3135 3175 3190 regnum
3203 3118 3271 3174 de
3297 3134 3404 3188 quo
3448 3117 3846 3188 responderat,
3877 3118 4025 3188 quod

2425 3216 2704 3285 passiones
2724 3224 2780 3268 et
2802 3212 3207 3283 reprobatioues
3234 3211 3399 3280 ipsius
3429 3210 3795 3281 exspectabat.
3824 3210 4030 3280 Repro-

723 3298 897 3368 ipsam
926 3299 1213 3353 restituere
1264 3298 1550 3369 dignatus,
1598 3300 1666 3354 de
1696 3299 1957 3355 industria
1983 3341 1998 3366 ,
2034 3301 2185 3370 jubet
2234 3316 2322 3355 os~
2351 3294 2395 3357 C
2432 3307 2543 3362 bari
2585 3316 2765 3361 autem
2795 3305 3001 3360 habens
3027 3314 3082 3360 et
3112 3312 3297 3374 postea
3340 3305 3563 3373 agnosci
3616 3313 3667 3358 et
3716 3306 3926 3358 assumi
3974 3314 4032 3360 et

725 3391 950 3447 tendere
979 3407 1037 3447 se
1065 3391 1467 3459 sacerdotibus,
1499 3396 1682 3463 utique
1710 3395 1799 3463 qui
1830 3408 1935 3449 non
1983 3403 2168 3459 erant,
2216 3394 2319 3449 nisi

731 3485 822 3539 ubi
855 3493 911 3539 et
943 3485 1237 3555 templum;
1270 3486 1559 3555 subjiciens
1588 3486 1905 3540 Samaritam
1934 3485 2154 3553 Judteo,
2188 3502 2320 3555 quo-

724 3578 867 3634 niam
898 3592 963 3632 ex
985 3575 1186 3631 Iudaeis
1217 3577 1364 3631 salus
1388 3578 1643 3633 Israelita:
1674 3589 1728 3631 et
1750 3579 2029 3633 Samarihe
2053 3580 2157 3647 (Si).
2188 3578 2319 3631 Tota

727 3671 873 3726 cnim
899 3670 1186 3739 promissio
1206 3670 1365 3724 tribui
1392 3668 1544 3724 Jude
1584 3669 1832 3724 Christus
1862 3669 1989 3731 fuit;
2018 3682 2073 3723 ut
2121 3670 2324 3724 scirent

726 3763 1117 3834 Hierosolymis
1140 3778 1261 3818 esse
1283 3771 1339 3816 et
1364 3761 1675 3817 sacerdotes
1705 3772 1759 3817 et
1786 3764 2043 3831 templum
2068 3805 2081 3826 ,
2128 3772 2183 3817 et
2211 3778 2324 3816 ma-

729 3858 922 3913 tricem
955 3857 1266 3927 religionis,
1301 3865 1355 3911 et
1386 3854 1607 3922 fontem,
1641 3872 1745 3911 non
1798 3867 2046 3925 puteum,
2111 3856 2321 3910 salutis.

732 3951 800 4007 Et
833 3949 973 4015 ideo,
1000 3958 1059 4005 ut
1084 3949 1218 4004 vidit
1246 3951 1526 4020 agnovisse
1555 3949 1674 4003 illos
1707 3951 1874 4017 legem
1908 3950 1984 4019 (6)
2016 3949 2324 4021 Hierosoly-

728 4045 834 4102 mis
858 4046 1290 4115 expungendum,
1316 4061 1382 4099 ex
1403 4044 1506 4100 ﬁde
1526 4044 1635 4115 jam
1657 4044 2025 4113 jnstilicandos
2050 4046 2165 4099 sine
2195 4045 2327 4115 legis

725 4138 917 4195 ordine
948 4138 1286 4194 remediavit.
1324 4138 1478 4195 Unde
1504 4148 1559 4192 et
1588 4154 1752 4192 mmm
1782 4138 1930 4192 illum
1985 4139 2219 4195 solutum
2244 4142 2322 4213 (7)

725 4247 791 4288 ex
822 4230 1011 4287 decem
1041 4272 1055 4297 ,
1090 4245 1383 4286 memorem
1416 4230 1613 4285 divime
1640 4233 1827 4301 gratiae
1870 4234 2167 4289 Samariten
2223 4235 2324 4287 mi-

726 4337 875 4382 ratus
895 4367 910 4390 ,
940 4341 1047 4380 non
1073 4323 1289 4379 mandat
1320 4324 1514 4381 oﬁ'erre
1544 4342 1737 4383 munus
1777 4342 1842 4383 es
1876 4327 2051 4398 Lege;
2084 4329 2209 4398 quia
2241 4317 2330 4382 sa;

728 4418 798 4473 tis
826 4418 934 4486 jam
969 4417 1237 4472 obtulerat
1266 4460 1281 4483 ,
1313 4417 1539 4487 gloriam
1572 4419 1679 4472 Deo
1709 4420 1944 4476 reddens
1964 4463 1976 4483 ,
2006 4421 2105 4475 hoc
2128 4430 2187 4474 et
2216 4421 2322 4473 Do-

728 4511 879 4566 mino
906 4510 1120 4565 volente
1151 4511 1489 4580 interpretari
1524 4510 1722 4582 legem.
1781 4514 1848 4566 Et
1891 4522 2067 4567 tamen
2098 4514 2181 4568 cui
2217 4513 2327 4566 Deo

729 4604 958 4676 gratiam
1014 4602 1244 4658 reddidit
1282 4604 1604 4669 Samarites,
1655 4606 1869 4675 quando
1917 4624 2015 4664 nec
2057 4609 2326 4666 Israelites

2424 3398 2631 3463 extolli,
2664 3398 2825 3453 etiam
2854 3398 3025 3468 ipsum
3075 3396 3296 3451 verbum
3345 3395 3648 3467 reprobari,
3679 3395 3807 3451 inde
3832 3396 4032 3452 decer-

2425 3491 2531 3561 psit
2561 3489 2701 3559 (10),
2728 3488 2817 3543 ubi
2850 3489 2900 3543 in
2934 3489 3129 3559 lapidis
3175 3489 3463 3559 aenigmate
3481 3499 3708 3558 utraque
3755 3490 4026 3546 revelatio

2425 3583 2543 3652 ejus
2570 3582 2707 3653 apud
2740 3582 2902 3636 David
2937 3580 3055 3643 (Ps.
3088 3580 3295 3646 CXVII,
3328 3580 3426 3653 2|)
3456 3583 3791 3647 cauebatur;
3842 3585 4023 3655 prima

2426 3677 2781 3743 rccusabilis,
2835 3674 3073 3730 secunda
3128 3674 3508 3730 honorabilis:
3554 3673 3752 3745 Lapis,
3804 3676 4025 3747 inquit,

2426 3785 2571 3838 quem
2592 3769 2983 3837 reprobaverunt
3020 3766 3352 3835 a'di/icantes,
3378 3767 3474 3821 iste
3498 3767 3664 3837 factus
3689 3778 3764 3823 est
3789 3769 3844 3822 in
3866 3779 4026 3839 caput

2429 3859 2628 3929 anguli.
2682 3861 2727 3912 A
2772 3858 2994 3913 Domino
3043 3864 3237 3931 factum
3263 3870 3336 3913 est
3364 3860 3479 3914 hoc.
3506 3858 3711 3915 Vanum
3748 3860 3923 3926 enim,
3987 3862 4033 3915 si

2429 3952 2757 4007 credidimus
2786 3951 2951 4008 Deum
2974 3953 3043 4007 de
3082 3953 3408 4008 contumelia
3456 3961 3547 4007 aut
3605 3952 3770 4020 gloria
3820 3954 4033 4009 scilicet

2429 4046 2655 4115 alicujus
2683 4045 3031 4115 praedicasse,
3076 4055 3132 4100 ut
3162 4060 3267 4098 non
3298 4045 3419 4115 (11)
3475 4060 3599 4100 eum
3656 4044 4029 4114 portenderet,

2430 4155 2589 4210 quem
2610 4148 2661 4193 et
2686 4138 2735 4193 in
2762 4137 2955 4208 lapidis
2981 4181 2996 4205 ,
3030 4149 3084 4192 et
3116 4139 3168 4191 itt
3205 4146 3372 4207 petra:
3399 4176 3412 4198 ,
3446 4145 3501 4191 et
3547 4138 3599 4191 iu
3632 4138 3832 4191 montis
3866 4138 4031 4208 ﬁgura

2430 4230 2531 4305 (Is.
2569 4229 2705 4297 VIII,
2734 4231 2789 4300 4)
2825 4230 3170 4300 portenderet
3193 4228 3336 4301 (12).
3365 4229 3469 4285 Sed
3500 4229 3544 4284 si
3583 4229 3649 4284 de
3670 4244 3769 4283 suo
3794 4229 4034 4300 loquitur

2431 4324 2684 4390 adventu,
2708 4338 2802 4378 cur
2829 4339 2951 4378 eum
2978 4321 3168 4378 diebus
3198 4321 3311 4378 Noe
3331 4331 3386 4377 et
3426 4321 3563 4376 Loth
3622 4333 3907 4390 comparat
3957 4334 4032 4378 te-

2434 4423 2531 4476 tris
2560 4431 2615 4477 et
2656 4420 2929 4477 atrocibus
2963 4420 3101 4474 Deus
3128 4426 3183 4474 et
3232 4418 3370 4472 lenis
3395 4427 3449 4472 et
3477 4416 3669 4471 mitis?
3711 4416 3824 4472 Cur
3844 4418 4035 4473 admo-

2434 4525 2526 4570 net
2555 4515 2866 4570 meminisse
2893 4514 3077 4569 uxoris
3107 4512 3244 4567 Loth
3272 4553 3287 4576 ,
3314 4526 3433 4581 qua:
3484 4519 3810 4580 praeceptum
3864 4508 4029 4566 Crea-

2438 4608 2570 4663 toris
2620 4625 2724 4661 non
2777 4609 2993 4678 impune
3038 4603 3462 4675 contempsit,si
3523 4617 3774 4657 noucum
3818 4602 4026 4674 judicio

730 4695 895 4751 alium
923 4696 1091 4750 Deum
1140 4708 1307 4766 usque
1333 4696 1505 4753 adhuc
1534 4696 1845 4753 didicisset?
1870 4698 1966 4755 Cui
1995 4700 2082 4754 alii
2113 4742 2127 4766 ,
2159 4717 2318 4770 quam
2349 4685 2403 4745 D
2430 4703 2575 4757 venit
2604 4700 3045 4755 vindicandorum
3074 4708 3464 4771 praeceptorum
3492 4711 3709 4752 suorum
3738 4698 3762 4751 ἲ
3792 4696 3972 4753 Etiam
3990 4698 4032 4753 si

729 4787 817 4844 cui
840 4803 1028 4844 omnes
1059 4787 1337 4845 remediati
1375 4799 1521 4845 retro
1562 4805 1594 4846 a
1625 4789 1841 4848 Christo
1869 4792 1892 4847 ?
1935 4791 2061 4847 Ideo
2088 4834 2102 4857 ,
2162 4792 2322 4850 Fides

2428 4792 2662 4848 vindicat
2688 4801 2746 4848 ut
2772 4801 2827 4849 et
2851 4792 2942 4849 ille
2970 4834 2987 4858 ,
3017 4794 3061 4849 si
3099 4790 3306 4863 judicat
3354 4805 3443 4848 me
3471 4830 3489 4859 ,
3542 4802 3652 4847 non
3702 4786 3899 4848 debuit
3934 4800 4027 4861 per

1957 4905 2334 4968 LECTIONES
2378 4909 2467 4967 VA
2476 4909 2591 4965 RIA
2600 4907 2797 4966 NTES.

795 5019 813 5077 (
824 5020 864 5076 ll
893 5018 1081 5069 Novem
1124 5015 1320 5070 Obertlt.

795 5083 869 5143 (2)
896 5082 969 5131 Ne
990 5078 1143 5132 Seml.

797 5145 870 5204 (3)
899 5144 1070 5194 Isaiam
1087 5143 1233 5195 Rhen.

797 5208 870 5267 (I)
896 5206 1149 5257 Conﬁdent
1178 5214 1341 5265 Venet.

797 5270 871 5332 (5)
895 5268 1209 5332 Samaritana
1240 5275 1401 5332 Venet.

801 5330 870 5394 (6)
895 5330 1084 5395 Legem
1108 5332 1217 5382 illos
1233 5330 1383 5385 Seml.

2514 5024 2565 5082 7)
2588 5024 2754 5075 Solum
2786 5024 3032 5075 Wouwer.

2514 5151 2567 5210 9)
2593 5151 2809 5213 Deponit
2828 5151 2968 5200 Obert

2520 5213 2598 5272 l0)
2622 5211 2879 5275 Excerpsit
2902 5210 2968 5275 al.

2496 5271 2599 5399 812)
2622 5274 2729 5323 Non
2753 5271 2807 5324 ut
2829 5271 2981 5325 Seml.

2587 5344 2597 5399 )
2627 5337 2981 5388 Portenderatt

2527 5334 2597 5401 I2)
2627 5337 2956 5388 Portenderat
2973 5334 3168 5389 Oberth.

2106 5442 2660 5503 COMMENTARIUS.

804 5556 1341 5628 C.\P.XXXV.—(a)
1361 5557 1457 5624 Qui
1472 5558 1851 5627 conﬁderentin
1866 5567 2030 5613 monte
2048 5558 2324 5613 Santariw.

733 5631 1023 5701 llistOriam
1058 5628 1200 5684 illius
1227 5629 1529 5685 scltismatis
1558 5646 1714 5699 supra
1742 5632 1936 5701 attigit,
1970 5632 2020 5684 in
2062 5646 2168 5700 quo
2203 5630 2327 5684 Ilie-

732 5705 954 5760 rohoatn
983 5699 1170 5754 decem
1206 5701 1373 5754 tribus
1404 5701 1471 5754 ab
1491 5702 1610 5755 aliis
1667 5699 1879 5755 avulsas
1902 5699 2197 5757 Samariam
2232 5701 2329 5755 de-

732 5776 904 5837 duxit,
930 5772 1016 5825 ubi
1048 5788 1137 5827 rex
1164 5782 1373 5825 creatus
1404 5784 1505 5827 est.
1536 5774 1769 5841 Reliqua:
1797 5773 1936 5836 duas,
1967 5789 2155 5841 nempe
2181 5772 2331 5827 ludas

734 5842 1132 5971 fltllaettjatLuinl.)
1146 5842 1245 5898 sub
1274 5843 1549 5900 Roboamo
1577 5856 2015 5914 permanserunt.
2035 5844 2088 5900 ld
2104 5844 2333 5901 refertur

878 5932 960 5971 ea.
1034 5930 1063 5969 ιε
1140 5931 1189 5970 ιι.

878 5932 960 5982 eg.
988 5930 1063 5969 LE
1095 5930 1189 5970 l’lt.

2503 5560 2583 5630 (b)
2614 5561 2909 5633 secundum
2939 5570 3137 5615 nostras
3161 5559 3778 5633 utttitheses.AntitIteses
3808 5576 4030 5633 compe-

2434 5641 2585 5705 gerat
2615 5632 2844 5705 Mareiou
2868 5634 2918 5686 in
2946 5634 3136 5700 quibus
3174 5635 3345 5705 legem
3388 5632 3561 5705 Mosis
3613 5632 3917 5705 Evangelia
3944 5632 4037 5704 0p-

2437 5704 2685 5771 ponebat.
2732 5703 3091 5757 ’l'ertullianus
3130 5703 3261 5759 alias
3292 5703 3589 5759 antitheses
3640 5703 3706 5757 iis
3760 5703 4030 5775 opposuit,

2436 5775 2488 5828 in
2542 5775 2734 5845 quibus
2786 5776 2953 5845 legem
3010 5784 3247 5831 veterem
3302 5791 3421 5830 cum
3494 5778 4015 5901 novaLcoirciliabat.

3680 5862 3711 5901 ε
3789 5863 3846 5901 ιι.

3680 5862 3711 5901 ε
3744 5850 3846 5902 I’n.
