4268 6492
252 413 361 470 ΗΕ)

1330 412 1457 469 LIB.
1500 412 1565 468 IV
1608 409 1972 469 ADVERSUS
2012 409 2433 469 MARCIONEM.

3453 412 3561 470 450

252 529 371 599 ejus
395 526 720 583 documenta
757 526 993 584 formare
1017 541 1183 598 quem
1227 526 1495 595 destruit,
1538 543 1607 584 ne
1647 528 1735 583 ille
1760 542 1846 582 me
1871 527 2116 588 Acere?
2174 525 2485 584 Resciditne
2536 525 2781 582 Christus
2851 526 3031 597 priora
3080 534 3384 599 praecepta,
3449 545 3557 587 non

253 620 495 675 formare
523 619 786 675 videatur.
820 618 878 675 Si
912 634 1044 676 vero
1073 628 1128 675 et
1154 619 1241 676 hic
1276 636 1381 675 non
1403 620 1470 675 de
1493 635 1590 675 suo
1616 619 1851 689 loquitur

257 710 517 779 adventu,
551 712 643 767 sed
667 713 733 766 de
757 711 921 782 judaei
979 709 1176 767 Christi
1205 753 1219 775 ,
1268 721 1643 782 exspectemus
1689 712 1849 767 etiam

255 819 401 859 nunc
430 820 498 859 ne
519 802 647 874 quid
667 803 733 858 dc
757 818 855 859 suo
878 804 1151 873 prmdicet,
1173 804 1320 859 illum
1348 804 1561 860 interim
1588 818 1707 859 esse
1732 818 1849 859 cre-

246 894 436 952 dentes
464 936 480 962 ,
514 911 672 966 quem
703 896 847 951 omni
872 895 993 951 loco
1025 895 1305 965 praedicat.

794 1028 1022 1087 CAPUT
1069 1029 1313 1085 XXXVI.

318 1141 452 1197 Nam
505 1151 559 1199 et
582 1142 766 1198 orandi
815 1146 1239 1213 perseverantiam
1290 1154 1336 1199 et
1368 1142 1659 1199 instantiam
1688 1141 1839 1215 (Luc.

244 1236 435 1308 XVIII)
464 1238 741 1304 mandans,
769 1238 1076 1308 parabolam
1095 1240 1278 1302 iudicis
1306 1241 1473 1310 ponit,
1493 1238 1845 1293 coaetiuudire

244 1329 491 1396 viduam,
550 1331 791 1383 instantia
850 1340 898 1384 et
959 1333 1329 1400 perseverantia
1377 1332 1841 1399 intcrpellationunt

246 1421 384 1485 eius.
413 1419 801 1491 Ergojudicem
827 1420 993 1477 Deum
1012 1422 1247 1477 ostendit
1291 1422 1573 1484 orandum.
1617 1437 1720 1476 non
1749 1436 1839 1488 se,

239 1512 283 1566 si
313 1527 417 1567 non
443 1513 558 1581 ipse
602 1524 684 1569 est
708 1512 894 1582 judex.
921 1512 1028 1569 Sed
1054 1511 1347 1584 subjunxit,
1378 1518 1636 1585 [acturum
1682 1514 1841 1569 Deum

239 1605 520 1659 vindictam
555 1606 825 1660 electorum
852 1622 1079 1660 suorum.
1129 1605 1183 1662 Si
1212 1622 1339 1676 ergo
1372 1606 1486 1676 ipse
1528 1608 1630 1663 erit
1649 1606 1835 1677 judex,

236 1700 327 1768 qui
345 1711 398 1754 et
414 1698 629 1755 vindex.
654 1699 961 1755 Creatorem
988 1715 1116 1772 ergo
1132 1702 1405 1765 meliorem
1440 1702 1603 1756 Deum
1647 1696 1837 1772 proba-

236 1792 336 1858 vit,
368 1809 527 1862 quem
556 1794 852 1849 electorum
882 1810 1103 1849 suorum
1128 1779 1462 1849 clamantium
1480 1796 1547 1848 ad
1561 1813 1671 1849 eum
1686 1797 1836 1849 dieue

234 1893 381 1937 nocte
394 1883 658 1939 vindicem
678 1885 932 1941 ostendit.
961 1886 1021 1941 Et
1040 1895 1239 1952 tamen,
1263 1902 1386 1941 cum
1404 1886 1663 1955 templum
1681 1885 1835 1941 Crea-

232 1975 608 2041 torisinducit,
632 1977 835 2032 etduos
869 1977 1155 2032 adorantes
1188 1978 1395 2033 diversa
1424 1986 1601 2033 mente
1636 1978 1837 2033 descri-

230 2068 310 2125 bit
327 2069 656 2126 Pharisceum
687 2070 739 2125 in
770 2071 1039 2141 superbia.
1070 2070 1485 2127 Publicanumin
1512 2072 1833 2137 humilitate;

239 2163 472 2234 ideoque
522 2163 754 2219 alterum
804 2166 1181 2232 repraliatum,
1212 2166 1438 2220 alterum
1486 2167 1834 2238 jnstilicatnm

230 2254 580 2312 descendisse
596 2255 965 2329 (Luc.XVlIl):
988 2258 1169 2328 utique
1182 2258 1423 2314 docendo
1439 2275 1537 2328 qua
1556 2259 1833 2330 disciplina

227 2349 300 2404 sit
314 2350 600 2417 orandum,
618 2367 740 2407 cum
769 2360 825 2405 et
847 2352 931 2407 hic
945 2353 1204 2407 orandum
1220 2355 1516 2418 constituit.
1535 2373 1560 2408 a
1577 2372 1682 2426 quo
1697 2357 1835 2411 rela-

226 2444 333 2497 turi
359 2452 542 2499 essent
562 2459 677 2499 eam
704 2446 888 2499 orandi
908 2445 1265 2515 disciplinam,
1286 2449 1397 2503 sive
1416 2451 1831 2520 reproliatricem

226 2536 520 2603 superbire,
548 2537 663 2592 sive
685 2536 1108 2605 jnstilicatricem
1135 2537 1714 2597 humilitatis.AIterius
1741 2542 1833 2598 Dei

228 2628 749 2697 nccqtemplum,nec
776 2638 1039 2697 oratores,
1072 2645 1172 2685 nec
1207 2630 1467 2701 judicium
1500 2635 1713 2689 invenio
1742 2650 1834 2705 pe-

226 2735 325 2776 nes
346 2717 643 2789 Christum,
676 2723 775 2777 nisi
805 2722 1097 2780 Creatoris.
1132 2724 1207 2796 (a)
1238 2726 1387 2781 illum
1428 2727 1581 2797 jubet
1607 2728 1833 2785 adorare

226 2811 284 2865 in
318 2812 641 2879 humilitate,
662 2826 720 2871 ut
744 2817 1091 2873 allevatorem
1120 2818 1421 2885 humilium;
1443 2822 1612 2875 nonin
1637 2837 1830 2892 supcr-

223 2903 334 2967 bia,
355 2916 406 2959 ut
426 2905 817 2963 destructorem
833 2910 1205 2979 superborum.
1224 2910 1393 2978 Quem
1408 2914 1570 2968 alium
1592 2913 1827 2969 adoran-

221 2994 352 3051 dum
386 2997 515 3052 mihi
543 2999 802 3054 ostendit?
829 3013 929 3070 qua
952 3000 1381 3073 disciplina?th
1409 3005 1530 3073 spe?
1552 3004 1828 3060 Neminem

220 3087 435 3156 opinor.
455 3087 587 3144 Nam
617 3100 671 3145 et
694 3106 852 3161 quam
878 3089 1059 3146 docuit
1080 3094 1403 3161 orationem,
1421 3095 1660 3150 Creatori
1702 3112 1829 3166 pro-

220 3177 469 3235 bavimus
489 3181 959 3237 convenire.Aliud
976 3192 1059 3238 est
1076 3184 1118 3238 si
1141 3186 1302 3240 etiam
1328 3186 1537 3242 adorari
1564 3202 1665 3259 qua
1692 3190 1831 3244 Deus

224 3271 461 3339 optimus
490 3280 544 3328 et
569 3273 709 3327 ultro
758 3273 929 3329 bonus
986 3290 1091 3330 non
1124 3276 1253 3332 vult.
1305 3277 1410 3334 Sed
1443 3281 1559 3350 quis
1584 3282 1827 3350 Optimus,

1954 616 2261 685 occidendi,
2294 634 2402 675 non
2428 617 2789 684 adulterandi,
2815 634 2923 674 non
2955 618 3193 688 furandi,
3229 636 3334 676 non
3362 620 3557 677 falsum

1956 710 2208 776 testandi,
2249 711 2507 782 diligendi
2539 722 2743 781 patrem
2772 723 2826 767 et
2855 713 3123 769 matrem?
3166 718 3247 769 An
3280 714 3359 784 (1)
3384 723 3439 770 et
3468 714 3555 769 illa

1951 803 2206 870 servavit,
2238 813 2294 860 et
2320 804 2462 875 quod
2494 805 2699 869 deerat,
2752 804 2989 875 adjecit?
3019 821 3340 876 quamquam
3368 816 3420 860 ct
3454 809 3557 863 hoc

1951 906 2278 967 przeceptum
2309 898 2608 966 largitionis
2644 900 2694 952 in
2726 912 2928 969 egenos
2973 900 3171 969 ubique
3194 898 3444 955 dill‘usunt
3475 900 3547 955 sit

1950 989 2002 1042 in
2032 988 2173 1060 Lege
2212 999 2267 1045 et
2300 988 2604 1059 Prophetis,
2635 991 2709 1045 uti
2733 990 3151 1061 gloriosissimus
3183 992 3273 1049 ille
3299 992 3553 1048 observa-

1951 1090 2035 1136 tor
2059 1093 2451 1155 praeeeptorum
2474 1085 2751 1154 pecuniam
2767 1085 2935 1141 multo
2950 1084 3249 1141 chariorem
3275 1086 3551 1143 habiturus

1950 1176 2343 1233 traduceretur.
2376 1180 2590 1235 Salvum
2638 1190 2723 1235 est
2769 1181 2927 1251 igitur
2952 1191 3007 1236 et
3044 1180 3145 1236 hoc
3174 1182 3226 1236 in
3259 1182 3549 1254 Evangelio

1945 1266 2160 1333 (Matth.
2190 1269 2256 1337 V,
2291 1272 2405 1341 17),
2433 1270 2487 1324 Ν
2491 1288 2555 1325 an
2586 1273 2695 1325 veni
2724 1274 2996 1327 dissolvere
3026 1272 3210 1345 Legem
3235 1284 3283 1329 et
3308 1274 3543 1345 Prophe-

1944 1368 2043 1427 tas,
2071 1361 2162 1415 sed
2186 1363 2354 1431 potius
2382 1362 2681 1432 adimplere.
2707 1361 2877 1418 Simul
2908 1374 2961 1419 et
2989 1375 3183 1421 cmtera
3213 1366 3547 1424 dubitatione

1942 1451 2189 1508 liberavit
2214 1496 2228 1518 ,
2275 1456 2670 1511 manilestando
2702 1456 2873 1511 'unius
2902 1472 3024 1513 esse
3066 1469 3119 1514 et
3150 1458 3241 1514 Dei
3270 1474 3465 1515 nomen
3488 1470 3547 1516 ct

1942 1546 2169 1614 optimi,
2201 1556 2253 1601 et
2281 1548 2442 1602 vitam
2466 1558 2746 1614 aeternam,
2776 1560 2829 1605 et
2859 1549 3170 1606 thesaurum
3203 1552 3256 1607 in
3291 1554 3462 1620 cmlo,
3490 1564 3547 1611 et

1942 1639 2289 1709 semetipsum
2318 1658 2332 1705 ;
2363 1640 2515 1711 cujus
2545 1651 2807 1712 praecepta
2838 1644 3135 1714 supplendo
3164 1654 3219 1700 et
3245 1660 3540 1702 conserva-

1946 1730 2099 1785 vitet
2148 1731 2334 1787 auxit:
2392 1733 2683 1788 secundum
2729 1733 3005 1789 Michmam
3053 1752 3266 1807 quoque
3296 1738 3398 1793 hoc
3424 1740 3543 1795 loco

1940 1826 2409 1894 recognoscendus
2430 1868 2443 1891 ,
2490 1827 2756 1883 dicentem
2793 1828 2978 1900 (Mich.
3009 1830 3097 1897 Ἣ,
3128 1830 3219 1902 8):
3250 1831 3312 1887 Si
3335 1850 3541 1888 annun-

1866 1927 1913 1987 Β
1943 1914 2083 1968 tiavit
2125 1916 2212 1969 tibi
2253 1918 2403 1971 homo
2439 1919 2563 1988 quid
2604 1918 2812 1985 bonum,
2853 1930 2939 1974 aut
2968 1918 3090 1990 quid
3132 1941 3165 1976 ιι
3194 1933 3241 1976 te
3295 1924 3546 1980 Dominus

1943 2007 2179 2076 exquirit,
2208 2024 2363 2079 quam
2384 2013 2552 2081 facere
2568 2010 2845 2081 judicium,
2876 2011 3091 2085 diligere
3113 2014 3536 2083 misericordium,

1940 2107 1988 2151 et
2013 2110 2254 2167 paratum
2279 2119 2389 2157 esse
2413 2104 2552 2173 sequi
2584 2102 2860 2159 Dominum
2886 2105 3048 2160 Deum
3071 2109 3255 2162 tuum?
3286 2110 3351 2164 Ει
3379 2110 3540 2167 homo

1938 2192 2080 2246 enim
2112 2191 2358 2247 Christus
2385 2196 2708 2250 annuntians
2731 2197 2857 2267 quid
2888 2199 2955 2253 sit
2985 2198 3219 2264 bonum;
3252 2200 3533 2259 scientiam

1940 2284 2110 2357 legis:
2144 2284 2431 2358 Praecepta,
2464 2290 2653 2358 inquit,
2695 2292 2843 2346 scis?
2874 2292 3051 2348 facere
3077 2293 3373 2364 judicium:
3408 2294 3541 2352 Ven-

1938 2376 2024 2441 de,
2076 2377 2263 2448 inquit,
2318 2395 2433 2448 qua:
2457 2380 2646 2446 habes;
2690 2381 2916 2454 diligere
2948 2384 3029 2457 (Ξ)
3059 2387 3486 2444 misericordiam
3518 2408 3534 2447 :

1938 2465 2006 2521 Et
2023 2468 2109 2533 da,
2130 2468 2321 2538 inquit,
2339 2472 2543 2541 egenis;
2573 2484 2814 2543 paratum
2835 2491 2955 2532 esse
2982 2479 3059 2534 ire
3074 2480 3155 2550 (3)
3182 2495 3301 2535 cum
3321 2482 3535 2555 Deo“).

1938 2559 2005 2615 Et
2030 2562 2160 2628 veni,
2192 2562 2383 2633 inquit,
2412 2581 2618 2636 sequere
2644 2585 2740 2623 me.
2786 2568 2918 2623 Tam
2966 2571 3214 2627 distincta
3246 2572 3344 2628 fuit
3364 2589 3393 2628 a
3422 2577 3534 2645 pri-

1936 2657 2149 2712 mordio
2174 2657 2358 2713 Judzea
2389 2674 2525 2730 gens
2550 2677 2648 2733 per
2694 2663 2862 2719 tribus
2891 2674 2945 2720 et
2977 2667 3204 2737 populos
3228 2677 3281 2723 et
3309 2667 3537 2725 familias

1936 2758 1991 2804 et
2016 2749 2231 2818 domos,
2260 2761 2321 2808 ut
2366 2769 2524 2809 nemo
2570 2755 2729 2813 facile
2752 2758 2986 2831 ignorari
3022 2761 3089 2817 de
3117 2777 3312 2833 genere
3334 2766 3537 2835 pomis.

1934 2849 2037 2907 set,
2060 2839 2139 2913 (b)
2173 2845 2253 2899 vel
2285 2843 2354 2901 de
2384 2849 2696 2905 recentibus
2717 2853 3062 2922 Augustianis
3086 2858 3334 2914 censibus
3360 2858 3536 2918 adhuc

1936 2940 2060 2987 tunc
2096 2933 2324 2991 fortasse
2354 2938 2729 3005 pendentibus.
2758 2942 2920 3000 Jesus
2949 2956 3127 3002 autem
3154 2948 3440 3006 Marcionis
3471 2962 3526 3009 et

1935 3033 2092 3078 natus
2122 3042 2229 3081 non
2280 3028 2651 3099 dubitaretur,
2680 3036 2771 3105 qui
2807 3035 2971 3093 homo
3002 3038 3317 3108 videbatur;
3350 3046 3533 3115 utique

1933 3133 2036 3187 qua
2064 3133 2171 3174 non
2213 3132 2368 3177 natus
2394 3123 2593 3179 nullam
2618 3136 2865 3197 potuerat
2884 3132 3096 3201 generis
3125 3133 3209 3188 sui
3238 3134 3287 3188 in
3320 3136 3531 3205 publico

1935 3209 2185 3267 habuisse
2213 3215 2477 3282 notitiam,
2512 3215 2587 3289 (ε)
2616 3220 2711 3275 sed
2752 3232 2870 3277 erat
2901 3239 3036 3280 unus
3062 3225 3224 3296 aliqui
3253 3228 3521 3299 deputan-

1940 3303 2040 3359 dus
2059 3320 2124 3360 ex
2151 3307 2236 3370 iis.
2266 3309 2357 3378 qui
2383 3324 2601 3382 quoquo
2624 3314 2784 3369 modo
2816 3316 2979 3385 ignoti
3008 3317 3358 3378 habebantur.
3396 3307 3528 3379 Cum

225 3366 327 3419 πίδί
366 3383 538 3469 ³⁸⁷⁸³³)
586 3367 758 3438 inqu"
802 3366 985 3479 Dei“?
1030 3368 1144 3424 Νοη
1171 3372 1339 3479 ’τιυθεί
1378 3388 1441 3426 οκ
1499 3374 1707 3479 duo"?
1732 3376 1834 3430 “iis
1861 3366 1904 3429 Ο
1941 3395 2103 3466 igitur
2130 3366 2546 3469 praetereuntem
2578 3405 2727 3460 illum
2748 3366 2923 3464 cadus
2943 3411 3198 3479 audisset,
3228 3428 3324 3468 cur
3352 3418 3531 3473 excla-

219 3473 386 3512 unum
418 3458 678 3528 optimum
710 3460 1041 3528 ostenderit;
1091 3463 1187 3518 sed
1218 3481 1378 3518 unum
1409 3481 1530 3522 esse
1561 3468 1822 3537 Optimum

224 3550 396 3605 Deum
444 3550 615 3606 solum
637 3594 652 3617 ,
711 3553 800 3625 qui
844 3554 923 3609 sic
954 3570 1090 3611 unus
1121 3556 1190 3611 sit
1239 3558 1508 3626 optimus,
1544 3576 1644 3629 qua
1677 3563 1825 3618 solus

226 3634 391 3691 Dens.
440 3634 509 3691 Et
556 3638 739 3709 utique
783 3640 1052 3710 Optimus,
1083 3642 1172 3712 qui
1207 3641 1338 3713 pluit
1367 3658 1531 3714 super
1569 3647 1744 3716 justos
1769 3658 1824 3705 ct

216 3731 488 3801 injustos,
531 3741 585 3787 et
627 3733 795 3789 solem
842 3750 996 3790 suum
1043 3737 1171 3792 oriri
1208 3736 1335 3793 facit
1384 3754 1545 3808 super
1572 3741 1741 3797 honos
1771 3752 1824 3800 et

216 3821 415 3887 malos,
434 3823 706 3878 sustinens
722 3834 776 3879 et
805 3826 957 3882 alens
979 3836 1034 3882 et
1050 3828 1243 3896 jnvans
1270 3829 1431 3885 etiam
1458 3830 1818 3891 Marcionitas.

219 3911 461 3985 Denique
501 3915 853 3987 interrogatus
881 3919 948 3973 ab
975 3920 1068 3974 illo
1099 3921 1327 3991 quodam
1356 3940 1368 3976 :
1402 3925 1695 3997 Prteceptor
1723 3945 1819 3999 ap-

215 4006 358 4071 time,
386 4006 511 4075 quid
534 4006 726 4074 faciem
756 4010 909 4063 vitam
937 4020 1183 4066 aeternum
1214 4014 1481 4084 possidebo
1506 4016 1532 4069 ἱ)
1582 4018 1655 4074 De
1677 4036 1815 4090 prm~

213 4099 390 4169 ceptis
434 4100 707 4157 Creatoris
734 4118 802 4159 an
845 4120 906 4160 ea
954 4108 1138 4173 sciret,
1174 4108 1226 4164 id
1257 4121 1340 4167 est
1365 4111 1587 4181 faceret,
1618 4132 1815 4187 expos-

214 4189 425 4252 tulavit,
456 4191 524 4246 ad
566 4194 976 4252 contestandum
1025 4202 1310 4270 prmceptis
1353 4203 1628 4262 Creatoris
1654 4210 1815 4263 vitam

212 4282 423 4351 acquiri
446 4284 847 4353 sempiternam.
877 4287 1117 4359 Cumque
1144 4290 1231 4345 ille
1262 4294 1639 4366 principaliora
1672 4314 1818 4369 qum-

212 4386 320 4442 que
340 4371 665 4430 affirmasset
681 4376 995 4435 observasse
1018 4396 1078 4436 se
1104 4383 1173 4438 ab
1195 4382 1554 4441 adulescentia
1578 4408 1589 4442 :
1622 4390 1813 4460 Unum,

213 4463 420 4533 inquit,
451 4464 540 4519 tibi
591 4467 749 4522 deest.
788 4467 973 4524 Omnia
1002 4489 1334 4546 quartumque
1373 4478 1527 4533 habes
1555 4482 1712 4535 vende
1731 4525 1744 4547 ,
1769 4496 1815 4539 et

212 4555 282 4609 da
308 4557 636 4626 pauperibus,
664 4569 712 4614 et
740 4560 944 4617 habebis
988 4565 1282 4622 thesaurum
1329 4571 1381 4625 in
1408 4570 1532 4626 caelo
1553 4614 1568 4640 ,
1600 4583 1648 4630 et
1679 4578 1811 4644 veni,

136 4694 139 4695 ν
215 4654 552 4716 sequereme.
602 4654 715 4725 Age
742 4654 1000 4724 Marcion,
1051 4674 1347 4734 omnesque
1379 4664 1488 4734 jam
1531 4670 1813 4727 commise-

213 4754 380 4798 rones
406 4751 461 4799 et
486 4744 781 4803 coodibiles
823 4748 940 4820 ejus
969 4749 1227 4820 haeretici,
1260 4755 1385 4827 quid
1432 4758 1697 4815 audebitis
1724 4762 1809 4817 di-
1835 4761 1889 4822 D
1917 4776 2147 4833 timaret.
2212 4782 2279 4835 At

1927 3490 2093 3544 movit
2120 3508 2135 3544 :
2160 3491 2286 3547 Jesu
2317 3494 2396 3562 [ili
2424 3494 2622 3562 David,
2652 3500 2889 3554 miserere
2932 3504 3049 3569 mei,
3084 3506 3184 3561 nisi
3232 3509 3352 3578 quia
3380 3508 3523 3567 ﬁlius

1930 3578 2116 3647 David,
2150 3582 2201 3636 id
2232 3592 2337 3648 est,
2368 3599 2438 3640 ex
2469 3586 2669 3642 familia
2704 3590 2873 3646 David
2916 3608 3023 3649 non
3066 3605 3270 3654 temere
3297 3598 3526 3670 deputa-

1926 3669 2100 3738 batur,
2128 3687 2222 3743 per
2252 3684 2479 3732 matrem
2500 3690 2555 3735 et
2580 3679 2793 3748 fratres,
2822 3684 2909 3755 qui
2937 3685 3225 3758 aliquando
3252 3706 3315 3747 ex
3341 3669 3530 3751 notitia

1926 3766 2111 3835 utique
2138 3770 2439 3825 aununtiati
2492 3774 2540 3827 ei
2593 3772 2821 3830 fuerant.
2851 3776 2957 3833 Sed
2984 3784 3336 3840 antecedentes
3362 3786 3529 3842 incre-

1923 3860 2113 3928 pabant
2142 3876 2352 3928 ccecum,
2386 3865 2457 3917 uti
2488 3875 2693 3920 taceret.
2749 3868 2970 3934 Merito,
3025 3877 3276 3943 quoniam
3307 3878 3527 3947 quidem

1924 3948 2343 4017 vociferahatur,
2400 3968 2505 4008 non
2551 3957 2672 4026 quia
2705 3957 2773 4013 de
2800 3958 2964 4016 David
2999 3962 3110 4018 ﬁlio
3140 3969 3521 4027 mentiebatur.

1924 4040 2031 4093 Aut
2049 4040 2183 4096 doce
2203 4043 2538 4114 increpantes
2566 4049 2688 4105 illos
2701 4053 2893 4119 scisse,
2914 4056 3054 4126 quod
3074 4056 3230 4115 .lesus
3254 4078 3361 4118 non
3383 4076 3529 4122 esset

1923 4131 2066 4189 filius
2096 4134 2284 4201 David,
2330 4148 2387 4192 nt
2414 4140 2614 4197 idcirco
2650 4144 2924 4202 silentium
2956 4163 3101 4205 caeco
3126 4152 3383 4213 indixisse
3408 4174 3526 4217 crc-

1920 4222 2135 4280 dantur.
2198 4226 2303 4283 Sed
2360 4232 2459 4286 etsi
2509 4233 2757 4299 doceres,
2812 4236 3024 4295 facilius
3068 4242 3190 4298 illos
3247 4246 3526 4316 ignorasse

1920 4322 2464 4394 praesumeretur(5),
2497 4340 2653 4396 quam
2688 4327 2973 4386 Dominum
3000 4331 3186 4389 falsam
3220 4337 3271 4391 in
3300 4354 3360 4394 se
3383 4358 3524 4411 pra:-

1918 4405 2240 4466 dicationem
2269 4416 2536 4470 sustinere
2567 4419 2826 4487 potuisse.
2870 4419 2975 4479 Sed
3000 4426 3207 4495 patiens
3239 4405 3520 4503 Dominus;

1919 4514 2025 4555 non
2061 4512 2237 4558 tamen
2292 4507 2641 4562 conlirmator
2694 4513 2919 4579 erroris,
2951 4515 3061 4571 imo
3088 4519 3249 4576 etiam
3278 4523 3523 4583 detectur

1915 4594 2216 4662 Creatoris;
2266 4608 2321 4653 ut
2367 4616 2473 4655 non
2538 4602 2682 4672 prius
2738 4605 2875 4663 hanc
2919 4611 3215 4668 caecitatem
3270 4615 3504 4676 hominis

1917 4683 2057 4741 illius
2081 4688 2430 4757 enubilasset,
2483 4709 2550 4749 ne
2573 4694 2713 4751 ultra
2750 4696 2935 4755 Iesum
2987 4701 3153 4758 lilium
3178 4705 3345 4763 David
3366 4710 3515 4767 exis-

2284 4783 2409 4853 quiu
2439 4826 2455 4853 ,
2514 4801 2580 4843 ne
2627 4791 2939 4861 patientiam
2994 4795 3111 4867 ejus
3140 4798 3465 4862 infamaretis
3499 4849 3517 4877 ,

1449 4847 1746 4911 LECTION
1754 4860 1834 4915 ES
1876 4863 2289 4929 VARIANTES.

382 5011 551 5077 pilige
574 5013 726 5065 Seml.

274 4949 351 5012 (1)
376 4952 517 5012 anne
542 4951 687 5003 nheri.

279 4951 325 5012 (l
376 4952 517 5002 Anne
542 4951 687 5003 nheri.

381 5011 894 5142 gii-iagtgeziyinquit,
920 5080 997 5131 ire
1022 5080 1215 5135 Oberth.

1982 4980 2054 5107 iii
2079 4980 2581 5103 Βὲἓέὶῗὲιεῇἒῖαέιιεη.

1604 5174 2163 5249 COMMENTARIUS.

288 5248 445 5306 CAP.
476 5251 822 5332 XXXYI._—
849 5255 926 5330 (a)
949 5256 1129 5332 illum,
1136 5262 1277 5332 jubet
1306 5263 1521 5320 adorare
1556 5268 1608 5322 in
1647 5272 1815 5328 humi-

236 5322 401 5401 litate,
440 5334 543 5401 ct_c.
592 5322 1016 5401 Allndere'mihi
1049 5322 1258 5387 vidEtur
1300 5336 1364 5389 ad
1416 5338 1548 5393 illttd
1576 5322 1812 5401 Christi:

222 5394 503 5488 gmnisrq‘ui
534 5411 588 5449 se
636 5397 869 5488 Itumilittt
914 5402 1257 5488 pugnabitur,
1287 5416 1357 5488 ‘ent
1395 5409 1481 5488 qui
1531 5394 1819 5488 se_e;raliai

222 5465 614 5553 hiiitiiliabitur;
647 5473 771 5553 sive
788 5472 854 5524 ad
880 5470 1021 5553 aliud
1053 5465 1253 5553 cantici
1287 5465 1470 5553 Mariae
1501 5498 1513 5535 :
1571 5465 1817 5553 Deposuit

222 5546 449 5622 potentes
478 5536 539 5591 de
569 5538 845 5622 sede-(hoc.
872 5547 1135 5622 cst_enim
1164 5544 1475 5622 destruere)
1509 5562 1554 5606 et
1581 5536 1819 5611 exiiltauit

221 5604 356 5679 (sive
379 5607 652 5679 allevavit)
683 5604 918 5665 humiles.
955 5613 1089 5668 Pint.

295 5678 375 5748 (b)
420 5675 512 5733 Vel
535 5679 598 5755 de
613 5675 891 5755 recentist
918 5684 1245 5755 Augustianis
1264 5690 1493 5747 censibus
1514 5694 1681 5749 adhuc
1703 5707 1819 5754 tunc

217 5750 444 5838 [amasse
466 5752 812 5838 pendentibus.
830 5750 1017 5838 ςΓιιηςξ
1044 5758 1093 5811 id
1116 5768 1358 5838 est,_cum
1386 5764 1589 5838 diceret
1618 5750 1813 5838 caecus,

215 5818 346 5897 Jesu
366 5820 444 5886 ﬁli
474 5819 665 5897 David.
699 5823 1085 5893 Pendentibus,
1117 5818 1322 5887 scilicet
1353 5818 1560 5889 tabulis
1576 5818 1813 5897 berall}?

216 5889 514 5960 nimirum,
569 5894 706 5950 sicut
750 5907 909 5965 supra
956 5889 1289 5973 notavimus,
1331 5903 1471 5962 haud
1500 5889 1814 5969 serite-lacti

1919 5286 2304 5386 lqtittsu'sdfuisse
2328 5290 2574 5386 videlntur
2588 5296 2688 5353 sub
2696 5300 2963 5386 Augusto.
2995 5303 3373 5386 E_t_Septimius
3404 5316 3518 5386 ipse

1921 5353 2056 5445 libro
2081 5360 2325 5445 ραυςτευδ
2350 5361 2581 5445 ίυάιιςοε,
2644 5353 2962 5445 addubitare
2995 5353 3516 5445 ξίὶιέὗῖἶῖιῖῖῖιιῗῖξῗ

1924 5428 2334 5517 tusladscri‘ptus
2367 5433 2524 5489 fuerit
2551 5428 2737 5517 rensni
2769 5428 2947 5498 statim
2968 5428 3203 5507 uitiaui;

2109 5500 2213 5553 Sed
2228 5514 2332 5587 erat
2351 5521 2480 5585 unus
2504 5507 2667 5587 aliqui
2695 5496 3022 5587 deputanda;

1926 5566 2531 5667 ν
2629 5664 2641 5667 Δ

2274 5637 2473 5731 Sensus
2498 5647 2593 5729 .ltic
2619 5637 2697 5705 est
2717 5694 2730 5717 ,
2761 5637 3041 5731 animi};
3065 5637 3516 5731 lilibet-€51

2182 5727 2213 5766 ο
2245 5714 2431 5803 turba.
2458 5719 2579 5803 sive
2625 5710 2763 5777 unus
2788 5727 2880 5803 Ade

1921 5778 2105 5908 (Ιίουιὶὲ
2128 5788 2177 5836 ἐκ
2201 5792 2284 5840 τοῦ
2308 5796 2481 5844 πολλοῦ
2513 5793 2690 5863 δαὶμου,
2716 5800 2799 5850 καὶ

1921 5868 2030 5908 τῶν.
2108 5870 2234 5908 BEN.

1921 5868 2030 5909 τῶν.
2061 5868 2234 5910 “BEN.
