4268 6492
739 406 838 464 651

2159 406 2619 463 TERTULLIANI

3931 404 4032 460 ιδὶ

742 538 842 578 nec
868 520 948 596 (I)
981 521 1141 578 ullam
1171 521 1433 578 rationem
1465 520 1911 578 dissimulationis
1942 521 2018 576 illi
2051 521 2332 592 afﬁngere-
2363 527 2408 584 Α
2445 517 2792 590 Confringite,
2825 521 3017 592 inqttit,
3050 537 3234 590 panem
3265 531 3405 575 trium
3437 523 3712 588 esurienti;
3740 532 3786 576 et
3813 538 3913 576 non
3938 524 4030 575 Ita-

744 615 836 681 lis,
863 631 962 670 nec
993 615 1160 670 liliunt
1206 616 1371 670 David
1420 618 1707 686 negaretis,
1737 615 2172 670 manifestissime
2203 631 2333 669 con-

746 709 976 764 lirmavit
1006 710 1132 764 caeci
1184 709 1637 780 praedicationem,
1668 717 1722 764 et
1753 711 1863 778 ipsa
1903 711 2336 763 remuneratione

745 801 1047 865 medicina),
1097 810 1153 855 et
1206 802 1511 856 testimonio
1555 801 1698 855 fidei.
1744 801 1918 863 Fides,
1962 801 2150 870 ittquit,
2185 811 2268 852 tun
2291 810 2337 851 te

743 894 940 946 salvum
967 893 1107 962 fecit.
1133 892 1268 960 Quid
1295 895 1374 946 vis
1394 908 1594 948 οωειιιιι
1635 891 1965 948 credidisse?
2004 892 2086 946 Ab
2113 892 2218 944 alio
2249 892 2334 959 (2)

747 985 858 1041 Deo
887 985 1232 1042 descendisse
1253 987 1435 1042 Iesum
1457 987 1520 1040 ad
1554 986 1905 1056 dejectionem:
1931 989 2008 1052 (ὅ)
2029 983 2334 1040 Creatoris?

740 1080 807 1134 ad
835 1079 1255 1136 destructionem
1288 1080 1446 1150 chis
1472 1090 1527 1135 ct
1577 1080 2013 1150 Prophetarum?
2052 1094 2156 1131 non
2184 1079 2332 1131 illunt

739 1188 884 1236 esse,
937 1175 1023 1243 qui
1071 1189 1135 1228 cx
1190 1175 1366 1229 radice
1411 1174 1563 1229 Jesse
1599 1183 1652 1227 et
1697 1189 1760 1228 cx
1804 1171 1976 1226 fructu
2030 1169 2332 1224 lumborum

750 1263 918 1320 David
946 1265 1316 1321 destinabatur
1343 1265 1461 1339 (Ps.
1490 1265 1872 1334 CXXXIIJI),
1904 1279 2168 1318 Catcorum
2195 1279 2331 1332 quo-

739 1373 845 1426 quc
888 1359 1304 1415 remunerator?
1345 1359 1451 1414 Sed
1492 1360 1726 1414 ttondum
1760 1368 1886 1429 puto
1914 1356 2177 1427 ejusntodi
2209 1367 2334 1410 tunc

739 1453 869 1508 (seei
898 1461 1071 1520 erant,
1100 1454 1273 1524 qualis
1317 1453 1574 1520 Marcion,
1605 1462 1661 1508 ut
1701 1453 1816 1507 lia-c
1848 1451 2006 1506 fuerit
2035 1452 2163 1506 ρωρί
2193 1450 2332 1504 illius

739 1545 897 1611 tides,
929 1561 1031 1617 qua
1085 1546 1377 1602 crediderit
1409 1550 1463 1600 in
1507 1562 1641 1602 voce
1663 1587 1678 1611 ,
1729 1545 1854 1599 Jesu
1901 1545 1978 1612 [ili
2012 1544 2194 1597 David.
2229 1544 2330 1612 Qui

740 1638 842 1695 huc
872 1655 931 1696 se
981 1651 1033 1696 et
1056 1641 1340 1710 Cognovit,
1375 1650 1430 1696 et
1470 1641 1537 1694 ab
1578 1639 1825 1693 Omnibus
1855 1639 2102 1708 Cognosci
2133 1636 2210 1706 (4)
2243 1651 2335 1689 v0-

739 1731 870 1796 luit,
901 1732 1059 1787 lidem
1111 1733 1361 1798 hoarinis,
1395 1734 1494 1787 etsi
1543 1733 1732 1786 melius
1757 1731 2020 1785 oculatam
2044 1772 2056 1782 .
2081 1731 2185 1782 etsi
2219 1728 2332 1783 veri

740 1824 959 1878 luminis
975 1836 1302 1894 compotem,
1329 1825 1595 1880 exteriore
1615 1839 1830 1893 quoque
1861 1824 2064 1877 \‘lsiullc
2089 1818 2328 1886 donavit,

2443 614 2611 668 beutes
2665 626 2886 679 tectum,
2943 616 2995 668 in
3045 616 3252 668 domum
3298 626 3437 668 tuam
3468 616 3729 678 inducite;
3775 616 3877 669 huc
3913 630 4030 669 cum

2443 709 2691 763 maxime
2724 711 2932 779 agebat,
2968 719 3248 778 exceptum
3281 709 3441 764 domo
3467 726 3560 764 sua
3593 724 3820 778 pascens
3853 709 4032 762 Domi-

2440 817 2588 855 num.
2622 801 2686 854 Et
2713 801 2909 854 nudum
2935 802 2979 855 si
3004 801 3208 866 videris,
3229 805 3478 871 contegito
3499 819 3516 865 ;
3540 806 3639 857 hoc
3660 817 3779 856 cum
3805 801 4032 854 maxime

2447 894 2811 962 promittebat,
2845 894 2897 947 in
2927 894 3105 948 omnia
3135 893 3516 949 misericordia:
3559 909 3720 962 opera
3749 893 4028 947 dimidium

2439 989 2753 1042 substantia:
2783 988 3048 1050 offerens;
3075 991 3156 1058 (α)
3181 987 3484 1042 dissolvens
3510 986 3884 1041 violentiornm
3914 1001 4034 1041 cin-

2441 1090 2704 1134 tractuutn
2736 1081 2977 1134 obnexus
3035 1080 3144 1149 (7),
3183 1090 3238 1133 et
3288 1079 3562 1134 dimittens
3587 1078 3948 1134 °eonllietatos
3986 1079 4033 1132 in

2439 1174 2827 1241 laxamentum,
2863 1185 2916 1229 et
2937 1191 3152 1229 onmem
3177 1176 3631 1245 conseriptionem
3665 1176 3901 1244 iniquant
3920 1175 4034 1230 dis-

2438 1267 2639 1337 sipans,
2667 1267 2896 1323 dicendo
2921 1285 2934 1321 :
2968 1266 3034 1320 Et
3063 1269 3104 1322 si
3133 1269 3214 1320 cui
3244 1270 3366 1338 quid
3397 1284 3484 1338 per
3510 1269 3824 1322 calumniam
3851 1268 4034 1338 eripui,

2439 1361 2789 1430 quadruplum
2813 1361 2992 1414 reddo.
3033 1360 3217 1430 Itaqttc
3252 1361 3545 1414 Dominus:
3581 1360 3751 1414 llodie
3775 1403 3789 1424 ,
3827 1361 4035 1430 inquit,

2437 1456 2576 1508 salus
2604 1455 2718 1507 huic
2747 1456 2941 1508 domui.
2982 1453 3376 1509 Te~timonium
3401 1453 3537 1507 dixit
3563 1496 3576 1516 ,
3621 1456 3872 1507 salutaria
3919 1467 4037 1508 esse

2438 1564 2554 1615 quae
2580 1558 2906 1616 praeceperat
2933 1546 3222 1615 pr0phetcs
3243 1545 3540 1600 Creatoris.
3561 1546 3691 1600 Cmn
3719 1561 3844 1598 vero
3875 1546 4033 1600 dicit:

2452 1640 2598 1695 Venit
2620 1641 2751 1694 enim
2778 1639 2940 1692 ("ilius
2963 1640 3180 1692 hominis
3207 1638 3399 1692 solrum
3422 1643 3586 1707 facere
3605 1639 3739 1705 quod
3762 1638 3912 1706 periit
3937 1638 4034 1707 (8),

2438 1734 2548 1804 jam
2606 1747 2710 1786 non
2767 1731 3036 1786 contendo
3071 1747 3194 1786 eum
3238 1733 3451 1785 venisse
3490 1741 3545 1784 ut
3591 1732 3800 1783 salvum
3837 1731 4041 1784 faceret

2438 1825 2580 1894 quod
2635 1825 2892 1894 perierat,
2948 1825 3103 1892 cujus
3150 1826 3342 1888 fuerat,
3385 1831 3439 1877 et
3485 1823 3566 1874 cui
3618 1823 3851 1891 perierat
3899 1821 4039 1890 quod

745 1935 800 1977 ut
825 1930 878 1980 ct
927 1936 1028 1974 nos
1055 1919 1289 1990 regulam
1320 1920 1584 1989 simulque
1619 1918 1917 1972 mercedem
1951 1916 2071 1970 lidei
2099 1917 2336 1970 discerc-
2368 1922 2414 1980 B
2445 1917 2652 1972 salvum
2699 1927 2922 1972 venerat
2956 1916 3169 1980 facere;
3217 1916 3314 1970 sed
3359 1916 3410 1969 in
3459 1914 3678 1969 alterius
3725 1915 4038 1984 qna-stionis

743 2035 881 2076 inus.
906 2019 1008 2086 Qui
1037 2017 1149 2072 vult
1177 2015 1365 2072 videre
1395 2012 1602 2077 Jcsum,
1638 2011 1802 2065 David
1833 2010 1997 2062 filium
2023 2008 2208 2062 credat
2239 2024 2334 2077 per

739 2112 965 2181 virginis
989 2125 1232 2165 censum.
1279 2108 1380 2173 Qui
1412 2122 1518 2161 non
1547 2105 1616 2159 ita
1643 2103 1828 2159 credet
1854 2145 1867 2166 ,
1921 2118 2024 2156 non
2058 2102 2239 2155 audiet
2267 2101 2335 2156 ab

740 2205 870 2260 illo:
903 2203 1060 2258 Fides
1091 2213 1177 2256 tua
1220 2211 1268 2256 te
1295 2203 1495 2255 salvum
1539 2198 1677 2268 fecit.
1729 2201 1902 2266 Atque
1944 2197 2013 2249 ita
2045 2210 2219 2249 Ctucus
2248 2209 2332 2247 rc-

739 2297 1011 2363 manebit,
1067 2311 1227 2350 ruens
1280 2295 1331 2347 in
1382 2291 1726 2355 antithesiin,
1780 2299 2020 2343 ruentem
2071 2296 2126 2341 et
2165 2288 2332 2356 ipsam

738 2389 1070 2445 antithesim.
1119 2386 1211 2442 Sic
1239 2386 1381 2441 enim
1412 2399 1587 2439 ezecus
1628 2398 1828 2437 emerim
1859 2381 2128 2436 deducere
2175 2381 2332 2434 solet.

745 2499 762 2529 ι
811 2479 942 2534 Nam
972 2484 1016 2534 si
1045 2477 1334 2548 aliquando
1365 2477 1428 2546 (ll
1458 2475 1586 2548 Reg.
1613 2477 1677 2544 ν)
1715 2474 1964 2528 Davidcni
2010 2473 2062 2528 in
2097 2487 2332 2542 recupe-

747 2592 766 2625 ι
817 2575 1024 2628 ratione
1046 2571 1225 2628 Sionis
1275 2569 1612 2625 offenderant
1657 2568 1785 2623 caeci
1813 2567 2150 2627 resistentes.
2195 2579 2330 2634 quo-

746 2684 764 2715 ι
815 2665 991 2720 minus
1019 2663 1390 2718 admitteretur
1431 2680 1449 2712 ι
1494 2663 1584 2729 (in
1609 2660 1829 2728 ligurum
1888 2659 2064 2727 populi
2113 2655 2336 2726 proinde

744 2757 896 2820 c:i:ci,
938 2770 1044 2809 non
1073 2754 1356 2809 admissuri
1388 2751 1708 2822 quandoque
1739 2748 2008 2803 Chrismm
2035 2749 2201 2802 lilium
2233 2749 2335 2802 Da-

739 2846 874 2920 vid),
897 2867 914 2899 ς
937 2847 1059 2902 ideo
1083 2846 1330 2901 Christus
1355 2861 1420 2900 ex
1446 2844 1659 2898 diverso
1681 2857 1826 2896 c:eco
1852 2841 2122 2902 subvenit,
2142 2840 2337 2894 uthinc

747 2962 766 2994 ι
823 2957 882 2997 se
911 2941 1222 2996 ostenderet
1271 2954 1378 2993 non
1409 2952 1528 2993 esse
1569 2936 1734 2991 lilinin
1777 2935 1970 2997 David,
1999 2945 2052 2988 et
2077 2949 2141 2988 ex
2173 2935 2335 2987 animt

745 3057 766 3090 ι
812 3036 1122 3092 diversitate
1152 3036 1324 3089 bonus
1362 3033 1538 3096 ca-cis,
1593 3045 1729 3101 quos
1776 3030 1863 3084 ille
1913 3029 2148 3098 jusserat
2176 3028 2332 3082 etudi.

750 3151 769 3184 ι
819 3131 994 3186 Etcur
1012 3129 1153 3194 lidei,
1172 3138 1226 3183 et
1253 3127 1467 3196 quidem
1493 3140 1691 3195 pravm,
1710 3123 2021 3192 przestitisse
2042 3137 2101 3176 se
2127 3121 2260 3176 dixit
2277 3121 2328 3172 ἒν»

741 3222 936 3295 Atquin
965 3233 1018 3279 et
1039 3222 1141 3278 hoc
1173 3221 1310 3276 lilius
1342 3219 1534 3282 David,
1582 3217 1888 3273 antithesim
1921 3217 1989 3271 de
2021 3231 2118 3271 suo
2152 3225 2334 3270 retun-

2441 2009 2663 2081 gradum
2719 2009 2913 2077 dirigo.
2973 2009 3045 2062 De
3099 2008 3315 2061 homine
3346 2008 3425 2076 agi
3459 2009 3604 2061 nulla
3637 2007 3904 2062 dubitatio
3935 2017 4034 2062 est.

2443 2106 2538 2160 llic
2560 2119 2679 2159 cum
2709 2120 2773 2158 ex
2796 2103 3002 2158 duabus
3027 2103 3336 2158 substantiis
3377 2111 3608 2168 constet,
3633 2117 3696 2156 ex
3729 2116 3958 2172 corpore
3983 2112 4034 2157 ct

2440 2201 2612 2252 anima
2639 2240 2652 2262 ,
2684 2197 3030 2268 qnzercndum
3105 2206 3187 2250 est
3259 2211 3324 2249 ex
3372 2212 3472 2265 qua
3513 2196 3824 2250 substantiae
3856 2198 4036 2264 specie

2441 2290 2666 2361 periisse
2700 2291 2962 2345 videatur.
3001 2289 3056 2345 Si
3087 2305 3150 2342 ex
3180 2303 3426 2358 oorpore,
3467 2304 3597 2358 ergo
3647 2305 3844 2357 corpus
3871 2292 4043 2360 perie-

2439 2393 2560 2450 rat,
2607 2383 2784 2437 anima
2833 2399 2957 2436 tton.
3011 2381 3164 2450 Quod
3198 2382 3472 2451 perierat,
3503 2382 3709 2436 salvum
3738 2383 3866 2437 facit
3899 2383 4035 2439 titius

2441 2475 2718 2532 hominis:
2753 2476 2916 2532 habet
2944 2476 3106 2546 igitur
3153 2485 3208 2530 ct
3249 2490 3376 2530 caro
3407 2476 3656 2531 salutem.
3696 2477 3750 2533 Si
3786 2487 3839 2532 et
3863 2477 4041 2532 anima

2441 2573 2705 2642 perierat,
2730 2573 2924 2625 anima:
2959 2571 3187 2640 perditio
3209 2572 3366 2625 saluti
3394 2571 3731 2627 destinatur:
3759 2588 3891 2628 caro
3920 2590 4037 2644 qua:

2441 2682 2545 2719 non
2571 2665 2762 2734 periit,
2787 2666 2935 2718 salva
2956 2675 3061 2719 est.
3087 2665 3143 2720 Si
3167 2673 3308 2720 totus
3339 2664 3500 2719 homo
3535 2666 3771 2734 perierat
3799 2683 3864 2721 ex
3902 2677 4042 2721 utra-

2439 2773 2543 2826 que
2571 2755 2888 2816 substantia,
2936 2766 3080 2810 totus
3125 2757 3285 2810 homo
3319 2757 3498 2811 salvus
3525 2757 3617 2811 fiat
3657 2773 3882 2814 necesse
3911 2771 4034 2823 est;

2440 2858 2495 2902 et
2520 2847 2650 2901 elisa
2682 2857 2763 2901 est
2791 2849 3055 2902 sententia
3086 2848 3462 2903 limreticornm
3512 2850 3828 2916 negantium
3863 2852 4043 2905 carnis

2440 2940 2688 2993 salutem.
2729 2937 2845 2993 Jam
2870 2949 2924 2993 et
2948 2937 3194 2994 Christus
3233 2939 3505 2995 Creatoris
3535 2939 3918 3008 confirmatur,
3953 2944 4041 3013 qui

2439 3032 2734 3088 secundum
2764 3033 3078 3088 Creatorem
3109 3034 3270 3087 totius
3305 3033 3536 3088 hominis
3563 3035 3792 3088 salutem
3828 3035 3912 3104 (9)
3937 3036 4046 3104 pol-

2442 3126 2724 3181 liccliatur.
2758 3125 3034 3178 Serrorum
3072 3141 3283 3194 quoque
3314 3125 3566 3196 parabola
3594 3166 3607 3188 ,
3635 3129 3724 3194 qui
3749 3126 4046 3179 secundum

2443 3217 2704 3271 rationem
2751 3214 3026 3271 [teneram
3056 3221 3297 3283 pecunia:
3324 3215 3606 3270 dominica:
3641 3215 4008 3285 dijudicantur
4031 3257 4045 3280 ,

739 3314 990 3371 dcndam.
1028 3311 1162 3368 Nam
1187 3321 1242 3368 et
1277 3312 1366 3381 qui
1393 3309 1558 3365 David
1589 3309 1925 3364 offenderant
1948 3349 1962 3373 ,
1993 3308 2157 3362 cmci:
2188 3322 2329 3362 nunc
2357 3312 2402 3374 ί]
2431 3310 2664 3379 judicem
2695 3308 2934 3364 ostendit
2959 3309 3126 3362 Deum
3155 3350 3168 3373 ,
3211 3307 3373 3363 etiam
3404 3323 3468 3362 ex
3507 3316 3661 3376 parte
3691 3309 4000 3362 severitatis
4031 3350 4044 3373 ,

739 3422 868 3463 vero
894 3406 1134 3477 ejusdem
1165 3406 1340 3460 carnis
1369 3406 1449 3475 (5)
1476 3406 1636 3459 homo
1663 3402 1957 3473 supplicem
1981 3418 2038 3454 se
2065 3401 2332 3456 obtulerat

740 3500 854 3555 lilio
883 3498 1078 3566 David,
1145 3498 1350 3554 idcirco
1415 3497 1465 3552 ei
1524 3495 1872 3551 satisfacienti
1935 3494 2332 3565 quodammodo

742 3593 982 3663 placatus
1024 3591 1165 3646 titius
1207 3581 1393 3654 David,
1417 3588 1652 3644 restituit
1697 3588 1896 3642 Iumina
1927 3601 2047 3641 cum
2078 3589 2333 3640 teStinro—

739 3685 828 3739 nio
858 3682 1003 3748 fidei,
1045 3696 1148 3753 qua
1175 3682 1276 3736 hoc
1328 3681 1501 3751 ipsum
1527 3678 1847 3744 crediderat,
1875 3677 2202 3732 exorandum
2232 3677 2334 3732 sibi

742 3789 866 3831 esse
896 3774 1063 3829 lilium
1091 3772 1274 3828 David.
1308 3773 1372 3827 Et
1401 3781 1576 3827 tamen
1615 3770 1776 3826 David
1805 3769 2026 3826 audacia
2054 3769 2332 3826 hominum

739 3878 868 3939 puto
893 3864 1208 3932 offenderat,
1235 3881 1341 3920 non
1367 3863 1639 3919 valetudo.

1274 3956 1501 4014 CAPUT
1530 3955 1628 4012 XX
1641 3955 1798 4011 XVII.

811 4051 1170 4123 Consequitur
1196 4049 1347 4121 (Luc.
1381 4049 1527 4118 XIX)
1555 4059 1609 4103 et
1637 4047 1844 4102 Zacliazi
1871 4049 2050 4104 domus
2093 4049 2331 4104 salutem.

743 4148 860 4214 Quo
889 4145 1116 4201 merito?
1164 4141 1430 4212 Numquid
1471 4142 1553 4196 vel
1586 4141 1676 4197 ille
1718 4141 2021 4197 crediderat
2062 4142 2334 4197 Christum

742 4257 773 4296 a
800 4239 1068 4295 Marciane
1109 4235 1362 4292 venisse?
1411 4235 1606 4306 Atquin
1658 4235 1832 4289 adhuc
1888 4237 1938 4289 in
1968 4236 2187 4289 auribus
2218 4243 2334 4290 erat

742 4330 980 4386 omnium
1004 4345 1108 4384 vox
1135 4329 1224 4384 illa
1261 4326 1413 4392 eteci,
1448 4326 1692 4382 Miserere
1718 4327 1837 4392 mei,
1864 4326 1990 4381 Jesu
2018 4328 2097 4395 ﬁli
2122 4326 2286 4380 David
2315 4345 2334 4394 ;

742 4434 788 4479 et
815 4423 978 4477 omnis
1003 4421 1220 4493 populus
1247 4418 1423 4474 laudes
1451 4418 1701 4487 referebat
1729 4418 1854 4482 Deo,
1888 4430 1994 4472 non
2029 4418 2332 4484 Marcionis,

749 4513 847 4572 sed
900 4512 1088 4569 David.
1148 4511 1438 4566 Enimvero
1482 4509 1738 4565 Zaclneus
1777 4510 1874 4564 etsi
1904 4507 2206 4580 allophylus
2233 4509 2337 4562 for-

745 4619 924 4673 tasse,
975 4616 1152 4662 tamen
1200 4604 1378 4675 aliqua
1425 4604 1616 4658 notitia
1663 4602 2064 4673 Seriptnrarum
2098 4618 2163 4656 ex
2190 4617 2336 4657 com-

744 4699 947 4756 mercio
968 4696 1186 4769 judaico
1216 4695 1424 4750 amatus
1447 4711 1460 4759 ;
1482 4694 1598 4764 plus
1648 4703 1731 4750 est
1773 4704 1947 4749 autem
1977 4692 2083 4764 (6),
2109 4705 2162 4749 ct
2188 4695 2336 4764 igno-

2435 3416 2541 3455 non
2577 3409 2782 3454 tantum
2818 3401 3195 3465 honorantem,
3224 3413 3412 3454 verum
3442 3406 3496 3453 et
3521 3396 3861 3454 auferentem
3904 3398 4048 3468 quod

2432 3495 2552 3564 quis
2603 3493 2847 3547 videatur
2904 3491 3175 3545 habuisse.
3237 3491 3343 3546 Aut
3385 3492 3428 3546 si
3482 3499 3536 3546 et
3591 3491 3678 3545 hic
3726 3489 4049 3546 Creatorem

2437 3585 2652 3638 tinxerit
2702 3594 2974 3638 austerum
3009 3584 3282 3638 tollentem
3320 3581 3462 3653 quod
3511 3597 3616 3636 non
3669 3583 3963 3652 posuerit,
3998 3591 4053 3638 et

2435 3690 2727 3735 metentem
2778 3679 2920 3750 quod
2977 3692 3082 3732 non
3129 3679 3364 3733 severit:
3415 3677 3500 3732 hic
3558 3691 3769 3748 quoque
3814 3694 3904 3734 me
3962 3679 4054 3735 illc

2437 3775 2668 3843 instruit,
2698 3777 2851 3846 cujus
2882 3775 3158 3845 pecuniam
3187 3783 3246 3828 ut
3299 3772 3557 3829 ftenerent
3590 3773 3800 3829 edocet.

2949 3866 3177 3924 CAPUT
3219 3866 3510 3922 XXXVIII.

2513 3961 2728 4018 Sciebat
2760 3960 3004 4016 Christus
3033 3960 3283 4030 baptisma
3330 3959 3549 4014 Joannis
3572 3957 3725 4031 (Luc.
3759 3957 3886 4030 XX)
3917 3959 4058 4014 unde

2446 4063 2598 4118 esset,
2631 4062 2687 4108 et
2713 4068 2810 4107 cur
2832 4053 2981 4122 quasi
3011 4051 3258 4106 nesciens
3285 4050 3669 4121 interrogabat.
3693 4049 3911 4105 Sciebat
3946 4066 4057 4106 non

2437 4159 2795 4214 responsuros
2823 4144 2926 4198 sibi
2956 4143 3260 4198 Pbariszeos
3282 4184 3298 4208 ,
3323 4153 3378 4196 et
3404 4157 3502 4198 cur
3531 4143 3726 4197 frustra
3751 4143 4058 4215 interroga-

2437 4239 2548 4294 bat.
2600 4239 2678 4292 An
2735 4245 2875 4292 utex
2905 4251 3000 4292 ore
3050 4237 3286 4307 ipsorum
3327 4234 3594 4304 judicaret
3635 4235 3799 4302 illos,
3857 4237 3944 4291 vel
3980 4252 4048 4291 ex

2438 4329 2636 4387 corde?
2667 4327 2828 4385 Refer
2849 4343 2979 4400 ergo
2998 4337 3053 4384 et
3081 4327 3195 4382 haec
3217 4327 3284 4382 ad
3311 4328 3712 4383 excusationem
3739 4325 4048 4392 Creatoris,

2438 4431 2492 4480 et
2519 4421 2586 4476 ad
2612 4423 3074 4491 comparationem
3097 4418 3298 4474 Christi
3322 4436 3336 4482 ;
3376 4428 3432 4474 et
3457 4419 3740 4474 considera
3770 4419 3884 4488 jam
3917 4416 4057 4488 quid

2439 4525 2749 4570 secuturum
2771 4521 2937 4577 esset,
2964 4510 3149 4582 siquid
3177 4510 3436 4565 Pharismi
3465 4510 3531 4564 ad
3559 4511 4045 4580 interrogationem

2439 4606 2858 4662 remmtiasscnt.
2891 4604 3019 4657 Puta
3041 4604 3160 4658 illos
3183 4603 3521 4658 renuntiasse
3563 4602 3858 4657 humanum
3892 4601 4056 4656 Joan-

2442 4699 2524 4752 nis
2567 4698 2827 4767 baptisma
2855 4736 2870 4760 ,
2916 4696 3097 4749 statim
3131 4694 3396 4764 lapidibus
3435 4695 3552 4748 elisi
3613 4693 3869 4747 fuissent.
3920 4691 4052 4746 Exi-

743 4805 830 4847 ras
854 4789 1043 4846 Isaiam
1070 4786 1173 4859 (Is.
1221 4785 1396 4853 LVIII,
1429 4787 1486 4856 7)
1527 4795 1790 4857 praecepta
1819 4787 1935 4856 ejus
1989 4786 2324 4856 impleverat.
2357 4778 2412 4839 D
2439 4798 2605 4845 steret
2631 4789 2790 4859 aliqui
2813 4786 3047 4842 Marcion
3075 4787 3148 4858 (b)
3167 4787 3281 4857 (to)
3304 4787 3560 4841 adversus
3586 4784 3940 4853 Marcionetu,
3967 4783 4058 4855 qui

1969 4878 2347 4937 LECTIONES
2391 4881 2808 4938 VARIANTES.

834 4953 878 5004 ti
903 4953 978 5003 Ne
1003 4951 1227 5004 Ciaccon.

829 5016 880 5067 21
907 5017 996 5066 1110
1020 5016 1217 5067 Obertlt.

827 5073 879 5139 5')
904 5078 1233 5128 Dilectioucm
1255 5073 1407 5127 Seml.

828 5137 1133 5206 “Cognosci
1157 5141 1229 5206 ab
1247 5139 1472 5206 erunibus
1506 5137 1700 5190 Oberth.
1728 5138 1790 5188 ab
1812 5138 2090 5189 hominibus
2114 5142 2340 5203 cognosci

742 5200 831 5263 αις
857 5200 918 5252 ab
940 5200 1162 5252 omnibus
1184 5203 1310 5253 abest
1335 5204 1457 5251 Par.

807 5265 880 5330 (5)
906 5265 1158 5316 Indeooris
1177 5267 1301 5314 Par.
1327 5274 1475 5315 Fran.

2530 4955 2582 5014 6)
2607 4953 2656 5001 Si
2685 4947 2854 5002 inserit
2883 4950 3026 5014 Itlien.

2531 5011 2582 5076 7)
2606 5015 2843 5065 Obnoxiis
2863 5011 3016 5076 S_entl.

2530 5073 2581 5140 8')
2611 5077 2839 5140 Perierat
2862 5073 2926 5124 ul.

2510 5134 3100 5201 (9')Sslntentubcstnig.
3211 5195 3222 5201 _
3296 5198 3322 5201 __
3402 5197 3483 5201 A__
3575 5198 3583 5201 _
3659 5198 3666 5201 λ
3729 5185 3750 5201 _.

2513 5195 2618 5264 (tit)
2644 5202 2832 5265 Aliquis
2849 5195 3071 5251 Marcion
3087 5195 3238 5252 Seml.
3264 5198 3414 5262 aliqui
3437 5197 3699 5249 Marcionis
3728 5199 3906 5249 Venet.

2085 5325 2644 5393 COMMENTARIUS.

816 5422 969 5478 CAP.
995 5419 1717 5494 XXXVIl.—(a)Dissolvens
1738 5422 2086 5477 violentiorum
2111 5433 2334 5494 contrac-

748 5507 888 5550 tuum
906 5495 1146 5550 obnexus.
1162 5494 1256 5549 llla
1275 5493 1371 5547 vox
1391 5495 1680 5563 composita
1696 5506 1778 5548 εει
1801 5512 1827 5549 a
1845 5509 1972 5550 voce
1997 5493 2333 5560 nexus,lure-

749 5566 1006 5621 consultis
1021 5566 1385 5621 usitatissima.
1411 5565 1686 5619 Ilincillud
1708 5565 1843 5634 apud
1869 5565 2212 5633 Papinianum
2241 5568 2274 5619 l.
2293 5569 2336 5620 si

749 5649 892 5708 pater
915 5641 1039 5709 fatu.
1073 5639 1132 5691 D.
1160 5636 1372 5692 familia:
1401 5637 1731 5709 erciscundae
1755 5637 2176 5709 nexuspignoris,
2197 5639 2335 5709 apud

750 5705 1053 5777 Ulpianum,
1109 5709 1146 5764 Ι.
1177 5709 1221 5761 si
1269 5724 1368 5760 non
1413 5707 1612 5771 saltem,
1643 5705 1670 5778 §
1704 5707 1839 5762 adeo
1888 5705 2074 5760 tit.’de
2100 5705 2334 5778 condict.

750 5781 931 5836 indeb.
966 5797 1122 5834 nexus
1166 5779 1372 5834 uenditi.
1433 5778 1584 5834 Unde
1631 5777 1685 5832 et
1723 5780 1909 5834 Cicero
1964 5792 2059 5847 pro
2102 5777 2335 5834 Muraena

749 5867 880 5905 nexu
905 5852 1148 5922 obligare,
1179 5859 1232 5905 et
1275 5849 1412 5918 apud
1444 5849 1706 5922 Tacitum,
1737 5849 1826 5904 lib.
1859 5847 1943 5922 l_I|,
1975 5849 2192 5922 exsoluti
2219 5851 2340 5922 legis

749 5938 926 5978 nexus.
955 5921 1156 5977 Eodem
1187 5923 1452 5992 pertinent
1482 5921 1564 5978 lea:
1591 5937 1769 5984 nexus.
1799 5929 1854 5977 et
1880 5920 1917 5975 l.
1949 5921 2168 5989 pecunia
2219 5920 2340 5990 qua:

2440 5446 2536 5501 per
2555 5445 2747 5487 nexum
2777 5428 3061 5499 obligatur,
3085 5441 3402 5501 tientpe‘per
3424 5441 3594 5501 genus
3611 5423 3887 5495 quoddam
3919 5421 4060 5479 obli-

2444 5497 2675 5572 gationis
2705 5497 2908 5563 civilis,
2938 5516 3062 5572 qua,
3089 5501 3164 5572 uti
3195 5497 3528 5572 Bttdzmisait,
3559 5510 3758 5566 corpus
3788 5511 3952 5567 seque
3975 5502 4063 5549 at-

2446 5568 2550 5644 que
2575 5568 3477 5644 pignusnexu_afﬁciebatur._Pu.

2514 5633 2668 5699 CAF.
2697 5640 2984 5696 XXXVIII.
3015 5671 3084 5682 —-
3111 5639 3192 5713 (b)
3227 5638 3478 5695 Existeret
3499 5636 3658 5707 aliqui
3691 5635 3958 5713 Mqrcion,
3986 5633 4060 5713 ‘Id

2441 5726 2542 5777 est,
2581 5717 2625 5768 si
2658 5722 2978 5783 emergeret,
3012 5707 3710 5783 exorirctur,exsurgcret.
3761 5708 3855 5783 Sic
3909 5707 4059 5783 enim

2445 5785 2546 5840 hoc
2587 5780 2979 5852 verbum'apud
3003 5783 3320 5840 Ciceronem
3361 5782 3742 5852 interpretatur
3786 5780 4058 5836 Asconius

2446 5857 2736 5914 Pedianus.
2767 5854 2942 5912 Βιίεκ.
