  <div class='ocr_page' id='page_1' title='image "/cluster/home/n/w/nwhite01/storage/ocr_20150623/2/hvd.32044015466741/252.png"; bbox 0 0 4268 6492; ppageno 0'>
   <div class='ocr_carea' id='block_1_1' title="bbox 225 423 332 480">
    <p class='ocr_par' dir='ltr' id='par_1_1' title="bbox 225 423 332 480">
     <span class='ocr_line' id='line_1_1' title="bbox 225 423 332 480; baseline 0 -2"><span class='ocrx_word' id='word_1_1' title='bbox 225 423 332 480; x_wconf 72' lang='grc'><strong>455</strong></span> 
     </span>
    </p>
   </div>
   <div class='ocr_carea' id='block_1_2' title="bbox 1325 415 2416 476">
    <p class='ocr_par' dir='ltr' id='par_1_2' title="bbox 1325 415 2416 476">
     <span class='ocr_line' id='line_1_2' title="bbox 1325 415 2416 476; baseline -0.004 -1"><span class='ocrx_word' id='word_1_2' title='bbox 1325 419 1454 475; x_wconf 82' lang='lat' dir='ltr'><strong>LIB.</strong></span> <span class='ocrx_word' id='word_1_3' title='bbox 1496 416 1562 474; x_wconf 82' lang='lat' dir='ltr'><strong>IV</strong></span> <span class='ocrx_word' id='word_1_4' title='bbox 1595 415 1958 476; x_wconf 75' lang='lat' dir='ltr'><strong>ADVERSUS</strong></span> <span class='ocrx_word' id='word_1_5' title='bbox 1996 415 2416 474; x_wconf 78' lang='lat' dir='ltr'><strong>MARCIONEM.</strong></span> 
     </span>
    </p>
   </div>
   <div class='ocr_carea' id='block_1_3' title="bbox 3409 417 3512 476">
    <p class='ocr_par' dir='ltr' id='par_1_3' title="bbox 3409 417 3512 476">
     <span class='ocr_line' id='line_1_3' title="bbox 3409 417 3512 476; baseline -0.01 0"><span class='ocrx_word' id='word_1_6' title='bbox 3409 417 3512 476; x_wconf 71' lang='grc'><strong>454</strong></span> 
     </span>
    </p>
   </div>
   <div class='ocr_carea' id='block_1_4' title="bbox 223 532 3514 610">
    <p class='ocr_par' dir='ltr' id='par_1_4' title="bbox 223 532 3514 610">
     <span class='ocr_line' id='line_1_4' title="bbox 223 532 3514 610; baseline 0 -18"><span class='ocrx_word' id='word_1_7' title='bbox 223 536 433 593; x_wconf 87' lang='lat' dir='ltr'><strong>diceret</strong></span> <span class='ocrx_word' id='word_1_8' title='bbox 465 553 478 591; x_wconf 88' lang='lat'><strong>:</strong></span> <span class='ocrx_word' id='word_1_9' title='bbox 517 535 563 592; x_wconf 93' lang='grc' dir='ltr'><strong>Ο</strong></span> <span class='ocrx_word' id='word_1_10' title='bbox 610 535 777 590; x_wconf 90' lang='lat' dir='ltr'><strong>Deum</strong></span> <span class='ocrx_word' id='word_1_11' title='bbox 832 533 1130 605; x_wconf 88' lang='lat' dir='ltr'><strong>optimum!</strong></span> <span class='ocrx_word' id='word_1_12' title='bbox 1189 549 1222 590; x_wconf 92' lang='grc' dir='ltr'>ο</span> <span class='ocrx_word' id='word_1_13' title='bbox 1279 534 1446 589; x_wconf 86' lang='lat' dir='ltr'><strong>Deum</strong></span> <span class='ocrx_word' id='word_1_14' title='bbox 1502 533 1771 589; x_wconf 88' lang='lat' dir='ltr'><strong>diversum</strong></span> <span class='ocrx_word' id='word_1_15' title='bbox 1797 548 1824 586; x_wconf 88' lang='lat' dir='ltr'><strong>a</strong></span> <span class='ocrx_word' id='word_1_16' title='bbox 1853 534 1905 593; x_wconf 82' lang='grc' dir='ltr'><strong>Λ</strong></span> <span class='ocrx_word' id='word_1_17' title='bbox 1935 535 2260 602; x_wconf 80' lang='lat' dir='ltr'><strong>prepositum</strong></span> <span class='ocrx_word' id='word_1_18' title='bbox 2293 532 2588 588; x_wconf 88' lang='lat' dir='ltr'><strong>absolvitur</strong></span> <span class='ocrx_word' id='word_1_19' title='bbox 2620 532 3070 604; x_wconf 71' lang='lat' dir='ltr'><strong>interrogationis,</strong></span> <span class='ocrx_word' id='word_1_20' title='bbox 3099 550 3202 592; x_wconf 92' lang='lat' dir='ltr'><strong>non</strong></span> <span class='ocrx_word' id='word_1_21' title='bbox 3238 538 3319 610; x_wconf 72' lang='lat' dir='ltr'><strong>(ii)</strong></span> <span class='ocrx_word' id='word_1_22' title='bbox 3368 540 3514 597; x_wconf 91' lang='lat' dir='ltr'><strong>aliud</strong></span> 
     </span>
    </p>
   </div>
   <div class='ocr_carea' id='block_1_5' title="bbox 224 626 1816 700">
    <p class='ocr_par' dir='ltr' id='par_1_5' title="bbox 224 626 1816 700">
     <span class='ocr_line' id='line_1_5' title="bbox 224 626 1816 700; baseline -0.004 -15"><span class='ocrx_word' id='word_1_23' title='bbox 224 630 501 686; x_wconf 73' lang='lat' dir='ltr'><strong>Creatoris</strong></span> <span class='ocrx_word' id='word_1_24' title='bbox 527 628 828 700; x_wconf 80' lang='lat' dir='ltr'><strong>exemplis!</strong></span> <span class='ocrx_word' id='word_1_25' title='bbox 858 629 1045 685; x_wconf 90' lang='lat' dir='ltr'><strong>Sciens</strong></span> <span class='ocrx_word' id='word_1_26' title='bbox 1081 643 1322 698; x_wconf 71' lang='lat' dir='ltr'><strong>prteceps</strong></span> <span class='ocrx_word' id='word_1_27' title='bbox 1352 630 1520 683; x_wconf 90' lang='lat' dir='ltr'><strong>ituros</strong></span> <span class='ocrx_word' id='word_1_28' title='bbox 1549 626 1816 689; x_wconf 84' lang='lat' dir='ltr'><strong>homines,</strong></span> 
     </span>
    </p>
   </div>
   <div class='ocr_carea' id='block_1_6' title="bbox 225 717 1820 792">
    <p class='ocr_par' dir='ltr' id='par_1_6' title="bbox 225 717 1820 792">
     <span class='ocr_line' id='line_1_6' title="bbox 225 717 1820 792; baseline -0.002 -16"><span class='ocrx_word' id='word_1_29' title='bbox 225 721 342 792; x_wconf 86' lang='lat' dir='ltr'><strong>ipse</strong></span> <span class='ocrx_word' id='word_1_30' title='bbox 371 722 494 776; x_wconf 93' lang='lat' dir='ltr'><strong>illos</strong></span> <span class='ocrx_word' id='word_1_31' title='bbox 520 721 572 776; x_wconf 90' lang='lat' dir='ltr'><strong>in</strong></span> <span class='ocrx_word' id='word_1_32' title='bbox 601 731 930 792; x_wconf 70' lang='lat' dir='ltr'><strong>prmrnptum</strong></span> <span class='ocrx_word' id='word_1_33' title='bbox 964 720 1046 792; x_wconf 80' lang='grc'><strong>(1)</strong></span> <span class='ocrx_word' id='word_1_34' title='bbox 1087 721 1357 790; x_wconf 91' lang='lat' dir='ltr'><strong>imposuit.</strong></span> <span class='ocrx_word' id='word_1_35' title='bbox 1388 720 1477 774; x_wconf 88' lang='lat' dir='ltr'><strong>Sic</strong></span> <span class='ocrx_word' id='word_1_36' title='bbox 1503 719 1648 773; x_wconf 89' lang='lat' dir='ltr'><strong>enim</strong></span> <span class='ocrx_word' id='word_1_37' title='bbox 1673 731 1724 774; x_wconf 89' lang='lat' dir='ltr'><strong>et</strong></span> <span class='ocrx_word' id='word_1_38' title='bbox 1752 717 1820 773; x_wconf 88' lang='lat' dir='ltr'><strong>de</strong></span> 
     </span>
    </p>
   </div>
   <div class='ocr_carea' id='block_1_7' title="bbox 225 811 1823 886">
    <p class='ocr_par' dir='ltr' id='par_1_7' title="bbox 225 811 1823 886">
     <span class='ocr_line' id='line_1_7' title="bbox 225 811 1823 886; baseline -0.002 -16"><span class='ocrx_word' id='word_1_39' title='bbox 225 817 502 881; x_wconf 85' lang='lat' dir='ltr'><strong>Creatore,</strong></span> <span class='ocrx_word' id='word_1_40' title='bbox 533 816 584 869; x_wconf 93' lang='lat' dir='ltr'><strong>in</strong></span> <span class='ocrx_word' id='word_1_41' title='bbox 624 815 833 870; x_wconf 85' lang='lat' dir='ltr'><strong>arboris</strong></span> <span class='ocrx_word' id='word_1_42' title='bbox 862 815 999 886; x_wconf 87' lang='lat' dir='ltr'><strong>lege,</strong></span> <span class='ocrx_word' id='word_1_43' title='bbox 1027 823 1305 869; x_wconf 80' lang='lat' dir='ltr'><strong>tractatur.</strong></span> <span class='ocrx_word' id='word_1_44' title='bbox 1329 811 1433 870; x_wconf 78' lang='lat' dir='ltr'><strong>Sed</strong></span> <span class='ocrx_word' id='word_1_45' title='bbox 1455 813 1523 868; x_wconf 90' lang='lat' dir='ltr'><strong>de</strong></span> <span class='ocrx_word' id='word_1_46' title='bbox 1548 813 1696 868; x_wconf 69' lang='lat' dir='ltr'><strong>cadis</strong></span> <span class='ocrx_word' id='word_1_47' title='bbox 1721 812 1823 867; x_wconf 85' lang='lat' dir='ltr'><strong>fuit</strong></span> 
     </span>
    </p>
   </div>
   <div class='ocr_carea' id='block_1_8' title="bbox 232 902 1821 977">
    <p class='ocr_par' dir='ltr' id='par_1_8' title="bbox 232 902 1821 977">
     <span class='ocr_line' id='line_1_8' title="bbox 232 902 1821 977; baseline -0.001 -17"><span class='ocrx_word' id='word_1_48' title='bbox 232 906 495 977; x_wconf 89' lang='lat' dir='ltr'><strong>baptisma</strong></span> <span class='ocrx_word' id='word_1_49' title='bbox 538 906 782 962; x_wconf 84' lang='lat' dir='ltr'><strong>Joannis.</strong></span> <span class='ocrx_word' id='word_1_50' title='bbox 831 902 899 960; x_wconf 85' lang='lat' dir='ltr'><strong>Et</strong></span> <span class='ocrx_word' id='word_1_51' title='bbox 947 922 1137 977; x_wconf 84' lang='lat' dir='ltr'><strong>quare,</strong></span> <span class='ocrx_word' id='word_1_52' title='bbox 1186 906 1358 976; x_wconf 87' lang='lat' dir='ltr'><strong>inquit</strong></span> <span class='ocrx_word' id='word_1_53' title='bbox 1405 903 1672 970; x_wconf 80' lang='lat' dir='ltr'><strong>Christus,</strong></span> <span class='ocrx_word' id='word_1_54' title='bbox 1721 922 1821 960; x_wconf 84' lang='lat' dir='ltr'><strong>non</strong></span> 
     </span>
    </p>
   </div>
   <div class='ocr_carea' id='block_1_9' title="bbox 232 999 1820 1072">
    <p class='ocr_par' dir='ltr' id='par_1_9' title="bbox 232 999 1820 1072">
     <span class='ocr_line' id='line_1_9' title="bbox 232 999 1820 1072; baseline 0.001 -19"><span class='ocrx_word' id='word_1_55' title='bbox 232 1000 519 1054; x_wconf 72' lang='lat' dir='ltr'><strong>credidistis</strong></span> <span class='ocrx_word' id='word_1_56' title='bbox 547 1001 590 1054; x_wconf 87' lang='lat' dir='ltr'><strong>ei</strong></span> <span class='ocrx_word' id='word_1_57' title='bbox 611 1000 636 1054; x_wconf 71' lang='grc' dir='ltr'><strong><em>Ρ</em></strong></span> <span class='ocrx_word' id='word_1_58' title='bbox 689 999 830 1072; x_wconf 85' lang='lat' dir='ltr'><strong>Ergo</strong></span> <span class='ocrx_word' id='word_1_59' title='bbox 865 999 954 1070; x_wconf 89' lang='lat' dir='ltr'><strong>qui</strong></span> <span class='ocrx_word' id='word_1_60' title='bbox 1000 1000 1148 1055; x_wconf 87' lang='lat' dir='ltr'><strong>credi</strong></span> <span class='ocrx_word' id='word_1_61' title='bbox 1193 999 1435 1056; x_wconf 90' lang='lat' dir='ltr'><strong>voluerat</strong></span> <span class='ocrx_word' id='word_1_62' title='bbox 1473 999 1661 1054; x_wconf 85' lang='lat' dir='ltr'><strong>Joanni</strong></span> <span class='ocrx_word' id='word_1_63' title='bbox 1691 1043 1704 1065; x_wconf 91' lang='lat'><strong>,</strong></span> <span class='ocrx_word' id='word_1_64' title='bbox 1736 1000 1820 1054; x_wconf 80' lang='lat' dir='ltr'><strong>iu-</strong></span> 
     </span>
    </p>
   </div>
   <div class='ocr_carea' id='block_1_10' title="bbox 225 1093 1824 1165">
    <p class='ocr_par' dir='ltr' id='par_1_10' title="bbox 225 1093 1824 1165">
     <span class='ocr_line' id='line_1_10' title="bbox 225 1093 1824 1165; baseline 0.001 -18"><span class='ocrx_word' id='word_1_65' title='bbox 225 1103 547 1163; x_wconf 89' lang='lat' dir='ltr'><strong>crcpaturus</strong></span> <span class='ocrx_word' id='word_1_66' title='bbox 588 1093 728 1164; x_wconf 90' lang='lat' dir='ltr'><strong>quod</strong></span> <span class='ocrx_word' id='word_1_67' title='bbox 777 1108 884 1148; x_wconf 91' lang='lat' dir='ltr'><strong>non</strong></span> <span class='ocrx_word' id='word_1_68' title='bbox 912 1093 1310 1157; x_wconf 87' lang='lat' dir='ltr'><strong>credidissent,</strong></span> <span class='ocrx_word' id='word_1_69' title='bbox 1340 1095 1457 1165; x_wconf 91' lang='lat' dir='ltr'><strong>ejus</strong></span> <span class='ocrx_word' id='word_1_70' title='bbox 1507 1106 1622 1150; x_wconf 90' lang='lat' dir='ltr'><strong>erat</strong></span> <span class='ocrx_word' id='word_1_71' title='bbox 1669 1095 1824 1165; x_wconf 89' lang='lat' dir='ltr'><strong>cujus</strong></span> 
     </span>
    </p>
   </div>
   <div class='ocr_carea' id='block_1_11' title="bbox 226 1185 1822 1242">
    <p class='ocr_par' dir='ltr' id='par_1_11' title="bbox 226 1185 1822 1242">
     <span class='ocr_line' id='line_1_11' title="bbox 226 1185 1822 1242; baseline 0.003 -4"><span class='ocrx_word' id='word_1_72' title='bbox 226 1195 629 1240; x_wconf 83' lang='lat' dir='ltr'><strong>sacramentum</strong></span> <span class='ocrx_word' id='word_1_73' title='bbox 661 1185 900 1242; x_wconf 85' lang='lat' dir='ltr'><strong>Joannes</strong></span> <span class='ocrx_word' id='word_1_74' title='bbox 931 1185 1364 1241; x_wconf 88' lang='lat' dir='ltr'><strong>administrabat.</strong></span> <span class='ocrx_word' id='word_1_75' title='bbox 1403 1185 1563 1242; x_wconf 88' lang='lat' dir='ltr'><strong>Certe</strong></span> <span class='ocrx_word' id='word_1_76' title='bbox 1591 1186 1822 1242; x_wconf 89' lang='lat' dir='ltr'><strong>nolenti-</strong></span> 
     </span>
    </p>
   </div>
   <div class='ocr_carea' id='block_1_12' title="bbox 226 1279 1825 1352">
    <p class='ocr_par' dir='ltr' id='par_1_12' title="bbox 226 1279 1825 1352">
     <span class='ocr_line' id='line_1_12' title="bbox 226 1279 1825 1352; baseline 0 -19"><span class='ocrx_word' id='word_1_77' title='bbox 226 1279 328 1334; x_wconf 93' lang='lat' dir='ltr'><strong>bus</strong></span> <span class='ocrx_word' id='word_1_78' title='bbox 358 1279 668 1334; x_wconf 89' lang='lat' dir='ltr'><strong>renuntiare</strong></span> <span class='ocrx_word' id='word_1_79' title='bbox 696 1279 823 1349; x_wconf 88' lang='lat' dir='ltr'><strong>qttid</strong></span> <span class='ocrx_word' id='word_1_80' title='bbox 852 1289 1133 1350; x_wconf 88' lang='lat' dir='ltr'><strong>saperent,</strong></span> <span class='ocrx_word' id='word_1_81' title='bbox 1157 1296 1278 1336; x_wconf 92' lang='lat' dir='ltr'><strong>cum</strong></span> <span class='ocrx_word' id='word_1_82' title='bbox 1310 1289 1364 1335; x_wconf 91' lang='lat' dir='ltr'><strong>et</strong></span> <span class='ocrx_word' id='word_1_83' title='bbox 1391 1282 1505 1350; x_wconf 87' lang='lat' dir='ltr'><strong>ipse</strong></span> <span class='ocrx_word' id='word_1_84' title='bbox 1532 1283 1701 1337; x_wconf 93' lang='lat' dir='ltr'><strong>vicem</strong></span> <span class='ocrx_word' id='word_1_85' title='bbox 1729 1297 1825 1352; x_wconf 59' lang='lat' dir='ltr'><strong>op.</strong></span> 
     </span>
    </p>
   </div>
   <div class='ocr_carea' id='block_1_13' title="bbox 229 1369 1824 1444">
    <p class='ocr_par' dir='ltr' id='par_1_13' title="bbox 229 1369 1824 1444">
     <span class='ocr_line' id='line_1_13' title="bbox 229 1369 1824 1444; baseline 0.004 -23"><span class='ocrx_word' id='word_1_86' title='bbox 229 1371 399 1439; x_wconf 91' lang='lat' dir='ltr'><strong>ponit.</strong></span> <span class='ocrx_word' id='word_1_87' title='bbox 447 1369 512 1424; x_wconf 75' lang='lat' dir='ltr'><strong>Et</strong></span> <span class='ocrx_word' id='word_1_88' title='bbox 542 1388 632 1443; x_wconf 86' lang='lat' dir='ltr'><strong>ego</strong></span> <span class='ocrx_word' id='word_1_89' title='bbox 655 1389 754 1425; x_wconf 86' lang='lat' dir='ltr'><strong>non</strong></span> <span class='ocrx_word' id='word_1_90' title='bbox 785 1372 899 1426; x_wconf 81' lang='lat' dir='ltr'><strong>dico</strong></span> <span class='ocrx_word' id='word_1_91' title='bbox 923 1371 1060 1426; x_wconf 82' lang='lat' dir='ltr'><strong>vobis</strong></span> <span class='ocrx_word' id='word_1_92' title='bbox 1080 1373 1132 1425; x_wconf 88' lang='lat' dir='ltr'><strong>in</strong></span> <span class='ocrx_word' id='word_1_93' title='bbox 1161 1389 1259 1442; x_wconf 90' lang='lat' dir='ltr'><strong>qua</strong></span> <span class='ocrx_word' id='word_1_94' title='bbox 1303 1374 1485 1427; x_wconf 83' lang='lat' dir='ltr'><strong>virtute</strong></span> <span class='ocrx_word' id='word_1_95' title='bbox 1511 1375 1618 1427; x_wconf 81' lang='lat' dir='ltr'><strong>[nec</strong></span> <span class='ocrx_word' id='word_1_96' title='bbox 1647 1375 1780 1444; x_wconf 77' lang='lat' dir='ltr'><strong>facio</strong></span> <span class='ocrx_word' id='word_1_97' title='bbox 1805 1389 1824 1438; x_wconf 89' lang='lat'><strong>;</strong></span> 
     </span>
    </p>
   </div>
   <div class='ocr_carea' id='block_1_14' title="bbox 227 1461 1823 1536">
    <p class='ocr_par' dir='ltr' id='par_1_14' title="bbox 227 1461 1823 1536">
     <span class='ocr_line' id='line_1_14' title="bbox 227 1461 1823 1536; baseline 0.004 -21"><span class='ocrx_word' id='word_1_98' title='bbox 227 1461 427 1516; x_wconf 88' lang='lat' dir='ltr'><strong>malum</strong></span> <span class='ocrx_word' id='word_1_99' title='bbox 458 1477 554 1533; x_wconf 88' lang='lat' dir='ltr'><strong>pro</strong></span> <span class='ocrx_word' id='word_1_100' title='bbox 593 1463 732 1517; x_wconf 92' lang='lat' dir='ltr'><strong>malo</strong></span> <span class='ocrx_word' id='word_1_101' title='bbox 760 1462 932 1518; x_wconf 86' lang='lat' dir='ltr'><strong>reddit</strong></span> <span class='ocrx_word' id='word_1_102' title='bbox 963 1463 1066 1532; x_wconf 75' lang='lat'><strong>(2).</strong></span> <span class='ocrx_word' id='word_1_103' title='bbox 1088 1463 1304 1519; x_wconf 81' lang='lat' dir='ltr'><strong>Reddite</strong></span> <span class='ocrx_word' id='word_1_104' title='bbox 1330 1481 1444 1536; x_wconf 75' lang='lat' dir='ltr'><strong>qua:</strong></span> <span class='ocrx_word' id='word_1_105' title='bbox 1472 1465 1686 1520; x_wconf 70' lang='lat' dir='ltr'><strong>Caesaris</strong></span> <span class='ocrx_word' id='word_1_106' title='bbox 1714 1465 1823 1521; x_wconf 82' lang='lat' dir='ltr'><strong>Ca:-</strong></span> 
     </span>
    </p>
   </div>
   <div class='ocr_carea' id='block_1_15' title="bbox 225 1555 1824 1631">
    <p class='ocr_par' dir='ltr' id='par_1_15' title="bbox 225 1555 1824 1631">
     <span class='ocr_line' id='line_1_15' title="bbox 225 1555 1824 1631; baseline 0.005 -25"><span class='ocrx_word' id='word_1_107' title='bbox 225 1556 353 1620; x_wconf 86' lang='lat' dir='ltr'><strong>sari,</strong></span> <span class='ocrx_word' id='word_1_108' title='bbox 407 1564 454 1608; x_wconf 89' lang='lat' dir='ltr'><strong>et</strong></span> <span class='ocrx_word' id='word_1_109' title='bbox 497 1571 610 1624; x_wconf 82' lang='lat' dir='ltr'><strong>qua:</strong></span> <span class='ocrx_word' id='word_1_110' title='bbox 653 1566 770 1610; x_wconf 89' lang='lat' dir='ltr'><strong>sunt</strong></span> <span class='ocrx_word' id='word_1_111' title='bbox 805 1555 898 1610; x_wconf 85' lang='lat' dir='ltr'><strong>Dei</strong></span> <span class='ocrx_word' id='word_1_112' title='bbox 926 1555 1054 1611; x_wconf 86' lang='lat' dir='ltr'><strong>Deo.</strong></span> <span class='ocrx_word' id='word_1_113' title='bbox 1084 1557 1214 1626; x_wconf 76' lang='lat' dir='ltr'><strong>Qua:</strong></span> <span class='ocrx_word' id='word_1_114' title='bbox 1239 1569 1397 1613; x_wconf 91' lang='lat' dir='ltr'><strong>erunt</strong></span> <span class='ocrx_word' id='word_1_115' title='bbox 1438 1559 1570 1612; x_wconf 86' lang='lat' dir='ltr'><strong>Dei?</strong></span> <span class='ocrx_word' id='word_1_116' title='bbox 1605 1576 1723 1631; x_wconf 74' lang='lat' dir='ltr'><strong>quae</strong></span> <span class='ocrx_word' id='word_1_117' title='bbox 1753 1564 1824 1614; x_wconf 85' lang='lat' dir='ltr'><strong>si-</strong></span> 
     </span>
    </p>
   </div>
   <div class='ocr_carea' id='block_1_16' title="bbox 228 1645 1826 1718">
    <p class='ocr_par' dir='ltr' id='par_1_16' title="bbox 228 1645 1826 1718">
     <span class='ocr_line' id='line_1_16' title="bbox 228 1645 1826 1718; baseline 0.004 -21"><span class='ocrx_word' id='word_1_118' title='bbox 228 1645 374 1698; x_wconf 84' lang='lat' dir='ltr'><strong>milia</strong></span> <span class='ocrx_word' id='word_1_119' title='bbox 429 1657 553 1701; x_wconf 88' lang='lat' dir='ltr'><strong>sunt</strong></span> <span class='ocrx_word' id='word_1_120' title='bbox 597 1646 820 1701; x_wconf 87' lang='lat' dir='ltr'><strong>denario</strong></span> <span class='ocrx_word' id='word_1_121' title='bbox 869 1647 1122 1713; x_wconf 76' lang='lat' dir='ltr'><strong>Cresaris,</strong></span> <span class='ocrx_word' id='word_1_122' title='bbox 1159 1648 1333 1718; x_wconf 84' lang='lat' dir='ltr'><strong>imago</strong></span> <span class='ocrx_word' id='word_1_123' title='bbox 1361 1649 1569 1705; x_wconf 86' lang='lat' dir='ltr'><strong>scilicet</strong></span> <span class='ocrx_word' id='word_1_124' title='bbox 1595 1661 1647 1704; x_wconf 85' lang='lat' dir='ltr'><strong>et</strong></span> <span class='ocrx_word' id='word_1_125' title='bbox 1677 1651 1826 1703; x_wconf 89' lang='lat' dir='ltr'><strong>simi-</strong></span> 
     </span>
    </p>
   </div>
   <div class='ocr_carea' id='block_1_17' title="bbox 228 1739 1821 1812">
    <p class='ocr_par' dir='ltr' id='par_1_17' title="bbox 228 1739 1821 1812">
     <span class='ocr_line' id='line_1_17' title="bbox 228 1739 1821 1812; baseline 0.005 -22"><span class='ocrx_word' id='word_1_126' title='bbox 228 1739 398 1793; x_wconf 91' lang='lat' dir='ltr'><strong>litudo</strong></span> <span class='ocrx_word' id='word_1_127' title='bbox 443 1741 580 1807; x_wconf 86' lang='lat' dir='ltr'><strong>ejus.</strong></span> <span class='ocrx_word' id='word_1_128' title='bbox 636 1740 921 1797; x_wconf 86' lang='lat' dir='ltr'><strong>Hominem</strong></span> <span class='ocrx_word' id='word_1_129' title='bbox 950 1742 1107 1811; x_wconf 80' lang='lat' dir='ltr'><strong>igitur</strong></span> <span class='ocrx_word' id='word_1_130' title='bbox 1157 1742 1307 1796; x_wconf 88' lang='lat' dir='ltr'><strong>reddi</strong></span> <span class='ocrx_word' id='word_1_131' title='bbox 1335 1743 1488 1812; x_wconf 92' lang='lat' dir='ltr'><strong>jubet</strong></span> <span class='ocrx_word' id='word_1_132' title='bbox 1531 1745 1821 1812; x_wconf 87' lang='lat' dir='ltr'><strong>Creatori,</strong></span> 
     </span>
    </p>
   </div>
   <div class='ocr_carea' id='block_1_18' title="bbox 228 1831 1825 1903">
    <p class='ocr_par' dir='ltr' id='par_1_18' title="bbox 228 1831 1825 1903">
     <span class='ocr_line' id='line_1_18' title="bbox 228 1831 1825 1903; baseline 0.005 -19"><span class='ocrx_word' id='word_1_133' title='bbox 228 1831 279 1884; x_wconf 93' lang='lat' dir='ltr'><strong>in</strong></span> <span class='ocrx_word' id='word_1_134' title='bbox 311 1831 465 1900; x_wconf 88' lang='lat' dir='ltr'><strong>cujus</strong></span> <span class='ocrx_word' id='word_1_135' title='bbox 509 1833 738 1903; x_wconf 78' lang='lat' dir='ltr'><strong>imagine</strong></span> <span class='ocrx_word' id='word_1_136' title='bbox 787 1843 842 1888; x_wconf 91' lang='lat' dir='ltr'><strong>ct</strong></span> <span class='ocrx_word' id='word_1_137' title='bbox 869 1833 1219 1889; x_wconf 86' lang='lat' dir='ltr'><strong>similitudine</strong></span> <span class='ocrx_word' id='word_1_138' title='bbox 1246 1845 1298 1890; x_wconf 89' lang='lat' dir='ltr'><strong>et</strong></span> <span class='ocrx_word' id='word_1_139' title='bbox 1326 1837 1540 1891; x_wconf 90' lang='lat' dir='ltr'><strong>nomine</strong></span> <span class='ocrx_word' id='word_1_140' title='bbox 1568 1849 1621 1890; x_wconf 85' lang='lat' dir='ltr'><strong>et</strong></span> <span class='ocrx_word' id='word_1_141' title='bbox 1658 1848 1825 1892; x_wconf 87' lang='lat' dir='ltr'><strong>matc-</strong></span> 
     </span>
    </p>
   </div>
   <div class='ocr_carea' id='block_1_19' title="bbox 1926 627 3513 700">
    <p class='ocr_par' dir='ltr' id='par_1_19' title="bbox 1926 627 3513 700">
     <span class='ocr_line' id='line_1_19' title="bbox 1926 627 3513 700; baseline 0.004 -20"><span class='ocrx_word' id='word_1_142' title='bbox 1926 629 2203 696; x_wconf 84' lang='lat' dir='ltr'><strong>responsio</strong></span> <span class='ocrx_word' id='word_1_143' title='bbox 2239 627 2448 680; x_wconf 86' lang='lat' dir='ltr'><strong>Domini</strong></span> <span class='ocrx_word' id='word_1_144' title='bbox 2475 628 2654 695; x_wconf 86' lang='lat' dir='ltr'><strong>sapit,</strong></span> <span class='ocrx_word' id='word_1_145' title='bbox 2687 643 2844 696; x_wconf 85' lang='lat' dir='ltr'><strong>quam</strong></span> <span class='ocrx_word' id='word_1_146' title='bbox 2876 644 2984 698; x_wconf 90' lang='lat' dir='ltr'><strong>quo</strong></span> <span class='ocrx_word' id='word_1_147' title='bbox 3031 632 3257 700; x_wconf 68' lang='lat' dir='ltr'><strong>quaestio</strong></span> <span class='ocrx_word' id='word_1_148' title='bbox 3279 631 3513 687; x_wconf 87' lang='lat' dir='ltr'><strong>absolvi-</strong></span> 
     </span>
    </p>
   </div>
   <div class='ocr_carea' id='block_1_20' title="bbox 1927 719 3515 794">
    <p class='ocr_par' dir='ltr' id='par_1_20' title="bbox 1927 719 3515 794">
     <span class='ocr_line' id='line_1_20' title="bbox 1927 719 3515 794; baseline 0.005 -22"><span class='ocrx_word' id='word_1_149' title='bbox 1927 729 2028 772; x_wconf 92' lang='lat' dir='ltr'><strong>tur.</strong></span> <span class='ocrx_word' id='word_1_150' title='bbox 2072 719 2250 775; x_wconf 89' lang='lat' dir='ltr'><strong>llabes</strong></span> <span class='ocrx_word' id='word_1_151' title='bbox 2279 733 2333 774; x_wconf 85' lang='lat' dir='ltr'><strong>et</strong></span> <span class='ocrx_word' id='word_1_152' title='bbox 2393 730 2631 788; x_wconf 85' lang='lat' dir='ltr'><strong>tempora</strong></span> <span class='ocrx_word' id='word_1_153' title='bbox 2683 722 3059 789; x_wconf 88' lang='lat' dir='ltr'><strong>permissarum</strong></span> <span class='ocrx_word' id='word_1_154' title='bbox 3104 735 3156 778; x_wconf 93' lang='lat' dir='ltr'><strong>ct</strong></span> <span class='ocrx_word' id='word_1_155' title='bbox 3200 734 3515 794; x_wconf 83' lang='lat' dir='ltr'><strong>negatarum</strong></span> 
     </span>
    </p>
   </div>
   <div class='ocr_carea' id='block_1_21' title="bbox 1926 812 3516 882">
    <p class='ocr_par' dir='ltr' id='par_1_21' title="bbox 1926 812 3516 882">
     <span class='ocr_line' id='line_1_21' title="bbox 1926 812 3516 882; baseline 0.004 -18"><span class='ocrx_word' id='word_1_156' title='bbox 1926 812 2228 881; x_wconf 74' lang='lat' dir='ltr'><strong>nuptiarum</strong></span> <span class='ocrx_word' id='word_1_157' title='bbox 2255 853 2270 878; x_wconf 85' lang='lat'><strong>,</strong></span> <span class='ocrx_word' id='word_1_158' title='bbox 2303 827 2405 866; x_wconf 94' lang='lat' dir='ltr'><strong>non</strong></span> <span class='ocrx_word' id='word_1_159' title='bbox 2431 827 2495 865; x_wconf 76' lang='lat' dir='ltr'><strong>ex</strong></span> <span class='ocrx_word' id='word_1_160' title='bbox 2535 827 2626 865; x_wconf 89' lang='lat' dir='ltr'><strong>sua</strong></span> <span class='ocrx_word' id='word_1_161' title='bbox 2661 814 2872 882; x_wconf 85' lang='lat' dir='ltr'><strong>propria</strong></span> <span class='ocrx_word' id='word_1_162' title='bbox 2894 855 2908 880; x_wconf 94' lang='lat'><strong>,</strong></span> <span class='ocrx_word' id='word_1_163' title='bbox 2953 813 3046 868; x_wconf 89' lang='lat' dir='ltr'><strong>sed</strong></span> <span class='ocrx_word' id='word_1_164' title='bbox 3077 830 3141 868; x_wconf 80' lang='lat' dir='ltr'><strong>ex</strong></span> <span class='ocrx_word' id='word_1_165' title='bbox 3170 816 3516 871; x_wconf 82' lang='lat' dir='ltr'><strong>resurrectio-</strong></span> 
     </span>
    </p>
   </div>
   <div class='ocr_carea' id='block_1_22' title="bbox 1928 903 3516 974">
    <p class='ocr_par' dir='ltr' id='par_1_22' title="bbox 1928 903 3516 974">
     <span class='ocr_line' id='line_1_22' title="bbox 1928 903 3516 974; baseline 0.004 -18"><span class='ocrx_word' id='word_1_166' title='bbox 1928 903 2009 956; x_wconf 88' lang='lat' dir='ltr'><strong>nis</strong></span> <span class='ocrx_word' id='word_1_167' title='bbox 2030 905 2345 973; x_wconf 66' lang='lat' dir='ltr'><strong>qumstione.</strong></span> <span class='ocrx_word' id='word_1_168' title='bbox 2408 903 2582 958; x_wconf 88' lang='lat' dir='ltr'><strong>llahes</strong></span> <span class='ocrx_word' id='word_1_169' title='bbox 2609 914 2661 959; x_wconf 91' lang='lat' dir='ltr'><strong>et</strong></span> <span class='ocrx_word' id='word_1_170' title='bbox 2711 905 2877 974; x_wconf 85' lang='lat' dir='ltr'><strong>ipsius</strong></span> <span class='ocrx_word' id='word_1_171' title='bbox 2923 908 3341 963; x_wconf 85' lang='lat' dir='ltr'><strong>resurrectionis</strong></span> <span class='ocrx_word' id='word_1_172' title='bbox 3385 923 3516 964; x_wconf 83' lang='lat' dir='ltr'><strong>cou-</strong></span> 
     </span>
    </p>
   </div>
   <div class='ocr_carea' id='block_1_23' title="bbox 1929 995 3516 1070">
    <p class='ocr_par' dir='ltr' id='par_1_23' title="bbox 1929 995 3516 1070">
     <span class='ocr_line' id='line_1_23' title="bbox 1929 995 3516 1070; baseline 0.003 -21"><span class='ocrx_word' id='word_1_173' title='bbox 1929 995 2300 1061; x_wconf 83' lang='lat' dir='ltr'><strong>ﬁrmationem,</strong></span> <span class='ocrx_word' id='word_1_174' title='bbox 2332 1008 2386 1051; x_wconf 89' lang='lat' dir='ltr'><strong>et</strong></span> <span class='ocrx_word' id='word_1_175' title='bbox 2411 1007 2574 1052; x_wconf 90' lang='lat' dir='ltr'><strong>totum</strong></span> <span class='ocrx_word' id='word_1_176' title='bbox 2599 999 2738 1067; x_wconf 90' lang='lat' dir='ltr'><strong>quod</strong></span> <span class='ocrx_word' id='word_1_177' title='bbox 2761 996 2836 1070; x_wconf 81' lang='lat' dir='ltr'><strong>(b)</strong></span> <span class='ocrx_word' id='word_1_178' title='bbox 2862 998 3138 1054; x_wconf 72' lang='lat' dir='ltr'><strong>Sadduca-i</strong></span> <span class='ocrx_word' id='word_1_179' title='bbox 3170 1000 3516 1057; x_wconf 83' lang='lat' dir='ltr'><strong>sciscitaban-</strong></span> 
     </span>
    </p>
   </div>
   <div class='ocr_carea' id='block_1_24' title="bbox 1929 1089 3511 1162">
    <p class='ocr_par' dir='ltr' id='par_1_24' title="bbox 1929 1089 3511 1162">
     <span class='ocr_line' id='line_1_24' title="bbox 1929 1089 3511 1162; baseline 0.002 -19"><span class='ocrx_word' id='word_1_180' title='bbox 1929 1099 2032 1151; x_wconf 88' lang='lat' dir='ltr'><strong>tur,</strong></span> <span class='ocrx_word' id='word_1_181' title='bbox 2055 1090 2242 1144; x_wconf 88' lang='lat' dir='ltr'><strong>nonde</strong></span> <span class='ocrx_word' id='word_1_182' title='bbox 2269 1091 2374 1144; x_wconf 90' lang='lat' dir='ltr'><strong>alio</strong></span> <span class='ocrx_word' id='word_1_183' title='bbox 2394 1089 2503 1144; x_wconf 89' lang='lat' dir='ltr'><strong>Deo</strong></span> <span class='ocrx_word' id='word_1_184' title='bbox 2526 1092 2934 1156; x_wconf 74' lang='lat' dir='ltr'><strong>interrogantes,</strong></span> <span class='ocrx_word' id='word_1_185' title='bbox 2955 1107 3052 1146; x_wconf 92' lang='lat' dir='ltr'><strong>nec</strong></span> <span class='ocrx_word' id='word_1_186' title='bbox 3079 1092 3145 1148; x_wconf 91' lang='lat' dir='ltr'><strong>de</strong></span> <span class='ocrx_word' id='word_1_187' title='bbox 3173 1095 3388 1162; x_wconf 85' lang='lat' dir='ltr'><strong>prOprio</strong></span> <span class='ocrx_word' id='word_1_188' title='bbox 3409 1110 3511 1148; x_wconf 85' lang='lat' dir='ltr'><strong>nu-</strong></span> 
     </span>
    </p>
   </div>
   <div class='ocr_carea' id='block_1_25' title="bbox 1930 1184 3512 1257">
    <p class='ocr_par' dir='ltr' id='par_1_25' title="bbox 1930 1184 3512 1257">
     <span class='ocr_line' id='line_1_25' title="bbox 1930 1184 3512 1257; baseline 0.003 -21"><span class='ocrx_word' id='word_1_189' title='bbox 1930 1185 2156 1253; x_wconf 90' lang='lat' dir='ltr'><strong>ptiarum</strong></span> <span class='ocrx_word' id='word_1_190' title='bbox 2175 1185 2298 1253; x_wconf 90' lang='lat' dir='ltr'><strong>jure</strong></span> <span class='ocrx_word' id='word_1_191' title='bbox 2327 1194 2646 1254; x_wconf 67' lang='lat' dir='ltr'><strong>qnterentes.</strong></span> <span class='ocrx_word' id='word_1_192' title='bbox 2674 1184 2827 1251; x_wconf 85' lang='lat' dir='ltr'><strong>Quod</strong></span> <span class='ocrx_word' id='word_1_193' title='bbox 2870 1185 2914 1239; x_wconf 90' lang='lat' dir='ltr'><strong>si</strong></span> <span class='ocrx_word' id='word_1_194' title='bbox 2939 1187 3003 1239; x_wconf 91' lang='lat' dir='ltr'><strong>ad</strong></span> <span class='ocrx_word' id='word_1_195' title='bbox 3037 1201 3098 1240; x_wconf 88' lang='lat' dir='ltr'><strong>ea</strong></span> <span class='ocrx_word' id='word_1_196' title='bbox 3127 1187 3253 1241; x_wconf 87' lang='lat' dir='ltr'><strong>lacis</strong></span> <span class='ocrx_word' id='word_1_197' title='bbox 3286 1202 3512 1257; x_wconf 81' lang='lat' dir='ltr'><strong>rc5pon-</strong></span> 
     </span>
    </p>
   </div>
   <div class='ocr_carea' id='block_1_26' title="bbox 1927 1274 3515 1348">
    <p class='ocr_par' dir='ltr' id='par_1_26' title="bbox 1927 1274 3515 1348">
     <span class='ocr_line' id='line_1_26' title="bbox 1927 1274 3515 1348; baseline 0.002 -18"><span class='ocrx_word' id='word_1_198' title='bbox 1927 1276 2054 1330; x_wconf 92' lang='lat' dir='ltr'><strong>dere</strong></span> <span class='ocrx_word' id='word_1_199' title='bbox 2074 1274 2368 1342; x_wconf 87' lang='lat' dir='ltr'><strong>Christum,</strong></span> <span class='ocrx_word' id='word_1_200' title='bbox 2397 1276 2464 1330; x_wconf 88' lang='lat' dir='ltr'><strong>de</strong></span> <span class='ocrx_word' id='word_1_201' title='bbox 2493 1276 2684 1345; x_wconf 81' lang='lat' dir='ltr'><strong>quibus</strong></span> <span class='ocrx_word' id='word_1_202' title='bbox 2718 1293 2821 1330; x_wconf 92' lang='lat' dir='ltr'><strong>non</strong></span> <span class='ocrx_word' id='word_1_203' title='bbox 2870 1286 2953 1332; x_wconf 85' lang='lat' dir='ltr'><strong>est</strong></span> <span class='ocrx_word' id='word_1_204' title='bbox 3000 1277 3298 1344; x_wconf 90' lang='lat' dir='ltr'><strong>consultus,</strong></span> <span class='ocrx_word' id='word_1_205' title='bbox 3352 1293 3515 1348; x_wconf 83' lang='lat' dir='ltr'><strong>negas</strong></span> 
     </span>
    </p>
   </div>
   <div class='ocr_carea' id='block_1_27' title="bbox 1927 1367 3512 1438">
    <p class='ocr_par' dir='ltr' id='par_1_27' title="bbox 1927 1367 3512 1438">
     <span class='ocr_line' id='line_1_27' title="bbox 1927 1367 3512 1438; baseline 0 -14"><span class='ocrx_word' id='word_1_206' title='bbox 1927 1384 2050 1424; x_wconf 92' lang='lat' dir='ltr'><strong>eum</strong></span> <span class='ocrx_word' id='word_1_207' title='bbox 2082 1368 2149 1422; x_wconf 92' lang='lat' dir='ltr'><strong>de</strong></span> <span class='ocrx_word' id='word_1_208' title='bbox 2173 1369 2367 1438; x_wconf 82' lang='lat' dir='ltr'><strong>quibus</strong></span> <span class='ocrx_word' id='word_1_209' title='bbox 2388 1369 2747 1438; x_wconf 80' lang='lat' dir='ltr'><strong>interrogatus</strong></span> <span class='ocrx_word' id='word_1_210' title='bbox 2773 1378 2853 1423; x_wconf 90' lang='lat' dir='ltr'><strong>est</strong></span> <span class='ocrx_word' id='word_1_211' title='bbox 2878 1367 3205 1438; x_wconf 86' lang='lat' dir='ltr'><strong>respondere</strong></span> <span class='ocrx_word' id='word_1_212' title='bbox 3237 1370 3472 1438; x_wconf 85' lang='lat' dir='ltr'><strong>potuisse</strong></span> <span class='ocrx_word' id='word_1_213' title='bbox 3495 1412 3512 1436; x_wconf 91' lang='lat'><strong>,</strong></span> 
     </span>
    </p>
   </div>
   <div class='ocr_carea' id='block_1_28' title="bbox 1927 1462 3519 1532">
    <p class='ocr_par' dir='ltr' id='par_1_28' title="bbox 1927 1462 3519 1532">
     <span class='ocr_line' id='line_1_28' title="bbox 1927 1462 3519 1532; baseline 0.001 -15"><span class='ocrx_word' id='word_1_214' title='bbox 1927 1462 2340 1518; x_wconf 67' lang='lat' dir='ltr'><strong>Sadducmorum</strong></span> <span class='ocrx_word' id='word_1_215' title='bbox 2372 1463 2572 1517; x_wconf 86' lang='lat' dir='ltr'><strong>scilicet</strong></span> <span class='ocrx_word' id='word_1_216' title='bbox 2593 1463 2850 1531; x_wconf 81' lang='lat' dir='ltr'><strong>sapientia</strong></span> <span class='ocrx_word' id='word_1_217' title='bbox 2879 1472 3112 1532; x_wconf 85' lang='lat' dir='ltr'><strong>captum.</strong></span> <span class='ocrx_word' id='word_1_218' title='bbox 3145 1463 3219 1517; x_wconf 74' lang='lat' dir='ltr'><strong>Ex</strong></span> <span class='ocrx_word' id='word_1_219' title='bbox 3241 1463 3519 1518; x_wconf 89' lang='lat' dir='ltr'><strong>abundan-</strong></span> 
     </span>
    </p>
   </div>
   <div class='ocr_carea' id='block_1_29' title="bbox 1929 1554 3518 1624">
    <p class='ocr_par' dir='ltr' id='par_1_29' title="bbox 1929 1554 3518 1624">
     <span class='ocr_line' id='line_1_29' title="bbox 1929 1554 3518 1624; baseline 0.001 -17"><span class='ocrx_word' id='word_1_220' title='bbox 1929 1555 1964 1607; x_wconf 92' lang='lat' dir='ltr'><strong>ti</strong></span> <span class='ocrx_word' id='word_1_221' title='bbox 2001 1569 2140 1608; x_wconf 85' lang='lat' dir='ltr'><strong>nunc</strong></span> <span class='ocrx_word' id='word_1_222' title='bbox 2167 1565 2361 1624; x_wconf 86' lang='lat' dir='ltr'><strong>etpost</strong></span> <span class='ocrx_word' id='word_1_223' title='bbox 2417 1554 2914 1623; x_wconf 58' lang='lat' dir='ltr'><strong>praescriptionem,</strong></span> <span class='ocrx_word' id='word_1_224' title='bbox 2962 1557 3264 1609; x_wconf 73' lang='lat' dir='ltr'><strong>retractatio</strong></span> <span class='ocrx_word' id='word_1_225' title='bbox 3321 1557 3518 1609; x_wconf 84' lang='lat' dir='ltr'><strong>adver-</strong></span> 
     </span>
    </p>
   </div>
   <div class='ocr_carea' id='block_1_30' title="bbox 1928 1645 3517 1716">
    <p class='ocr_par' dir='ltr' id='par_1_30' title="bbox 1928 1645 3517 1716">
     <span class='ocr_line' id='line_1_30' title="bbox 1928 1645 3517 1716; baseline 0 -18"><span class='ocrx_word' id='word_1_226' title='bbox 1928 1659 2021 1698; x_wconf 91' lang='lat' dir='ltr'><strong>sus</strong></span> <span class='ocrx_word' id='word_1_227' title='bbox 2049 1646 2540 1715; x_wconf 80' lang='lat' dir='ltr'><strong>argumentatimtes</strong></span> <span class='ocrx_word' id='word_1_228' title='bbox 2578 1645 2929 1699; x_wconf 78' lang='lat' dir='ltr'><strong>cohaerentes.</strong></span> <span class='ocrx_word' id='word_1_229' title='bbox 2978 1645 3123 1699; x_wconf 81' lang='lat' dir='ltr'><strong>Nacti</strong></span> <span class='ocrx_word' id='word_1_230' title='bbox 3146 1647 3286 1700; x_wconf 92' lang='lat' dir='ltr'><strong>enim</strong></span> <span class='ocrx_word' id='word_1_231' title='bbox 3332 1645 3517 1716; x_wconf 82' lang='lat' dir='ltr'><strong>Scrip-</strong></span> 
     </span>
    </p>
   </div>
   <div class='ocr_carea' id='block_1_31' title="bbox 1931 1738 3514 1808">
    <p class='ocr_par' dir='ltr' id='par_1_31' title="bbox 1931 1738 3514 1808">
     <span class='ocr_line' id='line_1_31' title="bbox 1931 1738 3514 1808; baseline 0.004 -21"><span class='ocrx_word' id='word_1_232' title='bbox 1931 1747 2061 1790; x_wconf 72' lang='lat' dir='ltr'><strong>tura:</strong></span> <span class='ocrx_word' id='word_1_233' title='bbox 2083 1747 2308 1804; x_wconf 81' lang='lat' dir='ltr'><strong>textum,</strong></span> <span class='ocrx_word' id='word_1_234' title='bbox 2331 1739 2396 1790; x_wconf 89' lang='lat' dir='ltr'><strong>ita</strong></span> <span class='ocrx_word' id='word_1_235' title='bbox 2429 1738 2477 1790; x_wconf 93' lang='lat' dir='ltr'><strong>in</strong></span> <span class='ocrx_word' id='word_1_236' title='bbox 2512 1739 2735 1804; x_wconf 81' lang='lat' dir='ltr'><strong>legendo</strong></span> <span class='ocrx_word' id='word_1_237' title='bbox 2762 1738 3182 1793; x_wconf 81' lang='lat' dir='ltr'><strong>decucurrermit</strong></span> <span class='ocrx_word' id='word_1_238' title='bbox 3209 1757 3222 1792; x_wconf 87' lang='lat'><strong>:</strong></span> <span class='ocrx_word' id='word_1_239' title='bbox 3259 1739 3398 1808; x_wconf 82' lang='lat' dir='ltr'><strong>Quos</strong></span> <span class='ocrx_word' id='word_1_240' title='bbox 3417 1757 3514 1793; x_wconf 91' lang='lat' dir='ltr'><strong>au-</strong></span> 
     </span>
    </p>
   </div>
   <div class='ocr_carea' id='block_1_32' title="bbox 1937 1830 3518 1901">
    <p class='ocr_par' dir='ltr' id='par_1_32' title="bbox 1937 1830 3518 1901">
     <span class='ocr_line' id='line_1_32' title="bbox 1937 1830 3518 1901; baseline 0.003 -18"><span class='ocrx_word' id='word_1_241' title='bbox 1937 1842 2033 1884; x_wconf 89' lang='lat' dir='ltr'><strong>tem</strong></span> <span class='ocrx_word' id='word_1_242' title='bbox 2061 1831 2300 1901; x_wconf 86' lang='lat' dir='ltr'><strong>dignatus</strong></span> <span class='ocrx_word' id='word_1_243' title='bbox 2328 1841 2396 1884; x_wconf 87' lang='lat' dir='ltr'><strong>est</strong></span> <span class='ocrx_word' id='word_1_244' title='bbox 2431 1830 2588 1896; x_wconf 86' lang='lat' dir='ltr'><strong>Deus,</strong></span> <span class='ocrx_word' id='word_1_245' title='bbox 2630 1832 2766 1885; x_wconf 83' lang='lat' dir='ltr'><strong>illius</strong></span> <span class='ocrx_word' id='word_1_246' title='bbox 2783 1833 2875 1884; x_wconf 72' lang='lat' dir='ltr'><strong>a&#39;vi</strong></span> <span class='ocrx_word' id='word_1_247' title='bbox 2899 1872 2914 1896; x_wconf 95' lang='lat'><strong>,</strong></span> <span class='ocrx_word' id='word_1_248' title='bbox 2965 1832 3103 1886; x_wconf 84' lang='lat' dir='ltr'><strong>illius</strong></span> <span class='ocrx_word' id='word_1_249' title='bbox 3142 1833 3234 1888; x_wconf 74' lang='grc' dir='ltr'><strong>αΞυὶ</strong></span> <span class='ocrx_word' id='word_1_250' title='bbox 3289 1833 3395 1888; x_wconf 87' lang='lat' dir='ltr'><strong>Deo</strong></span> <span class='ocrx_word' id='word_1_251' title='bbox 3425 1832 3518 1887; x_wconf 85' lang='lat' dir='ltr'><strong>ad-</strong></span> 
     </span>
    </p>
   </div>
   <div class='ocr_carea' id='block_1_33' title="bbox 227 1923 3516 1993">
    <p class='ocr_par' dir='ltr' id='par_1_33' title="bbox 227 1923 3516 1993">
     <span class='ocr_line' id='line_1_33' title="bbox 227 1923 3516 1993; baseline 0.002 -18"><span class='ocrx_word' id='word_1_252' title='bbox 227 1924 305 1978; x_wconf 88' lang='lat' dir='ltr'><strong>ria</strong></span> <span class='ocrx_word' id='word_1_253' title='bbox 331 1939 617 1993; x_wconf 77' lang='lat' dir='ltr'><strong>expressus</strong></span> <span class='ocrx_word' id='word_1_254' title='bbox 647 1935 748 1980; x_wconf 80' lang='lat' dir='ltr'><strong>cst.</strong></span> <span class='ocrx_word' id='word_1_255' title='bbox 784 1925 1000 1992; x_wconf 69' lang='lat' dir='ltr'><strong>Quaerat</strong></span> <span class='ocrx_word' id='word_1_256' title='bbox 1039 1927 1140 1981; x_wconf 85' lang='lat' dir='ltr'><strong>sibi</strong></span> <span class='ocrx_word' id='word_1_257' title='bbox 1199 1938 1467 1982; x_wconf 74' lang='lat' dir='ltr'><strong>monetam</strong></span> <span class='ocrx_word' id='word_1_258' title='bbox 1515 1929 1649 1984; x_wconf 80' lang='lat' dir='ltr'><strong>deus</strong></span> <span class='ocrx_word' id='word_1_259' title='bbox 1687 1930 1823 1984; x_wconf 70' lang='lat' dir='ltr'><strong>Mar-</strong></span> <span class='ocrx_word' id='word_1_260' title='bbox 1855 1927 1904 1988; x_wconf 85' lang='lat' dir='ltr'><strong>B</strong></span> <span class='ocrx_word' id='word_1_261' title='bbox 1929 1923 2160 1992; x_wconf 86' lang='lat' dir='ltr'><strong>jungunt</strong></span> <span class='ocrx_word' id='word_1_262' title='bbox 2187 1964 2201 1986; x_wconf 92' lang='lat'><strong>,</strong></span> <span class='ocrx_word' id='word_1_263' title='bbox 2234 1937 2340 1992; x_wconf 85' lang='lat' dir='ltr'><strong>quo</strong></span> <span class='ocrx_word' id='word_1_264' title='bbox 2367 1923 2529 1976; x_wconf 88' lang='lat' dir='ltr'><strong>alium</strong></span> <span class='ocrx_word' id='word_1_265' title='bbox 2558 1924 2723 1978; x_wconf 87' lang='lat' dir='ltr'><strong>Deum</strong></span> <span class='ocrx_word' id='word_1_266' title='bbox 2776 1923 2971 1978; x_wconf 75' lang='lat' dir='ltr'><strong>iaciant</strong></span> <span class='ocrx_word' id='word_1_267' title='bbox 2999 1924 3139 1980; x_wconf 89' lang='lat' dir='ltr'><strong>illius</strong></span> <span class='ocrx_word' id='word_1_268' title='bbox 3203 1925 3337 1990; x_wconf 63' lang='lat' dir='ltr'><strong>aevi;</strong></span> <span class='ocrx_word' id='word_1_269' title='bbox 3392 1940 3516 1980; x_wconf 90' lang='lat' dir='ltr'><strong>cunt</strong></span> 
     </span>
    </p>
   </div>
   <div class='ocr_carea' id='block_1_34' title="bbox 228 2017 1824 2092">
    <p class='ocr_par' dir='ltr' id='par_1_34' title="bbox 228 2017 1824 2092">
     <span class='ocr_line' id='line_1_34' title="bbox 228 2017 1824 2092; baseline 0.005 -23"><span class='ocrx_word' id='word_1_270' title='bbox 228 2017 422 2070; x_wconf 91' lang='lat' dir='ltr'><strong>cionis.</strong></span> <span class='ocrx_word' id='word_1_271' title='bbox 456 2017 700 2072; x_wconf 86' lang='lat' dir='ltr'><strong>Christus</strong></span> <span class='ocrx_word' id='word_1_272' title='bbox 731 2017 1008 2072; x_wconf 86' lang='lat' dir='ltr'><strong>denarium</strong></span> <span class='ocrx_word' id='word_1_273' title='bbox 1062 2018 1297 2075; x_wconf 87' lang='lat' dir='ltr'><strong>hominis</strong></span> <span class='ocrx_word' id='word_1_274' title='bbox 1327 2036 1424 2075; x_wconf 91' lang='lat' dir='ltr'><strong>suo</strong></span> <span class='ocrx_word' id='word_1_275' title='bbox 1451 2021 1646 2078; x_wconf 72' lang='lat' dir='ltr'><strong>Ctesari</strong></span> <span class='ocrx_word' id='word_1_276' title='bbox 1672 2023 1824 2092; x_wconf 89' lang='lat' dir='ltr'><strong>jubet</strong></span> 
     </span>
    </p>
   </div>
   <div class='ocr_carea' id='block_1_35' title="bbox 229 2109 1823 2188">
    <p class='ocr_par' dir='ltr' id='par_1_35' title="bbox 229 2109 1823 2188">
     <span class='ocr_line' id='line_1_35' title="bbox 229 2109 1823 2188; baseline 0.006 -25"><span class='ocrx_word' id='word_1_277' title='bbox 229 2109 413 2172; x_wconf 86' lang='lat' dir='ltr'><strong>reddi,</strong></span> <span class='ocrx_word' id='word_1_278' title='bbox 469 2125 574 2164; x_wconf 92' lang='lat' dir='ltr'><strong>non</strong></span> <span class='ocrx_word' id='word_1_279' title='bbox 621 2110 838 2177; x_wconf 82' lang='lat' dir='ltr'><strong>alieno;</strong></span> <span class='ocrx_word' id='word_1_280' title='bbox 892 2109 970 2184; x_wconf 84' lang='grc' dir='ltr'><strong>(ιι)</strong></span> <span class='ocrx_word' id='word_1_281' title='bbox 1023 2113 1121 2167; x_wconf 85' lang='lat' dir='ltr'><strong>nisi</strong></span> <span class='ocrx_word' id='word_1_282' title='bbox 1163 2115 1305 2184; x_wconf 91' lang='lat' dir='ltr'><strong>quod</strong></span> <span class='ocrx_word' id='word_1_283' title='bbox 1355 2130 1577 2171; x_wconf 72' lang='lat' dir='ltr'><strong>necesse</strong></span> <span class='ocrx_word' id='word_1_284' title='bbox 1621 2117 1823 2188; x_wconf 88' lang='lat' dir='ltr'><strong>estqui</strong></span> 
     </span>
    </p>
   </div>
   <div class='ocr_carea' id='block_1_36' title="bbox 228 2201 1822 2278">
    <p class='ocr_par' dir='ltr' id='par_1_36' title="bbox 228 2201 1822 2278">
     <span class='ocr_line' id='line_1_36' title="bbox 228 2201 1822 2278; baseline 0.006 -26"><span class='ocrx_word' id='word_1_285' title='bbox 228 2214 384 2254; x_wconf 89' lang='lat' dir='ltr'><strong>suum</strong></span> <span class='ocrx_word' id='word_1_286' title='bbox 437 2201 714 2257; x_wconf 87' lang='lat' dir='ltr'><strong>denarium</strong></span> <span class='ocrx_word' id='word_1_287' title='bbox 786 2218 890 2257; x_wconf 89' lang='lat' dir='ltr'><strong>non</strong></span> <span class='ocrx_word' id='word_1_288' title='bbox 943 2203 1122 2260; x_wconf 85' lang='lat' dir='ltr'><strong>habet.</strong></span> <span class='ocrx_word' id='word_1_289' title='bbox 1181 2205 1330 2262; x_wconf 87' lang='lat' dir='ltr'><strong>Justa</strong></span> <span class='ocrx_word' id='word_1_290' title='bbox 1376 2215 1432 2262; x_wconf 90' lang='lat' dir='ltr'><strong>ct</strong></span> <span class='ocrx_word' id='word_1_291' title='bbox 1478 2207 1632 2278; x_wconf 87' lang='lat' dir='ltr'><strong>digna</strong></span> <span class='ocrx_word' id='word_1_292' title='bbox 1687 2224 1822 2276; x_wconf 77' lang='lat' dir='ltr'><strong>pra:-</strong></span> 
     </span>
    </p>
   </div>
   <div class='ocr_carea' id='block_1_37' title="bbox 229 2292 1824 2369">
    <p class='ocr_par' dir='ltr' id='par_1_37' title="bbox 229 2292 1824 2369">
     <span class='ocr_line' id='line_1_37' title="bbox 229 2292 1824 2369; baseline 0.007 -25"><span class='ocrx_word' id='word_1_293' title='bbox 229 2292 456 2361; x_wconf 90' lang='lat' dir='ltr'><strong>scriptio</strong></span> <span class='ocrx_word' id='word_1_294' title='bbox 485 2303 568 2348; x_wconf 93' lang='lat' dir='ltr'><strong>cst</strong></span> <span class='ocrx_word' id='word_1_295' title='bbox 606 2294 830 2350; x_wconf 86' lang='lat' dir='ltr'><strong>inomni</strong></span> <span class='ocrx_word' id='word_1_296' title='bbox 871 2298 1165 2366; x_wconf 58' lang='lat' dir='ltr'><strong>quaestione</strong></span> <span class='ocrx_word' id='word_1_297' title='bbox 1191 2298 1255 2352; x_wconf 89' lang='lat' dir='ltr'><strong>ad</strong></span> <span class='ocrx_word' id='word_1_298' title='bbox 1286 2300 1616 2369; x_wconf 85' lang='lat' dir='ltr'><strong>propositum</strong></span> <span class='ocrx_word' id='word_1_299' title='bbox 1659 2300 1824 2355; x_wconf 82' lang='lat' dir='ltr'><strong>inter-</strong></span> 
     </span>
    </p>
   </div>
   <div class='ocr_carea' id='block_1_38' title="bbox 230 2387 1819 2464">
    <p class='ocr_par' dir='ltr' id='par_1_38' title="bbox 230 2387 1819 2464">
     <span class='ocr_line' id='line_1_38' title="bbox 230 2387 1819 2464; baseline 0.007 -26"><span class='ocrx_word' id='word_1_300' title='bbox 230 2387 526 2455; x_wconf 81' lang='lat' dir='ltr'><strong>rogationis</strong></span> <span class='ocrx_word' id='word_1_301' title='bbox 577 2393 844 2458; x_wconf 82' lang='lat' dir='ltr'><strong>pertinere</strong></span> <span class='ocrx_word' id='word_1_302' title='bbox 913 2390 1112 2446; x_wconf 88' lang='lat' dir='ltr'><strong>debere</strong></span> <span class='ocrx_word' id='word_1_303' title='bbox 1167 2406 1382 2446; x_wconf 89' lang='lat' dir='ltr'><strong>sensum</strong></span> <span class='ocrx_word' id='word_1_304' title='bbox 1430 2394 1819 2464; x_wconf 88' lang='lat' dir='ltr'><strong>responsionis.</strong></span> 
     </span>
    </p>
   </div>
   <div class='ocr_carea' id='block_1_39' title="bbox 227 2473 1825 2554">
    <p class='ocr_par' dir='ltr' id='par_1_39' title="bbox 227 2473 1825 2554">
     <span class='ocr_line' id='line_1_39' title="bbox 227 2473 1825 2554; baseline 0.006 -24"><span class='ocrx_word' id='word_1_305' title='bbox 227 2473 522 2544; x_wconf 63' lang='lat' dir='ltr'><strong>Caeterum,</strong></span> <span class='ocrx_word' id='word_1_306' title='bbox 553 2480 696 2535; x_wconf 85' lang='lat' dir='ltr'><strong>aliud</strong></span> <span class='ocrx_word' id='word_1_307' title='bbox 718 2481 1040 2548; x_wconf 90' lang='lat' dir='ltr'><strong>consulenti,</strong></span> <span class='ocrx_word' id='word_1_308' title='bbox 1071 2483 1214 2538; x_wconf 84' lang='lat' dir='ltr'><strong>aliud</strong></span> <span class='ocrx_word' id='word_1_309' title='bbox 1246 2485 1575 2554; x_wconf 78' lang='lat' dir='ltr'><strong>rCSpondere</strong></span> <span class='ocrx_word' id='word_1_310' title='bbox 1606 2487 1825 2541; x_wconf 85' lang='lat' dir='ltr'><strong>demen-</strong></span> 
     </span>
    </p>
   </div>
   <div class='ocr_carea' id='block_1_40' title="bbox 232 2568 1825 2648">
    <p class='ocr_par' dir='ltr' id='par_1_40' title="bbox 232 2568 1825 2648">
     <span class='ocr_line' id='line_1_40' title="bbox 232 2568 1825 2648; baseline 0.008 -27"><span class='ocrx_word' id='word_1_311' title='bbox 232 2568 298 2621; x_wconf 85' lang='lat' dir='ltr'><strong>tis</strong></span> <span class='ocrx_word' id='word_1_312' title='bbox 335 2579 440 2624; x_wconf 92' lang='lat' dir='ltr'><strong>est.</strong></span> <span class='ocrx_word' id='word_1_313' title='bbox 486 2570 604 2638; x_wconf 87' lang='lat' dir='ltr'><strong>Quo</strong></span> <span class='ocrx_word' id='word_1_314' title='bbox 641 2575 808 2644; x_wconf 90' lang='lat' dir='ltr'><strong>magis</strong></span> <span class='ocrx_word' id='word_1_315' title='bbox 861 2575 1002 2628; x_wconf 91' lang='lat' dir='ltr'><strong>absit</strong></span> <span class='ocrx_word' id='word_1_316' title='bbox 1041 2590 1072 2628; x_wconf 87' lang='lat' dir='ltr'><strong>a</strong></span> <span class='ocrx_word' id='word_1_317' title='bbox 1115 2574 1370 2642; x_wconf 85' lang='lat' dir='ltr'><strong>Christo,</strong></span> <span class='ocrx_word' id='word_1_318' title='bbox 1431 2577 1572 2648; x_wconf 92' lang='lat' dir='ltr'><strong>quod</strong></span> <span class='ocrx_word' id='word_1_319' title='bbox 1616 2593 1682 2634; x_wconf 92' lang='lat' dir='ltr'><strong>ne</strong></span> <span class='ocrx_word' id='word_1_320' title='bbox 1729 2581 1825 2634; x_wconf 88' lang='lat' dir='ltr'><strong>ho-</strong></span> 
     </span>
    </p>
   </div>
   <div class='ocr_carea' id='block_1_41' title="bbox 230 2661 1824 2733">
    <p class='ocr_par' dir='ltr' id='par_1_41' title="bbox 230 2661 1824 2733">
     <span class='ocr_line' id='line_1_41' title="bbox 230 2661 1824 2733; baseline 0.008 -19"><span class='ocrx_word' id='word_1_321' title='bbox 230 2661 362 2716; x_wconf 89' lang='lat' dir='ltr'><strong>mini</strong></span> <span class='ocrx_word' id='word_1_322' title='bbox 437 2664 650 2733; x_wconf 88' lang='lat' dir='ltr'><strong>quidem</strong></span> <span class='ocrx_word' id='word_1_323' title='bbox 744 2667 1018 2722; x_wconf 82' lang='lat' dir='ltr'><strong>convenit.</strong></span> <span class='ocrx_word' id='word_1_324' title='bbox 1101 2667 1380 2723; x_wconf 61' lang='lat' dir='ltr'><strong>Sadduczi</strong></span> <span class='ocrx_word' id='word_1_325' title='bbox 1448 2673 1824 2727; x_wconf 73' lang='lat' dir='ltr'><strong>resurrectionis</strong></span> 
     </span>
    </p>
   </div>
   <div class='ocr_carea' id='block_1_42' title="bbox 231 2755 1822 2835">
    <p class='ocr_par' dir='ltr' id='par_1_42' title="bbox 231 2755 1822 2835">
     <span class='ocr_line' id='line_1_42' title="bbox 231 2755 1822 2835; baseline 0.009 -30"><span class='ocrx_word' id='word_1_326' title='bbox 231 2763 534 2824; x_wconf 79' lang='lat' dir='ltr'><strong>negatores,</strong></span> <span class='ocrx_word' id='word_1_327' title='bbox 579 2755 649 2811; x_wconf 89' lang='lat' dir='ltr'><strong>de</strong></span> <span class='ocrx_word' id='word_1_328' title='bbox 706 2773 767 2812; x_wconf 88' lang='lat' dir='ltr'><strong>ea</strong></span> <span class='ocrx_word' id='word_1_329' title='bbox 828 2759 1086 2814; x_wconf 90' lang='lat' dir='ltr'><strong>habentes</strong></span> <span class='ocrx_word' id='word_1_330' title='bbox 1135 2759 1647 2832; x_wconf 85' lang='lat' dir='ltr'><strong>interrogationem,</strong></span> <span class='ocrx_word' id='word_1_331' title='bbox 1698 2781 1822 2835; x_wconf 87' lang='lat' dir='ltr'><strong>pro-</strong></span> 
     </span>
    </p>
   </div>
   <div class='ocr_carea' id='block_1_43' title="bbox 235 2849 1825 2930">
    <p class='ocr_par' dir='ltr' id='par_1_43' title="bbox 235 2849 1825 2930">
     <span class='ocr_line' id='line_1_43' title="bbox 235 2849 1825 2930; baseline 0.011 -34"><span class='ocrx_word' id='word_1_332' title='bbox 235 2857 529 2914; x_wconf 83' lang='lat' dir='ltr'><strong>posuerant</strong></span> <span class='ocrx_word' id='word_1_333' title='bbox 581 2849 810 2906; x_wconf 88' lang='lat' dir='ltr'><strong>Domino</strong></span> <span class='ocrx_word' id='word_1_334' title='bbox 857 2869 920 2907; x_wconf 80' lang='lat' dir='ltr'><strong>cx</strong></span> <span class='ocrx_word' id='word_1_335' title='bbox 950 2852 1066 2924; x_wconf 90' lang='lat' dir='ltr'><strong>lege</strong></span> <span class='ocrx_word' id='word_1_336' title='bbox 1093 2859 1370 2912; x_wconf 85' lang='lat' dir='ltr'><strong>materiam</strong></span> <span class='ocrx_word' id='word_1_337' title='bbox 1400 2857 1641 2912; x_wconf 76' lang='lat' dir='ltr'><strong>mulieris</strong></span> <span class='ocrx_word' id='word_1_338' title='bbox 1662 2901 1676 2925; x_wconf 92' lang='lat'><strong>,</strong></span> <span class='ocrx_word' id='word_1_339' title='bbox 1706 2875 1825 2930; x_wconf 69' lang='lat' dir='ltr'><strong>qua:</strong></span> 
     </span>
    </p>
   </div>
   <div class='ocr_carea' id='block_1_44' title="bbox 242 2939 1826 3022">
    <p class='ocr_par' dir='ltr' id='par_1_44' title="bbox 242 2939 1826 3022">
     <span class='ocr_line' id='line_1_44' title="bbox 242 2939 1826 3022; baseline 0.012 -30"><span class='ocrx_word' id='word_1_340' title='bbox 242 2950 454 3010; x_wconf 83' lang='lat' dir='ltr'><strong>septem</strong></span> <span class='ocrx_word' id='word_1_341' title='bbox 477 2939 734 2999; x_wconf 83' lang='lat' dir='ltr'><strong>fratribus</strong></span> <span class='ocrx_word' id='word_1_342' title='bbox 755 2960 819 2999; x_wconf 78' lang='lat' dir='ltr'><strong>ex</strong></span> <span class='ocrx_word' id='word_1_343' title='bbox 845 2945 1032 3002; x_wconf 91' lang='lat' dir='ltr'><strong>ordine</strong></span> <span class='ocrx_word' id='word_1_344' title='bbox 1053 2947 1319 3005; x_wconf 76' lang='lat' dir='ltr'><strong>defunctis</strong></span> <span class='ocrx_word' id='word_1_345' title='bbox 1369 2951 1660 3006; x_wconf 90' lang='lat' dir='ltr'><strong>secundum</strong></span> <span class='ocrx_word' id='word_1_346' title='bbox 1693 2970 1826 3022; x_wconf 68' lang='lat' dir='ltr'><strong>pra:-</strong></span> 
     </span>
    </p>
   </div>
   <div class='ocr_carea' id='block_1_45' title="bbox 230 3034 1824 3112">
    <p class='ocr_par' dir='ltr' id='par_1_45' title="bbox 230 3034 1824 3112">
     <span class='ocr_line' id='line_1_45' title="bbox 230 3034 1824 3112; baseline 0.009 -26"><span class='ocrx_word' id='word_1_347' title='bbox 230 3043 449 3103; x_wconf 83' lang='lat' dir='ltr'><strong>ceptum</strong></span> <span class='ocrx_word' id='word_1_348' title='bbox 480 3034 650 3106; x_wconf 89' lang='lat' dir='ltr'><strong>legale</strong></span> <span class='ocrx_word' id='word_1_349' title='bbox 678 3039 952 3105; x_wconf 89' lang='lat' dir='ltr'><strong>nupsisset</strong></span> <span class='ocrx_word' id='word_1_350' title='bbox 983 3081 998 3106; x_wconf 88' lang='lat'><strong>,</strong></span> <span class='ocrx_word' id='word_1_351' title='bbox 1031 3044 1186 3109; x_wconf 85' lang='lat' dir='ltr'><strong>cujus</strong></span> <span class='ocrx_word' id='word_1_352' title='bbox 1216 3043 1315 3095; x_wconf 92' lang='lat' dir='ltr'><strong>viri</strong></span> <span class='ocrx_word' id='word_1_353' title='bbox 1347 3043 1651 3112; x_wconf 80' lang='lat' dir='ltr'><strong>deputanda</strong></span> <span class='ocrx_word' id='word_1_354' title='bbox 1679 3056 1824 3102; x_wconf 84' lang='lat' dir='ltr'><strong>esset</strong></span> 
     </span>
    </p>
   </div>
   <div class='ocr_carea' id='block_1_46' title="bbox 231 3127 1824 3205">
    <p class='ocr_par' dir='ltr' id='par_1_46' title="bbox 231 3127 1824 3205">
     <span class='ocr_line' id='line_1_46' title="bbox 231 3127 1824 3205; baseline 0.008 -25"><span class='ocrx_word' id='word_1_355' title='bbox 231 3127 284 3180; x_wconf 93' lang='lat' dir='ltr'><strong>in</strong></span> <span class='ocrx_word' id='word_1_356' title='bbox 315 3129 738 3185; x_wconf 87' lang='lat' dir='ltr'><strong>resurrectione.</strong></span> <span class='ocrx_word' id='word_1_357' title='bbox 771 3131 898 3186; x_wconf 69' lang='lat' dir='ltr'><strong>Haec</strong></span> <span class='ocrx_word' id='word_1_358' title='bbox 927 3131 1024 3186; x_wconf 79' lang='lat' dir='ltr'><strong>fuit</strong></span> <span class='ocrx_word' id='word_1_359' title='bbox 1056 3135 1276 3189; x_wconf 83' lang='lat' dir='ltr'><strong>materia</strong></span> <span class='ocrx_word' id='word_1_360' title='bbox 1319 3137 1653 3205; x_wconf 67' lang='lat' dir='ltr'><strong>quaestionis,</strong></span> <span class='ocrx_word' id='word_1_361' title='bbox 1711 3139 1824 3194; x_wconf 67' lang='lat' dir='ltr'><strong>hinc</strong></span> 
     </span>
    </p>
   </div>
   <div class='ocr_carea' id='block_1_47' title="bbox 228 3221 1825 3300">
    <p class='ocr_par' dir='ltr' id='par_1_47' title="bbox 228 3221 1825 3300">
     <span class='ocr_line' id='line_1_47' title="bbox 228 3221 1825 3300; baseline 0.008 -24"><span class='ocrx_word' id='word_1_362' title='bbox 228 3221 529 3278; x_wconf 84' lang='lat' dir='ltr'><strong>substantia</strong></span> <span class='ocrx_word' id='word_1_363' title='bbox 558 3225 990 3282; x_wconf 87' lang='lat' dir='ltr'><strong>consultationis.</strong></span> <span class='ocrx_word' id='word_1_364' title='bbox 1026 3227 1102 3282; x_wconf 69' lang='lat' dir='ltr'><strong>Ad</strong></span> <span class='ocrx_word' id='word_1_365' title='bbox 1132 3227 1236 3283; x_wconf 91' lang='lat' dir='ltr'><strong>hoc</strong></span> <span class='ocrx_word' id='word_1_366' title='bbox 1261 3231 1610 3300; x_wconf 76' lang='lat' dir='ltr'><strong>respondisse</strong></span> <span class='ocrx_word' id='word_1_367' title='bbox 1641 3230 1825 3288; x_wconf 88' lang='lat' dir='ltr'><strong>Chris-</strong></span> 
     </span>
    </p>
   </div>
   <div class='ocr_carea' id='block_1_48' title="bbox 1932 2016 3519 2088">
    <p class='ocr_par' dir='ltr' id='par_1_48' title="bbox 1932 2016 3519 2088">
     <span class='ocr_line' id='line_1_48' title="bbox 1932 2016 3519 2088; baseline 0.001 -16"><span class='ocrx_word' id='word_1_368' title='bbox 1932 2017 2009 2072; x_wconf 83' lang='lat' dir='ltr'><strong>sic</strong></span> <span class='ocrx_word' id='word_1_369' title='bbox 2035 2016 2134 2088; x_wconf 83' lang='lat' dir='ltr'><strong>legi</strong></span> <span class='ocrx_word' id='word_1_370' title='bbox 2163 2025 2405 2087; x_wconf 82' lang='lat' dir='ltr'><strong>oporteat</strong></span> <span class='ocrx_word' id='word_1_371' title='bbox 2447 2034 2458 2068; x_wconf 74' lang='grc' dir='ltr'>ε</span> <span class='ocrx_word' id='word_1_372' title='bbox 2497 2016 2637 2082; x_wconf 83' lang='lat' dir='ltr'><strong>Quos</strong></span> <span class='ocrx_word' id='word_1_373' title='bbox 2668 2027 2832 2070; x_wconf 87' lang='lat' dir='ltr'><strong>autem</strong></span> <span class='ocrx_word' id='word_1_374' title='bbox 2882 2017 3116 2088; x_wconf 85' lang='lat' dir='ltr'><strong>dignatus</strong></span> <span class='ocrx_word' id='word_1_375' title='bbox 3148 2028 3216 2072; x_wconf 88' lang='lat' dir='ltr'><strong>est</strong></span> <span class='ocrx_word' id='word_1_376' title='bbox 3267 2016 3426 2083; x_wconf 90' lang='lat' dir='ltr'><strong>Deus,</strong></span> <span class='ocrx_word' id='word_1_377' title='bbox 3461 2028 3519 2074; x_wconf 82' lang='grc' dir='ltr'><strong>ιιι</strong></span> 
     </span>
    </p>
   </div>
   <div class='ocr_carea' id='block_1_49' title="bbox 1930 2109 3518 2181">
    <p class='ocr_par' dir='ltr' id='par_1_49' title="bbox 1930 2109 3518 2181">
     <span class='ocr_line' id='line_1_49' title="bbox 1930 2109 3518 2181; baseline 0.001 -18"><span class='ocrx_word' id='word_1_378' title='bbox 1930 2109 2064 2164; x_wconf 77' lang='lat' dir='ltr'><strong>facta</strong></span> <span class='ocrx_word' id='word_1_379' title='bbox 2097 2111 2182 2164; x_wconf 91' lang='lat' dir='ltr'><strong>hic</strong></span> <span class='ocrx_word' id='word_1_380' title='bbox 2209 2109 2551 2164; x_wconf 84' lang='lat' dir='ltr'><strong>distinctione</strong></span> <span class='ocrx_word' id='word_1_381' title='bbox 2577 2120 2695 2179; x_wconf 82' lang='lat' dir='ltr'><strong>post</strong></span> <span class='ocrx_word' id='word_1_382' title='bbox 2739 2111 2924 2174; x_wconf 86' lang='lat' dir='ltr'><strong>Deum,</strong></span> <span class='ocrx_word' id='word_1_383' title='bbox 2959 2111 3022 2162; x_wconf 90' lang='lat' dir='ltr'><strong>ad</strong></span> <span class='ocrx_word' id='word_1_384' title='bbox 3047 2111 3323 2180; x_wconf 86' lang='lat' dir='ltr'><strong>sequentia</strong></span> <span class='ocrx_word' id='word_1_385' title='bbox 3354 2111 3518 2181; x_wconf 85' lang='lat' dir='ltr'><strong>perti-</strong></span> 
     </span>
    </p>
   </div>
   <div class='ocr_carea' id='block_1_50' title="bbox 1927 2202 3504 2273">
    <p class='ocr_par' dir='ltr' id='par_1_50' title="bbox 1927 2202 3504 2273">
     <span class='ocr_line' id='line_1_50' title="bbox 1927 2202 3504 2273; baseline 0.001 -16"><span class='ocrx_word' id='word_1_386' title='bbox 1927 2212 2052 2258; x_wconf 89' lang='lat' dir='ltr'><strong>neat</strong></span> <span class='ocrx_word' id='word_1_387' title='bbox 2103 2204 2241 2257; x_wconf 86' lang='lat' dir='ltr'><strong>illius</strong></span> <span class='ocrx_word' id='word_1_388' title='bbox 2262 2205 2354 2257; x_wconf 70' lang='lat' dir='ltr'><strong>reri</strong></span> <span class='ocrx_word' id='word_1_389' title='bbox 2383 2247 2396 2268; x_wconf 83' lang='grc'>,</span> <span class='ocrx_word' id='word_1_390' title='bbox 2427 2202 2478 2256; x_wconf 89' lang='lat' dir='ltr'><strong>id</strong></span> <span class='ocrx_word' id='word_1_391' title='bbox 2504 2213 2607 2269; x_wconf 76' lang='lat' dir='ltr'><strong>est,</strong></span> <span class='ocrx_word' id='word_1_392' title='bbox 2639 2218 2771 2273; x_wconf 89' lang='lat' dir='ltr'><strong>quos</strong></span> <span class='ocrx_word' id='word_1_393' title='bbox 2798 2203 3053 2272; x_wconf 87' lang='lat' dir='ltr'><strong>dignatus</strong></span> <span class='ocrx_word' id='word_1_394' title='bbox 3078 2205 3148 2258; x_wconf 90' lang='lat' dir='ltr'><strong>sit</strong></span> <span class='ocrx_word' id='word_1_395' title='bbox 3174 2204 3332 2268; x_wconf 85' lang='lat' dir='ltr'><strong>Deus,</strong></span> <span class='ocrx_word' id='word_1_396' title='bbox 3361 2205 3504 2259; x_wconf 90' lang='lat' dir='ltr'><strong>illius</strong></span> 
     </span>
    </p>
   </div>
   <div class='ocr_carea' id='block_1_51' title="bbox 1928 2296 3512 2367">
    <p class='ocr_par' dir='ltr' id='par_1_51' title="bbox 1928 2296 3512 2367">
     <span class='ocr_line' id='line_1_51' title="bbox 1928 2296 3512 2367; baseline 0.002 -17"><span class='ocrx_word' id='word_1_397' title='bbox 1928 2298 2024 2350; x_wconf 63' lang='lat' dir='ltr'><strong>arvi</strong></span> <span class='ocrx_word' id='word_1_398' title='bbox 2067 2297 2403 2367; x_wconf 62' lang='lat' dir='ltr'><strong>possessione</strong></span> <span class='ocrx_word' id='word_1_399' title='bbox 2427 2307 2480 2351; x_wconf 88' lang='lat' dir='ltr'><strong>et</strong></span> <span class='ocrx_word' id='word_1_400' title='bbox 2507 2297 2923 2351; x_wconf 73' lang='lat' dir='ltr'><strong>resurrectitme.</strong></span> <span class='ocrx_word' id='word_1_401' title='bbox 2950 2296 3066 2350; x_wconf 85' lang='lat' dir='ltr'><strong>Non</strong></span> <span class='ocrx_word' id='word_1_402' title='bbox 3111 2299 3251 2352; x_wconf 91' lang='lat' dir='ltr'><strong>enim</strong></span> <span class='ocrx_word' id='word_1_403' title='bbox 3281 2297 3349 2352; x_wconf 92' lang='lat' dir='ltr'><strong>de</strong></span> <span class='ocrx_word' id='word_1_404' title='bbox 3384 2298 3512 2363; x_wconf 88' lang='lat' dir='ltr'><strong>Deo,</strong></span> 
     </span>
    </p>
   </div>
   <div class='ocr_carea' id='block_1_52' title="bbox 1929 2388 3514 2458">
    <p class='ocr_par' dir='ltr' id='par_1_52' title="bbox 1929 2388 3514 2458">
     <span class='ocr_line' id='line_1_52' title="bbox 1929 2388 3514 2458; baseline 0.001 -16"><span class='ocrx_word' id='word_1_405' title='bbox 1929 2390 2022 2444; x_wconf 90' lang='lat' dir='ltr'><strong>sed</strong></span> <span class='ocrx_word' id='word_1_406' title='bbox 2076 2391 2142 2444; x_wconf 86' lang='lat' dir='ltr'><strong>de</strong></span> <span class='ocrx_word' id='word_1_407' title='bbox 2189 2399 2329 2443; x_wconf 87' lang='lat' dir='ltr'><strong>statu</strong></span> <span class='ocrx_word' id='word_1_408' title='bbox 2383 2390 2526 2442; x_wconf 83' lang='lat' dir='ltr'><strong>illius</strong></span> <span class='ocrx_word' id='word_1_409' title='bbox 2576 2388 2676 2444; x_wconf 75' lang='lat' dir='ltr'><strong>tnvi</strong></span> <span class='ocrx_word' id='word_1_410' title='bbox 2711 2390 3124 2452; x_wconf 88' lang='lat' dir='ltr'><strong>consulebatur,</strong></span> <span class='ocrx_word' id='word_1_411' title='bbox 3179 2389 3331 2458; x_wconf 86' lang='lat' dir='ltr'><strong>cujus</strong></span> <span class='ocrx_word' id='word_1_412' title='bbox 3379 2405 3514 2444; x_wconf 79' lang='lat' dir='ltr'><strong>uxor</strong></span> 
     </span>
    </p>
   </div>
   <div class='ocr_carea' id='block_1_53' title="bbox 1931 2480 3515 2550">
    <p class='ocr_par' dir='ltr' id='par_1_53' title="bbox 1931 2480 3515 2550">
     <span class='ocr_line' id='line_1_53' title="bbox 1931 2480 3515 2550; baseline 0.001 -16"><span class='ocrx_word' id='word_1_413' title='bbox 1931 2485 2103 2535; x_wconf 88' lang='lat' dir='ltr'><strong>l&#39;utura</strong></span> <span class='ocrx_word' id='word_1_414' title='bbox 2130 2493 2272 2537; x_wconf 64' lang='lat' dir='ltr'><strong>esset</strong></span> <span class='ocrx_word' id='word_1_415' title='bbox 2296 2492 2414 2550; x_wconf 89' lang='lat' dir='ltr'><strong>post</strong></span> <span class='ocrx_word' id='word_1_416' title='bbox 2449 2481 2896 2536; x_wconf 88' lang='lat' dir='ltr'><strong>resurrectionem</strong></span> <span class='ocrx_word' id='word_1_417' title='bbox 2927 2481 2976 2533; x_wconf 91' lang='lat' dir='ltr'><strong>in</strong></span> <span class='ocrx_word' id='word_1_418' title='bbox 3009 2481 3098 2534; x_wconf 91' lang='lat' dir='ltr'><strong>illo</strong></span> <span class='ocrx_word' id='word_1_419' title='bbox 3151 2497 3287 2533; x_wconf 65' lang='lat' dir='ltr'><strong>arvo.</strong></span> <span class='ocrx_word' id='word_1_420' title='bbox 3321 2480 3410 2535; x_wconf 90' lang='lat' dir='ltr'><strong>Sic</strong></span> <span class='ocrx_word' id='word_1_421' title='bbox 3457 2489 3515 2536; x_wconf 88' lang='lat' dir='ltr'><strong>ct</strong></span> 
     </span>
    </p>
   </div>
   <div class='ocr_carea' id='block_1_54' title="bbox 1931 2570 3516 2644">
    <p class='ocr_par' dir='ltr' id='par_1_54' title="bbox 1931 2570 3516 2644">
     <span class='ocr_line' id='line_1_54' title="bbox 1931 2570 3516 2644; baseline 0.001 -17"><span class='ocrx_word' id='word_1_422' title='bbox 1931 2573 1998 2627; x_wconf 91' lang='lat' dir='ltr'><strong>de</strong></span> <span class='ocrx_word' id='word_1_423' title='bbox 2030 2573 2158 2642; x_wconf 91' lang='lat' dir='ltr'><strong>ipsis</strong></span> <span class='ocrx_word' id='word_1_424' title='bbox 2187 2573 2384 2642; x_wconf 86' lang='lat' dir='ltr'><strong>nuptiis</strong></span> <span class='ocrx_word' id='word_1_425' title='bbox 2413 2589 2728 2644; x_wconf 82' lang='lat' dir='ltr'><strong>responsum</strong></span> <span class='ocrx_word' id='word_1_426' title='bbox 2761 2572 3074 2626; x_wconf 87' lang='lat' dir='ltr'><strong>subvertunt</strong></span> <span class='ocrx_word' id='word_1_427' title='bbox 3101 2590 3113 2624; x_wconf 90' lang='lat'>:</span> <span class='ocrx_word' id='word_1_428' title='bbox 3146 2570 3213 2626; x_wconf 92' lang='lat' dir='ltr'><strong>Ut</strong></span> <span class='ocrx_word' id='word_1_429' title='bbox 3239 2573 3333 2640; x_wconf 88' lang='lat' dir='ltr'><strong>lilii</strong></span> <span class='ocrx_word' id='word_1_430' title='bbox 3365 2573 3516 2643; x_wconf 83' lang='lat' dir='ltr'><strong>hujus</strong></span> 
     </span>
    </p>
   </div>
   <div class='ocr_carea' id='block_1_55' title="bbox 1927 2664 3519 2730">
    <p class='ocr_par' dir='ltr' id='par_1_55' title="bbox 1927 2664 3519 2730">
     <span class='ocr_line' id='line_1_55' title="bbox 1927 2664 3519 2730; baseline 0.001 -10"><span class='ocrx_word' id='word_1_431' title='bbox 1927 2666 2019 2720; x_wconf 74' lang='lat' dir='ltr'><strong>(cvi</strong></span> <span class='ocrx_word' id='word_1_432' title='bbox 2070 2664 2261 2718; x_wconf 89' lang='lat' dir='ltr'><strong>nulmnt</strong></span> <span class='ocrx_word' id='word_1_433' title='bbox 2311 2675 2356 2718; x_wconf 89' lang='lat' dir='ltr'><strong>et</strong></span> <span class='ocrx_word' id='word_1_434' title='bbox 2397 2665 2693 2730; x_wconf 84' lang='lat' dir='ltr'><strong>nubuntur,</strong></span> <span class='ocrx_word' id='word_1_435' title='bbox 2723 2669 2790 2719; x_wconf 88' lang='lat' dir='ltr'><strong>de</strong></span> <span class='ocrx_word' id='word_1_436' title='bbox 2843 2664 3145 2719; x_wconf 90' lang='lat' dir='ltr'><strong>hominibus</strong></span> <span class='ocrx_word' id='word_1_437' title='bbox 3191 2664 3388 2719; x_wconf 92' lang='lat' dir='ltr'><strong>dictum</strong></span> <span class='ocrx_word' id='word_1_438' title='bbox 3436 2675 3519 2722; x_wconf 88' lang='lat' dir='ltr'><strong>est</strong></span> 
     </span>
    </p>
   </div>
   <div class='ocr_carea' id='block_1_56' title="bbox 1927 2758 3518 2830">
    <p class='ocr_par' dir='ltr' id='par_1_56' title="bbox 1927 2758 3518 2830">
     <span class='ocr_line' id='line_1_56' title="bbox 1927 2758 3518 2830; baseline 0.001 -17"><span class='ocrx_word' id='word_1_439' title='bbox 1927 2759 2198 2815; x_wconf 89' lang='lat' dir='ltr'><strong>Creatoris</strong></span> <span class='ocrx_word' id='word_1_440' title='bbox 2223 2801 2236 2825; x_wconf 91' lang='lat'><strong>,</strong></span> <span class='ocrx_word' id='word_1_441' title='bbox 2269 2760 2479 2827; x_wconf 87' lang='lat' dir='ltr'><strong>nuptias</strong></span> <span class='ocrx_word' id='word_1_442' title='bbox 2524 2758 2900 2830; x_wconf 87' lang='lat' dir='ltr'><strong>permittentis,</strong></span> <span class='ocrx_word' id='word_1_443' title='bbox 2931 2774 2992 2814; x_wconf 80' lang='lat' dir='ltr'><strong>se</strong></span> <span class='ocrx_word' id='word_1_444' title='bbox 3013 2771 3189 2812; x_wconf 91' lang='lat' dir='ltr'><strong>autem</strong></span> <span class='ocrx_word' id='word_1_445' title='bbox 3219 2775 3352 2830; x_wconf 91' lang='lat' dir='ltr'><strong>quos</strong></span> <span class='ocrx_word' id='word_1_446' title='bbox 3380 2759 3518 2816; x_wconf 89' lang='lat' dir='ltr'><strong>Dcus</strong></span> 
     </span>
    </p>
   </div>
   <div class='ocr_carea' id='block_1_57' title="bbox 1929 2853 3514 2924">
    <p class='ocr_par' dir='ltr' id='par_1_57' title="bbox 1929 2853 3514 2924">
     <span class='ocr_line' id='line_1_57' title="bbox 1929 2853 3514 2924; baseline 0 -13"><span class='ocrx_word' id='word_1_447' title='bbox 1929 2856 2068 2911; x_wconf 86' lang='lat' dir='ltr'><strong>illius</strong></span> <span class='ocrx_word' id='word_1_448' title='bbox 2116 2856 2233 2917; x_wconf 65' lang='lat' dir='ltr'><strong>(cvi,</strong></span> <span class='ocrx_word' id='word_1_449' title='bbox 2268 2856 2406 2908; x_wconf 90' lang='lat' dir='ltr'><strong>alter</strong></span> <span class='ocrx_word' id='word_1_450' title='bbox 2437 2854 2664 2920; x_wconf 86' lang='lat' dir='ltr'><strong>scilicet,</strong></span> <span class='ocrx_word' id='word_1_451' title='bbox 2698 2853 2944 2924; x_wconf 85' lang='lat' dir='ltr'><strong>dignatus</strong></span> <span class='ocrx_word' id='word_1_452' title='bbox 2979 2855 3050 2907; x_wconf 75' lang='lat' dir='ltr'><strong>sit</strong></span> <span class='ocrx_word' id='word_1_453' title='bbox 3100 2856 3514 2921; x_wconf 87' lang='lat' dir='ltr'><strong>resurrectione,</strong></span> 
     </span>
    </p>
   </div>
   <div class='ocr_carea' id='block_1_58' title="bbox 1923 2947 3512 3020">
    <p class='ocr_par' dir='ltr' id='par_1_58' title="bbox 1923 2947 3512 3020">
     <span class='ocr_line' id='line_1_58' title="bbox 1923 2947 3512 3020; baseline -0.001 -16"><span class='ocrx_word' id='word_1_454' title='bbox 1923 2950 2032 3020; x_wconf 90' lang='lat' dir='ltr'><strong>jam</strong></span> <span class='ocrx_word' id='word_1_455' title='bbox 2053 2960 2106 3004; x_wconf 91' lang='lat' dir='ltr'><strong>et</strong></span> <span class='ocrx_word' id='word_1_456' title='bbox 2133 2950 2216 3004; x_wconf 93' lang='lat' dir='ltr'><strong>hic</strong></span> <span class='ocrx_word' id='word_1_457' title='bbox 2239 2964 2342 3002; x_wconf 90' lang='lat' dir='ltr'><strong>non</strong></span> <span class='ocrx_word' id='word_1_458' title='bbox 2368 2949 2588 3013; x_wconf 90' lang='lat' dir='ltr'><strong>nubere,</strong></span> <span class='ocrx_word' id='word_1_459' title='bbox 2621 2947 2743 3018; x_wconf 81' lang='lat' dir='ltr'><strong>quia</strong></span> <span class='ocrx_word' id='word_1_460' title='bbox 2771 2962 2876 3000; x_wconf 86' lang='lat' dir='ltr'><strong>non</strong></span> <span class='ocrx_word' id='word_1_461' title='bbox 2896 2947 3003 3000; x_wconf 91' lang='lat' dir='ltr'><strong>sint</strong></span> <span class='ocrx_word' id='word_1_462' title='bbox 3032 2947 3124 3000; x_wconf 81' lang='lat' dir='ltr'><strong>ﬁlii</strong></span> <span class='ocrx_word' id='word_1_463' title='bbox 3182 2947 3342 3017; x_wconf 86' lang='lat' dir='ltr'><strong>hujus</strong></span> <span class='ocrx_word' id='word_1_464' title='bbox 3366 2947 3465 3002; x_wconf 72' lang='lat' dir='ltr'><strong>mvi</strong></span> <span class='ocrx_word' id='word_1_465' title='bbox 3499 2966 3512 3002; x_wconf 91' lang='lat'><strong>:</strong></span> 
     </span>
    </p>
   </div>
   <div class='ocr_carea' id='block_1_59' title="bbox 1927 3040 3513 3114">
    <p class='ocr_par' dir='ltr' id='par_1_59' title="bbox 1927 3040 3513 3114">
     <span class='ocr_line' id='line_1_59' title="bbox 1927 3040 3513 3114; baseline -0.002 -16"><span class='ocrx_word' id='word_1_466' title='bbox 1927 3044 2141 3114; x_wconf 89' lang='lat' dir='ltr'><strong>quando</strong></span> <span class='ocrx_word' id='word_1_467' title='bbox 2157 3042 2224 3098; x_wconf 91' lang='lat' dir='ltr'><strong>dc</strong></span> <span class='ocrx_word' id='word_1_468' title='bbox 2249 3043 2444 3112; x_wconf 89' lang='lat' dir='ltr'><strong>nuptiis</strong></span> <span class='ocrx_word' id='word_1_469' title='bbox 2473 3042 2612 3095; x_wconf 83' lang='lat' dir='ltr'><strong>illius</strong></span> <span class='ocrx_word' id='word_1_470' title='bbox 2638 3043 2736 3095; x_wconf 74' lang='lat' dir='ltr'><strong>tevi</strong></span> <span class='ocrx_word' id='word_1_471' title='bbox 2787 3041 3086 3105; x_wconf 87' lang='lat' dir='ltr'><strong>consultus,</strong></span> <span class='ocrx_word' id='word_1_472' title='bbox 3117 3057 3221 3095; x_wconf 92' lang='lat' dir='ltr'><strong>non</strong></span> <span class='ocrx_word' id='word_1_473' title='bbox 3240 3040 3308 3097; x_wconf 92' lang='lat' dir='ltr'><strong>dc</strong></span> <span class='ocrx_word' id='word_1_474' title='bbox 3336 3040 3513 3112; x_wconf 84' lang='lat' dir='ltr'><strong>hujus,</strong></span> 
     </span>
    </p>
   </div>
   <div class='ocr_carea' id='block_1_60' title="bbox 1927 3114 3520 3206">
    <p class='ocr_par' dir='ltr' id='par_1_60' title="bbox 1927 3114 3520 3206">
     <span class='ocr_line' id='line_1_60' title="bbox 1927 3114 3520 3206; baseline -0.004 -15"><span class='ocrx_word' id='word_1_475' title='bbox 1927 3114 2019 3191; x_wconf 85' lang='lat' dir='ltr'><strong>cas</strong></span> <span class='ocrx_word' id='word_1_476' title='bbox 2047 3144 2333 3206; x_wconf 79' lang='lat' dir='ltr'><strong>negaverat</strong></span> <span class='ocrx_word' id='word_1_477' title='bbox 2362 3134 2426 3188; x_wconf 89' lang='lat' dir='ltr'><strong>de</strong></span> <span class='ocrx_word' id='word_1_478' title='bbox 2453 3134 2644 3203; x_wconf 86' lang='lat' dir='ltr'><strong>quibus</strong></span> <span class='ocrx_word' id='word_1_479' title='bbox 2671 3132 3074 3187; x_wconf 88' lang='lat' dir='ltr'><strong>consulebatur.</strong></span> <span class='ocrx_word' id='word_1_480' title='bbox 3101 3130 3284 3203; x_wconf 83' lang='lat' dir='ltr'><strong>Itaque</strong></span> <span class='ocrx_word' id='word_1_481' title='bbox 3329 3132 3418 3201; x_wconf 92' lang='lat' dir='ltr'><strong>qui</strong></span> <span class='ocrx_word' id='word_1_482' title='bbox 3441 3132 3520 3202; x_wconf 89' lang='lat' dir='ltr'><strong>ip-</strong></span> 
     </span>
    </p>
   </div>
   <div class='ocr_carea' id='block_1_61' title="bbox 1931 3226 3519 3295">
    <p class='ocr_par' dir='ltr' id='par_1_61' title="bbox 1931 3226 3519 3295">
     <span class='ocr_line' id='line_1_61' title="bbox 1931 3226 3519 3295; baseline -0.001 -11"><span class='ocrx_word' id='word_1_483' title='bbox 1931 3246 2045 3284; x_wconf 89' lang='lat' dir='ltr'><strong>sam</strong></span> <span class='ocrx_word' id='word_1_484' title='bbox 2091 3231 2194 3283; x_wconf 85' lang='lat' dir='ltr'><strong>vim</strong></span> <span class='ocrx_word' id='word_1_485' title='bbox 2226 3239 2280 3283; x_wconf 89' lang='lat' dir='ltr'><strong>et</strong></span> <span class='ocrx_word' id='word_1_486' title='bbox 2309 3229 2451 3283; x_wconf 81' lang='lat' dir='ltr'><strong>vocis</strong></span> <span class='ocrx_word' id='word_1_487' title='bbox 2473 3237 2528 3283; x_wconf 90' lang='lat' dir='ltr'><strong>ct</strong></span> <span class='ocrx_word' id='word_1_488' title='bbox 2577 3226 3024 3295; x_wconf 86' lang='lat' dir='ltr'><strong>pronuntiationis</strong></span> <span class='ocrx_word' id='word_1_489' title='bbox 3065 3235 3118 3281; x_wconf 89' lang='lat' dir='ltr'><strong>et</strong></span> <span class='ocrx_word' id='word_1_490' title='bbox 3163 3226 3519 3282; x_wconf 70' lang='lat' dir='ltr'><strong>distinctionis</strong></span> 
     </span>
    </p>
   </div>
   <div class='ocr_carea' id='block_1_62' title="bbox 231 3313 3520 3395">
    <p class='ocr_par' dir='ltr' id='par_1_62' title="bbox 231 3313 3520 3395">
     <span class='ocr_line' id='line_1_62' title="bbox 231 3313 3520 3395; baseline 0.002 -28"><span class='ocrx_word' id='word_1_491' title='bbox 231 3322 345 3369; x_wconf 89' lang='lat' dir='ltr'><strong>tttm</strong></span> <span class='ocrx_word' id='word_1_492' title='bbox 377 3331 600 3372; x_wconf 82' lang='lat' dir='ltr'><strong>necesse</strong></span> <span class='ocrx_word' id='word_1_493' title='bbox 615 3327 718 3372; x_wconf 89' lang='lat' dir='ltr'><strong>est.</strong></span> <span class='ocrx_word' id='word_1_494' title='bbox 742 3318 1019 3375; x_wconf 87' lang='lat' dir='ltr'><strong>Neminem</strong></span> <span class='ocrx_word' id='word_1_495' title='bbox 1053 3321 1230 3376; x_wconf 93' lang='lat' dir='ltr'><strong>timuit</strong></span> <span class='ocrx_word' id='word_1_496' title='bbox 1260 3364 1274 3388; x_wconf 94' lang='lat'><strong>,</strong></span> <span class='ocrx_word' id='word_1_497' title='bbox 1307 3333 1358 3377; x_wconf 93' lang='lat' dir='ltr'><strong>ut</strong></span> <span class='ocrx_word' id='word_1_498' title='bbox 1387 3325 1706 3394; x_wconf 67' lang='lat' dir='ltr'><strong>quaestiones</strong></span> <span class='ocrx_word' id='word_1_499' title='bbox 1733 3336 1824 3381; x_wconf 90' lang='lat' dir='ltr'><strong>aut</strong></span> <span class='ocrx_word' id='word_1_500' title='bbox 1850 3313 1896 3377; x_wconf 87' lang='lat' dir='ltr'><strong>C</strong></span> <span class='ocrx_word' id='word_1_501' title='bbox 1931 3333 2272 3395; x_wconf 76' lang='lat' dir='ltr'><strong>exceperant,</strong></span> <span class='ocrx_word' id='word_1_502' title='bbox 2303 3323 2432 3377; x_wconf 91' lang='lat' dir='ltr'><strong>nihil</strong></span> <span class='ocrx_word' id='word_1_503' title='bbox 2461 3321 2601 3375; x_wconf 92' lang='lat' dir='ltr'><strong>aliud</strong></span> <span class='ocrx_word' id='word_1_504' title='bbox 2629 3330 2936 3385; x_wconf 91' lang='lat' dir='ltr'><strong>senserunt,</strong></span> <span class='ocrx_word' id='word_1_505' title='bbox 2968 3336 3126 3390; x_wconf 90' lang='lat' dir='ltr'><strong>quam</strong></span> <span class='ocrx_word' id='word_1_506' title='bbox 3154 3319 3291 3390; x_wconf 88' lang='lat' dir='ltr'><strong>qttod</strong></span> <span class='ocrx_word' id='word_1_507' title='bbox 3315 3320 3379 3374; x_wconf 90' lang='lat' dir='ltr'><strong>ad</strong></span> <span class='ocrx_word' id='word_1_508' title='bbox 3407 3335 3520 3374; x_wconf 86' lang='lat' dir='ltr'><strong>ma-</strong></span> 
     </span>
    </p>
   </div>
   <div class='ocr_carea' id='block_1_63' title="bbox 228 3409 1818 3486">
    <p class='ocr_par' dir='ltr' id='par_1_63' title="bbox 228 3409 1818 3486">
     <span class='ocr_line' id='line_1_63' title="bbox 228 3409 1818 3486; baseline 0.007 -22"><span class='ocrx_word' id='word_1_509' title='bbox 228 3409 530 3466; x_wconf 89' lang='lat' dir='ltr'><strong>declinasse</strong></span> <span class='ocrx_word' id='word_1_510' title='bbox 560 3411 844 3477; x_wconf 89' lang='lat' dir='ltr'><strong>videatur,</strong></span> <span class='ocrx_word' id='word_1_511' title='bbox 901 3423 993 3468; x_wconf 89' lang='lat' dir='ltr'><strong>aut</strong></span> <span class='ocrx_word' id='word_1_512' title='bbox 1049 3430 1143 3482; x_wconf 90' lang='lat' dir='ltr'><strong>per</strong></span> <span class='ocrx_word' id='word_1_513' title='bbox 1190 3418 1530 3472; x_wconf 85' lang='lat' dir='ltr'><strong>occasionem</strong></span> <span class='ocrx_word' id='word_1_514' title='bbox 1593 3434 1818 3486; x_wconf 85' lang='lat' dir='ltr'><strong>earnm,</strong></span> 
     </span>
    </p>
   </div>
   <div class='ocr_carea' id='block_1_64' title="bbox 228 3501 1821 3572">
    <p class='ocr_par' dir='ltr' id='par_1_64' title="bbox 228 3501 1821 3572">
     <span class='ocr_line' id='line_1_64' title="bbox 228 3501 1821 3572; baseline 0.008 -18"><span class='ocrx_word' id='word_1_515' title='bbox 228 3501 370 3569; x_wconf 89' lang='lat' dir='ltr'><strong>quod</strong></span> <span class='ocrx_word' id='word_1_516' title='bbox 400 3501 533 3556; x_wconf 88' lang='lat' dir='ltr'><strong>alias</strong></span> <span class='ocrx_word' id='word_1_517' title='bbox 565 3503 737 3572; x_wconf 86' lang='lat' dir='ltr'><strong>palam</strong></span> <span class='ocrx_word' id='word_1_518' title='bbox 793 3519 896 3560; x_wconf 92' lang='lat' dir='ltr'><strong>non</strong></span> <span class='ocrx_word' id='word_1_519' title='bbox 953 3505 1180 3560; x_wconf 87' lang='lat' dir='ltr'><strong>docebat</strong></span> <span class='ocrx_word' id='word_1_520' title='bbox 1232 3507 1655 3565; x_wconf 80' lang='lat' dir='ltr'><strong>subostentlisse.</strong></span> <span class='ocrx_word' id='word_1_521' title='bbox 1719 3511 1821 3566; x_wconf 82' lang='lat' dir='ltr'><strong>Rc-</strong></span> 
     </span>
    </p>
   </div>
   <div class='ocr_carea' id='block_1_65' title="bbox 228 3592 1822 3668">
    <p class='ocr_par' dir='ltr' id='par_1_65' title="bbox 228 3592 1822 3668">
     <span class='ocr_line' id='line_1_65' title="bbox 228 3592 1822 3668; baseline 0.006 -18"><span class='ocrx_word' id='word_1_522' title='bbox 228 3594 445 3665; x_wconf 90' lang='lat' dir='ltr'><strong>spondit</strong></span> <span class='ocrx_word' id='word_1_523' title='bbox 471 3595 632 3666; x_wconf 84' lang='lat' dir='ltr'><strong>igitur</strong></span> <span class='ocrx_word' id='word_1_524' title='bbox 662 3614 676 3650; x_wconf 90' lang='lat'><strong>:</strong></span> <span class='ocrx_word' id='word_1_525' title='bbox 709 3592 879 3668; x_wconf 84' lang='lat' dir='ltr'><strong>Hujus</strong></span> <span class='ocrx_word' id='word_1_526' title='bbox 904 3597 1107 3668; x_wconf 78' lang='lat' dir='ltr'><strong>quidem</strong></span> <span class='ocrx_word' id='word_1_527' title='bbox 1133 3599 1226 3653; x_wconf 77' lang='lat' dir='ltr'><strong>teri</strong></span> <span class='ocrx_word' id='word_1_528' title='bbox 1257 3600 1392 3668; x_wconf 79' lang='lat' dir='ltr'><strong>ﬁlios</strong></span> <span class='ocrx_word' id='word_1_529' title='bbox 1419 3601 1622 3656; x_wconf 86' lang='lat' dir='ltr'><strong>nubere.</strong></span> <span class='ocrx_word' id='word_1_530' title='bbox 1656 3603 1822 3660; x_wconf 80' lang='lat' dir='ltr'><strong>Vides</strong></span> 
     </span>
    </p>
   </div>
   <div class='ocr_carea' id='block_1_66' title="bbox 229 3689 1821 3760">
    <p class='ocr_par' dir='ltr' id='par_1_66' title="bbox 229 3689 1821 3760">
     <span class='ocr_line' id='line_1_66' title="bbox 229 3689 1821 3760; baseline 0.009 -20"><span class='ocrx_word' id='word_1_531' title='bbox 229 3701 388 3757; x_wconf 90' lang='lat' dir='ltr'><strong>quam</strong></span> <span class='ocrx_word' id='word_1_532' title='bbox 420 3689 754 3757; x_wconf 89' lang='lat' dir='ltr'><strong>pertinenter</strong></span> <span class='ocrx_word' id='word_1_533' title='bbox 798 3689 864 3743; x_wconf 91' lang='lat' dir='ltr'><strong>ad</strong></span> <span class='ocrx_word' id='word_1_534' title='bbox 910 3704 1180 3745; x_wconf 80' lang='lat' dir='ltr'><strong>caussam.</strong></span> <span class='ocrx_word' id='word_1_535' title='bbox 1204 3690 1333 3760; x_wconf 85' lang='lat' dir='ltr'><strong>Quia</strong></span> <span class='ocrx_word' id='word_1_536' title='bbox 1363 3692 1430 3749; x_wconf 86' lang='lat' dir='ltr'><strong>de</strong></span> <span class='ocrx_word' id='word_1_537' title='bbox 1456 3711 1571 3748; x_wconf 74' lang='lat' dir='ltr'><strong>a2vo</strong></span> <span class='ocrx_word' id='word_1_538' title='bbox 1598 3706 1821 3754; x_wconf 86' lang='lat' dir='ltr'><strong>venturo</strong></span> 
     </span>
    </p>
   </div>
   <div class='ocr_carea' id='block_1_67' title="bbox 230 3781 1820 3862">
    <p class='ocr_par' dir='ltr' id='par_1_67' title="bbox 230 3781 1820 3862">
     <span class='ocr_line' id='line_1_67' title="bbox 230 3781 1820 3862; baseline 0.011 -32"><span class='ocrx_word' id='word_1_539' title='bbox 230 3781 596 3850; x_wconf 67' lang='lat' dir='ltr'><strong>quaerebatur,</strong></span> <span class='ocrx_word' id='word_1_540' title='bbox 624 3782 676 3836; x_wconf 93' lang='lat' dir='ltr'><strong>in</strong></span> <span class='ocrx_word' id='word_1_541' title='bbox 709 3797 816 3852; x_wconf 90' lang='lat' dir='ltr'><strong>quo</strong></span> <span class='ocrx_word' id='word_1_542' title='bbox 847 3785 1116 3838; x_wconf 92' lang='lat' dir='ltr'><strong>neminem</strong></span> <span class='ocrx_word' id='word_1_543' title='bbox 1149 3784 1351 3839; x_wconf 87' lang='lat' dir='ltr'><strong>nubere</strong></span> <span class='ocrx_word' id='word_1_544' title='bbox 1375 3785 1692 3844; x_wconf 75' lang='lat' dir='ltr'><strong>delinitur-us</strong></span> <span class='ocrx_word' id='word_1_545' title='bbox 1717 3789 1820 3862; x_wconf 80' lang='lat'><strong>(5),</strong></span> 
     </span>
    </p>
   </div>
   <div class='ocr_carea' id='block_1_68' title="bbox 229 3869 1824 3951">
    <p class='ocr_par' dir='ltr' id='par_1_68' title="bbox 229 3869 1824 3951">
     <span class='ocr_line' id='line_1_68' title="bbox 229 3869 1824 3951; baseline 0.008 -27"><span class='ocrx_word' id='word_1_546' title='bbox 229 3869 578 3940; x_wconf 67' lang='lat' dir='ltr'><strong>prmatruxit,</strong></span> <span class='ocrx_word' id='word_1_547' title='bbox 615 3869 702 3925; x_wconf 90' lang='lat' dir='ltr'><strong>hic</strong></span> <span class='ocrx_word' id='word_1_548' title='bbox 731 3872 946 3941; x_wconf 87' lang='lat' dir='ltr'><strong>quidem</strong></span> <span class='ocrx_word' id='word_1_549' title='bbox 971 3874 1118 3937; x_wconf 90' lang='lat' dir='ltr'><strong>nubi,</strong></span> <span class='ocrx_word' id='word_1_550' title='bbox 1149 3873 1237 3929; x_wconf 88' lang='lat' dir='ltr'><strong>ubi</strong></span> <span class='ocrx_word' id='word_1_551' title='bbox 1280 3875 1349 3928; x_wconf 90' lang='lat' dir='ltr'><strong>sit</strong></span> <span class='ocrx_word' id='word_1_552' title='bbox 1377 3886 1432 3930; x_wconf 91' lang='lat' dir='ltr'><strong>et</strong></span> <span class='ocrx_word' id='word_1_553' title='bbox 1475 3879 1610 3933; x_wconf 90' lang='lat' dir='ltr'><strong>mori</strong></span> <span class='ocrx_word' id='word_1_554' title='bbox 1640 3895 1654 3945; x_wconf 88' lang='lat'><strong>;</strong></span> <span class='ocrx_word' id='word_1_555' title='bbox 1701 3899 1824 3951; x_wconf 81' lang='lat' dir='ltr'><strong>quos</strong></span> 
     </span>
    </p>
   </div>
   <div class='ocr_carea' id='block_1_69' title="bbox 228 3963 1818 4036">
    <p class='ocr_par' dir='ltr' id='par_1_69' title="bbox 228 3963 1818 4036">
     <span class='ocr_line' id='line_1_69' title="bbox 228 3963 1818 4036; baseline 0.005 -17"><span class='ocrx_word' id='word_1_556' title='bbox 228 3981 347 4019; x_wconf 73' lang='lat' dir='ltr'><strong>vero</strong></span> <span class='ocrx_word' id='word_1_557' title='bbox 374 3963 615 4036; x_wconf 85' lang='lat' dir='ltr'><strong>dignatus</strong></span> <span class='ocrx_word' id='word_1_558' title='bbox 641 3964 706 4018; x_wconf 89' lang='lat' dir='ltr'><strong>sit</strong></span> <span class='ocrx_word' id='word_1_559' title='bbox 729 3963 885 4024; x_wconf 85' lang='lat' dir='ltr'><strong>Deus.</strong></span> <span class='ocrx_word' id='word_1_560' title='bbox 919 3964 1058 4020; x_wconf 83' lang='lat' dir='ltr'><strong>illius</strong></span> <span class='ocrx_word' id='word_1_561' title='bbox 1079 3967 1172 4019; x_wconf 75' lang='lat' dir='ltr'><strong>wvi</strong></span> <span class='ocrx_word' id='word_1_562' title='bbox 1211 3969 1524 4036; x_wconf 80' lang='lat' dir='ltr'><strong>possessione</strong></span> <span class='ocrx_word' id='word_1_563' title='bbox 1553 3981 1599 4024; x_wconf 91' lang='lat' dir='ltr'><strong>et</strong></span> <span class='ocrx_word' id='word_1_564' title='bbox 1649 3989 1818 4027; x_wconf 86' lang='lat' dir='ltr'><strong>resur-</strong></span> 
     </span>
    </p>
   </div>
   <div class='ocr_carea' id='block_1_70' title="bbox 229 4058 1822 4138">
    <p class='ocr_par' dir='ltr' id='par_1_70' title="bbox 229 4058 1822 4138">
     <span class='ocr_line' id='line_1_70' title="bbox 229 4058 1822 4138; baseline 0.006 -27"><span class='ocrx_word' id='word_1_565' title='bbox 229 4058 452 4113; x_wconf 85' lang='lat' dir='ltr'><strong>rectione</strong></span> <span class='ocrx_word' id='word_1_566' title='bbox 514 4074 547 4112; x_wconf 87' lang='lat' dir='ltr'><strong>a</strong></span> <span class='ocrx_word' id='word_1_567' title='bbox 591 4059 802 4113; x_wconf 86' lang='lat' dir='ltr'><strong>mortuis</strong></span> <span class='ocrx_word' id='word_1_568' title='bbox 825 4101 839 4123; x_wconf 94' lang='lat'><strong>,</strong></span> <span class='ocrx_word' id='word_1_569' title='bbox 897 4075 1055 4130; x_wconf 86' lang='lat' dir='ltr'><strong>neque</strong></span> <span class='ocrx_word' id='word_1_570' title='bbox 1078 4059 1262 4114; x_wconf 87' lang='lat' dir='ltr'><strong>nubere</strong></span> <span class='ocrx_word' id='word_1_571' title='bbox 1288 4103 1301 4126; x_wconf 91' lang='lat'><strong>,</strong></span> <span class='ocrx_word' id='word_1_572' title='bbox 1335 4079 1493 4134; x_wconf 77' lang='lat' dir='ltr'><strong>neque</strong></span> <span class='ocrx_word' id='word_1_573' title='bbox 1515 4065 1629 4118; x_wconf 88' lang='lat' dir='ltr'><strong>nubi</strong></span> <span class='ocrx_word' id='word_1_574' title='bbox 1653 4084 1671 4133; x_wconf 87' lang='lat'><strong>;</strong></span> <span class='ocrx_word' id='word_1_575' title='bbox 1702 4067 1822 4138; x_wconf 85' lang='lat' dir='ltr'><strong>quia</strong></span> 
     </span>
    </p>
   </div>
   <div class='ocr_carea' id='block_1_71' title="bbox 229 4151 1817 4232">
    <p class='ocr_par' dir='ltr' id='par_1_71' title="bbox 229 4151 1817 4232">
     <span class='ocr_line' id='line_1_71' title="bbox 229 4151 1817 4232; baseline 0.007 -28"><span class='ocrx_word' id='word_1_576' title='bbox 229 4166 320 4205; x_wconf 83' lang='lat' dir='ltr'><strong>nec</strong></span> <span class='ocrx_word' id='word_1_577' title='bbox 341 4151 574 4206; x_wconf 88' lang='lat' dir='ltr'><strong>morituri</strong></span> <span class='ocrx_word' id='word_1_578' title='bbox 591 4153 705 4223; x_wconf 83' lang='lat' dir='ltr'><strong>jam</strong></span> <span class='ocrx_word' id='word_1_579' title='bbox 731 4152 848 4211; x_wconf 86' lang='lat' dir='ltr'><strong>sint.</strong></span> <span class='ocrx_word' id='word_1_580' title='bbox 879 4168 995 4206; x_wconf 90' lang='lat' dir='ltr'><strong>cum</strong></span> <span class='ocrx_word' id='word_1_581' title='bbox 1023 4153 1209 4208; x_wconf 85' lang='lat' dir='ltr'><strong>similes</strong></span> <span class='ocrx_word' id='word_1_582' title='bbox 1253 4157 1546 4226; x_wconf 82' lang='lat' dir='ltr'><strong>angelorum</strong></span> <span class='ocrx_word' id='word_1_583' title='bbox 1568 4159 1666 4214; x_wconf 88' lang='lat' dir='ltr'><strong>sint</strong></span> <span class='ocrx_word' id='word_1_584' title='bbox 1699 4159 1778 4232; x_wconf 71' lang='grc'><strong>(4)</strong></span> <span class='ocrx_word' id='word_1_585' title='bbox 1801 4202 1817 4229; x_wconf 84' lang='grc'><em>,</em></span> 
     </span>
    </p>
   </div>
   <div class='ocr_carea' id='block_1_72' title="bbox 230 4239 1823 4318">
    <p class='ocr_par' dir='ltr' id='par_1_72' title="bbox 230 4239 1823 4318">
     <span class='ocr_line' id='line_1_72' title="bbox 230 4239 1823 4318; baseline 0.009 -23"><span class='ocrx_word' id='word_1_586' title='bbox 230 4239 327 4296; x_wconf 87' lang='lat' dir='ltr'><strong>Dei</strong></span> <span class='ocrx_word' id='word_1_587' title='bbox 354 4251 402 4297; x_wconf 88' lang='lat' dir='ltr'><strong>et</strong></span> <span class='ocrx_word' id='word_1_588' title='bbox 422 4244 804 4299; x_wconf 85' lang='lat' dir='ltr'><strong>resurrectionis</strong></span> <span class='ocrx_word' id='word_1_589' title='bbox 828 4244 924 4312; x_wconf 77' lang='lat' dir='ltr'><strong>ﬁlii</strong></span> <span class='ocrx_word' id='word_1_590' title='bbox 970 4245 1111 4315; x_wconf 77' lang='lat' dir='ltr'><strong>facti.</strong></span> <span class='ocrx_word' id='word_1_591' title='bbox 1139 4245 1270 4300; x_wconf 92' lang='lat' dir='ltr'><strong>Cum</strong></span> <span class='ocrx_word' id='word_1_592' title='bbox 1329 4248 1688 4318; x_wconf 84' lang='lat' dir='ltr'><strong>igitursensns</strong></span> <span class='ocrx_word' id='word_1_593' title='bbox 1735 4270 1823 4310; x_wconf 93' lang='lat' dir='ltr'><strong>rc-</strong></span> 
     </span>
    </p>
   </div>
   <div class='ocr_carea' id='block_1_73' title="bbox 229 4333 1826 4420">
    <p class='ocr_par' dir='ltr' id='par_1_73' title="bbox 229 4333 1826 4420">
     <span class='ocr_line' id='line_1_73' title="bbox 229 4333 1826 4420; baseline 0.01 -32"><span class='ocrx_word' id='word_1_594' title='bbox 229 4333 538 4406; x_wconf 87' lang='lat' dir='ltr'><strong>sponsionis</strong></span> <span class='ocrx_word' id='word_1_595' title='bbox 564 4351 670 4391; x_wconf 90' lang='lat' dir='ltr'><strong>non</strong></span> <span class='ocrx_word' id='word_1_596' title='bbox 701 4337 767 4391; x_wconf 89' lang='lat' dir='ltr'><strong>ad</strong></span> <span class='ocrx_word' id='word_1_597' title='bbox 794 4337 938 4392; x_wconf 91' lang='lat' dir='ltr'><strong>aliud</strong></span> <span class='ocrx_word' id='word_1_598' title='bbox 969 4337 1386 4409; x_wconf 84' lang='lat' dir='ltr'><strong>sitdirigendus,</strong></span> <span class='ocrx_word' id='word_1_599' title='bbox 1418 4361 1576 4413; x_wconf 89' lang='lat' dir='ltr'><strong>quam</strong></span> <span class='ocrx_word' id='word_1_600' title='bbox 1605 4347 1669 4402; x_wconf 87' lang='lat' dir='ltr'><strong>ad</strong></span> <span class='ocrx_word' id='word_1_601' title='bbox 1699 4363 1826 4420; x_wconf 91' lang='lat' dir='ltr'><strong>pro-</strong></span> 
     </span>
    </p>
   </div>
   <div class='ocr_carea' id='block_1_74' title="bbox 227 4429 1815 4510">
    <p class='ocr_par' dir='ltr' id='par_1_74' title="bbox 227 4429 1815 4510">
     <span class='ocr_line' id='line_1_74' title="bbox 227 4429 1815 4510; baseline 0.007 -25"><span class='ocrx_word' id='word_1_602' title='bbox 227 4429 468 4500; x_wconf 87' lang='lat' dir='ltr'><strong>positum</strong></span> <span class='ocrx_word' id='word_1_603' title='bbox 495 4429 975 4503; x_wconf 87' lang='lat' dir='ltr'><strong>interrogationis;</strong></span> <span class='ocrx_word' id='word_1_604' title='bbox 1027 4429 1074 4486; x_wconf 91' lang='lat' dir='ltr'><strong>si</strong></span> <span class='ocrx_word' id='word_1_605' title='bbox 1095 4429 1197 4487; x_wconf 92' lang='lat' dir='ltr'><strong>hoc</strong></span> <span class='ocrx_word' id='word_1_606' title='bbox 1215 4448 1380 4490; x_wconf 86' lang='lat' dir='ltr'><strong>sensu</strong></span> <span class='ocrx_word' id='word_1_607' title='bbox 1426 4441 1815 4510; x_wconf 84' lang='lat' dir='ltr'><strong>responsionis,</strong></span> 
     </span>
    </p>
   </div>
   <div class='ocr_carea' id='block_1_75' title="bbox 1929 3413 3514 3483">
    <p class='ocr_par' dir='ltr' id='par_1_75' title="bbox 1929 3413 3514 3483">
     <span class='ocr_line' id='line_1_75' title="bbox 1929 3413 3514 3483; baseline -0.003 -11"><span class='ocrx_word' id='word_1_608' title='bbox 1929 3418 2114 3472; x_wconf 89' lang='lat' dir='ltr'><strong>teriam</strong></span> <span class='ocrx_word' id='word_1_609' title='bbox 2143 3415 2545 3471; x_wconf 65' lang='lat' dir='ltr'><strong>consultationis</strong></span> <span class='ocrx_word' id='word_1_610' title='bbox 2572 3414 2886 3482; x_wconf 86' lang='lat' dir='ltr'><strong>pertinebat.</strong></span> <span class='ocrx_word' id='word_1_611' title='bbox 2909 3415 3082 3483; x_wconf 83' lang='lat' dir='ltr'><strong>Atque</strong></span> <span class='ocrx_word' id='word_1_612' title='bbox 3118 3413 3254 3467; x_wconf 88' lang='lat' dir='ltr'><strong>adeo</strong></span> <span class='ocrx_word' id='word_1_613' title='bbox 3282 3413 3470 3467; x_wconf 77' lang='lat' dir='ltr'><strong>scriba:</strong></span> <span class='ocrx_word' id='word_1_614' title='bbox 3501 3433 3514 3468; x_wconf 88' lang='lat'><strong>:</strong></span> 
     </span>
    </p>
   </div>
   <div class='ocr_carea' id='block_1_76' title="bbox 1930 3505 3518 3581">
    <p class='ocr_par' dir='ltr' id='par_1_76' title="bbox 1930 3505 3518 3581">
     <span class='ocr_line' id='line_1_76' title="bbox 1930 3505 3518 3581; baseline -0.003 -17"><span class='ocrx_word' id='word_1_615' title='bbox 1930 3511 2175 3580; x_wconf 85' lang='lat' dir='ltr'><strong>Magister</strong></span> <span class='ocrx_word' id='word_1_616' title='bbox 2200 3552 2212 3573; x_wconf 96' lang='lat'><strong>,</strong></span> <span class='ocrx_word' id='word_1_617' title='bbox 2239 3509 2500 3581; x_wconf 91' lang='lat' dir='ltr'><strong>inquiunt,</strong></span> <span class='ocrx_word' id='word_1_618' title='bbox 2532 3507 2648 3559; x_wconf 78' lang='lat' dir='ltr'><strong>bene</strong></span> <span class='ocrx_word' id='word_1_619' title='bbox 2671 3507 2868 3560; x_wconf 70' lang='lat' dir='ltr'><strong>dixisti.</strong></span> <span class='ocrx_word' id='word_1_620' title='bbox 2895 3505 3318 3560; x_wconf 76' lang='lat' dir='ltr'><strong>Conlirmaverat</strong></span> <span class='ocrx_word' id='word_1_621' title='bbox 3372 3505 3518 3560; x_wconf 87' lang='lat' dir='ltr'><strong>enim</strong></span> 
     </span>
    </p>
   </div>
   <div class='ocr_carea' id='block_1_77' title="bbox 1927 3595 3511 3668">
    <p class='ocr_par' dir='ltr' id='par_1_77' title="bbox 1927 3595 3511 3668">
     <span class='ocr_line' id='line_1_77' title="bbox 1927 3595 3511 3668; baseline -0.004 -10"><span class='ocrx_word' id='word_1_622' title='bbox 1927 3604 2377 3658; x_wconf 83' lang='lat' dir='ltr'><strong>resurrectiOncm</strong></span> <span class='ocrx_word' id='word_1_623' title='bbox 2410 3641 2422 3662; x_wconf 89' lang='lat'><strong>,</strong></span> <span class='ocrx_word' id='word_1_624' title='bbox 2455 3602 2678 3654; x_wconf 85' lang='lat' dir='ltr'><strong>l&#39;orntam</strong></span> <span class='ocrx_word' id='word_1_625' title='bbox 2707 3599 2820 3668; x_wconf 89' lang='lat' dir='ltr'><strong>ejus</strong></span> <span class='ocrx_word' id='word_1_626' title='bbox 2848 3596 3055 3654; x_wconf 87' lang='lat' dir='ltr'><strong>edendo</strong></span> <span class='ocrx_word' id='word_1_627' title='bbox 3082 3597 3337 3651; x_wconf 88' lang='lat' dir='ltr'><strong>adversus</strong></span> <span class='ocrx_word' id='word_1_628' title='bbox 3375 3595 3511 3652; x_wconf 48' lang='lat' dir='ltr'><strong>Sed»</strong></span> 
     </span>
    </p>
   </div>
   <div class='ocr_carea' id='block_1_78' title="bbox 1927 3691 3512 3764">
    <p class='ocr_par' dir='ltr' id='par_1_78' title="bbox 1927 3691 3512 3764">
     <span class='ocr_line' id='line_1_78' title="bbox 1927 3691 3512 3764; baseline -0.003 -14"><span class='ocrx_word' id='word_1_629' title='bbox 1927 3696 2234 3751; x_wconf 70' lang='lat' dir='ltr'><strong>ducicorum</strong></span> <span class='ocrx_word' id='word_1_630' title='bbox 2259 3695 2587 3764; x_wconf 87' lang='lat' dir='ltr'><strong>opinionem.</strong></span> <span class='ocrx_word' id='word_1_631' title='bbox 2633 3692 2869 3761; x_wconf 89' lang='lat' dir='ltr'><strong>Denique</strong></span> <span class='ocrx_word' id='word_1_632' title='bbox 2921 3691 3283 3744; x_wconf 86' lang='lat' dir='ltr'><strong>testimonium</strong></span> <span class='ocrx_word' id='word_1_633' title='bbox 3323 3704 3512 3746; x_wconf 91' lang='lat' dir='ltr'><strong>eorum</strong></span> 
     </span>
    </p>
   </div>
   <div class='ocr_carea' id='block_1_79' title="bbox 1930 3785 3519 3861">
    <p class='ocr_par' dir='ltr' id='par_1_79' title="bbox 1930 3785 3519 3861">
     <span class='ocr_line' id='line_1_79' title="bbox 1930 3785 3519 3861; baseline -0.001 -19"><span class='ocrx_word' id='word_1_634' title='bbox 1930 3790 2018 3861; x_wconf 88' lang='lat' dir='ltr'><strong>qui</strong></span> <span class='ocrx_word' id='word_1_635' title='bbox 2051 3790 2120 3844; x_wconf 89' lang='lat' dir='ltr'><strong>ita</strong></span> <span class='ocrx_word' id='word_1_636' title='bbox 2147 3804 2267 3843; x_wconf 89' lang='lat' dir='ltr'><strong>cum</strong></span> <span class='ocrx_word' id='word_1_637' title='bbox 2294 3785 2636 3857; x_wconf 83' lang='lat' dir='ltr'><strong>respondisse</strong></span> <span class='ocrx_word' id='word_1_638' title='bbox 2671 3794 3140 3854; x_wconf 64' lang='lat' dir='ltr'><strong>praesumpserant,</strong></span> <span class='ocrx_word' id='word_1_639' title='bbox 3172 3801 3275 3838; x_wconf 91' lang='lat' dir='ltr'><strong>non</strong></span> <span class='ocrx_word' id='word_1_640' title='bbox 3304 3798 3519 3840; x_wconf 85' lang='lat' dir='ltr'><strong>recusa-</strong></span> 
     </span>
    </p>
   </div>
   <div class='ocr_carea' id='block_1_80' title="bbox 1929 3878 3520 3940">
    <p class='ocr_par' dir='ltr' id='par_1_80' title="bbox 1929 3878 3520 3940">
     <span class='ocr_line' id='line_1_80' title="bbox 1929 3878 3520 3940; baseline -0.003 -2"><span class='ocrx_word' id='word_1_641' title='bbox 1929 3887 2021 3939; x_wconf 92' lang='lat' dir='ltr'><strong>vit.</strong></span> <span class='ocrx_word' id='word_1_642' title='bbox 2053 3884 2108 3938; x_wconf 91' lang='lat' dir='ltr'><strong>Si</strong></span> <span class='ocrx_word' id='word_1_643' title='bbox 2133 3894 2306 3940; x_wconf 77' lang='lat' dir='ltr'><strong>aulcm</strong></span> <span class='ocrx_word' id='word_1_644' title='bbox 2363 3881 2565 3935; x_wconf 73' lang='lat' dir='ltr'><strong>Scrihte</strong></span> <span class='ocrx_word' id='word_1_645' title='bbox 2596 3879 2864 3934; x_wconf 87' lang='lat' dir='ltr'><strong>Christum</strong></span> <span class='ocrx_word' id='word_1_646' title='bbox 2899 3879 3064 3933; x_wconf 88' lang='lat' dir='ltr'><strong>liliunt</strong></span> <span class='ocrx_word' id='word_1_647' title='bbox 3110 3878 3277 3934; x_wconf 89' lang='lat' dir='ltr'><strong>David</strong></span> <span class='ocrx_word' id='word_1_648' title='bbox 3332 3879 3520 3935; x_wconf 79' lang='lat' dir='ltr'><strong>existi-</strong></span> 
     </span>
    </p>
   </div>
   <div class='ocr_carea' id='block_1_81' title="bbox 1929 3970 3512 4043">
    <p class='ocr_par' dir='ltr' id='par_1_81' title="bbox 1929 3970 3512 4043">
     <span class='ocr_line' id='line_1_81' title="bbox 1929 3970 3512 4043; baseline -0.004 -13"><span class='ocrx_word' id='word_1_649' title='bbox 1929 3975 2147 4030; x_wconf 80' lang='lat' dir='ltr'><strong>mabant</strong></span> <span class='ocrx_word' id='word_1_650' title='bbox 2173 4014 2188 4040; x_wconf 91' lang='lat'><strong>,</strong></span> <span class='ocrx_word' id='word_1_651' title='bbox 2214 3973 2327 4043; x_wconf 78' lang='lat' dir='ltr'><strong>ipse</strong></span> <span class='ocrx_word' id='word_1_652' title='bbox 2352 3981 2528 4025; x_wconf 90' lang='lat' dir='ltr'><strong>autem</strong></span> <span class='ocrx_word' id='word_1_653' title='bbox 2562 3970 2726 4024; x_wconf 82' lang='lat' dir='ltr'><strong>David</strong></span> <span class='ocrx_word' id='word_1_654' title='bbox 2759 3970 3042 4024; x_wconf 89' lang='lat' dir='ltr'><strong>Dominum</strong></span> <span class='ocrx_word' id='word_1_655' title='bbox 3069 3986 3189 4025; x_wconf 91' lang='lat' dir='ltr'><strong>cum</strong></span> <span class='ocrx_word' id='word_1_656' title='bbox 3236 3970 3468 4039; x_wconf 84' lang='lat' dir='ltr'><strong>appellat</strong></span> <span class='ocrx_word' id='word_1_657' title='bbox 3495 3985 3512 4034; x_wconf 88' lang='lat'><strong>;</strong></span> 
     </span>
    </p>
   </div>
   <div class='ocr_carea' id='block_1_82' title="bbox 1928 4060 3520 4139">
    <p class='ocr_par' dir='ltr' id='par_1_82' title="bbox 1928 4060 3520 4139">
     <span class='ocr_line' id='line_1_82' title="bbox 1928 4060 3520 4139; baseline -0.003 -19"><span class='ocrx_word' id='word_1_658' title='bbox 1928 4067 2052 4139; x_wconf 91' lang='lat' dir='ltr'><strong>quid</strong></span> <span class='ocrx_word' id='word_1_659' title='bbox 2077 4067 2176 4119; x_wconf 89' lang='lat' dir='ltr'><strong>hoc</strong></span> <span class='ocrx_word' id='word_1_660' title='bbox 2202 4064 2267 4120; x_wconf 90' lang='lat' dir='ltr'><strong>ad</strong></span> <span class='ocrx_word' id='word_1_661' title='bbox 2300 4062 2610 4120; x_wconf 82' lang='lat' dir='ltr'><strong>Christum?</strong></span> <span class='ocrx_word' id='word_1_662' title='bbox 2653 4061 2724 4134; x_wconf 76' lang='grc' dir='ltr'><strong>(ε)</strong></span> <span class='ocrx_word' id='word_1_663' title='bbox 2748 4060 2861 4115; x_wconf 85' lang='lat' dir='ltr'><strong>Non</strong></span> <span class='ocrx_word' id='word_1_664' title='bbox 2896 4061 3058 4114; x_wconf 87' lang='lat' dir='ltr'><strong>David</strong></span> <span class='ocrx_word' id='word_1_665' title='bbox 3086 4077 3321 4116; x_wconf 87' lang='lat' dir='ltr'><strong>errorem</strong></span> <span class='ocrx_word' id='word_1_666' title='bbox 3376 4062 3520 4116; x_wconf 91' lang='lat' dir='ltr'><strong>Scri-</strong></span> 
     </span>
    </p>
   </div>
   <div class='ocr_carea' id='block_1_83' title="bbox 1932 4152 3507 4230">
    <p class='ocr_par' dir='ltr' id='par_1_83' title="bbox 1932 4152 3507 4230">
     <span class='ocr_line' id='line_1_83' title="bbox 1932 4152 3507 4230; baseline -0.004 -15"><span class='ocrx_word' id='word_1_667' title='bbox 1932 4161 2116 4230; x_wconf 86' lang='lat' dir='ltr'><strong>barum</strong></span> <span class='ocrx_word' id='word_1_668' title='bbox 2147 4157 2498 4222; x_wconf 84' lang='lat' dir='ltr'><strong>obtundebat,</strong></span> <span class='ocrx_word' id='word_1_669' title='bbox 2535 4154 2628 4210; x_wconf 88' lang='lat' dir='ltr'><strong>sed</strong></span> <span class='ocrx_word' id='word_1_670' title='bbox 2653 4153 2909 4208; x_wconf 90' lang='lat' dir='ltr'><strong>honorem</strong></span> <span class='ocrx_word' id='word_1_671' title='bbox 2966 4152 3179 4207; x_wconf 83' lang='lat' dir='ltr'><strong>Christo</strong></span> <span class='ocrx_word' id='word_1_672' title='bbox 3209 4152 3369 4207; x_wconf 88' lang='lat' dir='ltr'><strong>David</strong></span> <span class='ocrx_word' id='word_1_673' title='bbox 3386 4168 3507 4223; x_wconf 82' lang='lat' dir='ltr'><strong>pro-</strong></span> 
     </span>
    </p>
   </div>
   <div class='ocr_carea' id='block_1_84' title="bbox 1930 4246 3513 4322">
    <p class='ocr_par' dir='ltr' id='par_1_84' title="bbox 1930 4246 3513 4322">
     <span class='ocr_line' id='line_1_84' title="bbox 1930 4246 3513 4322; baseline -0.004 -13"><span class='ocrx_word' id='word_1_674' title='bbox 1930 4254 2150 4309; x_wconf 89' lang='lat' dir='ltr'><strong>curahat</strong></span> <span class='ocrx_word' id='word_1_675' title='bbox 2176 4294 2190 4317; x_wconf 90' lang='lat'><strong>,</strong></span> <span class='ocrx_word' id='word_1_676' title='bbox 2213 4265 2372 4322; x_wconf 88' lang='lat' dir='ltr'><strong>quem</strong></span> <span class='ocrx_word' id='word_1_677' title='bbox 2410 4249 2690 4302; x_wconf 89' lang='lat' dir='ltr'><strong>Dominum</strong></span> <span class='ocrx_word' id='word_1_678' title='bbox 2736 4246 3007 4301; x_wconf 86' lang='lat' dir='ltr'><strong>Christum</strong></span> <span class='ocrx_word' id='word_1_679' title='bbox 3043 4246 3119 4318; x_wconf 74' lang='lat' dir='ltr'><strong>(ti)</strong></span> <span class='ocrx_word' id='word_1_680' title='bbox 3147 4247 3312 4318; x_wconf 87' lang='lat' dir='ltr'><strong>magis</strong></span> <span class='ocrx_word' id='word_1_681' title='bbox 3353 4261 3513 4317; x_wconf 89' lang='lat' dir='ltr'><strong>quam</strong></span> 
     </span>
    </p>
   </div>
   <div class='ocr_carea' id='block_1_85' title="bbox 1930 4339 3522 4410">
    <p class='ocr_par' dir='ltr' id='par_1_85' title="bbox 1930 4339 3522 4410">
     <span class='ocr_line' id='line_1_85' title="bbox 1930 4339 3522 4410; baseline -0.003 -9"><span class='ocrx_word' id='word_1_682' title='bbox 1930 4347 2097 4401; x_wconf 87' lang='lat' dir='ltr'><strong>liliutn</strong></span> <span class='ocrx_word' id='word_1_683' title='bbox 2125 4343 2288 4398; x_wconf 85' lang='lat' dir='ltr'><strong>David</strong></span> <span class='ocrx_word' id='word_1_684' title='bbox 2336 4341 2724 4404; x_wconf 73' lang='lat' dir='ltr'><strong>confirmabat;</strong></span> <span class='ocrx_word' id='word_1_685' title='bbox 2758 4339 2897 4408; x_wconf 91' lang='lat' dir='ltr'><strong>quod</strong></span> <span class='ocrx_word' id='word_1_686' title='bbox 2927 4355 3029 4394; x_wconf 90' lang='lat' dir='ltr'><strong>non</strong></span> <span class='ocrx_word' id='word_1_687' title='bbox 3060 4349 3378 4410; x_wconf 90' lang='lat' dir='ltr'><strong>congrueret</strong></span> <span class='ocrx_word' id='word_1_688' title='bbox 3427 4339 3522 4396; x_wconf 82' lang='lat' dir='ltr'><strong>de-</strong></span> 
     </span>
    </p>
   </div>
   <div class='ocr_carea' id='block_1_86' title="bbox 1930 4435 3520 4503">
    <p class='ocr_par' dir='ltr' id='par_1_86' title="bbox 1930 4435 3520 4503">
     <span class='ocr_line' id='line_1_86' title="bbox 1930 4435 3520 4503; baseline -0.004 -8"><span class='ocrx_word' id='word_1_689' title='bbox 1930 4437 2184 4495; x_wconf 82' lang='lat' dir='ltr'><strong>structori</strong></span> <span class='ocrx_word' id='word_1_690' title='bbox 2210 4435 2496 4494; x_wconf 88' lang='lat' dir='ltr'><strong>Creatoris.</strong></span> <span class='ocrx_word' id='word_1_691' title='bbox 2527 4435 2596 4488; x_wconf 81' lang='lat' dir='ltr'><strong>At</strong></span> <span class='ocrx_word' id='word_1_692' title='bbox 2622 4448 2687 4489; x_wconf 78' lang='lat' dir='ltr'><strong>ex</strong></span> <span class='ocrx_word' id='word_1_693' title='bbox 2717 4439 2899 4487; x_wconf 86' lang='lat' dir='ltr'><strong>nostra</strong></span> <span class='ocrx_word' id='word_1_694' title='bbox 2930 4440 3100 4503; x_wconf 86' lang='lat' dir='ltr'><strong>parte,</strong></span> <span class='ocrx_word' id='word_1_695' title='bbox 3129 4447 3286 4503; x_wconf 86' lang='lat' dir='ltr'><strong>quam</strong></span> <span class='ocrx_word' id='word_1_696' title='bbox 3315 4446 3520 4488; x_wconf 85' lang='lat' dir='ltr'><strong>conve-</strong></span> 
     </span>
    </p>
   </div>
   <div class='ocr_carea' id='block_1_87' title="bbox 1425 4553 2252 4624">
    <p class='ocr_par' dir='ltr' id='par_1_87' title="bbox 1425 4553 2252 4624">
     <span class='ocr_line' id='line_1_87' title="bbox 1425 4553 2252 4624; baseline 0.005 -14"><span class='ocrx_word' id='word_1_697' title='bbox 1425 4553 1802 4622; x_wconf 78' lang='lat' dir='ltr'><strong>LECTIONES</strong></span> <span class='ocrx_word' id='word_1_698' title='bbox 1839 4561 2252 4624; x_wconf 77' lang='lat' dir='ltr'><strong>VARIANTES.</strong></span> 
     </span>
    </p>
   </div>
   <div class='ocr_carea' id='block_1_88' title="bbox 287 4667 1156 4860">
    <p class='ocr_par' dir='ltr' id='par_1_88' title="bbox 287 4667 1156 4860">
     <span class='ocr_line' id='line_1_88' title="bbox 316 4667 801 4731; baseline -0.006 -13"><span class='ocrx_word' id='word_1_699' title='bbox 316 4667 364 4730; x_wconf 83' lang='lat'><strong>1)</strong></span> <span class='ocrx_word' id='word_1_700' title='bbox 388 4667 692 4731; x_wconf 56' lang='lat' dir='ltr'><strong>Praemium</strong></span> <span class='ocrx_word' id='word_1_701' title='bbox 712 4678 801 4719; x_wconf 89' lang='lat' dir='ltr'><strong>ms.</strong></span> 
     </span>
     <span class='ocr_line' id='line_1_89' title="bbox 314 4729 1156 4782; baseline 0 -1"><span class='ocrx_word' id='word_1_702' title='bbox 314 4731 345 4781; x_wconf 75' lang='lat'><strong>‘3</strong></span> <span class='ocrx_word' id='word_1_703' title='bbox 391 4730 568 4781; x_wconf 71' lang='lat' dir='ltr'><strong>Malum</strong></span> <span class='ocrx_word' id='word_1_704' title='bbox 586 4729 764 4779; x_wconf 92' lang='lat' dir='ltr'><strong>malum</strong></span> <span class='ocrx_word' id='word_1_705' title='bbox 787 4729 1000 4781; x_wconf 88' lang='lat' dir='ltr'><strong>reddidit</strong></span> <span class='ocrx_word' id='word_1_706' title='bbox 1014 4731 1156 4782; x_wconf 85' lang='lat' dir='ltr'><strong>Pam.</strong></span> 
     </span>
     <span class='ocr_line' id='line_1_90' title="bbox 287 4678 775 4860; baseline -0.008 -15"><span class='ocrx_word' id='word_1_707' title='bbox 287 4678 364 4860; x_wconf 49' lang='lat' dir='ltr'><strong>i3;</strong></span> <span class='ocrx_word' id='word_1_708' title='bbox 390 4793 692 4845; x_wconf 69' lang='lat' dir='ltr'><strong>Ditimiturus</strong></span> <span class='ocrx_word' id='word_1_709' title='bbox 708 4791 775 4842; x_wconf 85' lang='lat' dir='ltr'><strong>al.</strong></span> 
     </span>
    </p>
   </div>
   <div class='ocr_carea' id='block_1_89' title="bbox 310 4791 775 4845">
    <p class='ocr_par' dir='ltr' id='par_1_89' title="bbox 310 4791 775 4845">
     <span class='ocr_line' id='line_1_91' title="bbox 310 4791 775 4845; baseline -0.009 0"><span class='ocrx_word' id='word_1_710' title='bbox 310 4791 364 4845; x_wconf 78' lang='lat' dir='ltr'><strong>3i</strong></span> <span class='ocrx_word' id='word_1_711' title='bbox 390 4793 692 4845; x_wconf 69' lang='lat' dir='ltr'><strong>Ditimiturus</strong></span> <span class='ocrx_word' id='word_1_712' title='bbox 708 4791 775 4842; x_wconf 85' lang='lat' dir='ltr'><strong>al.</strong></span> 
     </span>
    </p>
   </div>
   <div class='ocr_carea' id='block_1_90' title="bbox 1991 4671 2418 4744">
    <p class='ocr_par' dir='ltr' id='par_1_90' title="bbox 1991 4671 2418 4744">
     <span class='ocr_line' id='line_1_92' title="bbox 1991 4671 2418 4744; baseline -0.026 -13"><span class='ocrx_word' id='word_1_713' title='bbox 1991 4681 2004 4740; x_wconf 91' lang='lat'><strong>(</strong></span> <span class='ocrx_word' id='word_1_714' title='bbox 2016 4682 2065 4744; x_wconf 71' lang='grc'><strong>4)</strong></span> <span class='ocrx_word' id='word_1_715' title='bbox 2092 4679 2230 4744; x_wconf 83' lang='lat' dir='ltr'><strong>Fiant</strong></span> <span class='ocrx_word' id='word_1_716' title='bbox 2244 4671 2418 4744; x_wconf 28' lang='lat' dir='ltr'><strong>Sentit</strong></span> 
     </span>
    </p>
   </div>
   <div class='ocr_carea' id='block_1_91' title="bbox 1992 4735 2434 4803">
    <p class='ocr_par' dir='ltr' id='par_1_91' title="bbox 1992 4735 2434 4803">
     <span class='ocr_line' id='line_1_93' title="bbox 1992 4735 2434 4803; baseline -0.02 -10"><span class='ocrx_word' id='word_1_717' title='bbox 1992 4735 2065 4803; x_wconf 61' lang='grc' dir='ltr'><strong>(δ)</strong></span> <span class='ocrx_word' id='word_1_718' title='bbox 2092 4742 2162 4792; x_wconf 80' lang='lat' dir='ltr'><strong>Ad</strong></span> <span class='ocrx_word' id='word_1_719' title='bbox 2186 4739 2303 4788; x_wconf 84' lang='lat' dir='ltr'><strong>add.</strong></span> <span class='ocrx_word' id='word_1_720' title='bbox 2330 4735 2434 4803; x_wconf 82' lang='lat' dir='ltr'><strong>alii.</strong></span> 
     </span>
    </p>
   </div>
   <div class='ocr_carea' id='block_1_92' title="bbox 1990 4799 2797 4871">
    <p class='ocr_par' dir='ltr' id='par_1_92' title="bbox 1990 4799 2797 4871">
     <span class='ocr_line' id='line_1_94' title="bbox 1990 4799 2797 4871; baseline -0.015 -15"><span class='ocrx_word' id='word_1_721' title='bbox 1990 4799 2064 4871; x_wconf 75' lang='lat'><strong>(6)</strong></span> <span class='ocrx_word' id='word_1_722' title='bbox 2089 4803 2332 4856; x_wconf 84' lang='lat' dir='ltr'><strong>Christum</strong></span> <span class='ocrx_word' id='word_1_723' title='bbox 2351 4799 2481 4850; x_wconf 82' lang='lat' dir='ltr'><strong>abest</strong></span> <span class='ocrx_word' id='word_1_724' title='bbox 2498 4799 2620 4848; x_wconf 90' lang='lat' dir='ltr'><strong>Par.</strong></span> <span class='ocrx_word' id='word_1_725' title='bbox 2651 4804 2797 4847; x_wconf 75' lang='lat' dir='ltr'><strong>Frau.</strong></span> 
     </span>
    </p>
   </div>
   <div class='ocr_carea' id='block_1_93' title="bbox 1596 4905 2148 4968">
    <p class='ocr_par' dir='ltr' id='par_1_93' title="bbox 1596 4905 2148 4968">
     <span class='ocr_line' id='line_1_95' title="bbox 1596 4905 2148 4968; baseline 0 -5"><span class='ocrx_word' id='word_1_726' title='bbox 1596 4905 2148 4968; x_wconf 78' lang='lat' dir='ltr'><strong>COMMENTARIUS.</strong></span> 
     </span>
    </p>
   </div>
   <div class='ocr_carea' id='block_1_94' title="bbox 300 5017 1821 5094">
    <p class='ocr_par' dir='ltr' id='par_1_94' title="bbox 300 5017 1821 5094">
     <span class='ocr_line' id='line_1_96' title="bbox 300 5017 1821 5094; baseline 0.006 -23"><span class='ocrx_word' id='word_1_727' title='bbox 300 5018 380 5094; x_wconf 88' lang='lat' dir='ltr'><strong>(a)</strong></span> <span class='ocrx_word' id='word_1_728' title='bbox 416 5017 534 5094; x_wconf 48' lang='lat' dir='ltr'><strong>Qisi</strong></span> <span class='ocrx_word' id='word_1_729' title='bbox 570 5018 705 5090; x_wconf 79' lang='lat' dir='ltr'><strong>quod</strong></span> <span class='ocrx_word' id='word_1_730' title='bbox 731 5026 1039 5094; x_wconf 10' lang='lat' dir='ltr'><strong>necesseges‘t</strong></span> <span class='ocrx_word' id='word_1_731' title='bbox 1062 5060 1076 5084; x_wconf 95' lang='lat'><strong>,</strong></span> <span class='ocrx_word' id='word_1_732' title='bbox 1104 5017 1190 5094; x_wconf 75' lang='lat' dir='ltr'><strong>qui</strong></span> <span class='ocrx_word' id='word_1_733' title='bbox 1209 5033 1388 5094; x_wconf 67' lang='grc' dir='ltr'><strong>Δειιιηη</strong></span> <span class='ocrx_word' id='word_1_734' title='bbox 1435 5019 1696 5076; x_wconf 68' lang='lat' dir='ltr'><strong>dmoritur:</strong></span> <span class='ocrx_word' id='word_1_735' title='bbox 1719 5042 1821 5080; x_wconf 85' lang='lat' dir='ltr'><strong>non</strong></span> 
     </span>
    </p>
   </div>
   <div class='ocr_carea' id='block_1_95' title="bbox 227 5088 1820 5160">
    <p class='ocr_par' dir='ltr' id='par_1_95' title="bbox 227 5088 1820 5160">
     <span class='ocr_line' id='line_1_97' title="bbox 227 5088 1820 5160; baseline 0.003 -16"><span class='ocrx_word' id='word_1_736' title='bbox 227 5088 396 5146; x_wconf 66' lang='lat' dir='ltr'><strong>habet.</strong></span> <span class='ocrx_word' id='word_1_737' title='bbox 427 5088 658 5146; x_wconf 76' lang='lat' dir='ltr'><strong>Necesse</strong></span> <span class='ocrx_word' id='word_1_738' title='bbox 686 5098 787 5155; x_wconf 87' lang='lat' dir='ltr'><strong>est,</strong></span> <span class='ocrx_word' id='word_1_739' title='bbox 814 5091 978 5160; x_wconf 87' lang='lat' dir='ltr'><strong>inquit</strong></span> <span class='ocrx_word' id='word_1_740' title='bbox 999 5088 1309 5158; x_wconf 83' lang='lat' dir='ltr'><strong>Septimius,</strong></span> <span class='ocrx_word' id='word_1_741' title='bbox 1337 5102 1541 5160; x_wconf 72' lang='lat' dir='ltr'><strong>quaerat</strong></span> <span class='ocrx_word' id='word_1_742' title='bbox 1571 5095 1668 5148; x_wconf 92' lang='lat' dir='ltr'><strong>sibi</strong></span> <span class='ocrx_word' id='word_1_743' title='bbox 1706 5113 1820 5150; x_wconf 87' lang='lat' dir='ltr'><strong>mo-</strong></span> 
     </span>
    </p>
   </div>
   <div class='ocr_carea' id='block_1_96' title="bbox 227 5161 1818 5231">
    <p class='ocr_par' dir='ltr' id='par_1_96' title="bbox 227 5161 1818 5231">
     <span class='ocr_line' id='line_1_98' title="bbox 227 5161 1818 5231; baseline 0.002 -14"><span class='ocrx_word' id='word_1_744' title='bbox 227 5172 408 5218; x_wconf 87' lang='lat' dir='ltr'><strong>netam</strong></span> <span class='ocrx_word' id='word_1_745' title='bbox 437 5165 570 5216; x_wconf 81' lang='lat' dir='ltr'><strong>deus</strong></span> <span class='ocrx_word' id='word_1_746' title='bbox 602 5161 902 5224; x_wconf 70' lang='lat' dir='ltr'><strong>Marcionis,</strong></span> <span class='ocrx_word' id='word_1_747' title='bbox 952 5161 1042 5231; x_wconf 87' lang='lat' dir='ltr'><strong>qui</strong></span> <span class='ocrx_word' id='word_1_748' title='bbox 1076 5176 1231 5213; x_wconf 81' lang='lat' dir='ltr'><strong>suum</strong></span> <span class='ocrx_word' id='word_1_749' title='bbox 1261 5161 1538 5216; x_wconf 72' lang='lat' dir='ltr'><strong>denarium</strong></span> <span class='ocrx_word' id='word_1_750' title='bbox 1591 5181 1696 5218; x_wconf 91' lang='lat' dir='ltr'><strong>non</strong></span> <span class='ocrx_word' id='word_1_751' title='bbox 1725 5167 1818 5220; x_wconf 86' lang='lat' dir='ltr'><strong>ha-</strong></span> 
     </span>
    </p>
   </div>
   <div class='ocr_carea' id='block_1_97' title="bbox 227 5232 1820 5300">
    <p class='ocr_par' dir='ltr' id='par_1_97' title="bbox 227 5232 1820 5300">
     <span class='ocr_line' id='line_1_99' title="bbox 227 5232 1820 5300; baseline 0.003 -11"><span class='ocrx_word' id='word_1_752' title='bbox 227 5234 338 5289; x_wconf 88' lang='lat' dir='ltr'><strong>bet.</strong></span> <span class='ocrx_word' id='word_1_753' title='bbox 362 5235 577 5300; x_wconf 74' lang='lat' dir='ltr'><strong>Quzerat</strong></span> <span class='ocrx_word' id='word_1_754' title='bbox 605 5233 705 5285; x_wconf 92' lang='lat' dir='ltr'><strong>sibi</strong></span> <span class='ocrx_word' id='word_1_755' title='bbox 733 5232 1002 5285; x_wconf 82' lang='lat' dir='ltr'><strong>hominem</strong></span> <span class='ocrx_word' id='word_1_756' title='bbox 1036 5233 1290 5292; x_wconf 82' lang='lat' dir='ltr'><strong>alienum.</strong></span> <span class='ocrx_word' id='word_1_757' title='bbox 1312 5232 1400 5298; x_wconf 84' lang='lat' dir='ltr'><strong>qui</strong></span> <span class='ocrx_word' id='word_1_758' title='bbox 1429 5234 1636 5289; x_wconf 90' lang='lat' dir='ltr'><strong>nullmn</strong></span> <span class='ocrx_word' id='word_1_759' title='bbox 1658 5236 1820 5293; x_wconf 90' lang='lat' dir='ltr'><strong>habet</strong></span> 
     </span>
    </p>
   </div>
   <div class='ocr_carea' id='block_1_98' title="bbox 227 5301 1362 5375">
    <p class='ocr_par' dir='ltr' id='par_1_98' title="bbox 227 5301 1362 5375">
     <span class='ocr_line' id='line_1_100' title="bbox 227 5301 1362 5375; baseline -0.003 -15"><span class='ocrx_word' id='word_1_760' title='bbox 227 5319 384 5360; x_wconf 82' lang='lat' dir='ltr'><strong>suum</strong></span> <span class='ocrx_word' id='word_1_761' title='bbox 413 5307 501 5375; x_wconf 90' lang='lat' dir='ltr'><strong>qui</strong></span> <span class='ocrx_word' id='word_1_762' title='bbox 528 5303 728 5357; x_wconf 89' lang='lat' dir='ltr'><strong>nullam</strong></span> <span class='ocrx_word' id='word_1_763' title='bbox 760 5301 964 5357; x_wconf 89' lang='lat' dir='ltr'><strong>scilicet</strong></span> <span class='ocrx_word' id='word_1_764' title='bbox 991 5305 1211 5356; x_wconf 88' lang='lat' dir='ltr'><strong>creavit.</strong></span> <span class='ocrx_word' id='word_1_765' title='bbox 1243 5303 1362 5358; x_wconf 78' lang='lat' dir='ltr'><strong>th.</strong></span> 
     </span>
    </p>
   </div>
   <div class='ocr_carea' id='block_1_99' title="bbox 301 5374 1818 5447">
    <p class='ocr_par' dir='ltr' id='par_1_99' title="bbox 301 5374 1818 5447">
     <span class='ocr_line' id='line_1_101' title="bbox 301 5374 1818 5447; baseline -0.003 -16"><span class='ocrx_word' id='word_1_766' title='bbox 301 5376 384 5447; x_wconf 92' lang='lat' dir='ltr'><strong>(b)</strong></span> <span class='ocrx_word' id='word_1_767' title='bbox 427 5374 706 5430; x_wconf 73' lang='lat' dir='ltr'><strong>Sadducwi</strong></span> <span class='ocrx_word' id='word_1_768' title='bbox 749 5375 1126 5428; x_wconf 85' lang='lat' dir='ltr'><strong>resurrectionis</strong></span> <span class='ocrx_word' id='word_1_769' title='bbox 1167 5386 1450 5444; x_wconf 79' lang='lat' dir='ltr'><strong>negatores.</strong></span> <span class='ocrx_word' id='word_1_770' title='bbox 1489 5374 1818 5445; x_wconf 80' lang='lat' dir='ltr'><strong>Epiphanius</strong></span> 
     </span>
    </p>
   </div>
   <div class='ocr_carea' id='block_1_100' title="bbox 231 5446 1820 5518">
    <p class='ocr_par' dir='ltr' id='par_1_100' title="bbox 231 5446 1820 5518">
     <span class='ocr_line' id='line_1_102' title="bbox 231 5446 1820 5518; baseline 0.001 -17"><span class='ocrx_word' id='word_1_771' title='bbox 231 5446 404 5516; x_wconf 58' lang='grc' dir='ltr'><strong>(ΗΕΓ.</strong></span> <span class='ocrx_word' id='word_1_772' title='bbox 442 5447 509 5501; x_wconf 73' lang='grc'><strong>14</strong></span> <span class='ocrx_word' id='word_1_773' title='bbox 536 5446 554 5518; x_wconf 90' lang='grc'>)</span> <span class='ocrx_word' id='word_1_774' title='bbox 580 5461 592 5500; x_wconf 78' lang='lat'><strong>2</strong></span> <span class='ocrx_word' id='word_1_775' title='bbox 636 5453 865 5505; x_wconf 71' lang='grc' dir='ltr'><strong>ἦθιτὴσιιν</strong></span> <span class='ocrx_word' id='word_1_776' title='bbox 903 5455 986 5512; x_wconf 73' lang='grc' dir='ltr'><strong>μὶν</strong></span> <span class='ocrx_word' id='word_1_777' title='bbox 1015 5449 1098 5513; x_wconf 66' lang='grc' dir='ltr'><strong>γὰρ</strong></span> <span class='ocrx_word' id='word_1_778' title='bbox 1140 5455 1268 5499; x_wconf 77' lang='grc' dir='ltr'><strong>οῦτοι</strong></span> <span class='ocrx_word' id='word_1_779' title='bbox 1304 5464 1467 5515; x_wconf 69' lang='grc' dir='ltr'><strong>νεκρῶν</strong></span> <span class='ocrx_word' id='word_1_780' title='bbox 1496 5457 1580 5502; x_wconf 59' lang='grc' dir='ltr'><strong>τίν</strong></span> <span class='ocrx_word' id='word_1_781' title='bbox 1605 5454 1820 5505; x_wconf 67' lang='grc' dir='ltr'><strong>ἀνάστα.-</strong></span> 
     </span>
    </p>
   </div>
   <div class='ocr_carea' id='block_1_101' title="bbox 228 5521 1819 5587">
    <p class='ocr_par' dir='ltr' id='par_1_101' title="bbox 228 5521 1819 5587">
     <span class='ocr_line' id='line_1_103' title="bbox 228 5521 1819 5587; baseline 0.013 -33"><span class='ocrx_word' id='word_1_782' title='bbox 228 5543 349 5584; x_wconf 53' lang='grc' dir='ltr'><strong>σιον,</strong></span> <span class='ocrx_word' id='word_1_783' title='bbox 379 5530 524 5587; x_wconf 45' lang='lat' dir='ltr'><strong>Wa“,</strong></span> <span class='ocrx_word' id='word_1_784' title='bbox 550 5526 863 5587; x_wconf 45' lang='lat' dir='ltr'><strong>“Inputat;</strong></span> <span class='ocrx_word' id='word_1_785' title='bbox 886 5523 1150 5586; x_wconf 67' lang='grc' dir='ltr'><strong>φρονοῦντες</strong></span> <span class='ocrx_word' id='word_1_786' title='bbox 1179 5531 1192 5568; x_wconf 88' lang='lat'><strong>:</strong></span> <span class='ocrx_word' id='word_1_787' title='bbox 1225 5527 1536 5587; x_wconf 84' lang='lat' dir='ltr'><strong>mortuorum</strong></span> <span class='ocrx_word' id='word_1_788' title='bbox 1569 5521 1698 5572; x_wconf 80' lang='lat' dir='ltr'><strong>enim</strong></span> <span class='ocrx_word' id='word_1_789' title='bbox 1742 5539 1819 5574; x_wconf 78' lang='lat' dir='ltr'><strong>re-</strong></span> 
     </span>
    </p>
   </div>
   <div class='ocr_carea' id='block_1_102' title="bbox 227 5586 1818 5660">
    <p class='ocr_par' dir='ltr' id='par_1_102' title="bbox 227 5586 1818 5660">
     <span class='ocr_line' id='line_1_104' title="bbox 227 5586 1818 5660; baseline 0.002 -18"><span class='ocrx_word' id='word_1_790' title='bbox 227 5586 588 5644; x_wconf 82' lang='lat' dir='ltr'><strong>surrectionem</strong></span> <span class='ocrx_word' id='word_1_791' title='bbox 612 5586 856 5660; x_wconf 82' lang='lat' dir='ltr'><strong>negarunt</strong></span> <span class='ocrx_word' id='word_1_792' title='bbox 888 5628 902 5649; x_wconf 87' lang='lat'><strong>.</strong></span> <span class='ocrx_word' id='word_1_793' title='bbox 929 5587 1104 5640; x_wconf 85' lang='lat' dir='ltr'><strong>eadem</strong></span> <span class='ocrx_word' id='word_1_794' title='bbox 1137 5602 1253 5639; x_wconf 88' lang='lat' dir='ltr'><strong>cum</strong></span> <span class='ocrx_word' id='word_1_795' title='bbox 1280 5586 1555 5660; x_wconf 71' lang='lat' dir='ltr'><strong>Sumat-itis</strong></span> <span class='ocrx_word' id='word_1_796' title='bbox 1597 5592 1818 5646; x_wconf 82' lang='lat' dir='ltr'><strong>sentien-</strong></span> 
     </span>
    </p>
   </div>
   <div class='ocr_carea' id='block_1_103' title="bbox 229 5657 1820 5730">
    <p class='ocr_par' dir='ltr' id='par_1_103' title="bbox 229 5657 1820 5730">
     <span class='ocr_line' id='line_1_105' title="bbox 229 5657 1820 5730; baseline 0.003 -17"><span class='ocrx_word' id='word_1_797' title='bbox 229 5669 321 5715; x_wconf 85' lang='lat' dir='ltr'><strong>tes.</strong></span> <span class='ocrx_word' id='word_1_798' title='bbox 351 5661 536 5730; x_wconf 83' lang='lat' dir='ltr'><strong>Neque</strong></span> <span class='ocrx_word' id='word_1_799' title='bbox 559 5657 764 5714; x_wconf 80' lang='lat' dir='ltr'><strong>tantnm</strong></span> <span class='ocrx_word' id='word_1_800' title='bbox 795 5660 1243 5730; x_wconf 86' lang='lat' dir='ltr'><strong>resurrectionem</strong></span> <span class='ocrx_word' id='word_1_801' title='bbox 1272 5699 1286 5722; x_wconf 87' lang='lat'><strong>,</strong></span> <span class='ocrx_word' id='word_1_802' title='bbox 1312 5657 1598 5730; x_wconf 83' lang='lat' dir='ltr'><strong>sed_eti:un</strong></span> <span class='ocrx_word' id='word_1_803' title='bbox 1627 5663 1820 5717; x_wconf 73' lang='lat' dir='ltr'><strong>anima:</strong></span> 
     </span>
    </p>
   </div>
   <div class='ocr_carea' id='block_1_104' title="bbox 228 5727 1822 5798">
    <p class='ocr_par' dir='ltr' id='par_1_104' title="bbox 228 5727 1822 5798">
     <span class='ocr_line' id='line_1_106' title="bbox 228 5727 1822 5798; baseline 0.001 -14"><span class='ocrx_word' id='word_1_804' title='bbox 228 5727 680 5787; x_wconf 80' lang='lat' dir='ltr'><strong>immortalitatem</strong></span> <span class='ocrx_word' id='word_1_805' title='bbox 697 5729 1046 5793; x_wconf 88' lang='lat' dir='ltr'><strong>sustulerunt,</strong></span> <span class='ocrx_word' id='word_1_806' title='bbox 1077 5738 1133 5782; x_wconf 93' lang='lat' dir='ltr'><strong>ut</strong></span> <span class='ocrx_word' id='word_1_807' title='bbox 1156 5738 1380 5782; x_wconf 89' lang='lat' dir='ltr'><strong>testatur</strong></span> <span class='ocrx_word' id='word_1_808' title='bbox 1398 5727 1687 5798; x_wconf 80' lang='lat' dir='ltr'><strong>Josephus,</strong></span> <span class='ocrx_word' id='word_1_809' title='bbox 1715 5733 1822 5786; x_wconf 77' lang='lat' dir='ltr'><strong>Au-</strong></span> 
     </span>
    </p>
   </div>
   <div class='ocr_carea' id='block_1_105' title="bbox 227 5798 1820 5872">
    <p class='ocr_par' dir='ltr' id='par_1_105' title="bbox 227 5798 1820 5872">
     <span class='ocr_line' id='line_1_107' title="bbox 227 5798 1820 5872; baseline 0.002 -17"><span class='ocrx_word' id='word_1_810' title='bbox 227 5805 318 5872; x_wconf 83' lang='lat' dir='ltr'><strong>tiq.</strong></span> <span class='ocrx_word' id='word_1_811' title='bbox 339 5802 472 5857; x_wconf 72' lang='lat' dir='ltr'><strong>Iud.</strong></span> <span class='ocrx_word' id='word_1_812' title='bbox 499 5803 590 5857; x_wconf 88' lang='lat' dir='ltr'><strong>lib.</strong></span> <span class='ocrx_word' id='word_1_813' title='bbox 610 5799 847 5856; x_wconf 76' lang='lat' dir='ltr'><strong>XVIII.A</strong></span> <span class='ocrx_word' id='word_1_814' title='bbox 864 5800 1115 5872; x_wconf 84' lang='lat' dir='ltr'><strong>Dositheo</strong></span> <span class='ocrx_word' id='word_1_815' title='bbox 1137 5809 1478 5872; x_wconf 84' lang='lat' dir='ltr'><strong>prOpagatam</strong></span> <span class='ocrx_word' id='word_1_816' title='bbox 1495 5798 1656 5853; x_wconf 78' lang='lat' dir='ltr'><strong>fuisse</strong></span> <span class='ocrx_word' id='word_1_817' title='bbox 1673 5844 1688 5867; x_wconf 90' lang='lat'><strong>,</strong></span> <span class='ocrx_word' id='word_1_818' title='bbox 1711 5814 1820 5858; x_wconf 89' lang='lat' dir='ltr'><strong>tum</strong></span> 
     </span>
    </p>
   </div>
   <div class='ocr_carea' id='block_1_106' title="bbox 225 5870 1823 5937">
    <p class='ocr_par' dir='ltr' id='par_1_106' title="bbox 225 5870 1823 5937">
     <span class='ocr_line' id='line_1_108' title="bbox 225 5870 1823 5937; baseline -0.001 -7"><span class='ocrx_word' id='word_1_819' title='bbox 225 5870 643 5930; x_wconf 62' lang='lat' dir='ltr'><strong>Sedduccorum</strong></span> <span class='ocrx_word' id='word_1_820' title='bbox 671 5915 686 5937; x_wconf 91' lang='lat'><strong>,</strong></span> <span class='ocrx_word' id='word_1_821' title='bbox 725 5881 835 5926; x_wconf 88' lang='lat' dir='ltr'><strong>tmn</strong></span> <span class='ocrx_word' id='word_1_822' title='bbox 886 5871 1344 5926; x_wconf 87' lang='lat' dir='ltr'><strong>Samaritanorum</strong></span> <span class='ocrx_word' id='word_1_823' title='bbox 1379 5870 1605 5924; x_wconf 79' lang='lat' dir='ltr'><strong>hteresin</strong></span> <span class='ocrx_word' id='word_1_824' title='bbox 1665 5873 1823 5929; x_wconf 90' lang='lat' dir='ltr'><strong>docet</strong></span> 
     </span>
    </p>
   </div>
   <div class='ocr_carea' id='block_1_107' title="bbox 226 5940 1824 6014">
    <p class='ocr_par' dir='ltr' id='par_1_107' title="bbox 226 5940 1824 6014">
     <span class='ocr_line' id='line_1_109' title="bbox 226 5940 1824 6014; baseline 0 -14"><span class='ocrx_word' id='word_1_825' title='bbox 226 5945 286 6000; x_wconf 87' lang='grc' dir='ltr'><strong>Β.</strong></span> <span class='ocrx_word' id='word_1_826' title='bbox 307 5945 619 6014; x_wconf 85' lang='lat' dir='ltr'><strong>Hier.,dial.</strong></span> <span class='ocrx_word' id='word_1_827' title='bbox 637 5954 822 6000; x_wconf 86' lang='lat' dir='ltr'><strong>contra</strong></span> <span class='ocrx_word' id='word_1_828' title='bbox 852 5942 1041 5998; x_wconf 83' lang='lat' dir='ltr'><strong>Lucit.;</strong></span> <span class='ocrx_word' id='word_1_829' title='bbox 1062 5940 1244 6014; x_wconf 79' lang='lat' dir='ltr'><strong>Taceo,</strong></span> <span class='ocrx_word' id='word_1_830' title='bbox 1262 5941 1449 6010; x_wconf 84' lang='lat' dir='ltr'><strong>inquit,</strong></span> <span class='ocrx_word' id='word_1_831' title='bbox 1476 5941 1538 5996; x_wconf 83' lang='lat' dir='ltr'><strong>de</strong></span> <span class='ocrx_word' id='word_1_832' title='bbox 1562 5941 1824 6000; x_wconf 72' lang='lat' dir='ltr'><strong>luditis-nti</strong></span> 
     </span>
    </p>
   </div>
   <div class='ocr_carea' id='block_1_108' title="bbox 1926 5012 3508 5092">
    <p class='ocr_par' dir='ltr' id='par_1_108' title="bbox 1926 5012 3508 5092">
     <span class='ocr_line' id='line_1_110' title="bbox 1926 5012 3508 5092; baseline -0.001 -14"><span class='ocrx_word' id='word_1_833' title='bbox 1926 5024 2172 5080; x_wconf 74' lang='lat' dir='ltr'><strong>hwreticis</strong></span> <span class='ocrx_word' id='word_1_834' title='bbox 2198 5066 2210 5087; x_wconf 89' lang='lat'><strong>,</strong></span> <span class='ocrx_word' id='word_1_835' title='bbox 2244 5023 2328 5092; x_wconf 81' lang='lat' dir='ltr'><strong>qui</strong></span> <span class='ocrx_word' id='word_1_836' title='bbox 2379 5029 2509 5092; x_wconf 86' lang='lat' dir='ltr'><strong>aute_</strong></span> <span class='ocrx_word' id='word_1_837' title='bbox 2545 5012 3024 5092; x_wconf 72' lang='lat' dir='ltr'><strong>adueiitttiit_Cltristi</strong></span> <span class='ocrx_word' id='word_1_838' title='bbox 3072 5014 3229 5087; x_wconf 82' lang='lat' dir='ltr'><strong>legent</strong></span> <span class='ocrx_word' id='word_1_839' title='bbox 3269 5020 3508 5092; x_wconf 85' lang='lat' dir='ltr'><strong>traditam</strong></span> 
     </span>
    </p>
   </div>
   <div class='ocr_carea' id='block_1_109' title="bbox 1924 5085 3512 5167">
    <p class='ocr_par' dir='ltr' id='par_1_109' title="bbox 1924 5085 3512 5167">
     <span class='ocr_line' id='line_1_111' title="bbox 1924 5085 3512 5167; baseline -0.002 -19"><span class='ocrx_word' id='word_1_840' title='bbox 1924 5085 2235 5167; x_wconf 80' lang='lat' dir='ltr'><strong>dissiparuat</strong></span> <span class='ocrx_word' id='word_1_841' title='bbox 2256 5085 2277 5156; x_wconf 71' lang='grc'><strong>’;</strong></span> <span class='ocrx_word' id='word_1_842' title='bbox 2308 5092 2441 5159; x_wconf 84' lang='lat' dir='ltr'><strong>quod</strong></span> <span class='ocrx_word' id='word_1_843' title='bbox 2474 5085 3236 5167; x_wconf 52' lang='lat' dir='ltr'><strong>Desit/reus,Samaritanorum</strong></span> <span class='ocrx_word' id='word_1_844' title='bbox 3257 5091 3512 5167; x_wconf 77' lang='lat' dir='ltr'><strong>princeps,</strong></span> 
     </span>
    </p>
   </div>
   <div class='ocr_carea' id='block_1_110' title="bbox 1924 5156 3514 5238">
    <p class='ocr_par' dir='ltr' id='par_1_110' title="bbox 1924 5156 3514 5238">
     <span class='ocr_line' id='line_1_112' title="bbox 1924 5156 3514 5238; baseline -0.001 -21"><span class='ocrx_word' id='word_1_845' title='bbox 1924 5156 2192 5238; x_wconf 62' lang='lat' dir='ltr'><strong>prophetas</strong></span> <span class='ocrx_word' id='word_1_846' title='bbox 2226 5156 2525 5234; x_wconf 79' lang='lat' dir='ltr'><strong>repudiavit,</strong></span> <span class='ocrx_word' id='word_1_847' title='bbox 2581 5157 2717 5236; x_wconf 79' lang='lat' dir='ltr'><strong>quod</strong></span> <span class='ocrx_word' id='word_1_848' title='bbox 2757 5156 3114 5237; x_wconf 71' lang='lat' dir='ltr'><strong>Sudduewiex</strong></span> <span class='ocrx_word' id='word_1_849' title='bbox 3159 5156 3296 5213; x_wconf 83' lang='lat' dir='ltr'><strong>illius</strong></span> <span class='ocrx_word' id='word_1_850' title='bbox 3344 5156 3514 5238; x_wconf 72' lang='lat' dir='ltr'><strong>radice</strong></span> 
     </span>
    </p>
   </div>
   <div class='ocr_carea' id='block_1_111' title="bbox 1927 5229 3511 5297">
    <p class='ocr_par' dir='ltr' id='par_1_111' title="bbox 1927 5229 3511 5297">
     <span class='ocr_line' id='line_1_113' title="bbox 1927 5229 3511 5297; baseline -0.002 -6"><span class='ocrx_word' id='word_1_851' title='bbox 1927 5229 2186 5292; x_wconf 63' lang='lat' dir='ltr'><strong>iiasi&#39;cntes</strong></span> <span class='ocrx_word' id='word_1_852' title='bbox 2217 5229 2367 5288; x_wconf 74' lang='lat' dir='ltr'><strong>etiam</strong></span> <span class='ocrx_word' id='word_1_853' title='bbox 2391 5231 2800 5285; x_wconf 65' lang='lat' dir='ltr'><strong>resurrectionem</strong></span> <span class='ocrx_word' id='word_1_854' title='bbox 2831 5229 2996 5282; x_wconf 78' lang='lat' dir='ltr'><strong>mritis</strong></span> <span class='ocrx_word' id='word_1_855' title='bbox 3023 5241 3346 5297; x_wconf 71' lang='lat' dir='ltr'><strong>negaverunt.</strong></span> <span class='ocrx_word' id='word_1_856' title='bbox 3377 5233 3511 5288; x_wconf 85' lang='lat' dir='ltr'><strong>Dicti</strong></span> 
     </span>
    </p>
   </div>
   <div class='ocr_carea' id='block_1_112' title="bbox 1923 5298 3524 5368">
    <p class='ocr_par' dir='ltr' id='par_1_112' title="bbox 1923 5298 3524 5368">
     <span class='ocr_line' id='line_1_114' title="bbox 1923 5298 3524 5368; baseline -0.004 -5"><span class='ocrx_word' id='word_1_857' title='bbox 1923 5320 2046 5363; x_wconf 89' lang='lat' dir='ltr'><strong>sunt</strong></span> <span class='ocrx_word' id='word_1_858' title='bbox 2087 5307 2363 5364; x_wconf 63' lang='lat' dir='ltr'><strong>Sadducaei</strong></span> <span class='ocrx_word' id='word_1_859' title='bbox 2391 5319 2420 5357; x_wconf 92' lang='lat' dir='ltr'><strong>a</strong></span> <span class='ocrx_word' id='word_1_860' title='bbox 2461 5299 2673 5356; x_wconf 84' lang='lat' dir='ltr'><strong>Sadoko</strong></span> <span class='ocrx_word' id='word_1_861' title='bbox 2705 5298 2953 5368; x_wconf 81' lang='lat' dir='ltr'><strong>Antigoni</strong></span> <span class='ocrx_word' id='word_1_862' title='bbox 3012 5299 3308 5368; x_wconf 80' lang='lat' dir='ltr'><strong>discipulo;</strong></span> <span class='ocrx_word' id='word_1_863' title='bbox 3360 5304 3403 5356; x_wconf 92' lang='lat' dir='ltr'><strong>is</strong></span> <span class='ocrx_word' id='word_1_864' title='bbox 3424 5319 3524 5357; x_wconf 81' lang='lat' dir='ltr'><strong>au-</strong></span> 
     </span>
    </p>
   </div>
   <div class='ocr_carea' id='block_1_113' title="bbox 1929 5371 3521 5447">
    <p class='ocr_par' dir='ltr' id='par_1_113' title="bbox 1929 5371 3521 5447">
     <span class='ocr_line' id='line_1_115' title="bbox 1929 5371 3521 5447; baseline -0.003 -13"><span class='ocrx_word' id='word_1_865' title='bbox 1929 5391 2035 5434; x_wconf 85' lang='lat' dir='ltr'><strong>tent</strong></span> <span class='ocrx_word' id='word_1_866' title='bbox 2096 5379 2394 5447; x_wconf 82' lang='lat' dir='ltr'><strong>Antigonus</strong></span> <span class='ocrx_word' id='word_1_867' title='bbox 2439 5372 2734 5447; x_wconf 83' lang='lat' dir='ltr'><strong>discipulus</strong></span> <span class='ocrx_word' id='word_1_868' title='bbox 2787 5371 3249 5447; x_wconf 55' lang='lat' dir='ltr'><strong>[ttetptSjntCOttiS</strong></span> <span class='ocrx_word' id='word_1_869' title='bbox 3270 5372 3432 5440; x_wconf 89' lang='lat' dir='ltr'><strong>Justi,</strong></span> <span class='ocrx_word' id='word_1_870' title='bbox 3462 5383 3521 5431; x_wconf 79' lang='lat' dir='ltr'><strong>ut</strong></span> 
     </span>
    </p>
   </div>
   <div class='ocr_carea' id='block_1_114' title="bbox 1927 5440 3094 5521">
    <p class='ocr_par' dir='ltr' id='par_1_114' title="bbox 1927 5440 3094 5521">
     <span class='ocr_line' id='line_1_116' title="bbox 1927 5440 3094 5521; baseline -0.009 -16"><span class='ocrx_word' id='word_1_871' title='bbox 1927 5440 2759 5521; x_wconf 45' lang='lat' dir='ltr'><strong>referturinvl‘irkeavoth,cap.</strong></span> <span class='ocrx_word' id='word_1_872' title='bbox 2794 5441 2846 5521; x_wconf 41' lang='grc' dir='ltr'><strong>ιλ</strong></span> <span class='ocrx_word' id='word_1_873' title='bbox 2890 5440 2966 5494; x_wconf 75' lang='lat' dir='ltr'><strong>LE</strong></span> <span class='ocrx_word' id='word_1_874' title='bbox 2999 5441 3094 5521; x_wconf 54' lang='lat' dir='ltr'><strong>Pu:</strong></span> 
     </span>
    </p>
   </div>
   <div class='ocr_carea' id='block_1_115' title="bbox 2006 5512 3517 5590">
    <p class='ocr_par' dir='ltr' id='par_1_115' title="bbox 2006 5512 3517 5590">
     <span class='ocr_line' id='line_1_117' title="bbox 2006 5512 3517 5590; baseline 0.001 -19"><span class='ocrx_word' id='word_1_875' title='bbox 2006 5522 2078 5590; x_wconf 69' lang='lat' dir='ltr'><strong>(e)</strong></span> <span class='ocrx_word' id='word_1_876' title='bbox 2108 5519 2226 5574; x_wconf 74' lang='lat' dir='ltr'><strong>Non</strong></span> <span class='ocrx_word' id='word_1_877' title='bbox 2253 5518 2418 5590; x_wconf 79' lang='lat' dir='ltr'><strong>David</strong></span> <span class='ocrx_word' id='word_1_878' title='bbox 2448 5531 2665 5590; x_wconf 69' lang='lat' dir='ltr'><strong>errorem</strong></span> <span class='ocrx_word' id='word_1_879' title='bbox 2708 5512 3027 5590; x_wconf 51' lang='lat' dir='ltr'><strong>Scriottrttiit.</strong></span> <span class='ocrx_word' id='word_1_880' title='bbox 3072 5512 3150 5567; x_wconf 86' lang='lat' dir='ltr'><strong>Ne</strong></span> <span class='ocrx_word' id='word_1_881' title='bbox 3178 5529 3263 5590; x_wconf 68' lang='lat' dir='ltr'><strong>res</strong></span> <span class='ocrx_word' id='word_1_882' title='bbox 3284 5515 3517 5590; x_wconf 72' lang='lat' dir='ltr'><strong>Cephise</strong></span> 
     </span>
    </p>
   </div>
   <div class='ocr_carea' id='block_1_116' title="bbox 1929 5581 3512 5652">
    <p class='ocr_par' dir='ltr' id='par_1_116' title="bbox 1929 5581 3512 5652">
     <span class='ocr_line' id='line_1_118' title="bbox 1929 5581 3512 5652; baseline -0.003 -6"><span class='ocrx_word' id='word_1_883' title='bbox 1929 5581 2222 5646; x_wconf 75' lang='lat' dir='ltr'><strong>tractentur</strong></span> <span class='ocrx_word' id='word_1_884' title='bbox 2255 5633 2268 5652; x_wconf 92' lang='lat'><strong>,</strong></span> <span class='ocrx_word' id='word_1_885' title='bbox 2304 5585 2684 5642; x_wconf 84' lang='lat' dir='ltr'><strong>advertendum</strong></span> <span class='ocrx_word' id='word_1_886' title='bbox 2716 5592 2797 5636; x_wconf 89' lang='lat' dir='ltr'><strong>est</strong></span> <span class='ocrx_word' id='word_1_887' title='bbox 2835 5581 3140 5636; x_wconf 75' lang='lat' dir='ltr'><strong>Scribarum</strong></span> <span class='ocrx_word' id='word_1_888' title='bbox 3191 5585 3299 5639; x_wconf 91' lang='lat' dir='ltr'><strong>duo</strong></span> <span class='ocrx_word' id='word_1_889' title='bbox 3349 5587 3512 5642; x_wconf 81' lang='lat' dir='ltr'><strong>fuisse</strong></span> 
     </span>
    </p>
   </div>
   <div class='ocr_carea' id='block_1_117' title="bbox 1924 5656 3512 5734">
    <p class='ocr_par' dir='ltr' id='par_1_117' title="bbox 1924 5656 3512 5734">
     <span class='ocr_line' id='line_1_119' title="bbox 1924 5656 3512 5734; baseline -0.001 -22"><span class='ocrx_word' id='word_1_890' title='bbox 1924 5679 2146 5730; x_wconf 78' lang='lat' dir='ltr'><strong>genera,</strong></span> <span class='ocrx_word' id='word_1_891' title='bbox 2181 5662 2267 5715; x_wconf 91' lang='lat' dir='ltr'><strong>alii</strong></span> <span class='ocrx_word' id='word_1_892' title='bbox 2294 5659 2761 5734; x_wconf 32' lang='grc' dir='ltr'><strong>υιιίιΙι-ςκρζμμᾶτεις</strong></span> <span class='ocrx_word' id='word_1_893' title='bbox 2781 5660 2863 5734; x_wconf 48' lang='grc' dir='ltr'><strong>τχῧ</strong></span> <span class='ocrx_word' id='word_1_894' title='bbox 2888 5656 3316 5734; x_wconf 44' lang='lat' dir='ltr'><strong>va‘uwuextitcrc,</strong></span> <span class='ocrx_word' id='word_1_895' title='bbox 3345 5666 3398 5711; x_wconf 91' lang='lat' dir='ltr'><strong>et</strong></span> <span class='ocrx_word' id='word_1_896' title='bbox 3422 5657 3512 5712; x_wconf 90' lang='lat' dir='ltr'><strong>alii</strong></span> 
     </span>
    </p>
   </div>
   <div class='ocr_carea' id='block_1_118' title="bbox 1925 5725 3520 5805">
    <p class='ocr_par' dir='ltr' id='par_1_118' title="bbox 1925 5725 3520 5805">
     <span class='ocr_line' id='line_1_120' title="bbox 1925 5725 3520 5805; baseline -0.002 -19"><span class='ocrx_word' id='word_1_897' title='bbox 1925 5725 2222 5805; x_wconf 53' lang='grc' dir='ltr'><strong>ξριμμάὲεις</strong></span> <span class='ocrx_word' id='word_1_898' title='bbox 2263 5725 2628 5785; x_wconf 68' lang='lat' dir='ltr'><strong>).éoo.Set&#39;ih:1:</strong></span> <span class='ocrx_word' id='word_1_899' title='bbox 2660 5725 3076 5805; x_wconf 66' lang='lat' dir='ltr'><strong>pupttliactuarii</strong></span> <span class='ocrx_word' id='word_1_900' title='bbox 3120 5727 3230 5779; x_wconf 85' lang='lat' dir='ltr'><strong>sive</strong></span> <span class='ocrx_word' id='word_1_901' title='bbox 3273 5737 3520 5783; x_wconf 81' lang='lat' dir='ltr'><strong>auctores</strong></span> 
     </span>
    </p>
   </div>
   <div class='ocr_carea' id='block_1_119' title="bbox 1934 5793 3512 5873">
    <p class='ocr_par' dir='ltr' id='par_1_119' title="bbox 1934 5793 3512 5873">
     <span class='ocr_line' id='line_1_121' title="bbox 1934 5793 3512 5873; baseline -0.003 -17"><span class='ocrx_word' id='word_1_902' title='bbox 1934 5793 2129 5873; x_wconf 71' lang='lat' dir='ltr'><strong>publici</strong></span> <span class='ocrx_word' id='word_1_903' title='bbox 2155 5805 2385 5864; x_wconf 88' lang='lat' dir='ltr'><strong>l&#39;uerunt,</strong></span> <span class='ocrx_word' id='word_1_904' title='bbox 2419 5816 2591 5870; x_wconf 89' lang='lat' dir='ltr'><strong>neque</strong></span> <span class='ocrx_word' id='word_1_905' title='bbox 2621 5793 2794 5873; x_wconf 65' lang='lat' dir='ltr'><strong>tamen</strong></span> <span class='ocrx_word' id='word_1_906' title='bbox 2825 5793 3059 5873; x_wconf 56' lang='lat' dir='ltr'><strong>lia-{elici</strong></span> <span class='ocrx_word' id='word_1_907' title='bbox 3092 5812 3106 5860; x_wconf 91' lang='lat'><strong>;</strong></span> <span class='ocrx_word' id='word_1_908' title='bbox 3135 5811 3280 5873; x_wconf 24' lang='lat' dir='ltr'><strong>cum-</strong></span> <span class='ocrx_word' id='word_1_909' title='bbox 3306 5808 3512 5873; x_wconf 67' lang='lat' dir='ltr'><strong>eertum</strong></span> 
     </span>
    </p>
   </div>
   <div class='ocr_carea' id='block_1_120' title="bbox 1927 5865 3516 5938">
    <p class='ocr_par' dir='ltr' id='par_1_120' title="bbox 1927 5865 3516 5938">
     <span class='ocr_line' id='line_1_122' title="bbox 1927 5865 3516 5938; baseline -0.003 -9"><span class='ocrx_word' id='word_1_910' title='bbox 1927 5865 2146 5930; x_wconf 76' lang='lat' dir='ltr'><strong>sitalios</strong></span> <span class='ocrx_word' id='word_1_911' title='bbox 2169 5865 2641 5930; x_wconf 54' lang='lat' dir='ltr'><strong>fuissehan&#39;ct&#39;icos.</strong></span> <span class='ocrx_word' id='word_1_912' title='bbox 2673 5867 2884 5922; x_wconf 85' lang='lat' dir='ltr'><strong>Videsis</strong></span> <span class='ocrx_word' id='word_1_913' title='bbox 2903 5865 3228 5938; x_wconf 84' lang='lat' dir='ltr'><strong>Sealigerum</strong></span> <span class='ocrx_word' id='word_1_914' title='bbox 3270 5869 3322 5924; x_wconf 94' lang='lat' dir='ltr'><strong>in</strong></span> <span class='ocrx_word' id='word_1_915' title='bbox 3359 5869 3516 5925; x_wconf 80' lang='lat' dir='ltr'><strong>Eleu-</strong></span> 
     </span>
    </p>
   </div>
   <div class='ocr_carea' id='block_1_121' title="bbox 1929 5945 2304 6002">
    <p class='ocr_par' dir='ltr' id='par_1_121' title="bbox 1929 5945 2304 6002">
     <span class='ocr_line' id='line_1_123' title="bbox 1929 5945 2304 6002; baseline -0.008 0"><span class='ocrx_word' id='word_1_916' title='bbox 1929 5945 2049 6002; x_wconf 91' lang='lat' dir='ltr'><strong>cho.</strong></span> <span class='ocrx_word' id='word_1_917' title='bbox 2091 5946 2167 6002; x_wconf 74' lang='lat' dir='ltr'><strong>LE</strong></span> <span class='ocrx_word' id='word_1_918' title='bbox 2210 5946 2304 6002; x_wconf 74' lang='lat' dir='ltr'><strong>Pa.</strong></span> 
     </span>
    </p>
   </div>
  </div>
