4268 6492
735 381 841 440 455

2159 375 2617 435 TERTULLIANI

3933 367 4040 429 456

737 500 892 554 nieus
918 497 1292 569 interpretatio
1326 496 1339 551 l
1367 494 1504 552 Nam
1532 495 1619 567 qui
1643 494 1770 550 olim
1801 509 1830 549 a
1855 508 2004 550 careo
2049 493 2142 549 illo
2199 494 2337 548 ﬁlius
2366 497 2414 554 Α
2444 500 2741 546 consument
2765 489 2904 554 illos,
2938 497 2985 544 et
3009 488 3308 559 lapidabunt
3333 487 3589 561 lapidibus
3636 486 3817 556 funda:
3841 529 3854 548 .
3893 497 3939 540 et
3969 487 4040 539 bi-

740 590 908 645 David
929 589 1102 658 fuerat
1128 591 1408 645 invocatus
1429 631 1443 655 ,
1472 588 1614 659 quod
1637 597 1766 643 tunc
1797 589 2009 643 reticuit
2041 629 2052 651 ,
2095 602 2200 642 non
2235 585 2330 640 ha-

737 682 872 739 bens
901 684 951 736 in
981 683 1262 752 prazseutia
1304 682 1510 737 scribas
1531 723 1546 748 ,
1580 696 1722 736 nunc
1754 679 1920 735 ultro
1944 694 2126 735 coram
2157 679 2235 733 eis
2267 678 2334 734 de

741 775 1004 831 industria
1034 775 1260 846 protulit
1293 792 1306 828 :
1342 783 1399 829 ut
1444 790 1500 829 se
1527 815 1541 841 ,
1594 790 1752 844 quem
1809 787 1986 828 ciecus
2036 770 2334 826 secundum

738 868 1033 924 scribarum
1066 868 1366 924 doctrinam
1415 867 1579 922 lilium
1623 876 1828 921 tantum
1862 864 2024 920 David
2073 864 2333 935 pradica-

740 970 863 1028 rat,
925 960 1209 1015 Dominum
1235 974 1451 1030 quoque
1481 959 1597 1028 ejus
1638 958 1988 1022 ostenderet;
2029 971 2339 1012 remunera-

742 1061 793 1109 ta
815 1053 1032 1124 quidem
1067 1053 1170 1109 ﬁde
1199 1054 1350 1116 carci,
1383 1069 1485 1123 qua
1520 1052 1683 1108 tilium
1732 1053 1895 1106 David
1947 1051 2247 1107 crediderat
2272 1051 2338 1105 ilo

743 1147 901 1212 lum;
957 1147 1166 1216 pulsata
1212 1162 1341 1201 vero
1392 1145 1682 1201 traditione
1737 1146 1818 1215 (I)
1865 1145 2340 1214 Seriharum,qua

746 1256 854 1295 non
886 1239 1243 1295 etDomiuum
1263 1255 1384 1294 eum
1413 1250 1626 1295 norant.
1677 1239 2062 1310 Quodcumque
2102 1238 2168 1292 ad
2221 1238 2340 1308 glo-

743 1331 879 1386 riam
903 1340 1168 1400 spectaret
1197 1329 1396 1384 Christi
1423 1329 1500 1400 (2)
1531 1330 1802 1385 Creatoris
1826 1371 1840 1396 ,
1872 1330 1947 1384 sic
1973 1328 2050 1400 (5)
2079 1346 2183 1384 non
2209 1331 2343 1385 alios

744 1433 985 1480 tueretur
1011 1465 1027 1490 ,
1058 1439 1215 1494 quam
1243 1423 1491 1477 Christus
1521 1422 1814 1477 Creatoris.

1281 1516 1509 1572 CAPUT
1557 1515 1801 1570 XXXIX.

820 1609 959 1666 Olim
986 1610 1137 1682 (Luc.
1162 1609 1566 1682 XXI)constitit
1598 1611 1665 1665 de
1689 1611 1961 1665 nominum
1997 1611 2340 1680 proprietate,

747 1703 795 1760 ei
828 1702 973 1757 illam
1003 1713 1312 1772 competere
1339 1701 1438 1772 (4),
1469 1702 1558 1770 qui
1590 1701 1736 1770 prior
1784 1711 1839 1756 et
1865 1701 2131 1756 Christum
2187 1717 2340 1755 suuut

747 1793 802 1848 in
857 1794 1100 1848 homines
1128 1795 1475 1850 annuntiarct
1503 1837 1516 1861 ,
1546 1804 1599 1848 et
1643 1793 1824 1848 Jcsum
1867 1795 2338 1848 transuomiaaret.

749 1886 1023 1942 Constabit
1050 1888 1228 1957 itaque
1256 1895 1310 1941 ct
1362 1887 1428 1940 de
1458 1886 1790 1957 impudentia
1821 1887 1937 1956 ejus
1971 1929 1985 1953 ,

746 1979 892 2036 dicat
922 1990 1158 2034 venturos
1188 1980 1239 2033 in
1269 1980 1473 2033 nomine
1497 1980 1696 2051 ipsius;
1729 1979 1870 2049 quod
1902 1995 2004 2035 non
2032 1979 2102 2033 sit
2150 1979 2339 2050 ipsius,

745 2072 793 2128 si
821 2089 926 2127 nou
951 2072 1197 2128 Christus
1215 2082 1268 2128 et
1291 2071 1448 2128 Iesus
1467 2072 1741 2128 Creatoris
1778 2083 1856 2127 est
1883 2113 1898 2138 ,
1928 2072 1993 2126 ad
2016 2088 2171 2141 quem
2206 2087 2345 2140 pro-

751 2166 953 2237 prietas
992 2167 1268 2220 nominum
1319 2165 1590 2234 pertinet;
1645 2164 1909 2234 amplius,
1959 2173 2014 2218 et
2066 2164 2346 2234 prohibeat

748 2271 844 2314 eos
868 2256 1070 2328 recipi,
1098 2273 1324 2328 quorum
1348 2270 1401 2313 et
1433 2258 1547 2326 ipse
1578 2274 1673 2326 par
1701 2258 1770 2312 sit
1799 2298 1812 2320 ,
1845 2266 1903 2310 ut
1931 2257 2022 2327 qui
2047 2256 2268 2325 proinde
2293 2256 2345 2310 in

750 2351 968 2405 nomine
1003 2351 1147 2406 venit
1177 2350 1355 2405 alieno
1385 2391 1399 2413 ,
1445 2349 1492 2403 si
1522 2364 1628 2405 non
1667 2349 1838 2418 ipsius
1869 2357 2036 2404 erata
2065 2347 2346 2404 mendacio

755 2443 987 2498 nominis
1010 2444 1308 2513 praevenire
1355 2441 1672 2512 discipulos,
1706 2442 1794 2511 qui
1848 2457 1942 2511 per
1969 2443 2344 2511 pr0prietatem

758 2536 993 2590 nominis
1025 2535 1333 2604 possidebat
1363 2535 1644 2589 veritatem
1674 2533 1789 2604 ejus
1813 2573 1830 2598 ,
1889 2532 2098 2586 Venient
2118 2533 2347 2602 denique

752 2629 850 2696 illi,
877 2629 1096 2682 dicentes
1127 2645 1143 2682 :
1176 2627 1285 2698 Ego
1331 2644 1441 2683 sum
1479 2627 1729 2682 Christus.
1788 2626 2036 2696 Recipies
2066 2639 2160 2679 eos
2189 2666 2206 2691 ,
2259 2626 2347 2695 qui

754 2723 1087 2778 consimilem
1115 2721 1386 2790 recepisti.
1422 2719 1490 2775 Et
1514 2719 1600 2775 hic
1626 2720 1770 2775 enim
1813 2720 1866 2773 in
1895 2719 2109 2774 nomine
2133 2733 2232 2773 suo
2262 2732 2350 2772 vc-

753 2815 854 2870 nit.
885 2812 1021 2881 Quid
1053 2828 1194 2867 nunc
1217 2812 1357 2881 quod
1387 2821 1442 2866 et
1468 2813 1581 2882 ipse
1633 2811 1814 2866 veniet
1846 2810 2124 2864 nomimun
2168 2809 2349 2864 Domi-

753 2921 857 2963 nus
882 2907 1127 2962 Christus
1149 2916 1202 2962 et
1230 2905 1311 2978 (5)
1351 2905 1508 2962 Jesus
1530 2904 1807 2961 Creatoris
1831 2905 1854 2958 ?
1885 2903 2115 2974 Rejieics
2162 2903 2351 2958 illum?

757 2998 824 3054 Et
851 3013 1009 3068 quam
1038 2998 1275 3069 iniquum
1303 3040 1316 3062 ,
1341 3013 1500 3068 quam
1549 2997 1804 3065 injustum
1832 3038 1845 3061 ,
1873 3005 1928 3052 et
1980 2997 2183 3066 Optimo
2242 2996 2352 3051 Deo

755 3091 1032 3161 indignum
1067 3134 1082 3155 ,
1136 3101 1196 3146 ut
1225 3105 1331 3146 non
1379 3090 1611 3160 recipias
1635 3105 1756 3145 eum
1807 3089 1859 3143 in
1882 3089 2096 3144 nomine
2123 3104 2223 3143 suo
2261 3105 2352 3143 ve-

758 3184 1015 3249 nientem,
1037 3182 1127 3253 qui
1145 3183 1304 3236 alium
1327 3181 1405 3252 (6)
1421 3183 1472 3235 in
1496 3181 1712 3236 nomine
1731 3181 1846 3251 ejus
1861 3181 2106 3249 recepisti
2128 3182 2140 3234 !
2164 3180 2354 3236 Videa-

2435 584 2550 638 bent
2566 584 2861 654 sanguinem
2911 583 3119 637 illorum
3167 584 3296 636 velut
3351 585 3550 645 vinum,
3583 593 3628 634 et
3665 581 3929 650 replebant
3953 597 4044 651 pa-

2439 687 2569 730 teras
2595 677 2740 746 quasi
2761 676 2938 729 altaris
2965 674 3079 745 (10)
3105 693 3117 740 ;
3139 687 3182 728 et
3199 677 3363 730 salvos
3391 692 3474 730 eos
3503 677 3652 746 faciet
3678 674 3928 727 Dominus
3954 674 4043 726 illo

2439 771 2542 835 die,
2577 772 2710 825 velut
2736 787 2872 837 ores,
2903 773 3146 841 populum
3167 787 3334 834 suum,
3362 771 3480 836 quia
3506 768 3620 841 (II)
3665 770 3859 839 lapides
3880 768 4044 820 sancti

2441 862 2689 918 uolutant.
2721 863 2786 916 Et
2841 879 2906 918 ne
2957 872 3112 932 putes
3157 865 3270 917 hmo
3313 865 3363 916 in
3414 865 3692 934 passiones
3739 861 4042 930 prredicari,

2441 970 2559 1025 qua:
2592 955 2711 1010 illos
2757 964 2834 1009 tot
2862 955 3124 1009 bellormu
3157 957 3375 1010 nomine
3426 957 3492 1008 ah
3521 955 3814 1025 allophylis
3857 967 4041 1005 mane-

2443 1047 2591 1113 bant,
2619 1049 2829 1117 respiee
2849 1047 2914 1101 ad
2959 1049 3187 1118 species.
3236 1048 3404 1103 Nemo
3452 1049 3501 1101 in
3529 1047 3910 1117 prscdieationc
3941 1046 4049 1100 bel-

2446 1139 2618 1195 lorum
2648 1140 2901 1210 legitimis
2925 1142 3092 1195 armis
3143 1140 3588 1196 debellamlorum
3617 1182 3628 1203 ,
3661 1140 4044 1209 lapidationem

2445 1244 2721 1288 enumerat
2762 1233 3110 1304 pepularibus
3154 1234 3384 1290 cmtibus
3441 1234 3608 1305 magis
3649 1243 3700 1288 et
3742 1234 3938 1288 inermi
3969 1245 4047 1286 tu-

2445 1326 2632 1380 multui
2655 1327 2989 1381 lamiliarem.
3021 1325 3191 1381 Nemo
3228 1336 3371 1381 tanta
3408 1328 3458 1380 in
3488 1327 3626 1380 bello
3654 1327 3930 1396 sanguinis
3948 1326 4047 1378 Ilu-

2447 1417 2588 1472 mina
2622 1427 2927 1486 paterarum
2976 1421 3277 1489 capacitate
3330 1421 3581 1485 metitur,
3617 1430 3705 1473 aut
3731 1420 3888 1473 ttnius
3917 1420 4047 1473 alta-

2444 1511 2519 1564 ris
2573 1513 2926 1566 crucutationi
2972 1512 3382 1582 (I2)ada3quat.
3416 1512 3585 1567 Nemo
3624 1529 3754 1568 oves
3803 1513 4045 1582 appellat

2446 1616 2542 1656 eos
2571 1603 2659 1671 qui
2693 1603 2744 1657 in
2778 1603 2917 1657 bello
2961 1607 3174 1668 armati,
3208 1617 3260 1659 et
3283 1606 3378 1674 ipsi
3401 1617 3453 1660 et
3481 1605 3596 1674 (15)
3639 1605 3825 1659 eadem
3858 1605 4045 1659 ferita-

2449 1702 2502 1750 te
2531 1705 2804 1751 certantcs
2839 1695 3037 1751 cadunt
3071 1714 3084 1761 ;
3137 1697 3229 1750 sed
3256 1698 3344 1766 qui
3377 1698 3427 1751 iu
3479 1712 3572 1750 sua
3608 1698 3936 1766 proprietate
3965 1706 4046 1748 at-

2448 1803 2551 1858 que
2572 1788 2824 1856 patientia
2855 1787 3138 1852 dedentes,
3168 1790 3341 1859 potius
3372 1791 3690 1860 semetipsos
3738 1806 3901 1858 quam
3935 1790 4047 1842 vitt-

2040 1890 2127 1956 (μή
2155 1888 2340 1941 multos
2371 1890 2418 1949 Β
2447 1881 2684 1935 dieantes
2743 1881 3097 1936 trucidantur.
3135 1883 3388 1952 Denique,
3423 1884 3498 1954 (α)
3530 1886 3648 1954 quia
3677 1883 3791 1955 (14)
3823 1885 4040 1952 lapides,

2451 1973 2639 2042 inquit,
2671 1975 2835 2028 sancti
2859 1973 3110 2041 volutant,
3141 1988 3244 2028 non
3271 1977 3393 2044 quia
3419 1975 3535 2047 (15)
3563 1976 3758 2031 milites
3784 1987 4043 2047 pugnant.

2449 2063 2678 2134 Lapides
2706 2068 2848 2120 enim
2897 2077 3094 2123 suntet
3135 2067 3479 2124 fundamenta
3513 2110 3527 2134 ,
3581 2085 3745 2138 super
3796 2085 3919 2140 qua:
3948 2083 4043 2124 nos

2447 2156 2807 2212 il‘diIiCnmlll':
2831 2160 3092 2224 exstructi,
3111 2160 3402 2214 secundum
3429 2161 3648 2217 Paulum
3675 2161 3836 2233 (Eph.
3871 2162 3933 2225 ll,
3956 2161 4043 2234 21)

2448 2264 2601 2316 super
2651 2249 3040 2318 fundamentum
3091 2251 3474 2320 Apostolorum,
3499 2253 3586 2323 qui
3630 2254 3836 2321 lapides
3875 2256 4044 2308 sancti

2449 2340 2678 2408 oppositi
2702 2341 2939 2395 onmiutn
2991 2341 3220 2397 offensui
3263 2345 3595 2398 volutabam.
3639 2345 3704 2399 Et
3748 2345 3834 2398 hic
3892 2346 4048 2416 igitur

2451 2431 2566 2502 ipse
2593 2442 2740 2487 vetat
2792 2435 3052 2503 cogitari;
3085 2435 3212 2504 quid
3259 2436 3569 2505 responderi
3611 2448 3856 2505 oporteat
3909 2438 4046 2507 apud

2453 2523 2758 2589 tribunalia,
2784 2529 2873 2594 qui
2904 2537 2958 2581 et
2991 2527 3202 2580 Balaam
3241 2526 3359 2598 (16)
3391 2529 3533 2595 quod
3565 2544 3670 2583 non
3698 2532 4046 2600 cogitaverat.

2453 2615 2562 2669 imo
2581 2626 2768 2670 contra
2799 2633 2957 2686 quam
2984 2620 3321 2688 cogitaverat
3347 2622 3612 2690 suggessit
3633 2621 3822 2692 (Num.
3855 2622 4046 2691 XXII),

2453 2719 2506 2762 et
2533 2707 2699 2780 Moysi
2722 2719 2944 2764 causato
2993 2711 3186 2781 linguae
3240 2713 3562 2776 tarditatem,
3594 2728 3654 2767 os
3693 2715 4047 2783 repromisit;

2454 2817 2508 2861 et
2533 2808 2838 2876 sapientiam
2888 2810 3074 2878 ipsam,
3102 2810 3184 2864 cui
3215 2827 3360 2864 nemo
3395 2813 3674 2874 resisteret,
3729 2827 3823 2880 per
3863 2811 4049 2866 Isaiant

2457 2899 2558 2972 (Is.
2605 2901 2788 2968 XLIV,
2831 2901 2887 2973 5)
2939 2904 3366 2958 demonstravit:
3428 2903 3524 2958 llic
3578 2905 3708 2958 dicet
3736 2903 3893 2974 :Ego
3959 2905 4054 2959 Dei

2455 3010 2584 3058 sunt,
2601 2995 2894 3048 etclamabit
2907 2996 2958 3049 in
2973 2997 3174 3050 nomine
3196 2995 3378 3055 Jacob.
3395 2998 3590 3051 etalius
3606 2996 3907 3050 inscribetur
3938 2996 4053 3068 (I7)

2455 3085 2507 3139 in
2536 3087 2737 3140 nomine
2784 3084 3018 3142 lsraelis.
3095 3087 3234 3156 Quid
3298 3089 3440 3143 enim
3495 3088 3790 3160 sapientius
3863 3098 3920 3144 et
3980 3090 4053 3142 itt-

2457 3178 2918 3233 contradicibilius
2970 3178 3314 3234 confessione
3365 3181 3593 3249 simplici
3653 3192 3706 3235 et
3764 3189 3950 3236 exerta
4004 3181 4053 3234 in

758 3291 883 3332 mus
905 3284 959 3330 et
977 3290 1095 3344 qua:
1125 3274 1273 3345 signa
1300 3272 1634 3341 temporibus
1660 3272 1922 3343 imponat,
1946 3271 2114 3340 Bella,
2139 3274 2351 3342 opinor,
2381 3273 2426 3336 C
2463 3270 2718 3341 martyris
2747 3270 2966 3325 nomine
3015 3285 3135 3324 cum
3171 3271 3279 3326 Deo
3314 3273 3691 3327 invalesccntis
3720 3273 3742 3325 ?
3797 3272 3872 3342 (b)
3917 3275 4057 3342 quod

757 3376 806 3421 et
829 3383 1039 3437 regnum
1060 3383 1214 3434 super
1239 3381 1471 3435 regnum,
1499 3373 1546 3419 et
1599 3375 1796 3435 gentem
1845 3381 2001 3435 super
2032 3375 2230 3435 gentem
2264 3406 2278 3430 ,
2306 3377 2352 3419 et

760 3469 967 3537 pestem,
997 3468 1042 3512 et
1066 3458 1245 3526 fontes,
1270 3466 1514 3527 terraeque
1537 3467 1725 3521 motus,
1754 3466 1801 3510 et
1822 3457 2141 3527 formidines,
2167 3466 2210 3510 et
2235 3473 2355 3526 pro-

761 3553 898 3625 digia
919 3552 980 3604 de
1009 3551 1132 3605 caelo
1159 3565 1176 3603 :
1204 3565 1323 3620 quae
1351 3550 1528 3603 omnia
1559 3564 1750 3603 severo
1771 3559 1825 3604 et
1848 3550 2020 3605 atroci
2066 3549 2173 3603 lleo
2225 3563 2355 3603 con-

758 3653 954 3715 gruunt
975 3643 1049 3714 (7)
1075 3661 1087 3697 :
1117 3643 1238 3697 Ilaec
1263 3657 1385 3697 cum
1411 3641 1594 3711 adjicit
1623 3639 1702 3712 (8)
1727 3642 1886 3696 etiam
1920 3649 2168 3710 oportere
2195 3639 2308 3695 ﬁeri
2338 3679 2353 3703 ,

761 3751 919 3807 quem
950 3751 1009 3791 se
1034 3743 1269 3804 praestat,
1296 3733 1690 3789 destructorem
1715 3749 1780 3786 an
1813 3733 2156 3802 probatorem
2185 3733 2351 3788 Crea-

763 3827 935 3882 toris?
967 3824 1117 3895 cujus
1143 3823 1524 3893 dispositiones
1565 3823 1852 3878 conﬁrmat
1898 3824 2108 3894 impleri
2140 3833 2357 3894 Oporte-

760 3935 854 3990 re,
886 3934 1021 3991 quas
1065 3930 1120 3973 ut
1155 3918 1392 3988 optimus
1446 3928 1552 3973 tam
1587 3919 1764 3974 tristes
1814 3934 1973 3990 quam
2028 3918 2106 3990 (9)
2145 3929 2358 3974 atroces

763 4011 1075 4068 absmlissct
1106 4010 1283 4081 potius
1310 4025 1469 4079 quam
1516 4010 1888 4065 constituisset
1917 4052 1931 4075 ,
1983 4009 2029 4064 si
2061 4027 2166 4065 non
2192 4011 2358 4079 ipsius

763 4102 1013 4158 fuissent.
1046 4104 1185 4157 Ante
1207 4101 1322 4156 haec
1351 4110 1530 4157 autem
1558 4101 1964 4171 persecutiones
1993 4103 2072 4157 eis
2103 4103 2359 4170 praedicat

764 4203 820 4252 et
841 4194 1115 4266 passiones
1137 4203 1392 4248 venturas
1419 4232 1435 4258 ,
1464 4192 1516 4246 in
1541 4193 1855 4264 martyrium
1887 4193 2069 4264 utique
2098 4203 2152 4248 et
2180 4193 2233 4246 in
2267 4208 2356 4246 sa-

765 4291 955 4346 lutem.
1002 4289 1200 4358 Accipe
1257 4286 1604 4359 praedicatum
1653 4289 1704 4342 in
1751 4286 2002 4343 Zacharia
2037 4288 2220 4360 (Zach.
2266 4285 2356 4351 IX,

772 4382 863 4455 15)
895 4399 909 4437 :
941 4380 1212 4449 Dominus,
1267 4380 1459 4452 inquit,
1516 4380 1832 4452 omnipotens
1883 4389 2107 4452 proteget
2135 4397 2260 4443 eos;
2314 4389 2380 4432 et

2457 3373 2537 3417 est
2596 3363 2968 3432 interpretatio
3027 3361 3260 3418 Israelis.
3331 3363 3440 3417 Nec
3490 3366 3683 3418 mirum
3733 3365 3778 3418 si
3824 3365 3870 3419 is
3906 3365 4056 3418 cohi-

2461 3453 2571 3507 buit
2601 3453 2716 3524 (18)
2745 3454 3259 3524 przeeogitationem,
3285 3456 3373 3525 qui
3399 3464 3450 3511 et
3483 3456 3595 3525 ipse
3626 3472 3655 3509 a
3680 3456 4061 3526 Patreexcepit

2461 3545 2840 3614 pronuntiandi
2871 3548 3189 3616 tempestive
3230 3549 3779 3605 subministrationem
3829 3569 3842 3603 :
3878 3550 4057 3603 Domi-

2461 3654 2556 3690 nus
2579 3637 2700 3690 nu'lti
2727 3636 2828 3707 (Is.
2865 3637 2930 3703 L,
2963 3637 3024 3708 «1)
3053 3639 3140 3691 dat
3167 3640 3393 3709 tinguant
3417 3641 3720 3710 disciplinae,
3749 3642 3956 3708 quando
3978 3643 4064 3697 de-

2463 3730 2602 3782 beam
2629 3733 2860 3800 proferre
2884 3745 3186 3783 sermonem.
3216 3730 3325 3784 Nisi
3353 3731 3586 3786 Marcion
3628 3732 3904 3786 Christum
3956 3748 4058 3788 non

2463 3822 2764 3892 subjectum
2793 3820 2936 3875 Patri
2973 3819 3152 3875 infert.
3186 3823 3226 3876 A
3258 3824 3517 3891 proximis
3554 3838 3769 3893 quoque
3811 3840 4060 3894 persecu-

2464 3915 2635 3968 tiones
2661 3922 2716 3968 et
2759 3914 2975 3969 nomine
2996 3928 3060 3969 ex
3089 3913 3214 3969 odio
3251 3915 3431 3984 utique
3479 3916 3870 3984 blaSphemiam
3921 3936 4061 3990 pra:-

2463 4006 2716 4074 dicatam,
2749 4022 2852 4060 non
2871 4006 3042 4062 debeo
3071 4023 3255 4062 rursus
3295 4007 3604 4063 ostendere.
3657 4009 3765 4064 Sed
3793 4027 3884 4080 per
3935 4012 4062 4066 tote-

2464 4102 2706 4166 rantiam,
2762 4101 2950 4169 inquit,
2997 4101 3163 4156 salvos
3215 4102 3411 4171 facietis
3449 4103 3784 4174 nosmetipsos
3813 4121 3832 4168 ;
3858 4105 3925 4160 de
3965 4121 4062 4174 qua

2463 4193 2671 4248 scilicet
2691 4192 2934 4248 Psalmns
2960 4193 3079 4265 (1’s.
3108 4193 3197 4259 IX,
3229 4193 3320 4266 19)
3349 4212 3360 4246 :
3396 4193 3711 4261 Tolerantia,
3745 4197 3940 4265 inquit,
3957 4200 4065 4266 jus-

2467 4294 2632 4339 torum
2649 4301 2747 4338 non
2767 4284 2944 4354 peribit
2973 4284 3089 4356 (l9)
3118 4287 3170 4339 in
3195 4288 3366 4348 ﬁnem.
3390 4287 3522 4353 Quia
3539 4297 3592 4343 et
3618 4288 3742 4343 alibi
3762 4287 3884 4358 (Ps.
3905 4287 4063 4355 CXV,

2469 4377 2526 4449 5)
2552 4378 2911 4434 :llonorabitis
2935 4396 3069 4435 mors
3087 4381 3391 4449 justorum;
3423 4398 3491 4438 ex
3520 4383 3803 4438 tolerantia
3825 4381 3946 4440 sine
3969 4383 4065 4439 du-

2012 4493 2390 4550 LECTIONES
2429 4490 2842 4550 VARIANTES.

859 4598 905 4663 i_)
929 4594 1260 4663 Traductione
1276 4590 1345 4642 al.

858 4660 907 4720 2)
931 4659 1108 4710 Christi
1133 4659 1280 4706 onu'tt.
1305 4665 1417 4706 Jun.

856 4722 1187 4791 ﬁsi/73"“:
1422 4780 1471 4790 ..
1608 4777 1618 4787 .
1691 4789 1701 4791 4
1795 4776 1842 4791 _.

833 4771 1132 4896 gijlgl’ilqzc.
1157 4780 1206 4830 d.
1233 4794 1284 4830 n.
1313 4795 1361 4844 p.
1388 4781 1434 4830 ei
1460 4780 1492 4829 i.
1519 4791 1564 4829 c.
1600 4777 1750 4831 inser.
1788 4776 1890 4845 Rig.
1925 4783 1972 4829 et
1992 4771 2060 4829 at.
2085 4785 2188 4843 post
2210 4789 2318 4827 eum
2340 4788 2368 4827 e

774 4855 884 4900 εοα.
915 4855 1092 4893 ΠὉωυ.

858 4906 908 4957 5)
934 4905 1152 4957 Christus
1176 4913 1227 4954 et
1248 4901 1398 4956 omitt.
1418 4903 1582 4957 Obert.

858 4910 886 4956 5
934 4906 1152 4957 Christus
1176 4913 1227 4954 et
1248 4906 1346 4955 emi.

857 4973 888 5019 6
929 4968 1156 5018 Alienum
1181 4966 1346 5018 Paris.

863 5034 888 5081 7
935 5030 1216 5092 COngruum
1244 5039 1346 5081 Ven.

861 5096 890 5142 8
932 5092 1061 5144 Dicit
1082 5091 1149 5142 ut.

861 5157 892 5206 9
937 5155 1057 5206 'I'am
1078 5157 1199 5206 Jun.

863 5030 914 5092 7)
935 5030 1216 5092 COngruum
1244 5035 1404 5081 Venet.

861 5091 912 5144 8)
932 5091 1061 5144 Dicit
1082 5091 1149 5142 ut.

861 5155 914 5206 9)
937 5155 1057 5206 'I'am
1078 5157 1199 5206 Jun.

2562 4587 2640 4650 10)
2669 4587 2815 4650 Quasi
2842 4594 3037 4650 pateras
3060 4587 3217 4639 altari.
3247 4591 3398 4641 Fran.

2565 4647 2641 4708 Ii)
2668 4647 2756 4708 Qui
2785 4647 2931 4698 Séml.

2569 4711 2641 4764 12)
2667 4711 3015 4763 Cruentatione
3040 4713 3182 4764 Pam.

2567 4773 2644 4824 15)
2669 4773 2729 4824 Ει
2754 4776 2874 4824 Jun.

2566 4833 2643 4895 11)
2670 4833 2761 4895 Qui
2787 4833 2936 4885 Seml.

2562 4897 2638 4957 15)
2664 4899 2788 4957 Quin
2812 4897 2975 4948 Paris.
2989 4900 3142 4950 Fran.

2563 4960 2638 5011 16)
2655 4960 2784 5010 Bake
2810 4960 3008 5011 ()berth.

2563 5023 2638 5073 17)
2664 5023 2904 5072 Inscribet
2927 5025 2998 5072 at.

2569 5084 2643 5135 18)
2669 5086 2920 5134 Prohibuit
2943 5084 3011 5135 at.

2565 5146 2645 5198 19)
2670 5148 2842 5197 Periet
2864 5146 3016 5198 Seml.

2150 5233 2706 5292 COMMENTARIUS.

854 5335 1006 5392 CAP.
1049 5332 1294 5406 XXXIX.
1325 5362 1395 5374 -—
1427 5329 1504 5406 (ει)
1540 5329 2089 5406 Qnialapidcssaneti
2126 5331 2373 5384 volutant.

783 5408 912 5463 Hac
937 5408 1094 5463 etiam
1121 5405 1396 5459 Zacharia:
1419 5401 1650 5458 citantur
1668 5403 1816 5472 juxta
1847 5401 2137 5457 editionem
2165 5412 2380 5472 septua-

781 5480 927 5550 ginta
950 5479 1208 5546 VOIttlztltl,
1240 5478 1489 5531 κυλίοντιι
1519 5478 1596 5530 ἐπὶ
1625 5489 1709 5534 τῆς
1732 5489 1835 5542 νίς.
1871 5474 1993 5530 RIG.

780 5601 788 5614 ’
818 5687 828 5689 _
859 5616 952 5689 (1»)
979 5615 1128 5684 Quod
1153 5625 1223 5670 est
1257 5613 1601 5689 interpretatio
1649 5610 1880 5689 Israeiis.
1930 5611 2003 5689 De
2057 5609 2384 5689 hujusvoﬁs

786 5680 1084 5758 signiﬁcatu
1136 5697 1352 5741 sanctus
1390 5680 1754 5758 Hieronymus
1785 5681 1884 5754 (in
1937 5682 2129 5758 Queen.
2168 5681 2234 5734 ad
2283 5680 2385 5734 Ge-

785 5753 995 5829 ne'sim)
1065 5758 1245 5813 multis
1317 5757 1506 5829 probat
1576 5753 1739 5829 Israel
1799 5753 2018 5829 proprie
2073 5753 2210 5829 idem
2269 5766 2389 5829 esse

787 5845 851 5886 ac
885 5823 1163 5902 principem
1217 5823 1330 5884 scu'
1363 5828 1606 5882 directum
1629 5825 1725 5881 Dei
1755 5842 1775 5882 :
1802 5843 1821 5877 ι
1855 5824 1988 5880 Illud
2017 5839 2162 5891 vero,
2196 5823 2387 5893 inquit,

2488 5347 2506 5380 ι
2541 5326 2680 5401 quod
2732 5327 2964 5401 in_lihro
3010 5325 3292 5401 Nominnm
3348 5329 3737 5401 interpretatur
3776 5332 3948 5390 Israel
4009 5337 4080 5390 υἱι-

2489 5418 2506 5450 ι
2559 5399 2731 5452 videns
2785 5398 2984 5458 Deum,
3036 5399 3148 5470 sive
3209 5417 3347 5455 mens
3397 5398 3569 5456 ridens
3600 5401 3785 5470 Deum,
3843 5408 4084 5462 omnium

2490 5491 2508 5522 ι
2559 5485 2695 5545 pene
2743 5485 2991 5545 sermone
3021 5469 3273 5525 detritum
3303 5514 3316 5535 ,
3351 5488 3458 5545 non
3481 5483 3586 5527 tam
3607 5490 3731 5529 vere
3774 5469 3945 5545 quam
3969 5483 4084 5532 vio-

2494 5562 2512 5592 α
2563 5541 2736 5596 lenter
2792 5541 2918 5593 tnihi
2944 5541 3348 5610 interpretatum
3379 5544 3607 5599 videtur.
3669 5565 3686 5596 ι
3722 5541 4084 5612 Quaerendum

2491 5612 2649 5682 igitur
2699 5624 2876 5686 manet
2906 5613 3047 5686 ultra
3084 5615 3452 5686 interpretatio
3486 5656 3498 5675 .
3543 5619 3850 5686 princepsne
3881 5620 3998 5682 Dei,
4021 5638 4085 5673 an

2493 5686 2731 5759 directus
2768 5681 2885 5759 Dei,
2910 5681 3241 5759 admittenda
3269 5686 3445 5754 potius
3469 5681 3556 5740 sit.
3595 5681 3740 5742 Hanc
3763 5703 3896 5744 vero
3922 5707 4087 5759 qums-

2493 5756 2704 5827 tionem
2722 5753 2979 5827 indirccte
3006 5757 3163 5811 solvit
3178 5753 3531 5827 Hieronymus
3547 5759 3805 5823 ipse,cum
3830 5763 3904 5815 ait
3924 5753 3970 5814 ;’‹
3984 5762 4084 5816 Nos

2494 5826 2663 5896 magis
2678 5825 2969 5896 Scripturze
2983 5826 3340 5898 etangeli,vel
3355 5825 3464 5896 Dei,
3483 5829 3574 5901 qui
3593 5832 3768 5902 ipsum
3799 5832 3968 5888 Israel
3997 5849 4082 5888 ro-
