  <div class='ocr_page' id='page_1' title='image "/cluster/home/n/w/nwhite01/storage/ocr_20150623/2/hvd.32044015466741/254.png"; bbox 0 0 4268 6492; ppageno 0'>
   <div class='ocr_carea' id='block_1_1' title="bbox 201 370 298 428">
    <p class='ocr_par' dir='ltr' id='par_1_1' title="bbox 201 370 298 428">
     <span class='ocr_line' id='line_1_1' title="bbox 201 370 298 428; baseline -0.031 0"><span class='ocrx_word' id='word_1_1' title='bbox 201 370 298 428; x_wconf 65' lang='grc'><strong>457</strong></span> 
     </span>
    </p>
   </div>
   <div class='ocr_carea' id='block_1_2' title="bbox 1306 368 2396 429">
    <p class='ocr_par' dir='ltr' id='par_1_2' title="bbox 1306 368 2396 429">
     <span class='ocr_line' id='line_1_2' title="bbox 1306 368 2396 429; baseline -0.001 0"><span class='ocrx_word' id='word_1_2' title='bbox 1306 372 1435 429; x_wconf 87' lang='lat' dir='ltr'><strong>LIB.</strong></span> <span class='ocrx_word' id='word_1_3' title='bbox 1468 371 1533 428; x_wconf 80' lang='lat' dir='ltr'><strong>IV</strong></span> <span class='ocrx_word' id='word_1_4' title='bbox 1573 368 1938 429; x_wconf 73' lang='lat' dir='ltr'><strong>ADVERSUS</strong></span> <span class='ocrx_word' id='word_1_5' title='bbox 1972 368 2396 428; x_wconf 78' lang='lat' dir='ltr'><strong>MARCIONEM.</strong></span> 
     </span>
    </p>
   </div>
   <div class='ocr_carea' id='block_1_3' title="bbox 3380 378 3486 437">
    <p class='ocr_par' dir='ltr' id='par_1_3' title="bbox 3380 378 3486 437">
     <span class='ocr_line' id='line_1_3' title="bbox 3380 378 3486 437; baseline 0.019 -2"><span class='ocrx_word' id='word_1_6' title='bbox 3380 378 3486 437; x_wconf 63' lang='lat'><strong>458</strong></span> 
     </span>
    </p>
   </div>
   <div class='ocr_carea' id='block_1_4' title="bbox 200 485 3484 564">
    <p class='ocr_par' dir='ltr' id='par_1_4' title="bbox 200 485 3484 564">
     <span class='ocr_line' id='line_1_4' title="bbox 200 485 3484 564; baseline 0.002 -24"><span class='ocrx_word' id='word_1_7' title='bbox 200 485 307 555; x_wconf 91' lang='lat' dir='ltr'><strong>bio,</strong></span> <span class='ocrx_word' id='word_1_8' title='bbox 340 488 461 559; x_wconf 90' lang='lat' dir='ltr'><strong>quia</strong></span> <span class='ocrx_word' id='word_1_9' title='bbox 494 497 548 544; x_wconf 93' lang='lat' dir='ltr'><strong>et</strong></span> <span class='ocrx_word' id='word_1_10' title='bbox 574 486 858 544; x_wconf 79' lang='lat' dir='ltr'><strong>Zacharias</strong></span> <span class='ocrx_word' id='word_1_11' title='bbox 893 487 1075 562; x_wconf 84' lang='lat' dir='ltr'><strong>(Zach.</strong></span> <span class='ocrx_word' id='word_1_12' title='bbox 1106 487 1196 556; x_wconf 86' lang='lat' dir='ltr'><strong>Vl,</strong></span> <span class='ocrx_word' id='word_1_13' title='bbox 1225 486 1314 559; x_wconf 72' lang='grc'>14)</span> <span class='ocrx_word' id='word_1_14' title='bbox 1349 506 1363 543; x_wconf 91' lang='lat'><strong>:</strong></span> <span class='ocrx_word' id='word_1_15' title='bbox 1395 487 1593 543; x_wconf 83' lang='lat' dir='ltr'><strong>Corona</strong></span> <span class='ocrx_word' id='word_1_16' title='bbox 1614 497 1783 544; x_wconf 88' lang='lat' dir='ltr'><strong>autem</strong></span> <span class='ocrx_word' id='word_1_17' title='bbox 1815 491 1867 550; x_wconf 83' lang='grc' dir='ltr'><strong>Λ</strong></span> <span class='ocrx_word' id='word_1_18' title='bbox 1895 486 2169 545; x_wconf 87' lang='lat' dir='ltr'><strong>levaturos</strong></span> <span class='ocrx_word' id='word_1_19' title='bbox 2192 490 2243 545; x_wconf 90' lang='lat' dir='ltr'><strong>in</strong></span> <span class='ocrx_word' id='word_1_20' title='bbox 2274 498 2514 559; x_wconf 88' lang='lat' dir='ltr'><strong>tempore</strong></span> <span class='ocrx_word' id='word_1_21' title='bbox 2550 488 2700 561; x_wconf 81' lang='lat' dir='ltr'><strong>regni</strong></span> <span class='ocrx_word' id='word_1_22' title='bbox 2718 488 3029 562; x_wconf 88' lang='lat' dir='ltr'><strong>redemptos</strong></span> <span class='ocrx_word' id='word_1_23' title='bbox 3055 490 3157 564; x_wconf 82' lang='lat'><strong>(9).</strong></span> <span class='ocrx_word' id='word_1_24' title='bbox 3187 491 3484 564; x_wconf 81' lang='lat' dir='ltr'><strong>lgiturcnm</strong></span> 
     </span>
    </p>
   </div>
   <div class='ocr_carea' id='block_1_5' title="bbox 198 582 1787 654">
    <p class='ocr_par' dir='ltr' id='par_1_5' title="bbox 198 582 1787 654">
     <span class='ocr_line' id='line_1_5' title="bbox 198 582 1787 654; baseline 0 -17"><span class='ocrx_word' id='word_1_25' title='bbox 198 583 291 637; x_wconf 88' lang='lat' dir='ltr'><strong>erit</strong></span> <span class='ocrx_word' id='word_1_26' title='bbox 314 584 384 638; x_wconf 84' lang='lat' dir='ltr'><strong>cis</strong></span> <span class='ocrx_word' id='word_1_27' title='bbox 409 585 495 654; x_wconf 87' lang='lat' dir='ltr'><strong>qui</strong></span> <span class='ocrx_word' id='word_1_28' title='bbox 544 584 888 640; x_wconf 88' lang='lat' dir='ltr'><strong>toleraverint.</strong></span> <span class='ocrx_word' id='word_1_29' title='bbox 941 583 1045 640; x_wconf 86' lang='lat' dir='ltr'><strong>Sed</strong></span> <span class='ocrx_word' id='word_1_30' title='bbox 1090 598 1157 638; x_wconf 93' lang='lat' dir='ltr'><strong>ne</strong></span> <span class='ocrx_word' id='word_1_31' title='bbox 1177 582 1379 638; x_wconf 92' lang='lat' dir='ltr'><strong>audeas</strong></span> <span class='ocrx_word' id='word_1_32' title='bbox 1422 583 1787 653; x_wconf 80' lang='lat' dir='ltr'><strong>argumentari</strong></span> 
     </span>
    </p>
   </div>
   <div class='ocr_carea' id='block_1_6' title="bbox 198 675 1788 747">
    <p class='ocr_par' dir='ltr' id='par_1_6' title="bbox 198 675 1788 747">
     <span class='ocr_line' id='line_1_6' title="bbox 198 675 1788 747; baseline 0 -16"><span class='ocrx_word' id='word_1_33' title='bbox 198 678 489 746; x_wconf 84' lang='lat' dir='ltr'><strong>apostolos,</strong></span> <span class='ocrx_word' id='word_1_34' title='bbox 516 687 572 733; x_wconf 91' lang='lat' dir='ltr'><strong>ut</strong></span> <span class='ocrx_word' id='word_1_35' title='bbox 601 678 819 733; x_wconf 76' lang='lat' dir='ltr'><strong>alterius</strong></span> <span class='ocrx_word' id='word_1_36' title='bbox 850 677 939 733; x_wconf 93' lang='lat' dir='ltr'><strong>Dei</strong></span> <span class='ocrx_word' id='word_1_37' title='bbox 990 691 1286 747; x_wconf 68' lang='lat' dir='ltr'><strong>prmcones,</strong></span> <span class='ocrx_word' id='word_1_38' title='bbox 1336 692 1362 731; x_wconf 93' lang='lat' dir='ltr'><strong>a</strong></span> <span class='ocrx_word' id='word_1_39' title='bbox 1395 675 1595 733; x_wconf 70' lang='lat' dir='ltr'><strong>Judzcis</strong></span> <span class='ocrx_word' id='word_1_40' title='bbox 1624 690 1788 733; x_wconf 78' lang='lat' dir='ltr'><strong>vesa-</strong></span> 
     </span>
    </p>
   </div>
   <div class='ocr_carea' id='block_1_7' title="bbox 199 767 1791 842">
    <p class='ocr_par' dir='ltr' id='par_1_7' title="bbox 199 767 1791 842">
     <span class='ocr_line' id='line_1_7' title="bbox 199 767 1791 842; baseline -0.001 -17"><span class='ocrx_word' id='word_1_41' title='bbox 199 778 281 825; x_wconf 90' lang='lat' dir='ltr'><strong>tos</strong></span> <span class='ocrx_word' id='word_1_42' title='bbox 314 787 329 836; x_wconf 89' lang='lat'><strong>;</strong></span> <span class='ocrx_word' id='word_1_43' title='bbox 361 780 633 826; x_wconf 88' lang='lat' dir='ltr'><strong>memento</strong></span> <span class='ocrx_word' id='word_1_44' title='bbox 699 769 987 842; x_wconf 77' lang='lat' dir='ltr'><strong>prophetas</strong></span> <span class='ocrx_word' id='word_1_45' title='bbox 1039 784 1253 841; x_wconf 87' lang='lat' dir='ltr'><strong>quoque</strong></span> <span class='ocrx_word' id='word_1_46' title='bbox 1278 768 1465 825; x_wconf 88' lang='lat' dir='ltr'><strong>eadem</strong></span> <span class='ocrx_word' id='word_1_47' title='bbox 1513 784 1544 823; x_wconf 88' lang='lat' dir='ltr'><strong>a</strong></span> <span class='ocrx_word' id='word_1_48' title='bbox 1588 767 1791 825; x_wconf 74' lang='lat' dir='ltr'><strong>Judmis</strong></span> 
     </span>
    </p>
   </div>
   <div class='ocr_carea' id='block_1_8' title="bbox 200 859 1787 931">
    <p class='ocr_par' dir='ltr' id='par_1_8' title="bbox 200 859 1787 931">
     <span class='ocr_line' id='line_1_8' title="bbox 200 859 1787 931; baseline 0.001 -17"><span class='ocrx_word' id='word_1_49' title='bbox 200 876 405 930; x_wconf 85' lang='lat' dir='ltr'><strong>passos,</strong></span> <span class='ocrx_word' id='word_1_50' title='bbox 460 872 639 918; x_wconf 87' lang='lat' dir='ltr'><strong>tamen</strong></span> <span class='ocrx_word' id='word_1_51' title='bbox 692 876 798 917; x_wconf 90' lang='lat' dir='ltr'><strong>non</strong></span> <span class='ocrx_word' id='word_1_52' title='bbox 849 861 1069 918; x_wconf 73' lang='lat' dir='ltr'><strong>alterius</strong></span> <span class='ocrx_word' id='word_1_53' title='bbox 1123 861 1218 918; x_wconf 93' lang='lat' dir='ltr'><strong>Dei</strong></span> <span class='ocrx_word' id='word_1_54' title='bbox 1273 859 1547 931; x_wconf 80' lang='lat' dir='ltr'><strong>apostolos</strong></span> <span class='ocrx_word' id='word_1_55' title='bbox 1598 859 1787 926; x_wconf 78' lang='lat' dir='ltr'><strong>fuisse,</strong></span> 
     </span>
    </p>
   </div>
   <div class='ocr_carea' id='block_1_9' title="bbox 198 950 1792 1021">
    <p class='ocr_par' dir='ltr' id='par_1_9' title="bbox 198 950 1792 1021">
     <span class='ocr_line' id='line_1_9' title="bbox 198 950 1792 1021; baseline 0 -16"><span class='ocrx_word' id='word_1_56' title='bbox 198 966 356 1020; x_wconf 82' lang='lat' dir='ltr'><strong>quam</strong></span> <span class='ocrx_word' id='word_1_57' title='bbox 380 952 671 1007; x_wconf 82' lang='lat' dir='ltr'><strong>Creatoris.</strong></span> <span class='ocrx_word' id='word_1_58' title='bbox 693 951 799 1008; x_wconf 88' lang='lat' dir='ltr'><strong>Sed</strong></span> <span class='ocrx_word' id='word_1_59' title='bbox 826 960 1123 1008; x_wconf 89' lang='lat' dir='ltr'><strong>monstrato</strong></span> <span class='ocrx_word' id='word_1_60' title='bbox 1149 950 1345 1007; x_wconf 82' lang='lat' dir='ltr'><strong>dehinc</strong></span> <span class='ocrx_word' id='word_1_61' title='bbox 1372 961 1616 1021; x_wconf 88' lang='lat' dir='ltr'><strong>tempore</strong></span> <span class='ocrx_word' id='word_1_62' title='bbox 1644 951 1792 1007; x_wconf 81' lang='lat' dir='ltr'><strong>exci-</strong></span> 
     </span>
    </p>
   </div>
   <div class='ocr_carea' id='block_1_10' title="bbox 198 1042 1793 1113">
    <p class='ocr_par' dir='ltr' id='par_1_10' title="bbox 198 1042 1793 1113">
     <span class='ocr_line' id='line_1_10' title="bbox 198 1042 1793 1113; baseline -0.001 -15"><span class='ocrx_word' id='word_1_63' title='bbox 198 1042 303 1110; x_wconf 91' lang='lat' dir='ltr'><strong>dii,</strong></span> <span class='ocrx_word' id='word_1_64' title='bbox 337 1060 453 1097; x_wconf 84' lang='lat' dir='ltr'><strong>cum</strong></span> <span class='ocrx_word' id='word_1_65' title='bbox 486 1046 712 1113; x_wconf 64' lang='lat' dir='ltr'><strong>coepisset</strong></span> <span class='ocrx_word' id='word_1_66' title='bbox 739 1044 924 1099; x_wconf 88' lang='lat' dir='ltr'><strong>vallari</strong></span> <span class='ocrx_word' id='word_1_67' title='bbox 951 1044 1251 1099; x_wconf 76' lang='lat' dir='ltr'><strong>exercitibus</strong></span> <span class='ocrx_word' id='word_1_68' title='bbox 1302 1042 1662 1107; x_wconf 80' lang='lat' dir='ltr'><strong>Hierusalem,</strong></span> <span class='ocrx_word' id='word_1_69' title='bbox 1693 1043 1793 1113; x_wconf 87' lang='lat' dir='ltr'><strong>sig-</strong></span> 
     </span>
    </p>
   </div>
   <div class='ocr_carea' id='block_1_11' title="bbox 200 1134 1795 1204">
    <p class='ocr_par' dir='ltr' id='par_1_11' title="bbox 200 1134 1795 1204">
     <span class='ocr_line' id='line_1_11' title="bbox 200 1134 1795 1204; baseline 0 -15"><span class='ocrx_word' id='word_1_70' title='bbox 200 1135 394 1204; x_wconf 89' lang='lat' dir='ltr'><strong>najam</strong></span> <span class='ocrx_word' id='word_1_71' title='bbox 423 1136 595 1191; x_wconf 90' lang='lat' dir='ltr'><strong>ultimi</strong></span> <span class='ocrx_word' id='word_1_72' title='bbox 626 1136 743 1192; x_wconf 85' lang='lat' dir='ltr'><strong>linis</strong></span> <span class='ocrx_word' id='word_1_73' title='bbox 772 1146 987 1191; x_wconf 90' lang='lat' dir='ltr'><strong>enarrat</strong></span> <span class='ocrx_word' id='word_1_74' title='bbox 1014 1176 1029 1202; x_wconf 94' lang='lat'><strong>,</strong></span> <span class='ocrx_word' id='word_1_75' title='bbox 1074 1136 1195 1191; x_wconf 87' lang='lat' dir='ltr'><strong>solis</strong></span> <span class='ocrx_word' id='word_1_76' title='bbox 1220 1144 1265 1189; x_wconf 94' lang='lat' dir='ltr'><strong>et</strong></span> <span class='ocrx_word' id='word_1_77' title='bbox 1318 1135 1452 1189; x_wconf 75' lang='lat' dir='ltr'><strong>luna:</strong></span> <span class='ocrx_word' id='word_1_78' title='bbox 1475 1134 1795 1203; x_wconf 85' lang='lat' dir='ltr'><strong>siderumque</strong></span> 
     </span>
    </p>
   </div>
   <div class='ocr_carea' id='block_1_12' title="bbox 203 1226 1788 1301">
    <p class='ocr_par' dir='ltr' id='par_1_12' title="bbox 203 1226 1788 1301">
     <span class='ocr_line' id='line_1_12' title="bbox 203 1226 1788 1301; baseline -0.001 -22"><span class='ocrx_word' id='word_1_79' title='bbox 203 1227 461 1298; x_wconf 86' lang='lat' dir='ltr'><strong>prodigia,</strong></span> <span class='ocrx_word' id='word_1_80' title='bbox 491 1239 535 1282; x_wconf 90' lang='lat' dir='ltr'><strong>et</strong></span> <span class='ocrx_word' id='word_1_81' title='bbox 566 1228 618 1282; x_wconf 91' lang='lat' dir='ltr'><strong>in</strong></span> <span class='ocrx_word' id='word_1_82' title='bbox 647 1238 779 1301; x_wconf 80' lang='lat' dir='ltr'><strong>terra</strong></span> <span class='ocrx_word' id='word_1_83' title='bbox 816 1228 1081 1298; x_wconf 84' lang='lat' dir='ltr'><strong>angustias</strong></span> <span class='ocrx_word' id='word_1_84' title='bbox 1132 1228 1393 1281; x_wconf 83' lang='lat' dir='ltr'><strong>nationum</strong></span> <span class='ocrx_word' id='word_1_85' title='bbox 1430 1226 1788 1295; x_wconf 81' lang='lat' dir='ltr'><strong>obstupesceu-</strong></span> 
     </span>
    </p>
   </div>
   <div class='ocr_carea' id='block_1_13' title="bbox 203 1319 1796 1391">
    <p class='ocr_par' dir='ltr' id='par_1_13' title="bbox 203 1319 1796 1391">
     <span class='ocr_line' id='line_1_13' title="bbox 203 1319 1796 1391; baseline 0.001 -19"><span class='ocrx_word' id='word_1_86' title='bbox 203 1320 326 1372; x_wconf 89' lang='lat' dir='ltr'><strong>tium</strong></span> <span class='ocrx_word' id='word_1_87' title='bbox 356 1322 491 1374; x_wconf 85' lang='lat' dir='ltr'><strong>velut</strong></span> <span class='ocrx_word' id='word_1_88' title='bbox 520 1338 552 1373; x_wconf 89' lang='lat' dir='ltr'><strong>a</strong></span> <span class='ocrx_word' id='word_1_89' title='bbox 579 1322 747 1375; x_wconf 78' lang='lat' dir='ltr'><strong>sonitu</strong></span> <span class='ocrx_word' id='word_1_90' title='bbox 774 1321 928 1375; x_wconf 89' lang='lat' dir='ltr'><strong>maris</strong></span> <span class='ocrx_word' id='word_1_91' title='bbox 977 1320 1273 1391; x_wconf 79' lang='lat' dir='ltr'><strong>ﬂuctuantis</strong></span> <span class='ocrx_word' id='word_1_92' title='bbox 1299 1336 1391 1391; x_wconf 84' lang='lat' dir='ltr'><strong>pro</strong></span> <span class='ocrx_word' id='word_1_93' title='bbox 1419 1319 1796 1389; x_wconf 74' lang='lat' dir='ltr'><strong>exspectatione</strong></span> 
     </span>
    </p>
   </div>
   <div class='ocr_carea' id='block_1_14' title="bbox 199 1410 1797 1481">
    <p class='ocr_par' dir='ltr' id='par_1_14' title="bbox 199 1410 1797 1481">
     <span class='ocr_line' id='line_1_14' title="bbox 199 1410 1797 1481; baseline 0.001 -17"><span class='ocrx_word' id='word_1_94' title='bbox 199 1412 568 1467; x_wconf 81' lang='lat' dir='ltr'><strong>imminentium</strong></span> <span class='ocrx_word' id='word_1_95' title='bbox 593 1415 700 1468; x_wconf 85' lang='lat' dir='ltr'><strong>orbi</strong></span> <span class='ocrx_word' id='word_1_96' title='bbox 728 1414 997 1468; x_wconf 90' lang='lat' dir='ltr'><strong>malorum.</strong></span> <span class='ocrx_word' id='word_1_97' title='bbox 1042 1412 1194 1480; x_wconf 83' lang='lat' dir='ltr'><strong>Quod</strong></span> <span class='ocrx_word' id='word_1_98' title='bbox 1234 1420 1290 1467; x_wconf 86' lang='lat' dir='ltr'><strong>et</strong></span> <span class='ocrx_word' id='word_1_99' title='bbox 1328 1410 1458 1481; x_wconf 68' lang='lat' dir='ltr'><strong>ipsa:</strong></span> <span class='ocrx_word' id='word_1_100' title='bbox 1486 1412 1613 1465; x_wconf 87' lang='lat' dir='ltr'><strong>vires</strong></span> <span class='ocrx_word' id='word_1_101' title='bbox 1642 1410 1797 1465; x_wconf 78' lang='lat' dir='ltr'><strong>cwlo-</strong></span> 
     </span>
    </p>
   </div>
   <div class='ocr_carea' id='block_1_15' title="bbox 202 1500 1794 1574">
    <p class='ocr_par' dir='ltr' id='par_1_15' title="bbox 202 1500 1794 1574">
     <span class='ocr_line' id='line_1_15' title="bbox 202 1500 1794 1574; baseline -0.001 -17"><span class='ocrx_word' id='word_1_102' title='bbox 202 1521 319 1557; x_wconf 86' lang='lat' dir='ltr'><strong>rum</strong></span> <span class='ocrx_word' id='word_1_103' title='bbox 342 1506 542 1558; x_wconf 81' lang='lat' dir='ltr'><strong>concuti</strong></span> <span class='ocrx_word' id='word_1_104' title='bbox 570 1504 831 1572; x_wconf 83' lang='lat' dir='ltr'><strong>habeant,</strong></span> <span class='ocrx_word' id='word_1_105' title='bbox 863 1506 1047 1574; x_wconf 89' lang='lat' dir='ltr'><strong>accipe</strong></span> <span class='ocrx_word' id='word_1_106' title='bbox 1075 1503 1281 1559; x_wconf 82' lang='lat' dir='ltr'><strong>Joclem</strong></span> <span class='ocrx_word' id='word_1_107' title='bbox 1331 1501 1350 1574; x_wconf 97' lang='lat'>(</span> <span class='ocrx_word' id='word_1_108' title='bbox 1369 1501 1507 1557; x_wconf 86' lang='lat' dir='ltr'><strong>Joel.</strong></span> <span class='ocrx_word' id='word_1_109' title='bbox 1543 1500 1584 1556; x_wconf 93' lang='grc' dir='ltr'><strong>ΙΙ</strong></span> <span class='ocrx_word' id='word_1_110' title='bbox 1610 1542 1623 1569; x_wconf 88' lang='grc'>,</span> <span class='ocrx_word' id='word_1_111' title='bbox 1658 1500 1749 1571; x_wconf 75' lang='lat'><strong>50)</strong></span> <span class='ocrx_word' id='word_1_112' title='bbox 1780 1518 1794 1555; x_wconf 91' lang='lat'><strong>:</strong></span> 
     </span>
    </p>
   </div>
   <div class='ocr_carea' id='block_1_16' title="bbox 201 1593 1800 1666">
    <p class='ocr_par' dir='ltr' id='par_1_16' title="bbox 201 1593 1800 1666">
     <span class='ocr_line' id='line_1_16' title="bbox 201 1593 1800 1666; baseline -0.002 -18"><span class='ocrx_word' id='word_1_113' title='bbox 201 1593 269 1648; x_wconf 80' lang='lat' dir='ltr'><strong>Et</strong></span> <span class='ocrx_word' id='word_1_114' title='bbox 298 1595 432 1649; x_wconf 92' lang='lat' dir='ltr'><strong>dabo</strong></span> <span class='ocrx_word' id='word_1_115' title='bbox 461 1596 695 1666; x_wconf 82' lang='lat' dir='ltr'><strong>prodigia</strong></span> <span class='ocrx_word' id='word_1_116' title='bbox 716 1597 768 1648; x_wconf 90' lang='lat' dir='ltr'><strong>in</strong></span> <span class='ocrx_word' id='word_1_117' title='bbox 817 1595 942 1649; x_wconf 77' lang='lat' dir='ltr'><strong>cmlo</strong></span> <span class='ocrx_word' id='word_1_118' title='bbox 984 1605 1028 1649; x_wconf 86' lang='lat' dir='ltr'><strong>et</strong></span> <span class='ocrx_word' id='word_1_119' title='bbox 1069 1594 1121 1647; x_wconf 91' lang='lat' dir='ltr'><strong>in</strong></span> <span class='ocrx_word' id='word_1_120' title='bbox 1177 1604 1312 1648; x_wconf 85' lang='lat' dir='ltr'><strong>terra</strong></span> <span class='ocrx_word' id='word_1_121' title='bbox 1340 1636 1355 1663; x_wconf 92' lang='lat'><strong>,</strong></span> <span class='ocrx_word' id='word_1_122' title='bbox 1402 1594 1706 1664; x_wconf 88' lang='lat' dir='ltr'><strong>sanguinem</strong></span> <span class='ocrx_word' id='word_1_123' title='bbox 1751 1599 1800 1646; x_wconf 91' lang='lat' dir='ltr'><strong>et</strong></span> 
     </span>
    </p>
   </div>
   <div class='ocr_carea' id='block_1_17' title="bbox 205 1686 1803 1759">
    <p class='ocr_par' dir='ltr' id='par_1_17' title="bbox 205 1686 1803 1759">
     <span class='ocr_line' id='line_1_17' title="bbox 205 1686 1803 1759; baseline -0.001 -19"><span class='ocrx_word' id='word_1_124' title='bbox 205 1688 404 1759; x_wconf 82' lang='lat' dir='ltr'><strong>ignem,</strong></span> <span class='ocrx_word' id='word_1_125' title='bbox 440 1697 484 1742; x_wconf 85' lang='lat' dir='ltr'><strong>et</strong></span> <span class='ocrx_word' id='word_1_126' title='bbox 511 1690 639 1757; x_wconf 77' lang='lat' dir='ltr'><strong>fanti</strong></span> <span class='ocrx_word' id='word_1_127' title='bbox 669 1704 924 1757; x_wconf 85' lang='lat' dir='ltr'><strong>vaporem.</strong></span> <span class='ocrx_word' id='word_1_128' title='bbox 957 1686 1051 1741; x_wconf 86' lang='lat' dir='ltr'><strong>Sol</strong></span> <span class='ocrx_word' id='word_1_129' title='bbox 1079 1696 1391 1741; x_wconf 82' lang='lat' dir='ltr'><strong>eonvertetur</strong></span> <span class='ocrx_word' id='word_1_130' title='bbox 1410 1688 1464 1740; x_wconf 87' lang='lat' dir='ltr'><strong>in</strong></span> <span class='ocrx_word' id='word_1_131' title='bbox 1488 1686 1733 1751; x_wconf 89' lang='lat' dir='ltr'><strong>tenebras,</strong></span> <span class='ocrx_word' id='word_1_132' title='bbox 1756 1693 1803 1740; x_wconf 91' lang='lat' dir='ltr'><strong>et</strong></span> 
     </span>
    </p>
   </div>
   <div class='ocr_carea' id='block_1_18' title="bbox 200 1779 1801 1854">
    <p class='ocr_par' dir='ltr' id='par_1_18' title="bbox 200 1779 1801 1854">
     <span class='ocr_line' id='line_1_18' title="bbox 200 1779 1801 1854; baseline -0.002 -19"><span class='ocrx_word' id='word_1_133' title='bbox 200 1782 251 1835; x_wconf 90' lang='lat' dir='ltr'><strong>in</strong></span> <span class='ocrx_word' id='word_1_134' title='bbox 280 1783 583 1854; x_wconf 86' lang='lat' dir='ltr'><strong>sanguinem</strong></span> <span class='ocrx_word' id='word_1_135' title='bbox 608 1782 754 1849; x_wconf 89' lang='lat' dir='ltr'><strong>luna,</strong></span> <span class='ocrx_word' id='word_1_136' title='bbox 806 1782 1102 1851; x_wconf 81' lang='lat' dir='ltr'><strong>priusquam</strong></span> <span class='ocrx_word' id='word_1_137' title='bbox 1131 1780 1365 1835; x_wconf 85' lang='lat' dir='ltr'><strong>adveniat</strong></span> <span class='ocrx_word' id='word_1_138' title='bbox 1411 1779 1492 1851; x_wconf 84' lang='grc' dir='ltr'>(Ι)</span> <span class='ocrx_word' id='word_1_139' title='bbox 1526 1780 1634 1834; x_wconf 85' lang='lat' dir='ltr'><strong>dies</strong></span> <span class='ocrx_word' id='word_1_140' title='bbox 1656 1796 1801 1850; x_wconf 87' lang='lat' dir='ltr'><strong>mag-</strong></span> 
     </span>
    </p>
   </div>
   <div class='ocr_carea' id='block_1_19' title="bbox 1892 580 3489 654">
    <p class='ocr_par' dir='ltr' id='par_1_19' title="bbox 1892 580 3489 654">
     <span class='ocr_line' id='line_1_19' title="bbox 1892 580 3489 654; baseline 0.004 -17"><span class='ocrx_word' id='word_1_141' title='bbox 1892 592 1947 637; x_wconf 94' lang='lat' dir='ltr'><strong>et</strong></span> <span class='ocrx_word' id='word_1_142' title='bbox 1965 580 2101 649; x_wconf 73' lang='lat' dir='ltr'><strong>lucc,</strong></span> <span class='ocrx_word' id='word_1_143' title='bbox 2127 598 2248 653; x_wconf 79' lang='lat' dir='ltr'><strong>qua:</strong></span> <span class='ocrx_word' id='word_1_144' title='bbox 2272 591 2397 637; x_wconf 89' lang='lat' dir='ltr'><strong>sunt.</strong></span> <span class='ocrx_word' id='word_1_145' title='bbox 2424 582 2839 653; x_wconf 90' lang='lat' dir='ltr'><strong>promissioumn</strong></span> <span class='ocrx_word' id='word_1_146' title='bbox 2861 626 2873 647; x_wconf 90' lang='lat'><strong>,</strong></span> <span class='ocrx_word' id='word_1_147' title='bbox 2921 584 3143 654; x_wconf 87' lang='lat' dir='ltr'><strong>proinde</strong></span> <span class='ocrx_word' id='word_1_148' title='bbox 3166 586 3489 644; x_wconf 81' lang='lat' dir='ltr'><strong>conveniant</strong></span> 
     </span>
    </p>
   </div>
   <div class='ocr_carea' id='block_1_20' title="bbox 1892 676 3483 747">
    <p class='ocr_par' dir='ltr' id='par_1_20' title="bbox 1892 676 3483 747">
     <span class='ocr_line' id='line_1_20' title="bbox 1892 676 3483 747; baseline 0.003 -16"><span class='ocrx_word' id='word_1_149' title='bbox 1892 676 2030 731; x_wconf 89' lang='lat' dir='ltr'><strong>sicut</strong></span> <span class='ocrx_word' id='word_1_150' title='bbox 2058 676 2214 732; x_wconf 86' lang='lat' dir='ltr'><strong>etilla</strong></span> <span class='ocrx_word' id='word_1_151' title='bbox 2246 692 2364 747; x_wconf 79' lang='lat' dir='ltr'><strong>qua:</strong></span> <span class='ocrx_word' id='word_1_152' title='bbox 2393 685 2520 732; x_wconf 91' lang='lat' dir='ltr'><strong>sunt</strong></span> <span class='ocrx_word' id='word_1_153' title='bbox 2546 679 2983 745; x_wconf 78' lang='lat' dir='ltr'><strong>concussionum,</strong></span> <span class='ocrx_word' id='word_1_154' title='bbox 3017 694 3081 735; x_wconf 76' lang='lat' dir='ltr'><strong>ex</strong></span> <span class='ocrx_word' id='word_1_155' title='bbox 3133 680 3483 735; x_wconf 83' lang='lat' dir='ltr'><strong>consonantia</strong></span> 
     </span>
    </p>
   </div>
   <div class='ocr_carea' id='block_1_21' title="bbox 1895 767 3481 841">
    <p class='ocr_par' dir='ltr' id='par_1_21' title="bbox 1895 767 3481 841">
     <span class='ocr_line' id='line_1_21' title="bbox 1895 767 3481 841; baseline 0.003 -18"><span class='ocrx_word' id='word_1_156' title='bbox 1895 767 2329 839; x_wconf 87' lang='lat' dir='ltr'><strong>prepheticarutn</strong></span> <span class='ocrx_word' id='word_1_157' title='bbox 2392 778 2449 825; x_wconf 89' lang='lat' dir='ltr'><strong>et</strong></span> <span class='ocrx_word' id='word_1_158' title='bbox 2522 769 2907 824; x_wconf 85' lang='lat' dir='ltr'><strong>dominicarnm</strong></span> <span class='ocrx_word' id='word_1_159' title='bbox 2966 772 3481 841; x_wconf 87' lang='lat' dir='ltr'><strong>pronuntiatiouum,</strong></span> 
     </span>
    </p>
   </div>
   <div class='ocr_carea' id='block_1_22' title="bbox 1894 859 3481 930">
    <p class='ocr_par' dir='ltr' id='par_1_22' title="bbox 1894 859 3481 930">
     <span class='ocr_line' id='line_1_22' title="bbox 1894 859 3481 930; baseline 0.005 -18"><span class='ocrx_word' id='word_1_160' title='bbox 1894 859 2196 915; x_wconf 84' lang='lat' dir='ltr'><strong>mtllamhic</strong></span> <span class='ocrx_word' id='word_1_161' title='bbox 2213 861 2777 930; x_wconf 85' lang='lat' dir='ltr'><strong>poterisinterstruere</strong></span> <span class='ocrx_word' id='word_1_162' title='bbox 2803 862 3221 929; x_wconf 79' lang='lat' dir='ltr'><strong>distinctionem,</strong></span> <span class='ocrx_word' id='word_1_163' title='bbox 3253 874 3312 919; x_wconf 92' lang='lat' dir='ltr'><strong>ut</strong></span> <span class='ocrx_word' id='word_1_164' title='bbox 3347 879 3481 920; x_wconf 88' lang='lat' dir='ltr'><strong>con-</strong></span> 
     </span>
    </p>
   </div>
   <div class='ocr_carea' id='block_1_23' title="bbox 1894 952 3481 1022">
    <p class='ocr_par' dir='ltr' id='par_1_23' title="bbox 1894 952 3481 1022">
     <span class='ocr_line' id='line_1_23' title="bbox 1894 952 3481 1022; baseline 0.004 -16"><span class='ocrx_word' id='word_1_165' title='bbox 1894 952 2171 1009; x_wconf 90' lang='lat' dir='ltr'><strong>cussiones</strong></span> <span class='ocrx_word' id='word_1_166' title='bbox 2228 952 2443 1022; x_wconf 89' lang='lat' dir='ltr'><strong>quidem</strong></span> <span class='ocrx_word' id='word_1_167' title='bbox 2497 954 2701 1008; x_wconf 85' lang='lat' dir='ltr'><strong>releras</strong></span> <span class='ocrx_word' id='word_1_168' title='bbox 2744 954 2809 1007; x_wconf 92' lang='lat' dir='ltr'><strong>ad</strong></span> <span class='ocrx_word' id='word_1_169' title='bbox 2858 952 3207 1021; x_wconf 84' lang='lat' dir='ltr'><strong>Creatorem,</strong></span> <span class='ocrx_word' id='word_1_170' title='bbox 3260 956 3481 1012; x_wconf 73' lang='lat' dir='ltr'><strong>s;cvitite</strong></span> 
     </span>
    </p>
   </div>
   <div class='ocr_carea' id='block_1_24' title="bbox 1896 1045 3486 1120">
    <p class='ocr_par' dir='ltr' id='par_1_24' title="bbox 1896 1045 3486 1120">
     <span class='ocr_line' id='line_1_24' title="bbox 1896 1045 3486 1120; baseline 0.004 -20"><span class='ocrx_word' id='word_1_171' title='bbox 1896 1045 2105 1102; x_wconf 86' lang='lat' dir='ltr'><strong>scilicet</strong></span> <span class='ocrx_word' id='word_1_172' title='bbox 2147 1045 2311 1101; x_wconf 89' lang='lat' dir='ltr'><strong>Demu</strong></span> <span class='ocrx_word' id='word_1_173' title='bbox 2334 1087 2349 1112; x_wconf 94' lang='lat'><strong>,</strong></span> <span class='ocrx_word' id='word_1_174' title='bbox 2390 1061 2523 1116; x_wconf 91' lang='lat' dir='ltr'><strong>quas</strong></span> <span class='ocrx_word' id='word_1_175' title='bbox 2570 1062 2669 1103; x_wconf 88' lang='lat' dir='ltr'><strong>nec</strong></span> <span class='ocrx_word' id='word_1_176' title='bbox 2699 1047 2877 1102; x_wconf 91' lang='lat' dir='ltr'><strong>sinere</strong></span> <span class='ocrx_word' id='word_1_177' title='bbox 2898 1087 2911 1111; x_wconf 88' lang='lat'><strong>,</strong></span> <span class='ocrx_word' id='word_1_178' title='bbox 2941 1047 3136 1103; x_wconf 89' lang='lat' dir='ltr'><strong>nedum</strong></span> <span class='ocrx_word' id='word_1_179' title='bbox 3168 1060 3486 1120; x_wconf 73' lang='lat' dir='ltr'><strong>exspectare</strong></span> 
     </span>
    </p>
   </div>
   <div class='ocr_carea' id='block_1_25' title="bbox 1900 1137 3492 1212">
    <p class='ocr_par' dir='ltr' id='par_1_25' title="bbox 1900 1137 3492 1212">
     <span class='ocr_line' id='line_1_25' title="bbox 1900 1137 3492 1212; baseline 0.004 -22"><span class='ocrx_word' id='word_1_180' title='bbox 1900 1137 2125 1193; x_wconf 84' lang='lat' dir='ltr'><strong>deberet</strong></span> <span class='ocrx_word' id='word_1_181' title='bbox 2156 1137 2300 1193; x_wconf 89' lang='lat' dir='ltr'><strong>Deus</strong></span> <span class='ocrx_word' id='word_1_182' title='bbox 2338 1138 2572 1208; x_wconf 82' lang='lat' dir='ltr'><strong>optimus</strong></span> <span class='ocrx_word' id='word_1_183' title='bbox 2598 1156 2612 1203; x_wconf 90' lang='lat'>;</span> <span class='ocrx_word' id='word_1_184' title='bbox 2675 1139 3062 1207; x_wconf 89' lang='lat' dir='ltr'><strong>promissiones</strong></span> <span class='ocrx_word' id='word_1_185' title='bbox 3089 1155 3217 1196; x_wconf 89' lang='lat' dir='ltr'><strong>vero</strong></span> <span class='ocrx_word' id='word_1_186' title='bbox 3250 1142 3364 1197; x_wconf 90' lang='lat' dir='ltr'><strong>Deo</strong></span> <span class='ocrx_word' id='word_1_187' title='bbox 3390 1157 3492 1212; x_wconf 81' lang='lat' dir='ltr'><strong>op-</strong></span> 
     </span>
    </p>
   </div>
   <div class='ocr_carea' id='block_1_26' title="bbox 1899 1230 3493 1304">
    <p class='ocr_par' dir='ltr' id='par_1_26' title="bbox 1899 1230 3493 1304">
     <span class='ocr_line' id='line_1_26' title="bbox 1899 1230 3493 1304; baseline 0.003 -20"><span class='ocrx_word' id='word_1_188' title='bbox 1899 1230 2031 1285; x_wconf 92' lang='lat' dir='ltr'><strong>timo</strong></span> <span class='ocrx_word' id='word_1_189' title='bbox 2059 1231 2289 1300; x_wconf 90' lang='lat' dir='ltr'><strong>deputes</strong></span> <span class='ocrx_word' id='word_1_190' title='bbox 2313 1272 2327 1297; x_wconf 91' lang='lat'><strong>,</strong></span> <span class='ocrx_word' id='word_1_191' title='bbox 2357 1247 2491 1301; x_wconf 89' lang='lat' dir='ltr'><strong>quas</strong></span> <span class='ocrx_word' id='word_1_192' title='bbox 2522 1231 2746 1286; x_wconf 87' lang='lat' dir='ltr'><strong>Creator</strong></span> <span class='ocrx_word' id='word_1_193' title='bbox 2770 1233 3021 1303; x_wconf 85' lang='lat' dir='ltr'><strong>ignorans</strong></span> <span class='ocrx_word' id='word_1_194' title='bbox 3052 1231 3199 1287; x_wconf 89' lang='lat' dir='ltr'><strong>illum</strong></span> <span class='ocrx_word' id='word_1_195' title='bbox 3233 1250 3338 1287; x_wconf 90' lang='lat' dir='ltr'><strong>non</strong></span> <span class='ocrx_word' id='word_1_196' title='bbox 3372 1249 3493 1304; x_wconf 90' lang='lat' dir='ltr'><strong>pro-</strong></span> 
     </span>
    </p>
   </div>
   <div class='ocr_carea' id='block_1_27' title="bbox 1906 1323 3491 1395">
    <p class='ocr_par' dir='ltr' id='par_1_27' title="bbox 1906 1323 3491 1395">
     <span class='ocr_line' id='line_1_27' title="bbox 1906 1323 3491 1395; baseline 0.003 -18"><span class='ocrx_word' id='word_1_197' title='bbox 1906 1323 2201 1395; x_wconf 91' lang='lat' dir='ltr'><strong>phetasset.</strong></span> <span class='ocrx_word' id='word_1_198' title='bbox 2244 1325 2349 1378; x_wconf 86' lang='lat' dir='ltr'><strong>Aut</strong></span> <span class='ocrx_word' id='word_1_199' title='bbox 2394 1324 2439 1379; x_wconf 91' lang='lat' dir='ltr'><strong>si</strong></span> <span class='ocrx_word' id='word_1_200' title='bbox 2467 1339 2595 1379; x_wconf 88' lang='lat' dir='ltr'><strong>suas</strong></span> <span class='ocrx_word' id='word_1_201' title='bbox 2625 1324 2994 1394; x_wconf 73' lang='lat' dir='ltr'><strong>prophetarit,</strong></span> <span class='ocrx_word' id='word_1_202' title='bbox 3031 1341 3136 1380; x_wconf 91' lang='lat' dir='ltr'><strong>non</strong></span> <span class='ocrx_word' id='word_1_203' title='bbox 3171 1327 3434 1381; x_wconf 88' lang='lat' dir='ltr'><strong>distantes</strong></span> <span class='ocrx_word' id='word_1_204' title='bbox 3459 1344 3491 1382; x_wconf 89' lang='lat' dir='ltr'><strong>a</strong></span> 
     </span>
    </p>
   </div>
   <div class='ocr_carea' id='block_1_28' title="bbox 1907 1416 3496 1491">
    <p class='ocr_par' dir='ltr' id='par_1_28' title="bbox 1907 1416 3496 1491">
     <span class='ocr_line' id='line_1_28' title="bbox 1907 1416 3496 1491; baseline 0.004 -20"><span class='ocrx_word' id='word_1_205' title='bbox 1907 1416 2355 1486; x_wconf 89' lang='lat' dir='ltr'><strong>promissionibus</strong></span> <span class='ocrx_word' id='word_1_206' title='bbox 2385 1416 2581 1472; x_wconf 78' lang='lat' dir='ltr'><strong>Christi</strong></span> <span class='ocrx_word' id='word_1_207' title='bbox 2608 1456 2623 1480; x_wconf 90' lang='lat'><strong>,</strong></span> <span class='ocrx_word' id='word_1_208' title='bbox 2674 1433 2770 1487; x_wconf 89' lang='lat' dir='ltr'><strong>par</strong></span> <span class='ocrx_word' id='word_1_209' title='bbox 2800 1421 2903 1473; x_wconf 90' lang='lat' dir='ltr'><strong>erit</strong></span> <span class='ocrx_word' id='word_1_210' title='bbox 2930 1418 2980 1471; x_wconf 93' lang='lat' dir='ltr'><strong>in</strong></span> <span class='ocrx_word' id='word_1_211' title='bbox 3013 1418 3259 1475; x_wconf 91' lang='lat' dir='ltr'><strong>libertate</strong></span> <span class='ocrx_word' id='word_1_212' title='bbox 3293 1420 3496 1491; x_wconf 88' lang='lat' dir='ltr'><strong>optimo</strong></span> 
     </span>
    </p>
   </div>
   <div class='ocr_carea' id='block_1_29' title="bbox 1902 1507 3492 1581">
    <p class='ocr_par' dir='ltr' id='par_1_29' title="bbox 1902 1507 3492 1581">
     <span class='ocr_line' id='line_1_29' title="bbox 1902 1507 3492 1581; baseline 0.003 -18"><span class='ocrx_word' id='word_1_213' title='bbox 1902 1508 2016 1563; x_wconf 91' lang='lat' dir='ltr'><strong>Deo</strong></span> <span class='ocrx_word' id='word_1_214' title='bbox 2048 1524 2063 1573; x_wconf 90' lang='lat'><strong>;</strong></span> <span class='ocrx_word' id='word_1_215' title='bbox 2102 1521 2203 1563; x_wconf 88' lang='lat' dir='ltr'><strong>nec</strong></span> <span class='ocrx_word' id='word_1_216' title='bbox 2232 1507 2348 1577; x_wconf 84' lang='lat' dir='ltr'><strong>plus</strong></span> <span class='ocrx_word' id='word_1_217' title='bbox 2376 1507 2646 1563; x_wconf 82' lang='lat' dir='ltr'><strong>videbitur</strong></span> <span class='ocrx_word' id='word_1_218' title='bbox 2687 1524 2716 1562; x_wconf 88' lang='lat' dir='ltr'><strong>a</strong></span> <span class='ocrx_word' id='word_1_219' title='bbox 2766 1508 2979 1565; x_wconf 77' lang='lat' dir='ltr'><strong>Christo</strong></span> <span class='ocrx_word' id='word_1_220' title='bbox 3032 1518 3123 1565; x_wconf 89' lang='lat' dir='ltr'><strong>tuo</strong></span> <span class='ocrx_word' id='word_1_221' title='bbox 3146 1513 3443 1581; x_wconf 89' lang='lat' dir='ltr'><strong>repromitti</strong></span> <span class='ocrx_word' id='word_1_222' title='bbox 3478 1555 3492 1577; x_wconf 87' lang='lat'><strong>,</strong></span> 
     </span>
    </p>
   </div>
   <div class='ocr_carea' id='block_1_30' title="bbox 1904 1600 3500 1675">
    <p class='ocr_par' dir='ltr' id='par_1_30' title="bbox 1904 1600 3500 1675">
     <span class='ocr_line' id='line_1_30' title="bbox 1904 1600 3500 1675; baseline 0.003 -22"><span class='ocrx_word' id='word_1_223' title='bbox 1904 1616 2063 1671; x_wconf 91' lang='lat' dir='ltr'><strong>quam</strong></span> <span class='ocrx_word' id='word_1_224' title='bbox 2080 1615 2251 1656; x_wconf 90' lang='lat' dir='ltr'><strong>amco</strong></span> <span class='ocrx_word' id='word_1_225' title='bbox 2292 1601 2400 1656; x_wconf 88' lang='lat' dir='ltr'><strong>lilio</strong></span> <span class='ocrx_word' id='word_1_226' title='bbox 2419 1600 2673 1656; x_wconf 87' lang='lat' dir='ltr'><strong>hominis.</strong></span> <span class='ocrx_word' id='word_1_227' title='bbox 2698 1601 2871 1670; x_wconf 89' lang='lat' dir='ltr'><strong>Ipsum</strong></span> <span class='ocrx_word' id='word_1_228' title='bbox 2899 1601 3181 1657; x_wconf 89' lang='lat' dir='ltr'><strong>decursum</strong></span> <span class='ocrx_word' id='word_1_229' title='bbox 3208 1603 3500 1675; x_wconf 80' lang='lat' dir='ltr'><strong>Scriptura:</strong></span> 
     </span>
    </p>
   </div>
   <div class='ocr_carea' id='block_1_31' title="bbox 1907 1692 3498 1767">
    <p class='ocr_par' dir='ltr' id='par_1_31' title="bbox 1907 1692 3498 1767">
     <span class='ocr_line' id='line_1_31' title="bbox 1907 1692 3498 1767; baseline 0.001 -20"><span class='ocrx_word' id='word_1_230' title='bbox 1907 1693 2254 1763; x_wconf 66' lang='lat' dir='ltr'><strong>evangelica‘,</strong></span> <span class='ocrx_word' id='word_1_231' title='bbox 2286 1692 2354 1747; x_wconf 89' lang='lat' dir='ltr'><strong>ab</strong></span> <span class='ocrx_word' id='word_1_232' title='bbox 2380 1692 2799 1762; x_wconf 89' lang='lat' dir='ltr'><strong>interrogatione</strong></span> <span class='ocrx_word' id='word_1_233' title='bbox 2823 1693 3209 1764; x_wconf 89' lang='lat' dir='ltr'><strong>discipulorum</strong></span> <span class='ocrx_word' id='word_1_234' title='bbox 3237 1710 3406 1767; x_wconf 84' lang='lat' dir='ltr'><strong>usque</strong></span> <span class='ocrx_word' id='word_1_235' title='bbox 3432 1695 3498 1750; x_wconf 90' lang='lat' dir='ltr'><strong>ad</strong></span> 
     </span>
    </p>
   </div>
   <div class='ocr_carea' id='block_1_32' title="bbox 1904 1783 3495 1860">
    <p class='ocr_par' dir='ltr' id='par_1_32' title="bbox 1904 1783 3495 1860">
     <span class='ocr_line' id='line_1_32' title="bbox 1904 1783 3495 1860; baseline 0.003 -22"><span class='ocrx_word' id='word_1_236' title='bbox 1904 1783 2212 1860; x_wconf 86' lang='lat' dir='ltr'><strong>parabolam</strong></span> <span class='ocrx_word' id='word_1_237' title='bbox 2274 1784 2379 1848; x_wconf 88' lang='lat' dir='ltr'><strong>lici,</strong></span> <span class='ocrx_word' id='word_1_238' title='bbox 2432 1784 2501 1837; x_wconf 90' lang='lat' dir='ltr'><strong>ita</strong></span> <span class='ocrx_word' id='word_1_239' title='bbox 2559 1783 2798 1837; x_wconf 90' lang='lat' dir='ltr'><strong>invenies</strong></span> <span class='ocrx_word' id='word_1_240' title='bbox 2852 1793 3105 1838; x_wconf 81' lang='lat' dir='ltr'><strong>contextu</strong></span> <span class='ocrx_word' id='word_1_241' title='bbox 3154 1800 3346 1842; x_wconf 89' lang='lat' dir='ltr'><strong>sensus</strong></span> <span class='ocrx_word' id='word_1_242' title='bbox 3384 1786 3495 1842; x_wconf 90' lang='lat' dir='ltr'><strong>lilio</strong></span> 
     </span>
    </p>
   </div>
   <div class='ocr_carea' id='block_1_33' title="bbox 201 1869 3500 1949">
    <p class='ocr_par' dir='ltr' id='par_1_33' title="bbox 201 1869 3500 1949">
     <span class='ocr_line' id='line_1_33' title="bbox 201 1869 3500 1949; baseline 0.002 -24"><span class='ocrx_word' id='word_1_243' title='bbox 201 1883 353 1927; x_wconf 77' lang='lat' dir='ltr'><strong>miset</strong></span> <span class='ocrx_word' id='word_1_244' title='bbox 370 1874 580 1927; x_wconf 86' lang='lat' dir='ltr'><strong>illustris</strong></span> <span class='ocrx_word' id='word_1_245' title='bbox 601 1872 821 1928; x_wconf 87' lang='lat' dir='ltr'><strong>Domini.</strong></span> <span class='ocrx_word' id='word_1_246' title='bbox 848 1872 1350 1929; x_wconf 84' lang='lat' dir='ltr'><strong>llabesetllabacue</strong></span> <span class='ocrx_word' id='word_1_247' title='bbox 1374 1869 1595 1941; x_wconf 84' lang='lat' dir='ltr'><strong>(Haba.,</strong></span> <span class='ocrx_word' id='word_1_248' title='bbox 1615 1870 1702 1939; x_wconf 88' lang='lat' dir='ltr'><strong>Ill,</strong></span> <span class='ocrx_word' id='word_1_249' title='bbox 1722 1872 1798 1943; x_wconf 84' lang='lat'><strong>9):</strong></span> <span class='ocrx_word' id='word_1_250' title='bbox 1832 1890 1878 1949; x_wconf 78' lang='grc' dir='ltr'><strong>Β</strong></span> <span class='ocrx_word' id='word_1_251' title='bbox 1910 1875 2140 1931; x_wconf 90' lang='lat' dir='ltr'><strong>hominis</strong></span> <span class='ocrx_word' id='word_1_252' title='bbox 2166 1874 2464 1945; x_wconf 89' lang='lat' dir='ltr'><strong>hincatque</strong></span> <span class='ocrx_word' id='word_1_253' title='bbox 2490 1874 2643 1929; x_wconf 90' lang='lat' dir='ltr'><strong>illine</strong></span> <span class='ocrx_word' id='word_1_254' title='bbox 2670 1875 2970 1937; x_wconf 79' lang='lat' dir='ltr'><strong>adluererc.</strong></span> <span class='ocrx_word' id='word_1_255' title='bbox 3006 1885 3062 1929; x_wconf 89' lang='lat' dir='ltr'><strong>ut</strong></span> <span class='ocrx_word' id='word_1_256' title='bbox 3091 1876 3145 1930; x_wconf 92' lang='lat' dir='ltr'><strong>in</strong></span> <span class='ocrx_word' id='word_1_257' title='bbox 3171 1877 3319 1931; x_wconf 89' lang='lat' dir='ltr'><strong>illmn</strong></span> <span class='ocrx_word' id='word_1_258' title='bbox 3345 1893 3500 1932; x_wconf 67' lang='lat' dir='ltr'><strong>com-</strong></span> 
     </span>
    </p>
   </div>
   <div class='ocr_carea' id='block_1_34' title="bbox 200 1963 1803 2035">
    <p class='ocr_par' dir='ltr' id='par_1_34' title="bbox 200 1963 1803 2035">
     <span class='ocr_line' id='line_1_34' title="bbox 200 1963 1803 2035; baseline 0 -17"><span class='ocrx_word' id='word_1_259' title='bbox 200 1963 533 2018; x_wconf 83' lang='lat' dir='ltr'><strong>Fluminibus</strong></span> <span class='ocrx_word' id='word_1_260' title='bbox 560 1964 909 2035; x_wconf 83' lang='lat' dir='ltr'><strong>disrumpetur</strong></span> <span class='ocrx_word' id='word_1_261' title='bbox 950 1974 1082 2017; x_wconf 87' lang='lat' dir='ltr'><strong>terra</strong></span> <span class='ocrx_word' id='word_1_262' title='bbox 1114 1980 1132 2028; x_wconf 87' lang='lat'><strong><em>;</em></strong></span> <span class='ocrx_word' id='word_1_263' title='bbox 1184 1963 1420 2018; x_wconf 84' lang='lat' dir='ltr'><strong>videbunt</strong></span> <span class='ocrx_word' id='word_1_264' title='bbox 1459 1972 1507 2018; x_wconf 89' lang='lat' dir='ltr'><strong>te</strong></span> <span class='ocrx_word' id='word_1_265' title='bbox 1530 2004 1545 2028; x_wconf 93' lang='lat'><strong>,</strong></span> <span class='ocrx_word' id='word_1_266' title='bbox 1594 1972 1643 2017; x_wconf 86' lang='lat' dir='ltr'><strong>et</strong></span> <span class='ocrx_word' id='word_1_267' title='bbox 1679 1980 1803 2034; x_wconf 86' lang='lat' dir='ltr'><strong>par-</strong></span> 
     </span>
    </p>
   </div>
   <div class='ocr_carea' id='block_1_35' title="bbox 202 2055 1801 2128">
    <p class='ocr_par' dir='ltr' id='par_1_35' title="bbox 202 2055 1801 2128">
     <span class='ocr_line' id='line_1_35' title="bbox 202 2055 1801 2128; baseline 0.002 -19"><span class='ocrx_word' id='word_1_268' title='bbox 202 2057 389 2110; x_wconf 87' lang='lat' dir='ltr'><strong>turient</strong></span> <span class='ocrx_word' id='word_1_269' title='bbox 448 2058 670 2126; x_wconf 80' lang='lat' dir='ltr'><strong>populi;</strong></span> <span class='ocrx_word' id='word_1_270' title='bbox 721 2059 981 2128; x_wconf 88' lang='lat' dir='ltr'><strong>disperges</strong></span> <span class='ocrx_word' id='word_1_271' title='bbox 1012 2056 1094 2128; x_wconf 72' lang='lat'><strong>(2)</strong></span> <span class='ocrx_word' id='word_1_272' title='bbox 1129 2071 1285 2127; x_wconf 83' lang='lat' dir='ltr'><strong>aquas</strong></span> <span class='ocrx_word' id='word_1_273' title='bbox 1338 2073 1514 2127; x_wconf 87' lang='lat' dir='ltr'><strong>gressu</strong></span> <span class='ocrx_word' id='word_1_274' title='bbox 1546 2056 1649 2128; x_wconf 78' lang='grc'>(5).</span> <span class='ocrx_word' id='word_1_275' title='bbox 1693 2055 1801 2112; x_wconf 85' lang='lat' dir='ltr'><strong>De—</strong></span> 
     </span>
    </p>
   </div>
   <div class='ocr_carea' id='block_1_36' title="bbox 201 2148 1802 2220">
    <p class='ocr_par' dir='ltr' id='par_1_36' title="bbox 201 2148 1802 2220">
     <span class='ocr_line' id='line_1_36' title="bbox 201 2148 1802 2220; baseline 0.001 -19"><span class='ocrx_word' id='word_1_276' title='bbox 201 2149 276 2202; x_wconf 92' lang='lat' dir='ltr'><strong>dit</strong></span> <span class='ocrx_word' id='word_1_277' title='bbox 317 2150 534 2220; x_wconf 81' lang='lat' dir='ltr'><strong>abyssus</strong></span> <span class='ocrx_word' id='word_1_278' title='bbox 561 2166 741 2203; x_wconf 90' lang='lat' dir='ltr'><strong>sonum</strong></span> <span class='ocrx_word' id='word_1_279' title='bbox 772 2165 919 2203; x_wconf 86' lang='lat' dir='ltr'><strong>suum</strong></span> <span class='ocrx_word' id='word_1_280' title='bbox 947 2164 967 2215; x_wconf 86' lang='lat'><strong><em>;</em></strong></span> <span class='ocrx_word' id='word_1_281' title='bbox 993 2148 1279 2203; x_wconf 83' lang='lat' dir='ltr'><strong>sublimitas</strong></span> <span class='ocrx_word' id='word_1_282' title='bbox 1308 2149 1506 2203; x_wconf 87' lang='lat' dir='ltr'><strong>timoris</strong></span> <span class='ocrx_word' id='word_1_283' title='bbox 1554 2150 1667 2220; x_wconf 85' lang='lat' dir='ltr'><strong>ejus</strong></span> <span class='ocrx_word' id='word_1_284' title='bbox 1696 2148 1802 2204; x_wconf 86' lang='lat' dir='ltr'><strong>ela-</strong></span> 
     </span>
    </p>
   </div>
   <div class='ocr_carea' id='block_1_37' title="bbox 205 2241 1805 2309">
    <p class='ocr_par' dir='ltr' id='par_1_37' title="bbox 205 2241 1805 2309">
     <span class='ocr_line' id='line_1_37' title="bbox 205 2241 1805 2309; baseline 0.001 -14"><span class='ocrx_word' id='word_1_285' title='bbox 205 2251 257 2295; x_wconf 90' lang='lat' dir='ltr'><strong>ta</strong></span> <span class='ocrx_word' id='word_1_286' title='bbox 276 2252 349 2295; x_wconf 78' lang='lat' dir='ltr'><strong>est</strong></span> <span class='ocrx_word' id='word_1_287' title='bbox 382 2257 401 2305; x_wconf 90' lang='lat'><strong><em>;</em></strong></span> <span class='ocrx_word' id='word_1_288' title='bbox 441 2243 518 2296; x_wconf 85' lang='lat' dir='ltr'><strong>sol</strong></span> <span class='ocrx_word' id='word_1_289' title='bbox 540 2252 583 2295; x_wconf 85' lang='lat' dir='ltr'><strong>ct</strong></span> <span class='ocrx_word' id='word_1_290' title='bbox 615 2242 740 2296; x_wconf 90' lang='lat' dir='ltr'><strong>luna</strong></span> <span class='ocrx_word' id='word_1_291' title='bbox 763 2242 987 2296; x_wconf 87' lang='lat' dir='ltr'><strong>constitit</strong></span> <span class='ocrx_word' id='word_1_292' title='bbox 1013 2242 1065 2295; x_wconf 88' lang='lat' dir='ltr'><strong>in</strong></span> <span class='ocrx_word' id='word_1_293' title='bbox 1093 2258 1187 2297; x_wconf 84' lang='lat' dir='ltr'><strong>suo</strong></span> <span class='ocrx_word' id='word_1_294' title='bbox 1202 2242 1403 2309; x_wconf 88' lang='lat' dir='ltr'><strong>ordine,</strong></span> <span class='ocrx_word' id='word_1_295' title='bbox 1439 2242 1493 2296; x_wconf 90' lang='lat' dir='ltr'><strong>in</strong></span> <span class='ocrx_word' id='word_1_296' title='bbox 1515 2241 1679 2296; x_wconf 87' lang='lat' dir='ltr'><strong>lucem</strong></span> <span class='ocrx_word' id='word_1_297' title='bbox 1717 2257 1805 2296; x_wconf 84' lang='lat' dir='ltr'><strong>eu-</strong></span> 
     </span>
    </p>
   </div>
   <div class='ocr_carea' id='block_1_38' title="bbox 204 2333 1808 2406">
    <p class='ocr_par' dir='ltr' id='par_1_38' title="bbox 204 2333 1808 2406">
     <span class='ocr_line' id='line_1_38' title="bbox 204 2333 1808 2406; baseline -0.001 -18"><span class='ocrx_word' id='word_1_298' title='bbox 204 2334 512 2389; x_wconf 85' lang='lat' dir='ltr'><strong>ruscationis</strong></span> <span class='ocrx_word' id='word_1_299' title='bbox 556 2333 634 2405; x_wconf 67' lang='grc'>(4)</span> <span class='ocrx_word' id='word_1_300' title='bbox 678 2344 778 2389; x_wconf 71' lang='lat' dir='ltr'><strong>tua:</strong></span> <span class='ocrx_word' id='word_1_301' title='bbox 822 2333 965 2388; x_wconf 88' lang='lat' dir='ltr'><strong>ibunt</strong></span> <span class='ocrx_word' id='word_1_302' title='bbox 1018 2333 1072 2388; x_wconf 88' lang='lat' dir='ltr'><strong>in</strong></span> <span class='ocrx_word' id='word_1_303' title='bbox 1110 2334 1409 2405; x_wconf 74' lang='lat' dir='ltr'><strong>fulgorem;</strong></span> <span class='ocrx_word' id='word_1_304' title='bbox 1465 2334 1642 2406; x_wconf 76' lang='lat' dir='ltr'><strong>fulgur</strong></span> <span class='ocrx_word' id='word_1_305' title='bbox 1692 2348 1808 2387; x_wconf 83' lang='lat' dir='ltr'><strong>scu-</strong></span> 
     </span>
    </p>
   </div>
   <div class='ocr_carea' id='block_1_39' title="bbox 208 2426 1809 2491">
    <p class='ocr_par' dir='ltr' id='par_1_39' title="bbox 208 2426 1809 2491">
     <span class='ocr_line' id='line_1_39' title="bbox 208 2426 1809 2491; baseline 0 -12"><span class='ocrx_word' id='word_1_306' title='bbox 208 2437 317 2480; x_wconf 87' lang='lat' dir='ltr'><strong>tum</strong></span> <span class='ocrx_word' id='word_1_307' title='bbox 346 2436 509 2491; x_wconf 88' lang='lat' dir='ltr'><strong>tnum,</strong></span> <span class='ocrx_word' id='word_1_308' title='bbox 541 2426 591 2479; x_wconf 91' lang='lat' dir='ltr'><strong>in</strong></span> <span class='ocrx_word' id='word_1_309' title='bbox 620 2427 1075 2480; x_wconf 76' lang='lat' dir='ltr'><strong>communicatione</strong></span> <span class='ocrx_word' id='word_1_310' title='bbox 1107 2439 1195 2479; x_wconf 88' lang='lat' dir='ltr'><strong>tua</strong></span> <span class='ocrx_word' id='word_1_311' title='bbox 1237 2426 1491 2482; x_wconf 88' lang='lat' dir='ltr'><strong>diminues</strong></span> <span class='ocrx_word' id='word_1_312' title='bbox 1520 2435 1729 2491; x_wconf 87' lang='lat' dir='ltr'><strong>terram,</strong></span> <span class='ocrx_word' id='word_1_313' title='bbox 1760 2433 1809 2479; x_wconf 91' lang='lat' dir='ltr'><strong>et</strong></span> 
     </span>
    </p>
   </div>
   <div class='ocr_carea' id='block_1_40' title="bbox 206 2516 1810 2589">
    <p class='ocr_par' dir='ltr' id='par_1_40' title="bbox 206 2516 1810 2589">
     <span class='ocr_line' id='line_1_40' title="bbox 206 2516 1810 2589; baseline -0.001 -17"><span class='ocrx_word' id='word_1_314' title='bbox 206 2519 258 2572; x_wconf 93' lang='lat' dir='ltr'><strong>in</strong></span> <span class='ocrx_word' id='word_1_315' title='bbox 287 2518 635 2589; x_wconf 87' lang='lat' dir='ltr'><strong>indignatione</strong></span> <span class='ocrx_word' id='word_1_316' title='bbox 659 2528 744 2571; x_wconf 88' lang='lat' dir='ltr'><strong>tua</strong></span> <span class='ocrx_word' id='word_1_317' title='bbox 767 2518 988 2589; x_wconf 84' lang='lat' dir='ltr'><strong>depones</strong></span> <span class='ocrx_word' id='word_1_318' title='bbox 1013 2519 1270 2571; x_wconf 78' lang='lat' dir='ltr'><strong>nationes.</strong></span> <span class='ocrx_word' id='word_1_319' title='bbox 1297 2516 1662 2582; x_wconf 87' lang='lat' dir='ltr'><strong>Conveniunt,</strong></span> <span class='ocrx_word' id='word_1_320' title='bbox 1692 2516 1810 2586; x_wconf 86' lang='lat' dir='ltr'><strong>opi-</strong></span> 
     </span>
    </p>
   </div>
   <div class='ocr_carea' id='block_1_41' title="bbox 210 2606 1812 2680">
    <p class='ocr_par' dir='ltr' id='par_1_41' title="bbox 210 2606 1812 2680">
     <span class='ocr_line' id='line_1_41' title="bbox 210 2606 1812 2680; baseline -0.002 -14"><span class='ocrx_word' id='word_1_321' title='bbox 210 2626 333 2677; x_wconf 90' lang='lat' dir='ltr'><strong>nor,</strong></span> <span class='ocrx_word' id='word_1_322' title='bbox 365 2619 420 2665; x_wconf 93' lang='lat' dir='ltr'><strong>et</strong></span> <span class='ocrx_word' id='word_1_323' title='bbox 451 2609 658 2664; x_wconf 89' lang='lat' dir='ltr'><strong>Domini</strong></span> <span class='ocrx_word' id='word_1_324' title='bbox 684 2610 1145 2680; x_wconf 84' lang='lat' dir='ltr'><strong>prommtiatioues</strong></span> <span class='ocrx_word' id='word_1_325' title='bbox 1201 2617 1259 2665; x_wconf 92' lang='lat' dir='ltr'><strong>et</strong></span> <span class='ocrx_word' id='word_1_326' title='bbox 1282 2608 1673 2680; x_wconf 89' lang='lat' dir='ltr'><strong>prophetarum</strong></span> <span class='ocrx_word' id='word_1_327' title='bbox 1699 2647 1714 2674; x_wconf 92' lang='lat'><strong>,</strong></span> <span class='ocrx_word' id='word_1_328' title='bbox 1742 2606 1812 2663; x_wconf 94' lang='lat' dir='ltr'><strong>de</strong></span> 
     </span>
    </p>
   </div>
   <div class='ocr_carea' id='block_1_42' title="bbox 210 2700 1813 2769">
    <p class='ocr_par' dir='ltr' id='par_1_42' title="bbox 210 2700 1813 2769">
     <span class='ocr_line' id='line_1_42' title="bbox 210 2700 1813 2769; baseline -0.001 -12"><span class='ocrx_word' id='word_1_329' title='bbox 210 2700 663 2757; x_wconf 87' lang='lat' dir='ltr'><strong>concussionibus</strong></span> <span class='ocrx_word' id='word_1_330' title='bbox 695 2702 885 2757; x_wconf 88' lang='lat' dir='ltr'><strong>mundi</strong></span> <span class='ocrx_word' id='word_1_331' title='bbox 916 2711 971 2758; x_wconf 91' lang='lat' dir='ltr'><strong>et</strong></span> <span class='ocrx_word' id='word_1_332' title='bbox 1008 2702 1156 2757; x_wconf 90' lang='lat' dir='ltr'><strong>orbis</strong></span> <span class='ocrx_word' id='word_1_333' title='bbox 1186 2744 1201 2769; x_wconf 92' lang='lat'><strong>,</strong></span> <span class='ocrx_word' id='word_1_334' title='bbox 1231 2702 1618 2758; x_wconf 87' lang='lat' dir='ltr'><strong>elementorum</strong></span> <span class='ocrx_word' id='word_1_335' title='bbox 1637 2711 1692 2758; x_wconf 88' lang='lat' dir='ltr'><strong>et</strong></span> <span class='ocrx_word' id='word_1_336' title='bbox 1719 2716 1813 2756; x_wconf 84' lang='lat' dir='ltr'><strong>na-</strong></span> 
     </span>
    </p>
   </div>
   <div class='ocr_carea' id='block_1_43' title="bbox 209 2793 1813 2865">
    <p class='ocr_par' dir='ltr' id='par_1_43' title="bbox 209 2793 1813 2865">
     <span class='ocr_line' id='line_1_43' title="bbox 209 2793 1813 2865; baseline -0.001 -16"><span class='ocrx_word' id='word_1_337' title='bbox 209 2795 443 2850; x_wconf 86' lang='lat' dir='ltr'><strong>tionum.</strong></span> <span class='ocrx_word' id='word_1_338' title='bbox 474 2794 600 2850; x_wconf 80' lang='lat' dir='ltr'><strong>Post</strong></span> <span class='ocrx_word' id='word_1_339' title='bbox 628 2794 741 2849; x_wconf 69' lang='lat' dir='ltr'><strong>haec</strong></span> <span class='ocrx_word' id='word_1_340' title='bbox 768 2794 894 2865; x_wconf 90' lang='lat' dir='ltr'><strong>quid</strong></span> <span class='ocrx_word' id='word_1_341' title='bbox 922 2796 1230 2850; x_wconf 85' lang='lat' dir='ltr'><strong>Dominus?</strong></span> <span class='ocrx_word' id='word_1_342' title='bbox 1279 2793 1347 2847; x_wconf 85' lang='lat' dir='ltr'><strong>Et</strong></span> <span class='ocrx_word' id='word_1_343' title='bbox 1396 2804 1513 2848; x_wconf 87' lang='lat' dir='ltr'><strong>tunc</strong></span> <span class='ocrx_word' id='word_1_344' title='bbox 1543 2794 1621 2865; x_wconf 93' lang='lat' dir='ltr'><strong>(a)</strong></span> <span class='ocrx_word' id='word_1_345' title='bbox 1670 2793 1813 2848; x_wconf 85' lang='lat' dir='ltr'><strong>vide-</strong></span> 
     </span>
    </p>
   </div>
   <div class='ocr_carea' id='block_1_44' title="bbox 210 2887 1815 2955">
    <p class='ocr_par' dir='ltr' id='par_1_44' title="bbox 210 2887 1815 2955">
     <span class='ocr_line' id='line_1_44' title="bbox 210 2887 1815 2955; baseline -0.001 -12"><span class='ocrx_word' id='word_1_346' title='bbox 210 2888 334 2943; x_wconf 83' lang='lat' dir='ltr'><strong>bunt</strong></span> <span class='ocrx_word' id='word_1_347' title='bbox 364 2888 560 2943; x_wconf 77' lang='lat' dir='ltr'><strong>Filium</strong></span> <span class='ocrx_word' id='word_1_348' title='bbox 590 2889 807 2943; x_wconf 84' lang='lat' dir='ltr'><strong>hominis</strong></span> <span class='ocrx_word' id='word_1_349' title='bbox 845 2890 1119 2943; x_wconf 79' lang='lat' dir='ltr'><strong>venientem</strong></span> <span class='ocrx_word' id='word_1_350' title='bbox 1155 2888 1217 2941; x_wconf 88' lang='lat' dir='ltr'><strong>de</strong></span> <span class='ocrx_word' id='word_1_351' title='bbox 1261 2889 1398 2942; x_wconf 67' lang='lat' dir='ltr'><strong>caelis</strong></span> <span class='ocrx_word' id='word_1_352' title='bbox 1423 2904 1538 2941; x_wconf 87' lang='lat' dir='ltr'><strong>cum</strong></span> <span class='ocrx_word' id='word_1_353' title='bbox 1592 2887 1815 2955; x_wconf 88' lang='lat' dir='ltr'><strong>plurima</strong></span> 
     </span>
    </p>
   </div>
   <div class='ocr_carea' id='block_1_45' title="bbox 210 2976 1815 3048">
    <p class='ocr_par' dir='ltr' id='par_1_45' title="bbox 210 2976 1815 3048">
     <span class='ocr_line' id='line_1_45' title="bbox 210 2976 1815 3048; baseline -0.003 -13"><span class='ocrx_word' id='word_1_354' title='bbox 210 2982 416 3035; x_wconf 87' lang='lat' dir='ltr'><strong>virtute.</strong></span> <span class='ocrx_word' id='word_1_355' title='bbox 461 2979 586 3034; x_wconf 83' lang='lat' dir='ltr'><strong>Cum</strong></span> <span class='ocrx_word' id='word_1_356' title='bbox 616 2990 781 3034; x_wconf 84' lang='lat' dir='ltr'><strong>autem</strong></span> <span class='ocrx_word' id='word_1_357' title='bbox 808 2980 911 3033; x_wconf 77' lang='lat' dir='ltr'><strong>luce</strong></span> <span class='ocrx_word' id='word_1_358' title='bbox 928 2980 1071 3047; x_wconf 81' lang='lat' dir='ltr'><strong>lient,</strong></span> <span class='ocrx_word' id='word_1_359' title='bbox 1104 2979 1303 3048; x_wconf 81' lang='lat' dir='ltr'><strong>erigetis</strong></span> <span class='ocrx_word' id='word_1_360' title='bbox 1323 2994 1428 3045; x_wconf 87' lang='lat' dir='ltr'><strong>vos,</strong></span> <span class='ocrx_word' id='word_1_361' title='bbox 1486 2987 1533 3030; x_wconf 90' lang='lat' dir='ltr'><strong>et</strong></span> <span class='ocrx_word' id='word_1_362' title='bbox 1584 2976 1815 3031; x_wconf 84' lang='lat' dir='ltr'><strong>levabitis</strong></span> 
     </span>
    </p>
   </div>
   <div class='ocr_carea' id='block_1_46' title="bbox 212 3068 1815 3142">
    <p class='ocr_par' dir='ltr' id='par_1_46' title="bbox 212 3068 1815 3142">
     <span class='ocr_line' id='line_1_46' title="bbox 212 3068 1815 3142; baseline -0.003 -16"><span class='ocrx_word' id='word_1_363' title='bbox 212 3073 407 3142; x_wconf 89' lang='lat' dir='ltr'><strong>capita,</strong></span> <span class='ocrx_word' id='word_1_364' title='bbox 435 3072 677 3140; x_wconf 89' lang='lat' dir='ltr'><strong>quoniam</strong></span> <span class='ocrx_word' id='word_1_365' title='bbox 719 3070 1145 3141; x_wconf 68' lang='lat' dir='ltr'><strong>appropinqualiit</strong></span> <span class='ocrx_word' id='word_1_366' title='bbox 1184 3069 1266 3139; x_wconf 74' lang='lat'><strong>(5)</strong></span> <span class='ocrx_word' id='word_1_367' title='bbox 1315 3068 1596 3138; x_wconf 86' lang='lat' dir='ltr'><strong>redemptio</strong></span> <span class='ocrx_word' id='word_1_368' title='bbox 1630 3076 1815 3122; x_wconf 84' lang='lat' dir='ltr'><strong>vestra.</strong></span> 
     </span>
    </p>
   </div>
   <div class='ocr_carea' id='block_1_47' title="bbox 212 3158 1816 3232">
    <p class='ocr_par' dir='ltr' id='par_1_47' title="bbox 212 3158 1816 3232">
     <span class='ocr_line' id='line_1_47' title="bbox 212 3158 1816 3232; baseline -0.002 -14"><span class='ocrx_word' id='word_1_369' title='bbox 212 3163 273 3219; x_wconf 90' lang='lat' dir='ltr'><strong>ln</strong></span> <span class='ocrx_word' id='word_1_370' title='bbox 300 3172 545 3232; x_wconf 86' lang='lat' dir='ltr'><strong>tempore</strong></span> <span class='ocrx_word' id='word_1_371' title='bbox 573 3162 780 3216; x_wconf 86' lang='lat' dir='ltr'><strong>scilicet</strong></span> <span class='ocrx_word' id='word_1_372' title='bbox 802 3162 951 3231; x_wconf 82' lang='lat' dir='ltr'><strong>regni</strong></span> <span class='ocrx_word' id='word_1_373' title='bbox 978 3202 991 3225; x_wconf 93' lang='lat'><strong>,</strong></span> <span class='ocrx_word' id='word_1_374' title='bbox 1022 3162 1089 3216; x_wconf 87' lang='lat' dir='ltr'><strong>de</strong></span> <span class='ocrx_word' id='word_1_375' title='bbox 1120 3177 1225 3230; x_wconf 88' lang='lat' dir='ltr'><strong>quo</strong></span> <span class='ocrx_word' id='word_1_376' title='bbox 1250 3160 1563 3231; x_wconf 88' lang='lat' dir='ltr'><strong>subjectarit</strong></span> <span class='ocrx_word' id='word_1_377' title='bbox 1609 3158 1692 3232; x_wconf 82' lang='lat'><strong>(6)</strong></span> <span class='ocrx_word' id='word_1_378' title='bbox 1732 3161 1816 3230; x_wconf 80' lang='lat' dir='ltr'><strong>ip-</strong></span> 
     </span>
    </p>
   </div>
   <div class='ocr_carea' id='block_1_48' title="bbox 1906 1963 3504 2037">
    <p class='ocr_par' dir='ltr' id='par_1_48' title="bbox 1906 1963 3504 2037">
     <span class='ocr_line' id='line_1_48' title="bbox 1906 1963 3504 2037; baseline 0.002 -19"><span class='ocrx_word' id='word_1_379' title='bbox 1906 1964 2087 2037; x_wconf 86' lang='lat' dir='ltr'><strong>pingat</strong></span> <span class='ocrx_word' id='word_1_380' title='bbox 2124 1973 2179 2020; x_wconf 89' lang='lat' dir='ltr'><strong>et</strong></span> <span class='ocrx_word' id='word_1_381' title='bbox 2219 1963 2391 2019; x_wconf 89' lang='lat' dir='ltr'><strong>tristia</strong></span> <span class='ocrx_word' id='word_1_382' title='bbox 2419 1974 2473 2019; x_wconf 92' lang='lat' dir='ltr'><strong>et</strong></span> <span class='ocrx_word' id='word_1_383' title='bbox 2505 1963 2657 2031; x_wconf 62' lang='lat' dir='ltr'><strong>lieta,</strong></span> <span class='ocrx_word' id='word_1_384' title='bbox 2693 1974 2745 2018; x_wconf 90' lang='lat' dir='ltr'><strong>et</strong></span> <span class='ocrx_word' id='word_1_385' title='bbox 2784 1965 3169 2022; x_wconf 87' lang='lat' dir='ltr'><strong>concussiones</strong></span> <span class='ocrx_word' id='word_1_386' title='bbox 3195 1977 3246 2021; x_wconf 91' lang='lat' dir='ltr'><strong>et</strong></span> <span class='ocrx_word' id='word_1_387' title='bbox 3275 1968 3504 2037; x_wconf 88' lang='lat' dir='ltr'><strong>promis-</strong></span> 
     </span>
    </p>
   </div>
   <div class='ocr_carea' id='block_1_49' title="bbox 1904 2056 3500 2130">
    <p class='ocr_par' dir='ltr' id='par_1_49' title="bbox 1904 2056 3500 2130">
     <span class='ocr_line' id='line_1_49' title="bbox 1904 2056 3500 2130; baseline 0.001 -17"><span class='ocrx_word' id='word_1_388' title='bbox 1904 2058 2107 2124; x_wconf 85' lang='lat' dir='ltr'><strong>sioucs,</strong></span> <span class='ocrx_word' id='word_1_389' title='bbox 2141 2073 2240 2113; x_wconf 91' lang='lat' dir='ltr'><strong>nec</strong></span> <span class='ocrx_word' id='word_1_390' title='bbox 2269 2056 2443 2127; x_wconf 88' lang='lat' dir='ltr'><strong>possis</strong></span> <span class='ocrx_word' id='word_1_391' title='bbox 2493 2071 2745 2127; x_wconf 88' lang='lat' dir='ltr'><strong>separare</strong></span> <span class='ocrx_word' id='word_1_392' title='bbox 2797 2058 2865 2113; x_wconf 89' lang='lat' dir='ltr'><strong>ab</strong></span> <span class='ocrx_word' id='word_1_393' title='bbox 2906 2057 2995 2112; x_wconf 92' lang='lat' dir='ltr'><strong>illo</strong></span> <span class='ocrx_word' id='word_1_394' title='bbox 3020 2058 3240 2113; x_wconf 89' lang='lat' dir='ltr'><strong>alteram</strong></span> <span class='ocrx_word' id='word_1_395' title='bbox 3276 2071 3500 2130; x_wconf 89' lang='lat' dir='ltr'><strong>partem.</strong></span> 
     </span>
    </p>
   </div>
   <div class='ocr_carea' id='block_1_50' title="bbox 1910 2146 3505 2209">
    <p class='ocr_par' dir='ltr' id='par_1_50' title="bbox 1910 2146 3505 2209">
     <span class='ocr_line' id='line_1_50' title="bbox 1910 2146 3505 2209; baseline 0.003 -4"><span class='ocrx_word' id='word_1_396' title='bbox 1910 2147 2086 2205; x_wconf 89' lang='lat' dir='ltr'><strong>Unius</strong></span> <span class='ocrx_word' id='word_1_397' title='bbox 2137 2148 2280 2204; x_wconf 89' lang='lat' dir='ltr'><strong>enim</strong></span> <span class='ocrx_word' id='word_1_398' title='bbox 2316 2146 2414 2202; x_wconf 85' lang='lat' dir='ltr'><strong>lilii</strong></span> <span class='ocrx_word' id='word_1_399' title='bbox 2469 2146 2702 2203; x_wconf 89' lang='lat' dir='ltr'><strong>hominis</strong></span> <span class='ocrx_word' id='word_1_400' title='bbox 2760 2148 2992 2204; x_wconf 91' lang='lat' dir='ltr'><strong>adventu</strong></span> <span class='ocrx_word' id='word_1_401' title='bbox 3046 2151 3337 2207; x_wconf 91' lang='lat' dir='ltr'><strong>constituto</strong></span> <span class='ocrx_word' id='word_1_402' title='bbox 3369 2154 3505 2209; x_wconf 89' lang='lat' dir='ltr'><strong>inter</strong></span> 
     </span>
    </p>
   </div>
   <div class='ocr_carea' id='block_1_51' title="bbox 1907 2241 3508 2312">
    <p class='ocr_par' dir='ltr' id='par_1_51' title="bbox 1907 2241 3508 2312">
     <span class='ocr_line' id='line_1_51' title="bbox 1907 2241 3508 2312; baseline 0.001 -13"><span class='ocrx_word' id='word_1_403' title='bbox 1907 2242 2043 2299; x_wconf 90' lang='lat' dir='ltr'><strong>duos</strong></span> <span class='ocrx_word' id='word_1_404' title='bbox 2065 2241 2269 2308; x_wconf 79' lang='lat' dir='ltr'><strong>exitus,</strong></span> <span class='ocrx_word' id='word_1_405' title='bbox 2293 2241 2707 2298; x_wconf 84' lang='lat' dir='ltr'><strong>concussionqu</strong></span> <span class='ocrx_word' id='word_1_406' title='bbox 2736 2251 2791 2296; x_wconf 92' lang='lat' dir='ltr'><strong>et</strong></span> <span class='ocrx_word' id='word_1_407' title='bbox 2815 2242 3253 2312; x_wconf 87' lang='lat' dir='ltr'><strong>promissionum,</strong></span> <span class='ocrx_word' id='word_1_408' title='bbox 3284 2259 3508 2301; x_wconf 87' lang='lat' dir='ltr'><strong>necesse</strong></span> 
     </span>
    </p>
   </div>
   <div class='ocr_carea' id='block_1_52' title="bbox 1910 2332 3509 2404">
    <p class='ocr_par' dir='ltr' id='par_1_52' title="bbox 1910 2332 3509 2404">
     <span class='ocr_line' id='line_1_52' title="bbox 1910 2332 3509 2404; baseline 0.003 -15"><span class='ocrx_word' id='word_1_409' title='bbox 1910 2333 2087 2391; x_wconf 88' lang='lat' dir='ltr'><strong>estad</strong></span> <span class='ocrx_word' id='word_1_410' title='bbox 2121 2350 2284 2389; x_wconf 88' lang='lat' dir='ltr'><strong>unum</strong></span> <span class='ocrx_word' id='word_1_411' title='bbox 2342 2333 2653 2404; x_wconf 89' lang='lat' dir='ltr'><strong>pertineant</strong></span> <span class='ocrx_word' id='word_1_412' title='bbox 2697 2332 2863 2388; x_wconf 87' lang='lat' dir='ltr'><strong>lilimn</strong></span> <span class='ocrx_word' id='word_1_413' title='bbox 2912 2334 3148 2390; x_wconf 90' lang='lat' dir='ltr'><strong>hominis</strong></span> <span class='ocrx_word' id='word_1_414' title='bbox 3172 2377 3187 2401; x_wconf 90' lang='lat'><strong>,</strong></span> <span class='ocrx_word' id='word_1_415' title='bbox 3217 2345 3270 2391; x_wconf 92' lang='lat' dir='ltr'><strong>et</strong></span> <span class='ocrx_word' id='word_1_416' title='bbox 3306 2336 3509 2393; x_wconf 83' lang='lat' dir='ltr'><strong>incom-</strong></span> 
     </span>
    </p>
   </div>
   <div class='ocr_carea' id='block_1_53' title="bbox 1913 2425 3512 2499">
    <p class='ocr_par' dir='ltr' id='par_1_53' title="bbox 1913 2425 3512 2499">
     <span class='ocr_line' id='line_1_53' title="bbox 1913 2425 3512 2499; baseline 0.001 -18"><span class='ocrx_word' id='word_1_417' title='bbox 1913 2425 2068 2481; x_wconf 89' lang='lat' dir='ltr'><strong>moda</strong></span> <span class='ocrx_word' id='word_1_418' title='bbox 2102 2426 2473 2489; x_wconf 89' lang='lat' dir='ltr'><strong>nationum,et</strong></span> <span class='ocrx_word' id='word_1_419' title='bbox 2498 2434 2618 2479; x_wconf 86' lang='lat' dir='ltr'><strong>vota</strong></span> <span class='ocrx_word' id='word_1_420' title='bbox 2644 2435 2986 2480; x_wconf 84' lang='lat' dir='ltr'><strong>sanctorum:</strong></span> <span class='ocrx_word' id='word_1_421' title='bbox 3015 2428 3138 2497; x_wconf 88' lang='lat' dir='ltr'><strong>quia</strong></span> <span class='ocrx_word' id='word_1_422' title='bbox 3173 2428 3291 2498; x_wconf 77' lang='grc'>(10)</span> <span class='ocrx_word' id='word_1_423' title='bbox 3319 2426 3390 2482; x_wconf 93' lang='lat' dir='ltr'><strong>ita</strong></span> <span class='ocrx_word' id='word_1_424' title='bbox 3417 2444 3512 2499; x_wconf 88' lang='lat' dir='ltr'><strong>po-</strong></span> 
     </span>
    </p>
   </div>
   <div class='ocr_carea' id='block_1_54' title="bbox 1923 2516 3513 2584">
    <p class='ocr_par' dir='ltr' id='par_1_54' title="bbox 1923 2516 3513 2584">
     <span class='ocr_line' id='line_1_54' title="bbox 1923 2516 3513 2584; baseline 0.001 -11"><span class='ocrx_word' id='word_1_425' title='bbox 1923 2518 2061 2573; x_wconf 86' lang='lat' dir='ltr'><strong>situs</strong></span> <span class='ocrx_word' id='word_1_426' title='bbox 2082 2525 2166 2572; x_wconf 89' lang='lat' dir='ltr'><strong>est</strong></span> <span class='ocrx_word' id='word_1_427' title='bbox 2192 2516 2243 2571; x_wconf 89' lang='lat' dir='ltr'><strong>in</strong></span> <span class='ocrx_word' id='word_1_428' title='bbox 2270 2517 2451 2571; x_wconf 87' lang='lat' dir='ltr'><strong>medio</strong></span> <span class='ocrx_word' id='word_1_429' title='bbox 2473 2558 2488 2583; x_wconf 95' lang='lat'><strong>,</strong></span> <span class='ocrx_word' id='word_1_430' title='bbox 2524 2527 2581 2571; x_wconf 89' lang='lat' dir='ltr'><strong>ut</strong></span> <span class='ocrx_word' id='word_1_431' title='bbox 2606 2518 2905 2571; x_wconf 87' lang='lat' dir='ltr'><strong>eonmmnis</strong></span> <span class='ocrx_word' id='word_1_432' title='bbox 2935 2520 3167 2573; x_wconf 76' lang='lat' dir='ltr'><strong>exitibus</strong></span> <span class='ocrx_word' id='word_1_433' title='bbox 3212 2520 3471 2575; x_wconf 89' lang='lat' dir='ltr'><strong>ambobus</strong></span> <span class='ocrx_word' id='word_1_434' title='bbox 3496 2563 3513 2584; x_wconf 80' lang='lat'><strong>,</strong></span> 
     </span>
    </p>
   </div>
   <div class='ocr_carea' id='block_1_55' title="bbox 1914 2607 3513 2676">
    <p class='ocr_par' dir='ltr' id='par_1_55' title="bbox 1914 2607 3513 2676">
     <span class='ocr_line' id='line_1_55' title="bbox 1914 2607 3513 2676; baseline 0.004 -15"><span class='ocrx_word' id='word_1_435' title='bbox 1914 2610 2141 2664; x_wconf 87' lang='lat' dir='ltr'><strong>alterum</strong></span> <span class='ocrx_word' id='word_1_436' title='bbox 2166 2607 2520 2663; x_wconf 90' lang='lat' dir='ltr'><strong>conclusurus</strong></span> <span class='ocrx_word' id='word_1_437' title='bbox 2549 2607 2782 2662; x_wconf 86' lang='lat' dir='ltr'><strong>adventu</strong></span> <span class='ocrx_word' id='word_1_438' title='bbox 2808 2624 2927 2672; x_wconf 87' lang='lat' dir='ltr'><strong>suo,</strong></span> <span class='ocrx_word' id='word_1_439' title='bbox 2959 2608 3006 2664; x_wconf 88' lang='lat' dir='ltr'><strong>id</strong></span> <span class='ocrx_word' id='word_1_440' title='bbox 3037 2619 3139 2676; x_wconf 90' lang='lat' dir='ltr'><strong>est,</strong></span> <span class='ocrx_word' id='word_1_441' title='bbox 3175 2611 3513 2668; x_wconf 88' lang='lat' dir='ltr'><strong>incommoda</strong></span> 
     </span>
    </p>
   </div>
   <div class='ocr_carea' id='block_1_56' title="bbox 1916 2701 3511 2772">
    <p class='ocr_par' dir='ltr' id='par_1_56' title="bbox 1916 2701 3511 2772">
     <span class='ocr_line' id='line_1_56' title="bbox 1916 2701 3511 2772; baseline 0.002 -15"><span class='ocrx_word' id='word_1_442' title='bbox 1916 2702 2464 2767; x_wconf 88' lang='lat' dir='ltr'><strong>nationum;alterum</strong></span> <span class='ocrx_word' id='word_1_443' title='bbox 2493 2701 2777 2771; x_wconf 86' lang='lat' dir='ltr'><strong>incipiens,</strong></span> <span class='ocrx_word' id='word_1_444' title='bbox 2804 2702 2853 2756; x_wconf 88' lang='lat' dir='ltr'><strong>id</strong></span> <span class='ocrx_word' id='word_1_445' title='bbox 2875 2710 2982 2767; x_wconf 90' lang='lat' dir='ltr'><strong>est,</strong></span> <span class='ocrx_word' id='word_1_446' title='bbox 3015 2713 3138 2757; x_wconf 90' lang='lat' dir='ltr'><strong>vota</strong></span> <span class='ocrx_word' id='word_1_447' title='bbox 3162 2715 3470 2761; x_wconf 88' lang='lat' dir='ltr'><strong>sanctorum</strong></span> <span class='ocrx_word' id='word_1_448' title='bbox 3495 2723 3511 2772; x_wconf 85' lang='lat'><strong>;</strong></span> 
     </span>
    </p>
   </div>
   <div class='ocr_carea' id='block_1_57' title="bbox 1918 2793 3513 2854">
    <p class='ocr_par' dir='ltr' id='par_1_57' title="bbox 1918 2793 3513 2854">
     <span class='ocr_line' id='line_1_57' title="bbox 1918 2793 3513 2854; baseline 0.002 -4"><span class='ocrx_word' id='word_1_449' title='bbox 1918 2803 1979 2850; x_wconf 91' lang='lat' dir='ltr'><strong>ut</strong></span> <span class='ocrx_word' id='word_1_450' title='bbox 2006 2796 2120 2850; x_wconf 89' lang='lat' dir='ltr'><strong>sive</strong></span> <span class='ocrx_word' id='word_1_451' title='bbox 2148 2795 2251 2850; x_wconf 91' lang='lat' dir='ltr'><strong>mei</strong></span> <span class='ocrx_word' id='word_1_452' title='bbox 2282 2793 2478 2849; x_wconf 79' lang='lat' dir='ltr'><strong>Chrisu</strong></span> <span class='ocrx_word' id='word_1_453' title='bbox 2510 2794 2846 2850; x_wconf 78' lang='lat' dir='ltr'><strong>concesseris</strong></span> <span class='ocrx_word' id='word_1_454' title='bbox 2874 2795 3160 2851; x_wconf 89' lang='lat' dir='ltr'><strong>adventum</strong></span> <span class='ocrx_word' id='word_1_455' title='bbox 3216 2797 3306 2852; x_wconf 90' lang='lat' dir='ltr'><strong>lilii</strong></span> <span class='ocrx_word' id='word_1_456' title='bbox 3334 2797 3513 2854; x_wconf 85' lang='lat' dir='ltr'><strong>homi-</strong></span> 
     </span>
    </p>
   </div>
   <div class='ocr_carea' id='block_1_58' title="bbox 1920 2887 3517 2960">
    <p class='ocr_par' dir='ltr' id='par_1_58' title="bbox 1920 2887 3517 2960">
     <span class='ocr_line' id='line_1_58' title="bbox 1920 2887 3517 2960; baseline 0.003 -18"><span class='ocrx_word' id='word_1_457' title='bbox 1920 2888 2024 2955; x_wconf 90' lang='lat' dir='ltr'><strong>nis,</strong></span> <span class='ocrx_word' id='word_1_458' title='bbox 2054 2904 2161 2957; x_wconf 92' lang='lat' dir='ltr'><strong>quo</strong></span> <span class='ocrx_word' id='word_1_459' title='bbox 2206 2887 2344 2941; x_wconf 87' lang='lat' dir='ltr'><strong>mala</strong></span> <span class='ocrx_word' id='word_1_460' title='bbox 2374 2887 2713 2942; x_wconf 88' lang='lat' dir='ltr'><strong>imminentia</strong></span> <span class='ocrx_word' id='word_1_461' title='bbox 2740 2887 2791 2943; x_wconf 90' lang='lat' dir='ltr'><strong>ei</strong></span> <span class='ocrx_word' id='word_1_462' title='bbox 2820 2887 3045 2958; x_wconf 89' lang='lat' dir='ltr'><strong>deputes</strong></span> <span class='ocrx_word' id='word_1_463' title='bbox 3072 2906 3190 2960; x_wconf 64' lang='lat' dir='ltr'><strong>qua)</strong></span> <span class='ocrx_word' id='word_1_464' title='bbox 3231 2890 3517 2946; x_wconf 89' lang='lat' dir='ltr'><strong>adventum</strong></span> 
     </span>
    </p>
   </div>
   <div class='ocr_carea' id='block_1_59' title="bbox 1920 2977 3514 3052">
    <p class='ocr_par' dir='ltr' id='par_1_59' title="bbox 1920 2977 3514 3052">
     <span class='ocr_line' id='line_1_59' title="bbox 1920 2977 3514 3052; baseline 0.004 -19"><span class='ocrx_word' id='word_1_465' title='bbox 1920 2979 2036 3048; x_wconf 88' lang='lat' dir='ltr'><strong>ejus</strong></span> <span class='ocrx_word' id='word_1_466' title='bbox 2062 2977 2409 3042; x_wconf 88' lang='lat' dir='ltr'><strong>antecedunt,</strong></span> <span class='ocrx_word' id='word_1_467' title='bbox 2438 2978 2651 3047; x_wconf 88' lang='lat' dir='ltr'><strong>cogaris</strong></span> <span class='ocrx_word' id='word_1_468' title='bbox 2696 2979 2856 3032; x_wconf 89' lang='lat' dir='ltr'><strong>etiam</strong></span> <span class='ocrx_word' id='word_1_469' title='bbox 2888 2979 3026 3034; x_wconf 90' lang='lat' dir='ltr'><strong>bona</strong></span> <span class='ocrx_word' id='word_1_470' title='bbox 3067 2980 3116 3035; x_wconf 94' lang='lat' dir='ltr'><strong>ci</strong></span> <span class='ocrx_word' id='word_1_471' title='bbox 3162 2981 3472 3039; x_wconf 89' lang='lat' dir='ltr'><strong>adscribere</strong></span> <span class='ocrx_word' id='word_1_472' title='bbox 3497 3025 3514 3052; x_wconf 89' lang='lat'><strong>,</strong></span> 
     </span>
    </p>
   </div>
   <div class='ocr_carea' id='block_1_60' title="bbox 1921 3069 3511 3141">
    <p class='ocr_par' dir='ltr' id='par_1_60' title="bbox 1921 3069 3511 3141">
     <span class='ocr_line' id='line_1_60' title="bbox 1921 3069 3511 3141; baseline 0.004 -18"><span class='ocrx_word' id='word_1_473' title='bbox 1921 3085 2041 3139; x_wconf 71' lang='lat' dir='ltr'><strong>qua:</strong></span> <span class='ocrx_word' id='word_1_474' title='bbox 2070 3070 2137 3124; x_wconf 88' lang='lat' dir='ltr'><strong>ab</strong></span> <span class='ocrx_word' id='word_1_475' title='bbox 2175 3070 2411 3125; x_wconf 87' lang='lat' dir='ltr'><strong>adventu</strong></span> <span class='ocrx_word' id='word_1_476' title='bbox 2457 3069 2574 3140; x_wconf 82' lang='lat' dir='ltr'><strong>ejus</strong></span> <span class='ocrx_word' id='word_1_477' title='bbox 2622 3069 2903 3134; x_wconf 89' lang='lat' dir='ltr'><strong>oriuntur;</strong></span> <span class='ocrx_word' id='word_1_478' title='bbox 2953 3070 3066 3125; x_wconf 89' lang='lat' dir='ltr'><strong>sive</strong></span> <span class='ocrx_word' id='word_1_479' title='bbox 3099 3072 3169 3126; x_wconf 91' lang='lat' dir='ltr'><strong>tui</strong></span> <span class='ocrx_word' id='word_1_480' title='bbox 3215 3074 3469 3129; x_wconf 87' lang='lat' dir='ltr'><strong>malueris</strong></span> <span class='ocrx_word' id='word_1_481' title='bbox 3495 3116 3511 3141; x_wconf 93' lang='lat'><strong>,</strong></span> 
     </span>
    </p>
   </div>
   <div class='ocr_carea' id='block_1_61' title="bbox 1922 3160 3523 3236">
    <p class='ocr_par' dir='ltr' id='par_1_61' title="bbox 1922 3160 3523 3236">
     <span class='ocr_line' id='line_1_61' title="bbox 1922 3160 3523 3236; baseline 0.002 -19"><span class='ocrx_word' id='word_1_482' title='bbox 1922 3176 2028 3232; x_wconf 87' lang='lat' dir='ltr'><strong>quo</strong></span> <span class='ocrx_word' id='word_1_483' title='bbox 2067 3161 2206 3217; x_wconf 89' lang='lat' dir='ltr'><strong>bona</strong></span> <span class='ocrx_word' id='word_1_484' title='bbox 2248 3161 2296 3216; x_wconf 89' lang='lat' dir='ltr'><strong>ei</strong></span> <span class='ocrx_word' id='word_1_485' title='bbox 2326 3160 2601 3217; x_wconf 88' lang='lat' dir='ltr'><strong>adscribas</strong></span> <span class='ocrx_word' id='word_1_486' title='bbox 2657 3177 2778 3232; x_wconf 71' lang='lat' dir='ltr'><strong>qutc</strong></span> <span class='ocrx_word' id='word_1_487' title='bbox 2806 3161 2873 3217; x_wconf 86' lang='lat' dir='ltr'><strong>ab</strong></span> <span class='ocrx_word' id='word_1_488' title='bbox 2901 3161 3131 3219; x_wconf 88' lang='lat' dir='ltr'><strong>adventu</strong></span> <span class='ocrx_word' id='word_1_489' title='bbox 3173 3164 3292 3236; x_wconf 85' lang='lat' dir='ltr'><strong>ejus</strong></span> <span class='ocrx_word' id='word_1_490' title='bbox 3334 3166 3523 3221; x_wconf 81' lang='lat' dir='ltr'><strong>oriun-</strong></span> 
     </span>
    </p>
   </div>
   <div class='ocr_carea' id='block_1_62' title="bbox 214 3252 3520 3349">
    <p class='ocr_par' dir='ltr' id='par_1_62' title="bbox 214 3252 3520 3349">
     <span class='ocr_line' id='line_1_62' title="bbox 214 3252 3520 3349; baseline 0.001 -40"><span class='ocrx_word' id='word_1_491' title='bbox 214 3270 276 3313; x_wconf 86' lang='lat' dir='ltr'><strong>sa</strong></span> <span class='ocrx_word' id='word_1_492' title='bbox 306 3254 581 3325; x_wconf 85' lang='lat' dir='ltr'><strong>parabola.</strong></span> <span class='ocrx_word' id='word_1_493' title='bbox 618 3254 708 3308; x_wconf 84' lang='lat' dir='ltr'><strong>Sic</strong></span> <span class='ocrx_word' id='word_1_494' title='bbox 732 3265 776 3307; x_wconf 88' lang='lat' dir='ltr'><strong>et</strong></span> <span class='ocrx_word' id='word_1_495' title='bbox 804 3270 890 3307; x_wconf 88' lang='lat' dir='ltr'><strong>vos</strong></span> <span class='ocrx_word' id='word_1_496' title='bbox 917 3270 1032 3307; x_wconf 89' lang='lat' dir='ltr'><strong>cum</strong></span> <span class='ocrx_word' id='word_1_497' title='bbox 1077 3253 1301 3307; x_wconf 81' lang='lat' dir='ltr'><strong>videritis</strong></span> <span class='ocrx_word' id='word_1_498' title='bbox 1324 3253 1495 3307; x_wconf 89' lang='lat' dir='ltr'><strong>omnia</strong></span> <span class='ocrx_word' id='word_1_499' title='bbox 1522 3252 1628 3308; x_wconf 80' lang='lat' dir='ltr'><strong>lucc</strong></span> <span class='ocrx_word' id='word_1_500' title='bbox 1663 3252 1775 3312; x_wconf 81' lang='lat' dir='ltr'><strong>fieri</strong></span> <span class='ocrx_word' id='word_1_501' title='bbox 1800 3293 1815 3320; x_wconf 95' lang='lat'><strong>,</strong></span> <span class='ocrx_word' id='word_1_502' title='bbox 1846 3286 1893 3349; x_wconf 60' lang='grc' dir='ltr'>Ο</span> <span class='ocrx_word' id='word_1_503' title='bbox 1926 3264 2011 3309; x_wconf 88' lang='lat' dir='ltr'><strong>tur</strong></span> <span class='ocrx_word' id='word_1_504' title='bbox 2039 3253 2182 3325; x_wconf 83' lang='grc' dir='ltr'>(Η),</span> <span class='ocrx_word' id='word_1_505' title='bbox 2213 3253 2423 3323; x_wconf 85' lang='lat' dir='ltr'><strong>eogaris</strong></span> <span class='ocrx_word' id='word_1_506' title='bbox 2451 3255 2590 3309; x_wconf 86' lang='lat' dir='ltr'><strong>mala</strong></span> <span class='ocrx_word' id='word_1_507' title='bbox 2632 3269 2845 3324; x_wconf 86' lang='lat' dir='ltr'><strong>quoque</strong></span> <span class='ocrx_word' id='word_1_508' title='bbox 2881 3257 2928 3310; x_wconf 90' lang='lat' dir='ltr'><strong>ci</strong></span> <span class='ocrx_word' id='word_1_509' title='bbox 2961 3256 3242 3326; x_wconf 90' lang='lat' dir='ltr'><strong>deputare,</strong></span> <span class='ocrx_word' id='word_1_510' title='bbox 3271 3275 3390 3329; x_wconf 70' lang='lat' dir='ltr'><strong>qua:</strong></span> <span class='ocrx_word' id='word_1_511' title='bbox 3420 3259 3520 3314; x_wconf 86' lang='lat' dir='ltr'><strong>ad-</strong></span> 
     </span>
    </p>
   </div>
   <div class='ocr_carea' id='block_1_63' title="bbox 217 3344 1823 3417">
    <p class='ocr_par' dir='ltr' id='par_1_63' title="bbox 217 3344 1823 3417">
     <span class='ocr_line' id='line_1_63' title="bbox 217 3344 1823 3417; baseline -0.003 -15"><span class='ocrx_word' id='word_1_512' title='bbox 217 3348 401 3402; x_wconf 81' lang='lat' dir='ltr'><strong>scitote</strong></span> <span class='ocrx_word' id='word_1_513' title='bbox 422 3346 859 3417; x_wconf 86' lang='lat' dir='ltr'><strong>appropinquasse</strong></span> <span class='ocrx_word' id='word_1_514' title='bbox 881 3362 1093 3416; x_wconf 76' lang='lat' dir='ltr'><strong>regnum</strong></span> <span class='ocrx_word' id='word_1_515' title='bbox 1124 3344 1241 3399; x_wconf 85' lang='lat' dir='ltr'><strong>Dei.</strong></span> <span class='ocrx_word' id='word_1_516' title='bbox 1267 3345 1367 3400; x_wconf 80' lang='lat' dir='ltr'><strong>llic</strong></span> <span class='ocrx_word' id='word_1_517' title='bbox 1390 3346 1491 3400; x_wconf 85' lang='lat' dir='ltr'><strong>erit</strong></span> <span class='ocrx_word' id='word_1_518' title='bbox 1512 3344 1630 3401; x_wconf 86' lang='lat' dir='ltr'><strong>dies</strong></span> <span class='ocrx_word' id='word_1_519' title='bbox 1676 3360 1823 3415; x_wconf 61' lang='lat' dir='ltr'><strong>mag-</strong></span> 
     </span>
    </p>
   </div>
   <div class='ocr_carea' id='block_1_64' title="bbox 218 3436 1823 3505">
    <p class='ocr_par' dir='ltr' id='par_1_64' title="bbox 218 3436 1823 3505">
     <span class='ocr_line' id='line_1_64' title="bbox 218 3436 1823 3505; baseline -0.002 -11"><span class='ocrx_word' id='word_1_520' title='bbox 218 3455 324 3495; x_wconf 83' lang='lat' dir='ltr'><strong>nus</strong></span> <span class='ocrx_word' id='word_1_521' title='bbox 358 3438 568 3493; x_wconf 78' lang='lat' dir='ltr'><strong>Domini</strong></span> <span class='ocrx_word' id='word_1_522' title='bbox 598 3447 651 3492; x_wconf 92' lang='lat' dir='ltr'><strong>et</strong></span> <span class='ocrx_word' id='word_1_523' title='bbox 681 3437 924 3505; x_wconf 81' lang='lat' dir='ltr'><strong>illustris,</strong></span> <span class='ocrx_word' id='word_1_524' title='bbox 950 3438 1214 3493; x_wconf 86' lang='lat' dir='ltr'><strong>venientis</strong></span> <span class='ocrx_word' id='word_1_525' title='bbox 1240 3438 1307 3491; x_wconf 91' lang='lat' dir='ltr'><strong>de</strong></span> <span class='ocrx_word' id='word_1_526' title='bbox 1328 3438 1480 3492; x_wconf 62' lang='lat' dir='ltr'><strong>caelis</strong></span> <span class='ocrx_word' id='word_1_527' title='bbox 1510 3437 1600 3491; x_wconf 87' lang='lat' dir='ltr'><strong>lilii</strong></span> <span class='ocrx_word' id='word_1_528' title='bbox 1646 3436 1823 3491; x_wconf 85' lang='lat' dir='ltr'><strong>homi-</strong></span> 
     </span>
    </p>
   </div>
   <div class='ocr_carea' id='block_1_65' title="bbox 223 3528 1827 3601">
    <p class='ocr_par' dir='ltr' id='par_1_65' title="bbox 223 3528 1827 3601">
     <span class='ocr_line' id='line_1_65' title="bbox 223 3528 1827 3601; baseline -0.002 -15"><span class='ocrx_word' id='word_1_529' title='bbox 223 3531 311 3587; x_wconf 86' lang='lat' dir='ltr'><strong>nis</strong></span> <span class='ocrx_word' id='word_1_530' title='bbox 338 3528 634 3584; x_wconf 89' lang='lat' dir='ltr'><strong>secundum</strong></span> <span class='ocrx_word' id='word_1_531' title='bbox 661 3529 933 3584; x_wconf 89' lang='lat' dir='ltr'><strong>Danielem</strong></span> <span class='ocrx_word' id='word_1_532' title='bbox 965 3529 1126 3601; x_wconf 86' lang='lat' dir='ltr'><strong>(Dan.</strong></span> <span class='ocrx_word' id='word_1_533' title='bbox 1150 3529 1264 3594; x_wconf 70' lang='lat' dir='ltr'><strong>Vll,</strong></span> <span class='ocrx_word' id='word_1_534' title='bbox 1294 3528 1351 3600; x_wconf 81' lang='grc'>5)</span> <span class='ocrx_word' id='word_1_535' title='bbox 1382 3547 1393 3581; x_wconf 89' lang='grc'>;</span> <span class='ocrx_word' id='word_1_536' title='bbox 1426 3528 1557 3582; x_wconf 79' lang='lat' dir='ltr'><strong>Ecce</strong></span> <span class='ocrx_word' id='word_1_537' title='bbox 1580 3545 1695 3582; x_wconf 89' lang='lat' dir='ltr'><strong>cum</strong></span> <span class='ocrx_word' id='word_1_538' title='bbox 1714 3528 1827 3582; x_wconf 69' lang='grc' dir='ltr'><strong>ια’ιί</strong></span> 
     </span>
    </p>
   </div>
   <div class='ocr_carea' id='block_1_66' title="bbox 221 3618 1825 3689">
    <p class='ocr_par' dir='ltr' id='par_1_66' title="bbox 221 3618 1825 3689">
     <span class='ocr_line' id='line_1_66' title="bbox 221 3618 1825 3689; baseline -0.002 -14"><span class='ocrx_word' id='word_1_539' title='bbox 221 3621 441 3675; x_wconf 86' lang='lat' dir='ltr'><strong>nubibus</strong></span> <span class='ocrx_word' id='word_1_540' title='bbox 465 3631 704 3689; x_wconf 83' lang='lat' dir='ltr'><strong>tanquam</strong></span> <span class='ocrx_word' id='word_1_541' title='bbox 732 3618 873 3688; x_wconf 80' lang='lat' dir='ltr'><strong>ﬁlius</strong></span> <span class='ocrx_word' id='word_1_542' title='bbox 895 3621 1110 3675; x_wconf 83' lang='lat' dir='ltr'><strong>hominis</strong></span> <span class='ocrx_word' id='word_1_543' title='bbox 1155 3622 1451 3688; x_wconf 82' lang='lat' dir='ltr'><strong>adveniens,</strong></span> <span class='ocrx_word' id='word_1_544' title='bbox 1484 3628 1591 3675; x_wconf 87' lang='lat' dir='ltr'><strong>etc.</strong></span> <span class='ocrx_word' id='word_1_545' title='bbox 1631 3618 1698 3673; x_wconf 80' lang='lat' dir='ltr'><strong>Et</strong></span> <span class='ocrx_word' id='word_1_546' title='bbox 1730 3618 1825 3672; x_wconf 89' lang='lat' dir='ltr'><strong>da-</strong></span> 
     </span>
    </p>
   </div>
   <div class='ocr_carea' id='block_1_67' title="bbox 223 3710 1831 3784">
    <p class='ocr_par' dir='ltr' id='par_1_67' title="bbox 223 3710 1831 3784">
     <span class='ocr_line' id='line_1_67' title="bbox 223 3710 1831 3784; baseline -0.002 -17"><span class='ocrx_word' id='word_1_547' title='bbox 223 3723 277 3767; x_wconf 90' lang='lat' dir='ltr'><strong>ta</strong></span> <span class='ocrx_word' id='word_1_548' title='bbox 316 3723 389 3768; x_wconf 86' lang='lat' dir='ltr'><strong>est</strong></span> <span class='ocrx_word' id='word_1_549' title='bbox 429 3712 506 3767; x_wconf 88' lang='lat' dir='ltr'><strong>illi</strong></span> <span class='ocrx_word' id='word_1_550' title='bbox 530 3713 667 3784; x_wconf 87' lang='lat' dir='ltr'><strong>regia</strong></span> <span class='ocrx_word' id='word_1_551' title='bbox 696 3722 912 3782; x_wconf 88' lang='lat' dir='ltr'><strong>potestas</strong></span> <span class='ocrx_word' id='word_1_552' title='bbox 941 3754 955 3783; x_wconf 88' lang='lat'><strong>,</strong></span> <span class='ocrx_word' id='word_1_553' title='bbox 1008 3729 1165 3783; x_wconf 81' lang='lat' dir='ltr'><strong>quant</strong></span> <span class='ocrx_word' id='word_1_554' title='bbox 1192 3715 1243 3767; x_wconf 91' lang='lat' dir='ltr'><strong>in</strong></span> <span class='ocrx_word' id='word_1_555' title='bbox 1297 3712 1547 3782; x_wconf 72' lang='lat' dir='ltr'><strong>parabole</strong></span> <span class='ocrx_word' id='word_1_556' title='bbox 1595 3710 1831 3782; x_wconf 87' lang='lat' dir='ltr'><strong>postula-</strong></span> 
     </span>
    </p>
   </div>
   <div class='ocr_carea' id='block_1_68' title="bbox 235 3804 1831 3876">
    <p class='ocr_par' dir='ltr' id='par_1_68' title="bbox 235 3804 1831 3876">
     <span class='ocr_line' id='line_1_68' title="bbox 235 3804 1831 3876; baseline -0.003 -14"><span class='ocrx_word' id='word_1_557' title='bbox 235 3816 392 3862; x_wconf 85' lang='lat' dir='ltr'><strong>turus</strong></span> <span class='ocrx_word' id='word_1_558' title='bbox 414 3807 620 3861; x_wconf 80' lang='lat' dir='ltr'><strong>exierat</strong></span> <span class='ocrx_word' id='word_1_559' title='bbox 641 3806 825 3861; x_wconf 89' lang='lat' dir='ltr'><strong>relicta</strong></span> <span class='ocrx_word' id='word_1_560' title='bbox 853 3808 1078 3876; x_wconf 87' lang='lat' dir='ltr'><strong>pecunia</strong></span> <span class='ocrx_word' id='word_1_561' title='bbox 1111 3805 1280 3860; x_wconf 87' lang='lat' dir='ltr'><strong>servis</strong></span> <span class='ocrx_word' id='word_1_562' title='bbox 1311 3845 1326 3869; x_wconf 89' lang='lat'><strong>,</strong></span> <span class='ocrx_word' id='word_1_563' title='bbox 1372 3820 1491 3876; x_wconf 77' lang='lat' dir='ltr'><strong>qua:</strong></span> <span class='ocrx_word' id='word_1_564' title='bbox 1540 3804 1831 3861; x_wconf 56' lang='lat' dir='ltr'><strong>faenerare-</strong></span> 
     </span>
    </p>
   </div>
   <div class='ocr_carea' id='block_1_69' title="bbox 234 3894 1831 3969">
    <p class='ocr_par' dir='ltr' id='par_1_69' title="bbox 234 3894 1831 3969">
     <span class='ocr_line' id='line_1_69' title="bbox 234 3894 1831 3969; baseline -0.004 -15"><span class='ocrx_word' id='word_1_565' title='bbox 234 3908 325 3954; x_wconf 87' lang='lat' dir='ltr'><strong>tur</strong></span> <span class='ocrx_word' id='word_1_566' title='bbox 356 3896 460 3969; x_wconf 83' lang='grc'>(7).</span> <span class='ocrx_word' id='word_1_567' title='bbox 493 3896 559 3951; x_wconf 87' lang='grc' dir='ltr'><strong>Ει</strong></span> <span class='ocrx_word' id='word_1_568' title='bbox 609 3897 873 3951; x_wconf 80' lang='lat' dir='ltr'><strong>universa:</strong></span> <span class='ocrx_word' id='word_1_569' title='bbox 915 3897 1159 3953; x_wconf 89' lang='lat' dir='ltr'><strong>nationes</strong></span> <span class='ocrx_word' id='word_1_570' title='bbox 1185 3939 1200 3963; x_wconf 91' lang='lat'><strong>,</strong></span> <span class='ocrx_word' id='word_1_571' title='bbox 1253 3912 1388 3967; x_wconf 86' lang='lat' dir='ltr'><strong>quas</strong></span> <span class='ocrx_word' id='word_1_572' title='bbox 1438 3896 1758 3966; x_wconf 86' lang='lat' dir='ltr'><strong>promiserat</strong></span> <span class='ocrx_word' id='word_1_573' title='bbox 1782 3894 1831 3949; x_wconf 93' lang='lat' dir='ltr'><strong>ei</strong></span> 
     </span>
    </p>
   </div>
   <div class='ocr_carea' id='block_1_70' title="bbox 230 3984 1835 4061">
    <p class='ocr_par' dir='ltr' id='par_1_70' title="bbox 230 3984 1835 4061">
     <span class='ocr_line' id='line_1_70' title="bbox 230 3984 1835 4061; baseline -0.003 -16"><span class='ocrx_word' id='word_1_574' title='bbox 230 3990 286 4045; x_wconf 93' lang='lat' dir='ltr'><strong>in</strong></span> <span class='ocrx_word' id='word_1_575' title='bbox 321 3990 530 4060; x_wconf 88' lang='lat' dir='ltr'><strong>psalmo</strong></span> <span class='ocrx_word' id='word_1_576' title='bbox 557 3988 715 4043; x_wconf 83' lang='lat' dir='ltr'><strong>Pater</strong></span> <span class='ocrx_word' id='word_1_577' title='bbox 743 3986 860 4061; x_wconf 87' lang='lat' dir='ltr'><strong>(Ps.</strong></span> <span class='ocrx_word' id='word_1_578' title='bbox 892 3988 959 4055; x_wconf 91' lang='lat' dir='ltr'><strong>Il,</strong></span> <span class='ocrx_word' id='word_1_579' title='bbox 990 3988 1048 4060; x_wconf 89' lang='lat'><strong>8)</strong></span> <span class='ocrx_word' id='word_1_580' title='bbox 1088 4007 1100 4041; x_wconf 94' lang='lat'>:</span> <span class='ocrx_word' id='word_1_581' title='bbox 1139 3987 1355 4042; x_wconf 79' lang='lat' dir='ltr'><strong>Postulo</strong></span> <span class='ocrx_word' id='word_1_582' title='bbox 1381 3988 1445 4043; x_wconf 91' lang='lat' dir='ltr'><strong>de</strong></span> <span class='ocrx_word' id='word_1_583' title='bbox 1468 4004 1577 4053; x_wconf 87' lang='lat' dir='ltr'><strong>me,</strong></span> <span class='ocrx_word' id='word_1_584' title='bbox 1629 3996 1675 4041; x_wconf 89' lang='lat' dir='ltr'><strong>et</strong></span> <span class='ocrx_word' id='word_1_585' title='bbox 1700 3984 1835 4040; x_wconf 89' lang='lat' dir='ltr'><strong>dabo</strong></span> 
     </span>
    </p>
   </div>
   <div class='ocr_carea' id='block_1_71' title="bbox 231 4080 1834 4153">
    <p class='ocr_par' dir='ltr' id='par_1_71' title="bbox 231 4080 1834 4153">
     <span class='ocr_line' id='line_1_71' title="bbox 231 4080 1834 4153; baseline -0.002 -16"><span class='ocrx_word' id='word_1_586' title='bbox 231 4083 324 4137; x_wconf 88' lang='lat' dir='ltr'><strong>tibi</strong></span> <span class='ocrx_word' id='word_1_587' title='bbox 353 4091 528 4152; x_wconf 85' lang='lat' dir='ltr'><strong>gentes</strong></span> <span class='ocrx_word' id='word_1_588' title='bbox 551 4081 900 4136; x_wconf 73' lang='lat' dir='ltr'><strong>[nereditatem</strong></span> <span class='ocrx_word' id='word_1_589' title='bbox 929 4092 1089 4135; x_wconf 77' lang='lat' dir='ltr'><strong>luant.</strong></span> <span class='ocrx_word' id='word_1_590' title='bbox 1114 4080 1182 4135; x_wconf 83' lang='lat' dir='ltr'><strong>Et</strong></span> <span class='ocrx_word' id='word_1_591' title='bbox 1199 4081 1366 4153; x_wconf 81' lang='lat' dir='ltr'><strong>gloria</strong></span> <span class='ocrx_word' id='word_1_592' title='bbox 1408 4081 1575 4136; x_wconf 89' lang='lat' dir='ltr'><strong>onmis</strong></span> <span class='ocrx_word' id='word_1_593' title='bbox 1611 4080 1834 4135; x_wconf 86' lang='lat' dir='ltr'><strong>serviens</strong></span> 
     </span>
    </p>
   </div>
   <div class='ocr_carea' id='block_1_72' title="bbox 234 4175 1837 4246">
    <p class='ocr_par' dir='ltr' id='par_1_72' title="bbox 234 4175 1837 4246">
     <span class='ocr_line' id='line_1_72' title="bbox 234 4175 1837 4246; baseline -0.002 -16"><span class='ocrx_word' id='word_1_594' title='bbox 234 4176 313 4230; x_wconf 86' lang='lat' dir='ltr'><strong>illi</strong></span> <span class='ocrx_word' id='word_1_595' title='bbox 335 4184 382 4228; x_wconf 90' lang='lat' dir='ltr'><strong>et</strong></span> <span class='ocrx_word' id='word_1_596' title='bbox 407 4183 626 4244; x_wconf 85' lang='lat' dir='ltr'><strong>potestas</strong></span> <span class='ocrx_word' id='word_1_597' title='bbox 646 4175 754 4241; x_wconf 81' lang='lat' dir='ltr'><strong>eius</strong></span> <span class='ocrx_word' id='word_1_598' title='bbox 779 4185 989 4241; x_wconf 64' lang='lat' dir='ltr'><strong>aeterna,</strong></span> <span class='ocrx_word' id='word_1_599' title='bbox 1004 4191 1116 4245; x_wconf 78' lang='lat' dir='ltr'><strong>qua:</strong></span> <span class='ocrx_word' id='word_1_600' title='bbox 1140 4192 1239 4229; x_wconf 92' lang='lat' dir='ltr'><strong>non</strong></span> <span class='ocrx_word' id='word_1_601' title='bbox 1267 4178 1551 4246; x_wconf 79' lang='lat' dir='ltr'><strong>auferetur,</strong></span> <span class='ocrx_word' id='word_1_602' title='bbox 1567 4183 1613 4228; x_wconf 91' lang='lat' dir='ltr'><strong>et</strong></span> <span class='ocrx_word' id='word_1_603' title='bbox 1626 4190 1837 4244; x_wconf 83' lang='lat' dir='ltr'><strong>regnum</strong></span> 
     </span>
    </p>
   </div>
   <div class='ocr_carea' id='block_1_73' title="bbox 238 4264 1839 4337">
    <p class='ocr_par' dir='ltr' id='par_1_73' title="bbox 238 4264 1839 4337">
     <span class='ocr_line' id='line_1_73' title="bbox 238 4264 1839 4337; baseline 0 -18"><span class='ocrx_word' id='word_1_604' title='bbox 238 4267 355 4335; x_wconf 84' lang='lat' dir='ltr'><strong>ejus</strong></span> <span class='ocrx_word' id='word_1_605' title='bbox 414 4264 553 4335; x_wconf 87' lang='lat' dir='ltr'><strong>quod</strong></span> <span class='ocrx_word' id='word_1_606' title='bbox 597 4282 697 4319; x_wconf 89' lang='lat' dir='ltr'><strong>non</strong></span> <span class='ocrx_word' id='word_1_607' title='bbox 758 4276 1108 4337; x_wconf 70' lang='lat' dir='ltr'><strong>corrumpetur</strong></span> <span class='ocrx_word' id='word_1_608' title='bbox 1140 4282 1159 4318; x_wconf 90' lang='lat'><em>:</em></span> <span class='ocrx_word' id='word_1_609' title='bbox 1206 4268 1323 4337; x_wconf 80' lang='lat' dir='ltr'><strong>quia</strong></span> <span class='ocrx_word' id='word_1_610' title='bbox 1403 4281 1496 4321; x_wconf 90' lang='lat' dir='ltr'><strong>nec</strong></span> <span class='ocrx_word' id='word_1_611' title='bbox 1560 4268 1839 4320; x_wconf 88' lang='lat' dir='ltr'><strong>morientur</strong></span> 
     </span>
    </p>
   </div>
   <div class='ocr_carea' id='block_1_74' title="bbox 238 4358 1836 4430">
    <p class='ocr_par' dir='ltr' id='par_1_74' title="bbox 238 4358 1836 4430">
     <span class='ocr_line' id='line_1_74' title="bbox 238 4358 1836 4430; baseline 0.003 -20"><span class='ocrx_word' id='word_1_612' title='bbox 238 4359 293 4411; x_wconf 92' lang='lat' dir='ltr'><strong>in</strong></span> <span class='ocrx_word' id='word_1_613' title='bbox 320 4358 433 4423; x_wconf 87' lang='lat' dir='ltr'><strong>illo,</strong></span> <span class='ocrx_word' id='word_1_614' title='bbox 463 4373 551 4411; x_wconf 90' lang='lat' dir='ltr'><strong>nec</strong></span> <span class='ocrx_word' id='word_1_615' title='bbox 573 4358 781 4424; x_wconf 86' lang='lat' dir='ltr'><strong>nubent,</strong></span> <span class='ocrx_word' id='word_1_616' title='bbox 810 4358 897 4411; x_wconf 88' lang='lat' dir='ltr'><strong>sed</strong></span> <span class='ocrx_word' id='word_1_617' title='bbox 934 4369 1079 4412; x_wconf 87' lang='lat' dir='ltr'><strong>erant</strong></span> <span class='ocrx_word' id='word_1_618' title='bbox 1133 4358 1262 4413; x_wconf 86' lang='lat' dir='ltr'><strong>sicut</strong></span> <span class='ocrx_word' id='word_1_619' title='bbox 1290 4359 1479 4430; x_wconf 88' lang='lat' dir='ltr'><strong>angeli.</strong></span> <span class='ocrx_word' id='word_1_620' title='bbox 1530 4358 1604 4413; x_wconf 91' lang='lat' dir='ltr'><strong>De</strong></span> <span class='ocrx_word' id='word_1_621' title='bbox 1647 4359 1836 4415; x_wconf 91' lang='lat' dir='ltr'><strong>eodem</strong></span> 
     </span>
    </p>
   </div>
   <div class='ocr_carea' id='block_1_75' title="bbox 238 4448 1841 4523">
    <p class='ocr_par' dir='ltr' id='par_1_75' title="bbox 238 4448 1841 4523">
     <span class='ocr_line' id='line_1_75' title="bbox 238 4448 1841 4523; baseline 0.004 -20"><span class='ocrx_word' id='word_1_622' title='bbox 238 4448 474 4505; x_wconf 86' lang='lat' dir='ltr'><strong>adventu</strong></span> <span class='ocrx_word' id='word_1_623' title='bbox 504 4448 594 4502; x_wconf 86' lang='lat' dir='ltr'><strong>lilii</strong></span> <span class='ocrx_word' id='word_1_624' title='bbox 620 4448 849 4506; x_wconf 89' lang='lat' dir='ltr'><strong>hominis</strong></span> <span class='ocrx_word' id='word_1_625' title='bbox 870 4461 924 4507; x_wconf 90' lang='lat' dir='ltr'><strong>et</strong></span> <span class='ocrx_word' id='word_1_626' title='bbox 952 4450 1121 4506; x_wconf 80' lang='lat' dir='ltr'><strong>fructu</strong></span> <span class='ocrx_word' id='word_1_627' title='bbox 1154 4450 1234 4523; x_wconf 79' lang='lat'><strong>(8)</strong></span> <span class='ocrx_word' id='word_1_628' title='bbox 1263 4452 1378 4522; x_wconf 89' lang='lat' dir='ltr'><strong>ejus</strong></span> <span class='ocrx_word' id='word_1_629' title='bbox 1411 4451 1552 4523; x_wconf 88' lang='lat' dir='ltr'><strong>apud</strong></span> <span class='ocrx_word' id='word_1_630' title='bbox 1590 4453 1841 4509; x_wconf 85' lang='lat' dir='ltr'><strong>Habacuc</strong></span> 
     </span>
    </p>
   </div>
   <div class='ocr_carea' id='block_1_76' title="bbox 248 4541 1841 4618">
    <p class='ocr_par' dir='ltr' id='par_1_76' title="bbox 248 4541 1841 4618">
     <span class='ocr_line' id='line_1_76' title="bbox 248 4541 1841 4618; baseline 0.005 -24"><span class='ocrx_word' id='word_1_631' title='bbox 248 4541 476 4611; x_wconf 86' lang='lat' dir='ltr'><strong>(Ilabac.</strong></span> <span class='ocrx_word' id='word_1_632' title='bbox 513 4542 601 4609; x_wconf 91' lang='grc' dir='ltr'><strong>ΙΙΙ,</strong></span> <span class='ocrx_word' id='word_1_633' title='bbox 636 4544 723 4614; x_wconf 79' lang='grc'>15)</span> <span class='ocrx_word' id='word_1_634' title='bbox 761 4563 774 4598; x_wconf 89' lang='lat'><strong>:</strong></span> <span class='ocrx_word' id='word_1_635' title='bbox 808 4544 972 4600; x_wconf 71' lang='lat' dir='ltr'><strong>Existi</strong></span> <span class='ocrx_word' id='word_1_636' title='bbox 1014 4546 1068 4600; x_wconf 88' lang='lat' dir='ltr'><strong>in</strong></span> <span class='ocrx_word' id='word_1_637' title='bbox 1113 4547 1330 4601; x_wconf 87' lang='lat' dir='ltr'><strong>salutem</strong></span> <span class='ocrx_word' id='word_1_638' title='bbox 1350 4547 1526 4618; x_wconf 87' lang='lat' dir='ltr'><strong>populi</strong></span> <span class='ocrx_word' id='word_1_639' title='bbox 1571 4548 1639 4601; x_wconf 88' lang='lat' dir='ltr'><strong>ad</strong></span> <span class='ocrx_word' id='word_1_640' title='bbox 1677 4548 1841 4602; x_wconf 88' lang='lat' dir='ltr'><strong>salvos</strong></span> 
     </span>
    </p>
   </div>
   <div class='ocr_carea' id='block_1_77' title="bbox 245 4635 1837 4711">
    <p class='ocr_par' dir='ltr' id='par_1_77' title="bbox 245 4635 1837 4711">
     <span class='ocr_line' id='line_1_77' title="bbox 245 4635 1837 4711; baseline 0.004 -23"><span class='ocrx_word' id='word_1_641' title='bbox 245 4635 511 4703; x_wconf 71' lang='lat' dir='ltr'><strong>faciendos</strong></span> <span class='ocrx_word' id='word_1_642' title='bbox 537 4635 750 4691; x_wconf 86' lang='lat' dir='ltr'><strong>christos</strong></span> <span class='ocrx_word' id='word_1_643' title='bbox 776 4646 888 4692; x_wconf 89' lang='lat' dir='ltr'><strong>tuos</strong></span> <span class='ocrx_word' id='word_1_644' title='bbox 910 4656 925 4703; x_wconf 85' lang='lat'><strong><em>;</em></strong></span> <span class='ocrx_word' id='word_1_645' title='bbox 948 4648 1225 4695; x_wconf 85' lang='lat' dir='ltr'><strong>erecturos</strong></span> <span class='ocrx_word' id='word_1_646' title='bbox 1246 4639 1547 4707; x_wconf 84' lang='lat' dir='ltr'><strong>scilicetse,</strong></span> <span class='ocrx_word' id='word_1_647' title='bbox 1577 4650 1631 4695; x_wconf 89' lang='lat' dir='ltr'><strong>et</strong></span> <span class='ocrx_word' id='word_1_648' title='bbox 1662 4641 1837 4711; x_wconf 89' lang='lat' dir='ltr'><strong>capita</strong></span> 
     </span>
    </p>
   </div>
   <div class='ocr_carea' id='block_1_78' title="bbox 1931 3343 3522 3414">
    <p class='ocr_par' dir='ltr' id='par_1_78' title="bbox 1931 3343 3522 3414">
     <span class='ocr_line' id='line_1_78' title="bbox 1931 3343 3522 3414; baseline 0.003 -16"><span class='ocrx_word' id='word_1_649' title='bbox 1931 3357 2151 3400; x_wconf 88' lang='lat' dir='ltr'><strong>ventum</strong></span> <span class='ocrx_word' id='word_1_650' title='bbox 2192 3343 2311 3414; x_wconf 89' lang='lat' dir='ltr'><strong>ejus</strong></span> <span class='ocrx_word' id='word_1_651' title='bbox 2350 3344 2693 3398; x_wconf 88' lang='lat' dir='ltr'><strong>antecedunt.</strong></span> <span class='ocrx_word' id='word_1_652' title='bbox 2717 3344 2849 3398; x_wconf 88' lang='lat' dir='ltr'><strong>Tam</strong></span> <span class='ocrx_word' id='word_1_653' title='bbox 2890 3346 3034 3399; x_wconf 92' lang='lat' dir='ltr'><strong>enim</strong></span> <span class='ocrx_word' id='word_1_654' title='bbox 3074 3349 3209 3401; x_wconf 87' lang='lat' dir='ltr'><strong>mala</strong></span> <span class='ocrx_word' id='word_1_655' title='bbox 3241 3350 3522 3404; x_wconf 68' lang='lat' dir='ltr'><strong>coluerunt</strong></span> 
     </span>
    </p>
   </div>
   <div class='ocr_carea' id='block_1_79' title="bbox 1929 3433 3523 3506">
    <p class='ocr_par' dir='ltr' id='par_1_79' title="bbox 1929 3433 3523 3506">
     <span class='ocr_line' id='line_1_79' title="bbox 1929 3433 3523 3506; baseline 0.005 -16"><span class='ocrx_word' id='word_1_656' title='bbox 1929 3436 2180 3491; x_wconf 73' lang='lat' dir='ltr'><strong>adventui</strong></span> <span class='ocrx_word' id='word_1_657' title='bbox 2222 3433 2319 3488; x_wconf 86' lang='lat' dir='ltr'><strong>lilii</strong></span> <span class='ocrx_word' id='word_1_658' title='bbox 2363 3433 2596 3488; x_wconf 90' lang='lat' dir='ltr'><strong>hominis</strong></span> <span class='ocrx_word' id='word_1_659' title='bbox 2633 3433 3003 3491; x_wconf 82' lang='lat' dir='ltr'><strong>antecedendo</strong></span> <span class='ocrx_word' id='word_1_660' title='bbox 3028 3478 3042 3502; x_wconf 89' lang='lat'><strong>,</strong></span> <span class='ocrx_word' id='word_1_661' title='bbox 3074 3452 3232 3506; x_wconf 80' lang='lat' dir='ltr'><strong>quant</strong></span> <span class='ocrx_word' id='word_1_662' title='bbox 3278 3448 3333 3495; x_wconf 87' lang='lat' dir='ltr'><strong>et</strong></span> <span class='ocrx_word' id='word_1_663' title='bbox 3384 3441 3523 3497; x_wconf 81' lang='lat' dir='ltr'><strong>bona</strong></span> 
     </span>
    </p>
   </div>
   <div class='ocr_carea' id='block_1_80' title="bbox 1930 3524 3519 3596">
    <p class='ocr_par' dir='ltr' id='par_1_80' title="bbox 1930 3524 3519 3596">
     <span class='ocr_line' id='line_1_80' title="bbox 1930 3524 3519 3596; baseline 0.003 -14"><span class='ocrx_word' id='word_1_664' title='bbox 1930 3524 2321 3596; x_wconf 88' lang='lat' dir='ltr'><strong>subsequendo.</strong></span> <span class='ocrx_word' id='word_1_665' title='bbox 2355 3525 2548 3593; x_wconf 74' lang='lat' dir='ltr'><strong>tazerc</strong></span> <span class='ocrx_word' id='word_1_666' title='bbox 2570 3526 2727 3594; x_wconf 85' lang='lat' dir='ltr'><strong>igitur</strong></span> <span class='ocrx_word' id='word_1_667' title='bbox 2768 3542 2931 3595; x_wconf 88' lang='lat' dir='ltr'><strong>quem</strong></span> <span class='ocrx_word' id='word_1_668' title='bbox 2962 3543 3026 3582; x_wconf 83' lang='lat' dir='ltr'><strong>ex</strong></span> <span class='ocrx_word' id='word_1_669' title='bbox 3055 3527 3259 3585; x_wconf 81' lang='lat' dir='ltr'><strong>duobus</strong></span> <span class='ocrx_word' id='word_1_670' title='bbox 3289 3530 3519 3587; x_wconf 84' lang='lat' dir='ltr'><strong>Chrislis</strong></span> 
     </span>
    </p>
   </div>
   <div class='ocr_carea' id='block_1_81' title="bbox 1933 3617 3526 3693">
    <p class='ocr_par' dir='ltr' id='par_1_81' title="bbox 1933 3617 3526 3693">
     <span class='ocr_line' id='line_1_81' title="bbox 1933 3617 3526 3693; baseline 0.003 -18"><span class='ocrx_word' id='word_1_671' title='bbox 1933 3617 2300 3675; x_wconf 88' lang='lat' dir='ltr'><strong>constituasin</strong></span> <span class='ocrx_word' id='word_1_672' title='bbox 2331 3632 2560 3687; x_wconf 87' lang='lat' dir='ltr'><strong>persona</strong></span> <span class='ocrx_word' id='word_1_673' title='bbox 2592 3618 2746 3671; x_wconf 90' lang='lat' dir='ltr'><strong>unius</strong></span> <span class='ocrx_word' id='word_1_674' title='bbox 2778 3618 3135 3686; x_wconf 88' lang='lat' dir='ltr'><strong>liliihominis,</strong></span> <span class='ocrx_word' id='word_1_675' title='bbox 3156 3620 3204 3674; x_wconf 91' lang='lat' dir='ltr'><strong>iu</strong></span> <span class='ocrx_word' id='word_1_676' title='bbox 3231 3637 3387 3692; x_wconf 90' lang='lat' dir='ltr'><strong>quem</strong></span> <span class='ocrx_word' id='word_1_677' title='bbox 3409 3622 3526 3693; x_wconf 73' lang='lat' dir='ltr'><strong>(l2)</strong></span> 
     </span>
    </p>
   </div>
   <div class='ocr_carea' id='block_1_82' title="bbox 1934 3708 3521 3789">
    <p class='ocr_par' dir='ltr' id='par_1_82' title="bbox 1934 3708 3521 3789">
     <span class='ocr_line' id='line_1_82' title="bbox 1934 3708 3521 3789; baseline 0.003 -22"><span class='ocrx_word' id='word_1_678' title='bbox 1934 3720 2156 3780; x_wconf 86' lang='lat' dir='ltr'><strong>utraque</strong></span> <span class='ocrx_word' id='word_1_679' title='bbox 2207 3708 2494 3781; x_wconf 87' lang='lat' dir='ltr'><strong>dispositio</strong></span> <span class='ocrx_word' id='word_1_680' title='bbox 2546 3710 2827 3765; x_wconf 75' lang='lat' dir='ltr'><strong>referatur.</strong></span> <span class='ocrx_word' id='word_1_681' title='bbox 2862 3711 2969 3765; x_wconf 84' lang='lat' dir='ltr'><strong>Aut</strong></span> <span class='ocrx_word' id='word_1_682' title='bbox 2997 3721 3051 3767; x_wconf 92' lang='lat' dir='ltr'><strong>et</strong></span> <span class='ocrx_word' id='word_1_683' title='bbox 3080 3712 3390 3771; x_wconf 85' lang='lat' dir='ltr'><strong>Creatorem</strong></span> <span class='ocrx_word' id='word_1_684' title='bbox 3421 3733 3521 3789; x_wconf 87' lang='lat' dir='ltr'><strong>op-</strong></span> 
     </span>
    </p>
   </div>
   <div class='ocr_carea' id='block_1_83' title="bbox 1936 3803 3525 3875">
    <p class='ocr_par' dir='ltr' id='par_1_83' title="bbox 1936 3803 3525 3875">
     <span class='ocr_line' id='line_1_83' title="bbox 1936 3803 3525 3875; baseline 0.004 -16"><span class='ocrx_word' id='word_1_685' title='bbox 1936 3807 2146 3870; x_wconf 88' lang='lat' dir='ltr'><strong>timum,</strong></span> <span class='ocrx_word' id='word_1_686' title='bbox 2179 3812 2272 3859; x_wconf 88' lang='lat' dir='ltr'><strong>aut</strong></span> <span class='ocrx_word' id='word_1_687' title='bbox 2305 3803 2426 3875; x_wconf 84' lang='lat' dir='ltr'><strong>(l5)</strong></span> <span class='ocrx_word' id='word_1_688' title='bbox 2460 3804 2625 3859; x_wconf 91' lang='lat' dir='ltr'><strong>Deum</strong></span> <span class='ocrx_word' id='word_1_689' title='bbox 2653 3813 2799 3859; x_wconf 91' lang='lat' dir='ltr'><strong>tuum</strong></span> <span class='ocrx_word' id='word_1_690' title='bbox 2821 3821 3069 3875; x_wconf 89' lang='lat' dir='ltr'><strong>asperum</strong></span> <span class='ocrx_word' id='word_1_691' title='bbox 3100 3805 3289 3861; x_wconf 87' lang='lat' dir='ltr'><strong>dedisti</strong></span> <span class='ocrx_word' id='word_1_692' title='bbox 3315 3818 3525 3865; x_wconf 88' lang='lat' dir='ltr'><strong>natura.</strong></span> 
     </span>
    </p>
   </div>
   <div class='ocr_carea' id='block_1_84' title="bbox 1936 3896 3526 3970">
    <p class='ocr_par' dir='ltr' id='par_1_84' title="bbox 1936 3896 3526 3970">
     <span class='ocr_line' id='line_1_84' title="bbox 1936 3896 3526 3970; baseline 0.002 -17"><span class='ocrx_word' id='word_1_693' title='bbox 1936 3898 1993 3953; x_wconf 86' lang='lat' dir='ltr'><strong>In</strong></span> <span class='ocrx_word' id='word_1_694' title='bbox 2045 3912 2257 3954; x_wconf 90' lang='lat' dir='ltr'><strong>summa</strong></span> <span class='ocrx_word' id='word_1_695' title='bbox 2314 3897 2482 3965; x_wconf 87' lang='lat' dir='ltr'><strong>ipsius</strong></span> <span class='ocrx_word' id='word_1_696' title='bbox 2526 3896 2798 3965; x_wconf 74' lang='lat' dir='ltr'><strong>parabolae</strong></span> <span class='ocrx_word' id='word_1_697' title='bbox 2846 3898 3127 3953; x_wconf 92' lang='lat' dir='ltr'><strong>considera</strong></span> <span class='ocrx_word' id='word_1_698' title='bbox 3182 3902 3526 3970; x_wconf 76' lang='lat' dir='ltr'><strong>exemplum:</strong></span> 
     </span>
    </p>
   </div>
   <div class='ocr_carea' id='block_1_85' title="bbox 1936 3986 3528 4061">
    <p class='ocr_par' dir='ltr' id='par_1_85' title="bbox 1936 3986 3528 4061">
     <span class='ocr_line' id='line_1_85' title="bbox 1936 3986 3528 4061; baseline 0.003 -19"><span class='ocrx_word' id='word_1_699' title='bbox 1936 3988 2156 4059; x_wconf 79' lang='lat' dir='ltr'><strong>Adspice</strong></span> <span class='ocrx_word' id='word_1_700' title='bbox 2182 3988 2357 4055; x_wconf 82' lang='lat' dir='ltr'><strong>ﬁcum,</strong></span> <span class='ocrx_word' id='word_1_701' title='bbox 2390 3996 2437 4041; x_wconf 85' lang='lat' dir='ltr'><strong>et</strong></span> <span class='ocrx_word' id='word_1_702' title='bbox 2461 3986 2666 4041; x_wconf 88' lang='lat' dir='ltr'><strong>arbores</strong></span> <span class='ocrx_word' id='word_1_703' title='bbox 2696 4004 2868 4057; x_wconf 83' lang='lat' dir='ltr'><strong>qntues</strong></span> <span class='ocrx_word' id='word_1_704' title='bbox 2893 4030 2907 4054; x_wconf 94' lang='lat'><strong>,</strong></span> <span class='ocrx_word' id='word_1_705' title='bbox 2937 4004 3051 4041; x_wconf 85' lang='lat' dir='ltr'><strong>cum</strong></span> <span class='ocrx_word' id='word_1_706' title='bbox 3100 3994 3321 4060; x_wconf 78' lang='lat' dir='ltr'><strong>fructum</strong></span> <span class='ocrx_word' id='word_1_707' title='bbox 3351 4000 3528 4061; x_wconf 87' lang='lat' dir='ltr'><strong>protu-</strong></span> 
     </span>
    </p>
   </div>
   <div class='ocr_carea' id='block_1_86' title="bbox 1937 4079 3520 4151">
    <p class='ocr_par' dir='ltr' id='par_1_86' title="bbox 1937 4079 3520 4151">
     <span class='ocr_line' id='line_1_86' title="bbox 1937 4079 3520 4151; baseline 0.003 -16"><span class='ocrx_word' id='word_1_708' title='bbox 1937 4082 2108 4147; x_wconf 88' lang='lat' dir='ltr'><strong>lerint,</strong></span> <span class='ocrx_word' id='word_1_709' title='bbox 2126 4079 2416 4151; x_wconf 87' lang='lat' dir='ltr'><strong>intelligunt</strong></span> <span class='ocrx_word' id='word_1_710' title='bbox 2441 4080 2666 4133; x_wconf 84' lang='lat' dir='ltr'><strong>homines</strong></span> <span class='ocrx_word' id='word_1_711' title='bbox 2694 4090 2917 4134; x_wconf 71' lang='lat' dir='ltr'><strong>a’stutem</strong></span> <span class='ocrx_word' id='word_1_712' title='bbox 2942 4081 3397 4151; x_wconf 81' lang='lat' dir='ltr'><strong>appmpinqnasse.</strong></span> <span class='ocrx_word' id='word_1_713' title='bbox 3430 4084 3520 4139; x_wconf 86' lang='lat' dir='ltr'><strong>Sic</strong></span> 
     </span>
    </p>
   </div>
   <div class='ocr_carea' id='block_1_87' title="bbox 1938 4169 3526 4241">
    <p class='ocr_par' dir='ltr' id='par_1_87' title="bbox 1938 4169 3526 4241">
     <span class='ocr_line' id='line_1_87' title="bbox 1938 4169 3526 4241; baseline 0.002 -14"><span class='ocrx_word' id='word_1_714' title='bbox 1938 4182 1985 4228; x_wconf 86' lang='lat' dir='ltr'><strong>et</strong></span> <span class='ocrx_word' id='word_1_715' title='bbox 2015 4188 2121 4235; x_wconf 89' lang='lat' dir='ltr'><strong>vos,</strong></span> <span class='ocrx_word' id='word_1_716' title='bbox 2147 4187 2263 4224; x_wconf 91' lang='lat' dir='ltr'><strong>cum</strong></span> <span class='ocrx_word' id='word_1_717' title='bbox 2291 4169 2522 4225; x_wconf 89' lang='lat' dir='ltr'><strong>videbitis</strong></span> <span class='ocrx_word' id='word_1_718' title='bbox 2553 4170 2661 4225; x_wconf 75' lang='grc' dir='ltr'><strong>Ιηιέ</strong></span> <span class='ocrx_word' id='word_1_719' title='bbox 2691 4170 2823 4239; x_wconf 86' lang='lat' dir='ltr'><strong>ﬁeri,</strong></span> <span class='ocrx_word' id='word_1_720' title='bbox 2864 4170 3037 4224; x_wconf 87' lang='lat' dir='ltr'><strong>scitote</strong></span> <span class='ocrx_word' id='word_1_721' title='bbox 3082 4170 3133 4225; x_wconf 89' lang='lat' dir='ltr'><strong>in</strong></span> <span class='ocrx_word' id='word_1_722' title='bbox 3165 4173 3397 4241; x_wconf 73' lang='lat' dir='ltr'><strong>proximo</strong></span> <span class='ocrx_word' id='word_1_723' title='bbox 3419 4192 3526 4230; x_wconf 87' lang='lat' dir='ltr'><strong>esse</strong></span> 
     </span>
    </p>
   </div>
   <div class='ocr_carea' id='block_1_88' title="bbox 1940 4262 3531 4336">
    <p class='ocr_par' dir='ltr' id='par_1_88' title="bbox 1940 4262 3531 4336">
     <span class='ocr_line' id='line_1_88' title="bbox 1940 4262 3531 4336; baseline 0.001 -15"><span class='ocrx_word' id='word_1_724' title='bbox 1940 4280 2154 4336; x_wconf 88' lang='lat' dir='ltr'><strong>regnum</strong></span> <span class='ocrx_word' id='word_1_725' title='bbox 2180 4262 2299 4317; x_wconf 88' lang='lat' dir='ltr'><strong>Dei.</strong></span> <span class='ocrx_word' id='word_1_726' title='bbox 2332 4262 2388 4319; x_wconf 90' lang='lat' dir='ltr'><strong>Si</strong></span> <span class='ocrx_word' id='word_1_727' title='bbox 2414 4263 2557 4319; x_wconf 91' lang='lat' dir='ltr'><strong>enim</strong></span> <span class='ocrx_word' id='word_1_728' title='bbox 2630 4262 3070 4317; x_wconf 85' lang='lat' dir='ltr'><strong>fructilicationes</strong></span> <span class='ocrx_word' id='word_1_729' title='bbox 3129 4264 3531 4323; x_wconf 89' lang='lat' dir='ltr'><strong>arbuscularum</strong></span> 
     </span>
    </p>
   </div>
   <div class='ocr_carea' id='block_1_89' title="bbox 1940 4355 3530 4429">
    <p class='ocr_par' dir='ltr' id='par_1_89' title="bbox 1940 4355 3530 4429">
     <span class='ocr_line' id='line_1_89' title="bbox 1940 4355 3530 4429; baseline 0.001 -16"><span class='ocrx_word' id='word_1_730' title='bbox 1940 4360 2148 4429; x_wconf 87' lang='lat' dir='ltr'><strong>sigmnn</strong></span> <span class='ocrx_word' id='word_1_731' title='bbox 2180 4358 2369 4412; x_wconf 77' lang='grc' dir='ltr'><strong>ωειίγο</strong></span> <span class='ocrx_word' id='word_1_732' title='bbox 2410 4356 2638 4424; x_wconf 87' lang='lat' dir='ltr'><strong>tempori</strong></span> <span class='ocrx_word' id='word_1_733' title='bbox 2670 4364 2948 4426; x_wconf 69' lang='lat' dir='ltr'><strong>prznstant,</strong></span> <span class='ocrx_word' id='word_1_734' title='bbox 2980 4355 3348 4414; x_wconf 80' lang='lat' dir='ltr'><strong>antecedendo</strong></span> <span class='ocrx_word' id='word_1_735' title='bbox 3378 4358 3530 4426; x_wconf 86' lang='lat' dir='ltr'><strong>illud;</strong></span> 
     </span>
    </p>
   </div>
   <div class='ocr_carea' id='block_1_90' title="bbox 1941 4448 3536 4524">
    <p class='ocr_par' dir='ltr' id='par_1_90' title="bbox 1941 4448 3536 4524">
     <span class='ocr_line' id='line_1_90' title="bbox 1941 4448 3536 4524; baseline 0.001 -17"><span class='ocrx_word' id='word_1_736' title='bbox 1941 4450 2167 4524; x_wconf 89' lang='lat' dir='ltr'><strong>proinde</strong></span> <span class='ocrx_word' id='word_1_737' title='bbox 2190 4461 2243 4506; x_wconf 92' lang='lat' dir='ltr'><strong>et</strong></span> <span class='ocrx_word' id='word_1_738' title='bbox 2274 4451 2391 4521; x_wconf 65' lang='lat' dir='ltr'><strong>(li)</strong></span> <span class='ocrx_word' id='word_1_739' title='bbox 2425 4450 2852 4505; x_wconf 88' lang='lat' dir='ltr'><strong>conllictationes</strong></span> <span class='ocrx_word' id='word_1_740' title='bbox 2885 4449 3052 4515; x_wconf 89' lang='lat' dir='ltr'><strong>orbis,</strong></span> <span class='ocrx_word' id='word_1_741' title='bbox 3084 4448 3293 4521; x_wconf 87' lang='lat' dir='ltr'><strong>signum</strong></span> <span class='ocrx_word' id='word_1_742' title='bbox 3326 4467 3536 4523; x_wconf 56' lang='lat' dir='ltr'><strong>praeno-</strong></span> 
     </span>
    </p>
   </div>
   <div class='ocr_carea' id='block_1_91' title="bbox 1944 4542 3529 4617">
    <p class='ocr_par' dir='ltr' id='par_1_91' title="bbox 1944 4542 3529 4617">
     <span class='ocr_line' id='line_1_91' title="bbox 1944 4542 3529 4617; baseline 0.002 -15"><span class='ocrx_word' id='word_1_743' title='bbox 1944 4555 2059 4602; x_wconf 89' lang='lat' dir='ltr'><strong>tant</strong></span> <span class='ocrx_word' id='word_1_744' title='bbox 2088 4546 2258 4615; x_wconf 90' lang='lat' dir='ltr'><strong>regni,</strong></span> <span class='ocrx_word' id='word_1_745' title='bbox 2305 4543 2661 4615; x_wconf 63' lang='lat' dir='ltr'><strong>praecedendo</strong></span> <span class='ocrx_word' id='word_1_746' title='bbox 2706 4542 2855 4598; x_wconf 89' lang='lat' dir='ltr'><strong>illud.</strong></span> <span class='ocrx_word' id='word_1_747' title='bbox 2911 4542 3081 4599; x_wconf 91' lang='lat' dir='ltr'><strong>Omne</strong></span> <span class='ocrx_word' id='word_1_748' title='bbox 3109 4554 3288 4600; x_wconf 90' lang='lat' dir='ltr'><strong>autem</strong></span> <span class='ocrx_word' id='word_1_749' title='bbox 3319 4546 3529 4617; x_wconf 88' lang='lat' dir='ltr'><strong>signum</strong></span> 
     </span>
    </p>
   </div>
   <div class='ocr_carea' id='block_1_92' title="bbox 1944 4633 3537 4709">
    <p class='ocr_par' dir='ltr' id='par_1_92' title="bbox 1944 4633 3537 4709">
     <span class='ocr_line' id='line_1_92' title="bbox 1944 4633 3537 4709; baseline 0.001 -16"><span class='ocrx_word' id='word_1_750' title='bbox 1944 4636 2061 4709; x_wconf 90' lang='lat' dir='ltr'><strong>ejus</strong></span> <span class='ocrx_word' id='word_1_751' title='bbox 2074 4645 2157 4693; x_wconf 87' lang='lat' dir='ltr'><strong>est</strong></span> <span class='ocrx_word' id='word_1_752' title='bbox 2174 4638 2331 4707; x_wconf 84' lang='lat' dir='ltr'><strong>cujus</strong></span> <span class='ocrx_word' id='word_1_753' title='bbox 2345 4643 2427 4691; x_wconf 91' lang='lat' dir='ltr'><strong>est</strong></span> <span class='ocrx_word' id='word_1_754' title='bbox 2448 4633 2563 4707; x_wconf 81' lang='lat' dir='ltr'><strong>(l5)</strong></span> <span class='ocrx_word' id='word_1_755' title='bbox 2580 4648 2688 4703; x_wconf 90' lang='lat' dir='ltr'><strong>res,</strong></span> <span class='ocrx_word' id='word_1_756' title='bbox 2706 4633 2860 4705; x_wconf 89' lang='lat' dir='ltr'><strong>cujus</strong></span> <span class='ocrx_word' id='word_1_757' title='bbox 2874 4642 2955 4690; x_wconf 88' lang='lat' dir='ltr'><strong>est</strong></span> <span class='ocrx_word' id='word_1_758' title='bbox 2974 4634 3202 4706; x_wconf 88' lang='lat' dir='ltr'><strong>signum.</strong></span> <span class='ocrx_word' id='word_1_759' title='bbox 3223 4634 3288 4691; x_wconf 87' lang='lat' dir='ltr'><strong>Et</strong></span> <span class='ocrx_word' id='word_1_760' title='bbox 3302 4638 3444 4693; x_wconf 89' lang='lat' dir='ltr'><strong>omni</strong></span> <span class='ocrx_word' id='word_1_761' title='bbox 3459 4640 3537 4696; x_wconf 89' lang='lat' dir='ltr'><strong>rei</strong></span> 
     </span>
    </p>
   </div>
   <div class='ocr_carea' id='block_1_93' title="bbox 1483 4750 2313 4812">
    <p class='ocr_par' dir='ltr' id='par_1_93' title="bbox 1483 4750 2313 4812">
     <span class='ocr_line' id='line_1_93' title="bbox 1483 4750 2313 4812; baseline -0.008 -1"><span class='ocrx_word' id='word_1_762' title='bbox 1483 4754 1860 4812; x_wconf 80' lang='lat' dir='ltr'><strong>LECTIONES</strong></span> <span class='ocrx_word' id='word_1_763' title='bbox 1899 4750 2313 4809; x_wconf 71' lang='lat' dir='ltr'><strong>VARIANTES.</strong></span> 
     </span>
    </p>
   </div>
   <div class='ocr_carea' id='block_1_94' title="bbox 314 4867 985 4931">
    <p class='ocr_par' dir='ltr' id='par_1_94' title="bbox 314 4867 985 4931">
     <span class='ocr_line' id='line_1_94' title="bbox 314 4867 985 4931; baseline 0.001 -15"><span class='ocrx_word' id='word_1_764' title='bbox 314 4868 393 4931; x_wconf 85' lang='grc'>(1)</span> <span class='ocrx_word' id='word_1_765' title='bbox 418 4868 662 4918; x_wconf 76' lang='lat' dir='ltr'><strong>Adveniet</strong></span> <span class='ocrx_word' id='word_1_766' title='bbox 686 4867 803 4931; x_wconf 54' lang='lat' dir='ltr'><strong>Rig.</strong></span> <span class='ocrx_word' id='word_1_767' title='bbox 828 4874 985 4919; x_wconf 83' lang='lat' dir='ltr'><strong>Venet.</strong></span> 
     </span>
    </p>
   </div>
   <div class='ocr_carea' id='block_1_95' title="bbox 340 4928 1075 4993">
    <p class='ocr_par' dir='ltr' id='par_1_95' title="bbox 340 4928 1075 4993">
     <span class='ocr_line' id='line_1_95' title="bbox 340 4928 1075 4993; baseline 0.005 -16"><span class='ocrx_word' id='word_1_768' title='bbox 340 4928 390 4993; x_wconf 78' lang='grc'>2)</span> <span class='ocrx_word' id='word_1_769' title='bbox 417 4931 724 4993; x_wconf 55' lang='lat' dir='ltr'><strong>lustri-rigens</strong></span> <span class='ocrx_word' id='word_1_770' title='bbox 743 4928 895 4981; x_wconf 77' lang='lat' dir='ltr'><strong>Rhea.</strong></span> <span class='ocrx_word' id='word_1_771' title='bbox 926 4928 1075 4981; x_wconf 85' lang='lat' dir='ltr'><strong>Seml.</strong></span> 
     </span>
    </p>
   </div>
   <div class='ocr_carea' id='block_1_96' title="bbox 340 4994 820 5043">
    <p class='ocr_par' dir='ltr' id='par_1_96' title="bbox 340 4994 820 5043">
     <span class='ocr_line' id='line_1_96' title="bbox 340 4994 820 5043; baseline 0.008 -4"><span class='ocrx_word' id='word_1_772' title='bbox 340 4994 393 5043; x_wconf 71' lang='grc'>3)</span> <span class='ocrx_word' id='word_1_773' title='bbox 420 4994 632 5042; x_wconf 80' lang='lat' dir='ltr'><strong>Gressus</strong></span> <span class='ocrx_word' id='word_1_774' title='bbox 659 5000 820 5043; x_wconf 84' lang='lat' dir='ltr'><strong>t&#39;enet.</strong></span> 
     </span>
    </p>
   </div>
   <div class='ocr_carea' id='block_1_97' title="bbox 351 4936 1570 5120">
    <p class='ocr_par' dir='ltr' id='par_1_97' title="bbox 351 4936 1570 5120">
     <span class='ocr_line' id='line_1_97' title="bbox 351 4936 1075 4993; baseline 0.006 -16"><span class='ocrx_word' id='word_1_775' title='bbox 351 4936 367 4977; x_wconf 76' lang='lat'><em>2</em></span> <span class='ocrx_word' id='word_1_776' title='bbox 417 4936 724 4993; x_wconf 59' lang='lat' dir='ltr'><strong>DiSpPrgens</strong></span> <span class='ocrx_word' id='word_1_777' title='bbox 743 4936 895 4981; x_wconf 76' lang='lat' dir='ltr'><strong>lthen.</strong></span> <span class='ocrx_word' id='word_1_778' title='bbox 926 4936 1075 4981; x_wconf 85' lang='lat' dir='ltr'><strong>Seml.</strong></span> 
     </span>
     <span class='ocr_line' id='line_1_98' title="bbox 351 4994 820 5043; baseline 0.009 -4"><span class='ocrx_word' id='word_1_779' title='bbox 351 4997 369 5039; x_wconf 65' lang='lat'><strong>3</strong></span> <span class='ocrx_word' id='word_1_780' title='bbox 420 4994 632 5042; x_wconf 80' lang='lat' dir='ltr'><strong>Gressus</strong></span> <span class='ocrx_word' id='word_1_781' title='bbox 659 5000 820 5043; x_wconf 84' lang='lat' dir='ltr'><strong>t&#39;enet.</strong></span> 
     </span>
     <span class='ocr_line' id='line_1_99' title="bbox 351 4936 1570 5120; baseline 0.006 -20"><span class='ocrx_word' id='word_1_782' title='bbox 351 4936 395 5120; x_wconf 48' lang='lat' dir='ltr'><strong>si</strong></span> <span class='ocrx_word' id='word_1_783' title='bbox 423 5054 803 5120; x_wconf 79' lang='lat' dir='ltr'><strong>Coruscationes</strong></span> <span class='ocrx_word' id='word_1_784' title='bbox 820 5054 1032 5120; x_wconf 78' lang='lat' dir='ltr'><strong>Franeq.</strong></span> <span class='ocrx_word' id='word_1_785' title='bbox 1060 5057 1483 5120; x_wconf 84' lang='lat' dir='ltr'><strong>circumstationes</strong></span> <span class='ocrx_word' id='word_1_786' title='bbox 1501 5052 1570 5107; x_wconf 89' lang='lat' dir='ltr'><strong>al.</strong></span> 
     </span>
    </p>
   </div>
   <div class='ocr_carea' id='block_1_98' title="bbox 338 5114 1403 5241">
    <p class='ocr_par' dir='ltr' id='par_1_98' title="bbox 338 5114 1403 5241">
     <span class='ocr_line' id='line_1_100' title="bbox 338 5114 1403 5241; baseline 0.006 -78"><span class='ocrx_word' id='word_1_787' title='bbox 410 5116 830 5227; x_wconf 39' lang='lat' dir='ltr'><strong>Appropinquabit</strong></span> <span class='ocrx_word' id='word_1_788' title='bbox 852 5114 1007 5167; x_wconf 51' lang='lat' dir='ltr'><strong>Rheni</strong></span> <span class='ocrx_word' id='word_1_789' title='bbox 1027 5117 1179 5168; x_wconf 84' lang='lat' dir='ltr'><strong>Seml.</strong></span> <span class='ocrx_word' id='word_1_790' title='bbox 1207 5117 1403 5171; x_wconf 83' lang='lat' dir='ltr'><strong>Oberllt.</strong></span> 
     </span>
     <span class='ocr_line' id='line_1_101' title="bbox 340 5177 1279 5241; baseline 0.007 -15"><span class='ocrx_word' id='word_1_791' title='bbox 340 5182 371 5226; x_wconf 75' lang='lat' dir='ltr'><strong>b</strong></span> <span class='ocrx_word' id='word_1_792' title='bbox 418 5181 489 5241; x_wconf 53' lang='grc' dir='ltr'><strong>δυ</strong></span> <span class='ocrx_word' id='word_1_793' title='bbox 518 5186 649 5240; x_wconf 74' lang='lat' dir='ltr'><strong>jeeta</strong></span> <span class='ocrx_word' id='word_1_794' title='bbox 674 5186 768 5228; x_wconf 78' lang='lat' dir='ltr'><strong>Cl‘ll</strong></span> <span class='ocrx_word' id='word_1_795' title='bbox 792 5177 942 5230; x_wconf 77' lang='lat' dir='ltr'><strong>Itlten.</strong></span> <span class='ocrx_word' id='word_1_796' title='bbox 970 5179 1279 5233; x_wconf 85' lang='lat' dir='ltr'><strong>Seml.Pam.</strong></span> 
     </span>
    </p>
   </div>
   <div class='ocr_carea' id='block_1_99' title="bbox 420 5177 1279 5240">
    <p class='ocr_par' dir='ltr' id='par_1_99' title="bbox 420 5177 1279 5240">
     <span class='ocr_line' id='line_1_102' title="bbox 420 5177 1279 5240; baseline 0.007 -13"><span class='ocrx_word' id='word_1_797' title='bbox 420 5177 649 5240; x_wconf 71' lang='lat' dir='ltr'><strong>subjecta</strong></span> <span class='ocrx_word' id='word_1_798' title='bbox 674 5177 768 5228; x_wconf 86' lang='lat' dir='ltr'><strong>erit</strong></span> <span class='ocrx_word' id='word_1_799' title='bbox 792 5177 942 5230; x_wconf 77' lang='lat' dir='ltr'><strong>Itlten.</strong></span> <span class='ocrx_word' id='word_1_800' title='bbox 970 5179 1279 5233; x_wconf 85' lang='lat' dir='ltr'><strong>Seml.Pam.</strong></span> 
     </span>
    </p>
   </div>
   <div class='ocr_carea' id='block_1_100' title="bbox 344 5240 992 5367">
    <p class='ocr_par' dir='ltr' id='par_1_100' title="bbox 344 5240 992 5367">
     <span class='ocr_line' id='line_1_103' title="bbox 344 5240 992 5293; baseline 0.009 -6"><span class='ocrx_word' id='word_1_801' title='bbox 344 5240 383 5287; x_wconf 48' lang='lat'><strong>7’</strong></span> <span class='ocrx_word' id='word_1_802' title='bbox 426 5240 812 5292; x_wconf 74' lang='lat' dir='ltr'><strong>Fwnerarentur</strong></span> <span class='ocrx_word' id='word_1_803' title='bbox 837 5241 992 5293; x_wconf 86' lang='lat' dir='ltr'><strong>Latin.</strong></span> 
     </span>
     <span class='ocr_line' id='line_1_104' title="bbox 344 5246 992 5367; baseline 0.005 -14"><span class='ocrx_word' id='word_1_804' title='bbox 344 5246 398 5367; x_wconf 54' lang='lat' dir='ltr'><strong>8i</strong></span> <span class='ocrx_word' id='word_1_805' title='bbox 422 5301 629 5354; x_wconf 78' lang='lat' dir='ltr'><strong>Fructus</strong></span> <span class='ocrx_word' id='word_1_806' title='bbox 664 5300 830 5356; x_wconf 84' lang='lat' dir='ltr'><strong>Paris.</strong></span> <span class='ocrx_word' id='word_1_807' title='bbox 875 5312 992 5356; x_wconf 60' lang='grc' dir='ltr'><strong>ἐγω</strong></span> 
     </span>
    </p>
   </div>
   <div class='ocr_carea' id='block_1_101' title="bbox 422 5300 1027 5356">
    <p class='ocr_par' dir='ltr' id='par_1_101' title="bbox 422 5300 1027 5356">
     <span class='ocr_line' id='line_1_105' title="bbox 422 5300 1027 5356; baseline 0.005 -3"><span class='ocrx_word' id='word_1_808' title='bbox 422 5301 629 5354; x_wconf 79' lang='lat' dir='ltr'><strong>Fructus</strong></span> <span class='ocrx_word' id='word_1_809' title='bbox 664 5300 830 5356; x_wconf 85' lang='lat' dir='ltr'><strong>Paris.</strong></span> <span class='ocrx_word' id='word_1_810' title='bbox 875 5312 1027 5356; x_wconf 72' lang='lat' dir='ltr'><strong>Fran.</strong></span> 
     </span>
    </p>
   </div>
   <div class='ocr_carea' id='block_1_102' title="bbox 1872 4860 3016 5053">
    <p class='ocr_par' dir='ltr' id='par_1_102' title="bbox 1872 4860 3016 5053">
     <span class='ocr_line' id='line_1_106' title="bbox 1872 4860 3016 5053; baseline -0.003 -138"><span class='ocrx_word' id='word_1_811' title='bbox 1872 4872 1926 4932; x_wconf 82' lang='lat'><strong>1)</strong></span> <span class='ocrx_word' id='word_1_812' title='bbox 2016 4865 2090 5053; x_wconf 45' lang='lat'><strong>{3)</strong></span> <span class='ocrx_word' id='word_1_813' title='bbox 2114 4864 2417 4926; x_wconf 81' lang='lat' dir='ltr'><strong>Redemptus</strong></span> <span class='ocrx_word' id='word_1_814' title='bbox 2441 4860 2591 4914; x_wconf 80' lang='lat' dir='ltr'><strong>Illten.</strong></span> <span class='ocrx_word' id='word_1_815' title='bbox 2632 4860 2782 4912; x_wconf 86' lang='lat' dir='ltr'><strong>Seml.</strong></span> <span class='ocrx_word' id='word_1_816' title='bbox 2820 4860 3016 4913; x_wconf 81' lang='lat' dir='ltr'><strong>Oberth.</strong></span> 
     </span>
     <span class='ocr_line' id='line_1_107' title="bbox 2048 4924 3016 4985; baseline -0.004 -7"><span class='ocrx_word' id='word_1_817' title='bbox 2048 4931 2100 4978; x_wconf 84' lang='lat' dir='ltr'><strong>ltl</strong></span> <span class='ocrx_word' id='word_1_818' title='bbox 2131 4928 2234 4985; x_wconf 73' lang='lat' dir='ltr'><strong>&#39;,Qui</strong></span> <span class='ocrx_word' id='word_1_819' title='bbox 2261 4929 2399 4976; x_wconf 88' lang='lat' dir='ltr'><strong>Pam.</strong></span> <span class='ocrx_word' id='word_1_820' title='bbox 2440 4924 2590 4976; x_wconf 85' lang='lat' dir='ltr'><strong>Rhen.</strong></span> <span class='ocrx_word' id='word_1_821' title='bbox 2627 4924 2780 4975; x_wconf 88' lang='lat' dir='ltr'><strong>Seml.</strong></span> <span class='ocrx_word' id='word_1_822' title='bbox 2826 4924 3016 4977; x_wconf 85' lang='lat' dir='ltr'><strong>Oberth.</strong></span> 
     </span>
     <span class='ocr_line' id='line_1_108' title="bbox 2047 4928 3013 5053; baseline -0.001 -14"><span class='ocrx_word' id='word_1_823' title='bbox 2047 4928 2123 5053; x_wconf 53' lang='lat' dir='ltr'><strong>lli</strong></span> <span class='ocrx_word' id='word_1_824' title='bbox 2147 4990 2259 5037; x_wconf 88' lang='lat' dir='ltr'><strong>Sive</strong></span> <span class='ocrx_word' id='word_1_825' title='bbox 2288 4989 2355 5053; x_wconf 85' lang='lat' dir='ltr'><strong>tui</strong></span> <span class='ocrx_word' id='word_1_826' title='bbox 2379 4989 2626 5053; x_wconf 79' lang='lat' dir='ltr'><strong>malueris,</strong></span> <span class='ocrx_word' id='word_1_827' title='bbox 2651 5000 2746 5053; x_wconf 80' lang='lat' dir='ltr'><strong>quo</strong></span> <span class='ocrx_word' id='word_1_828' title='bbox 2772 4989 2894 5053; x_wconf 86' lang='lat' dir='ltr'><strong>bona</strong></span> <span class='ocrx_word' id='word_1_829' title='bbox 2920 4991 3013 5053; x_wconf 89' lang='lat' dir='ltr'><strong>ci_a</strong></span> 
     </span>
    </p>
   </div>
   <div class='ocr_carea' id='block_1_103' title="bbox 2048 4924 3019 4985">
    <p class='ocr_par' dir='ltr' id='par_1_103' title="bbox 2048 4924 3019 4985">
     <span class='ocr_line' id='line_1_109' title="bbox 2048 4924 3019 4985; baseline -0.004 -7"><span class='ocrx_word' id='word_1_830' title='bbox 2048 4924 2234 4985; x_wconf 71' lang='lat' dir='ltr'><strong>lit);Qui</strong></span> <span class='ocrx_word' id='word_1_831' title='bbox 2261 4924 2399 4976; x_wconf 86' lang='lat' dir='ltr'><strong>Pam.</strong></span> <span class='ocrx_word' id='word_1_832' title='bbox 2440 4924 2590 4976; x_wconf 82' lang='lat' dir='ltr'><strong>Rhea.</strong></span> <span class='ocrx_word' id='word_1_833' title='bbox 2627 4924 2780 4975; x_wconf 89' lang='lat' dir='ltr'><strong>Seml.</strong></span> <span class='ocrx_word' id='word_1_834' title='bbox 2826 4924 3019 4977; x_wconf 86' lang='lat' dir='ltr'><strong>Oberth.</strong></span> 
     </span>
    </p>
   </div>
   <div class='ocr_carea' id='block_1_104' title="bbox 2047 4989 3551 5057">
    <p class='ocr_par' dir='ltr' id='par_1_104' title="bbox 2047 4989 3551 5057">
     <span class='ocr_line' id='line_1_110' title="bbox 2047 4989 3551 5057; baseline -0.003 -19"><span class='ocrx_word' id='word_1_835' title='bbox 2047 4989 2122 5053; x_wconf 90' lang='lat' dir='ltr'><strong>ll)</strong></span> <span class='ocrx_word' id='word_1_836' title='bbox 2147 4990 2259 5057; x_wconf 79' lang='lat' dir='ltr'><strong>Sive</strong></span> <span class='ocrx_word' id='word_1_837' title='bbox 2288 4989 2355 5057; x_wconf 81' lang='lat' dir='ltr'><strong>tui</strong></span> <span class='ocrx_word' id='word_1_838' title='bbox 2379 4989 2746 5057; x_wconf 63' lang='lat' dir='ltr'><strong>[ualueris,qt_to</strong></span> <span class='ocrx_word' id='word_1_839' title='bbox 2772 4989 2894 5057; x_wconf 67' lang='lat' dir='ltr'><strong>bona</strong></span> <span class='ocrx_word' id='word_1_840' title='bbox 2920 4989 3234 5057; x_wconf 65' lang='lat' dir='ltr'><strong>ciadsct‘ibas</strong></span> <span class='ocrx_word' id='word_1_841' title='bbox 3254 5005 3363 5057; x_wconf 67' lang='lat' dir='ltr'><strong>qua:</strong></span> <span class='ocrx_word' id='word_1_842' title='bbox 3386 4992 3551 5046; x_wconf 63' lang='lat' dir='ltr'><strong>31nd.</strong></span> 
     </span>
    </p>
   </div>
   <div class='ocr_carea' id='block_1_105' title="bbox 1957 5046 3232 5109">
    <p class='ocr_par' dir='ltr' id='par_1_105' title="bbox 1957 5046 3232 5109">
     <span class='ocr_line' id='line_1_111' title="bbox 1957 5046 3232 5109; baseline 0.002 -8"><span class='ocrx_word' id='word_1_843' title='bbox 1957 5046 2115 5106; x_wconf 73' lang='lat' dir='ltr'><strong>ventu</strong></span> <span class='ocrx_word' id='word_1_844' title='bbox 2138 5054 2245 5109; x_wconf 85' lang='lat' dir='ltr'><strong>ejus</strong></span> <span class='ocrx_word' id='word_1_845' title='bbox 2267 5051 2487 5098; x_wconf 90' lang='lat' dir='ltr'><strong>oriuntur</strong></span> <span class='ocrx_word' id='word_1_846' title='bbox 2504 5046 2831 5099; x_wconf 54' lang='lat' dir='ltr'><strong>omittthen.</strong></span> <span class='ocrx_word' id='word_1_847' title='bbox 2856 5049 3005 5100; x_wconf 88' lang='lat' dir='ltr'><strong>Seml.</strong></span> <span class='ocrx_word' id='word_1_848' title='bbox 3034 5050 3232 5105; x_wconf 82' lang='lat' dir='ltr'><strong>Obertlt.</strong></span> 
     </span>
    </p>
   </div>
   <div class='ocr_carea' id='block_1_106' title="bbox 2054 5109 3049 5171">
    <p class='ocr_par' dir='ltr' id='par_1_106' title="bbox 2054 5109 3049 5171">
     <span class='ocr_line' id='line_1_112' title="bbox 2054 5109 3049 5171; baseline 0 -9"><span class='ocrx_word' id='word_1_849' title='bbox 2054 5114 2129 5171; x_wconf 77' lang='grc'><strong>12)</strong></span> <span class='ocrx_word' id='word_1_850' title='bbox 2152 5114 2302 5171; x_wconf 84' lang='lat' dir='ltr'><strong>Quam</strong></span> <span class='ocrx_word' id='word_1_851' title='bbox 2325 5114 2465 5161; x_wconf 84' lang='lat' dir='ltr'><strong>Pam.</strong></span> <span class='ocrx_word' id='word_1_852' title='bbox 2502 5109 2652 5164; x_wconf 81' lang='lat' dir='ltr'><strong>nhen.</strong></span> <span class='ocrx_word' id='word_1_853' title='bbox 2678 5110 2826 5161; x_wconf 89' lang='lat' dir='ltr'><strong>Seml.</strong></span> <span class='ocrx_word' id='word_1_854' title='bbox 2854 5110 3049 5165; x_wconf 86' lang='lat' dir='ltr'><strong>oberth.</strong></span> 
     </span>
    </p>
   </div>
   <div class='ocr_carea' id='block_1_107' title="bbox 2055 5170 2922 5227">
    <p class='ocr_par' dir='ltr' id='par_1_107' title="bbox 2055 5170 2922 5227">
     <span class='ocr_line' id='line_1_113' title="bbox 2055 5170 2922 5227; baseline -0.007 0"><span class='ocrx_word' id='word_1_855' title='bbox 2055 5170 2133 5227; x_wconf 62' lang='grc' dir='ltr'><strong>ιδ)</strong></span> <span class='ocrx_word' id='word_1_856' title='bbox 2151 5170 2213 5225; x_wconf 85' lang='grc' dir='ltr'>Ει</span> <span class='ocrx_word' id='word_1_857' title='bbox 2230 5173 2350 5223; x_wconf 87' lang='lat' dir='ltr'><strong>add.</strong></span> <span class='ocrx_word' id='word_1_858' title='bbox 2374 5170 2525 5224; x_wconf 80' lang='lat' dir='ltr'><strong>Rhea.</strong></span> <span class='ocrx_word' id='word_1_859' title='bbox 2565 5172 2718 5223; x_wconf 88' lang='lat' dir='ltr'><strong>Seml.</strong></span> <span class='ocrx_word' id='word_1_860' title='bbox 2756 5173 2922 5225; x_wconf 84' lang='lat' dir='ltr'><strong>Ubert.</strong></span> 
     </span>
    </p>
   </div>
   <div class='ocr_carea' id='block_1_108' title="bbox 2060 5234 2968 5289">
    <p class='ocr_par' dir='ltr' id='par_1_108' title="bbox 2060 5234 2968 5289">
     <span class='ocr_line' id='line_1_114' title="bbox 2060 5234 2968 5289; baseline 0 -2"><span class='ocrx_word' id='word_1_861' title='bbox 2060 5234 2137 5289; x_wconf 72' lang='grc'><strong>14)</strong></span> <span class='ocrx_word' id='word_1_862' title='bbox 2161 5236 2221 5287; x_wconf 81' lang='lat' dir='ltr'><strong>Et</strong></span> <span class='ocrx_word' id='word_1_863' title='bbox 2242 5235 2391 5287; x_wconf 83' lang='lat' dir='ltr'><strong>omitt.</strong></span> <span class='ocrx_word' id='word_1_864' title='bbox 2417 5234 2567 5287; x_wconf 82' lang='lat' dir='ltr'><strong>Rhea.</strong></span> <span class='ocrx_word' id='word_1_865' title='bbox 2594 5236 2743 5288; x_wconf 85' lang='lat' dir='ltr'><strong>Seml.</strong></span> <span class='ocrx_word' id='word_1_866' title='bbox 2770 5235 2968 5289; x_wconf 84' lang='lat' dir='ltr'><strong>Oberth.</strong></span> 
     </span>
    </p>
   </div>
   <div class='ocr_carea' id='block_1_109' title="bbox 2060 5296 2597 5363">
    <p class='ocr_par' dir='ltr' id='par_1_109' title="bbox 2060 5296 2597 5363">
     <span class='ocr_line' id='line_1_115' title="bbox 2060 5296 2597 5363; baseline -0.004 -13"><span class='ocrx_word' id='word_1_867' title='bbox 2060 5296 2137 5363; x_wconf 82' lang='grc'>15)</span> <span class='ocrx_word' id='word_1_868' title='bbox 2173 5298 2236 5353; x_wconf 83' lang='lat' dir='ltr'><strong>Et</strong></span> <span class='ocrx_word' id='word_1_869' title='bbox 2265 5296 2377 5351; x_wconf 85' lang='lat' dir='ltr'><strong>cod.</strong></span> <span class='ocrx_word' id='word_1_870' title='bbox 2410 5299 2597 5350; x_wconf 85' lang='lat' dir='ltr'><strong>Wouw.</strong></span> 
     </span>
    </p>
   </div>
   <div class='ocr_carea' id='block_1_110' title="bbox 1631 5406 2185 5470">
    <p class='ocr_par' dir='ltr' id='par_1_110' title="bbox 1631 5406 2185 5470">
     <span class='ocr_line' id='line_1_116' title="bbox 1631 5406 2185 5470; baseline -0.009 -1"><span class='ocrx_word' id='word_1_871' title='bbox 1631 5406 2185 5470; x_wconf 76' lang='lat' dir='ltr'><strong>COMMENTARIUS.</strong></span> 
     </span>
    </p>
   </div>
   <div class='ocr_carea' id='block_1_111' title="bbox 264 5528 1871 5603">
    <p class='ocr_par' dir='ltr' id='par_1_111' title="bbox 264 5528 1871 5603">
     <span class='ocr_line' id='line_1_117' title="bbox 264 5528 1871 5603; baseline -0.001 -17"><span class='ocrx_word' id='word_1_872' title='bbox 264 5552 287 5586; x_wconf 71' lang='grc' dir='ltr'><strong><em>ε</em></strong></span> <span class='ocrx_word' id='word_1_873' title='bbox 336 5531 503 5600; x_wconf 80' lang='lat' dir='ltr'><strong>cavit,</strong></span> <span class='ocrx_word' id='word_1_874' title='bbox 532 5530 850 5603; x_wconf 84' lang='lat' dir='ltr'><strong>auctoritate</strong></span> <span class='ocrx_word' id='word_1_875' title='bbox 879 5528 1160 5597; x_wconf 88' lang='lat' dir='ltr'><strong>ducimur,</strong></span> <span class='ocrx_word' id='word_1_876' title='bbox 1186 5546 1371 5603; x_wconf 18' lang='lat' dir='ltr'><strong>iquam</strong></span> <span class='ocrx_word' id='word_1_877' title='bbox 1424 5530 1714 5603; x_wconf 87' lang='lat' dir='ltr'><strong>cujuslibet</strong></span> <span class='ocrx_word' id='word_1_878' title='bbox 1752 5530 1871 5603; x_wconf 85' lang='lat' dir='ltr'><strong>elo-</strong></span> 
     </span>
    </p>
   </div>
   <div class='ocr_carea' id='block_1_112' title="bbox 268 5601 1869 5674">
    <p class='ocr_par' dir='ltr' id='par_1_112' title="bbox 268 5601 1869 5674">
     <span class='ocr_line' id='line_1_118' title="bbox 268 5601 1869 5674; baseline -0.001 -18"><span class='ocrx_word' id='word_1_879' title='bbox 268 5625 287 5656; x_wconf 70' lang='grc' dir='ltr'>ι</span> <span class='ocrx_word' id='word_1_880' title='bbox 338 5604 575 5674; x_wconf 69' lang='lat' dir='ltr'><strong>quentiae</strong></span> <span class='ocrx_word' id='word_1_881' title='bbox 595 5602 888 5659; x_wconf 63' lang='lat' dir='ltr'><strong>saecularis.</strong></span> <span class='ocrx_word' id='word_1_882' title='bbox 926 5621 946 5653; x_wconf 74' lang='grc' dir='ltr'><strong><em>ι</em></strong></span> <span class='ocrx_word' id='word_1_883' title='bbox 991 5603 1151 5672; x_wconf 80' lang='lat' dir='ltr'><strong>Atqui</strong></span> <span class='ocrx_word' id='word_1_884' title='bbox 1181 5601 1319 5658; x_wconf 81' lang='lat' dir='ltr'><strong>Deus</strong></span> <span class='ocrx_word' id='word_1_885' title='bbox 1342 5601 1601 5674; x_wconf 44' lang='lat' dir='ltr'><strong>ipse,:seu</strong></span> <span class='ocrx_word' id='word_1_886' title='bbox 1630 5601 1869 5671; x_wconf 87' lang='lat' dir='ltr'><strong>angelus,</strong></span> 
     </span>
    </p>
   </div>
   <div class='ocr_carea' id='block_1_113' title="bbox 265 5673 1870 5741">
    <p class='ocr_par' dir='ltr' id='par_1_113' title="bbox 265 5673 1870 5741">
     <span class='ocr_line' id='line_1_119' title="bbox 265 5673 1870 5741; baseline -0.006 -9"><span class='ocrx_word' id='word_1_887' title='bbox 265 5673 476 5732; x_wconf 88' lang='lat' dir='ltr'><strong>nomen</strong></span> <span class='ocrx_word' id='word_1_888' title='bbox 533 5673 700 5728; x_wconf 84' lang='lat' dir='ltr'><strong>Israel</strong></span> <span class='ocrx_word' id='word_1_889' title='bbox 772 5683 962 5727; x_wconf 90' lang='lat' dir='ltr'><strong>neutro</strong></span> <span class='ocrx_word' id='word_1_890' title='bbox 1037 5687 1195 5741; x_wconf 85' lang='lat' dir='ltr'><strong>quem</strong></span> <span class='ocrx_word' id='word_1_891' title='bbox 1281 5674 1415 5727; x_wconf 81' lang='lat' dir='ltr'><strong>dixit</strong></span> <span class='ocrx_word' id='word_1_892' title='bbox 1489 5673 1870 5741; x_wconf 83' lang='lat' dir='ltr'><strong>Hieronymus,</strong></span> 
     </span>
    </p>
   </div>
   <div class='ocr_carea' id='block_1_114' title="bbox 270 5742 1872 5813">
    <p class='ocr_par' dir='ltr' id='par_1_114' title="bbox 270 5742 1872 5813">
     <span class='ocr_line' id='line_1_120' title="bbox 270 5742 1872 5813; baseline -0.006 -12"><span class='ocrx_word' id='word_1_893' title='bbox 270 5746 460 5809; x_wconf 86' lang='lat' dir='ltr'><strong>modo,</strong></span> <span class='ocrx_word' id='word_1_894' title='bbox 490 5742 607 5806; x_wconf 84' lang='lat' dir='ltr'><strong>sed,</strong></span> <span class='ocrx_word' id='word_1_895' title='bbox 630 5752 688 5797; x_wconf 92' lang='lat' dir='ltr'><strong>ut</strong></span> <span class='ocrx_word' id='word_1_896' title='bbox 707 5743 908 5813; x_wconf 90' lang='lat' dir='ltr'><strong>optime</strong></span> <span class='ocrx_word' id='word_1_897' title='bbox 936 5742 1297 5799; x_wconf 89' lang='lat' dir='ltr'><strong>Tcrtulliauus</strong></span> <span class='ocrx_word' id='word_1_898' title='bbox 1328 5753 1533 5811; x_wconf 90' lang='lat' dir='ltr'><strong>noster,</strong></span> <span class='ocrx_word' id='word_1_899' title='bbox 1564 5743 1872 5813; x_wconf 86' lang='lat' dir='ltr'><strong>invalescen-</strong></span> 
     </span>
    </p>
   </div>
   <div class='ocr_carea' id='block_1_115' title="bbox 269 5812 1874 5883">
    <p class='ocr_par' dir='ltr' id='par_1_115' title="bbox 269 5812 1874 5883">
     <span class='ocr_line' id='line_1_121' title="bbox 269 5812 1874 5883; baseline -0.004 -14"><span class='ocrx_word' id='word_1_900' title='bbox 269 5825 369 5869; x_wconf 88' lang='lat' dir='ltr'><strong>tem</strong></span> <span class='ocrx_word' id='word_1_901' title='bbox 394 5831 513 5868; x_wconf 89' lang='lat' dir='ltr'><strong>eum</strong></span> <span class='ocrx_word' id='word_1_902' title='bbox 542 5813 647 5867; x_wconf 90' lang='lat' dir='ltr'><strong>Deo</strong></span> <span class='ocrx_word' id='word_1_903' title='bbox 668 5812 1047 5882; x_wconf 83' lang='lat' dir='ltr'><strong>interpretatus</strong></span> <span class='ocrx_word' id='word_1_904' title='bbox 1072 5825 1155 5868; x_wconf 88' lang='lat' dir='ltr'><strong>est</strong></span> <span class='ocrx_word' id='word_1_905' title='bbox 1185 5832 1198 5869; x_wconf 91' lang='lat'><strong>:</strong></span> <span class='ocrx_word' id='word_1_906' title='bbox 1237 5836 1255 5867; x_wconf 73' lang='grc' dir='ltr'><strong>ι</strong></span> <span class='ocrx_word' id='word_1_907' title='bbox 1294 5816 1651 5883; x_wconf 75' lang='lat' dir='ltr'><strong>Nequaquam,</strong></span> <span class='ocrx_word' id='word_1_908' title='bbox 1682 5812 1874 5882; x_wconf 88' lang='lat' dir='ltr'><strong>inquit,</strong></span> 
     </span>
    </p>
   </div>
   <div class='ocr_carea' id='block_1_116' title="bbox 280 5884 1873 5957">
    <p class='ocr_par' dir='ltr' id='par_1_116' title="bbox 280 5884 1873 5957">
     <span class='ocr_line' id='line_1_122' title="bbox 280 5884 1873 5957; baseline -0.003 -16"><span class='ocrx_word' id='word_1_909' title='bbox 280 5906 300 5941; x_wconf 69' lang='grc' dir='ltr'>ε</span> <span class='ocrx_word' id='word_1_910' title='bbox 351 5885 516 5943; x_wconf 82' lang='lat' dir='ltr'><strong>Jacob</strong></span> <span class='ocrx_word' id='word_1_911' title='bbox 542 5884 883 5955; x_wconf 85' lang='lat' dir='ltr'><strong>appellabitur</strong></span> <span class='ocrx_word' id='word_1_912' title='bbox 911 5902 1091 5940; x_wconf 89' lang='lat' dir='ltr'><strong>nomen</strong></span> <span class='ocrx_word' id='word_1_913' title='bbox 1115 5894 1295 5957; x_wconf 85' lang='lat' dir='ltr'><strong>tamn,</strong></span> <span class='ocrx_word' id='word_1_914' title='bbox 1352 5886 1439 5941; x_wconf 87' lang='lat' dir='ltr'><strong>sed</strong></span> <span class='ocrx_word' id='word_1_915' title='bbox 1491 5885 1703 5943; x_wconf 80' lang='lat' dir='ltr'><strong>Israel:</strong></span> <span class='ocrx_word' id='word_1_916' title='bbox 1749 5898 1873 5953; x_wconf 86' lang='lat' dir='ltr'><strong>quo-</strong></span> 
     </span>
    </p>
   </div>
   <div class='ocr_carea' id='block_1_117' title="bbox 560 5977 1127 6040">
    <p class='ocr_par' dir='ltr' id='par_1_117' title="bbox 560 5977 1127 6040">
     <span class='ocr_line' id='line_1_123' title="bbox 560 5977 1127 6040; baseline -0.002 -2"><span class='ocrx_word' id='word_1_917' title='bbox 560 5978 997 6038; x_wconf 71' lang='lat' dir='ltr'><strong>TEnTULLust</strong></span> <span class='ocrx_word' id='word_1_918' title='bbox 1048 5977 1127 6040; x_wconf 91' lang='grc' dir='ltr'><strong>ΙΙ.</strong></span> 
     </span>
    </p>
   </div>
   <div class='ocr_carea' id='block_1_118' title="bbox 1979 5520 3562 5605">
    <p class='ocr_par' dir='ltr' id='par_1_118' title="bbox 1979 5520 3562 5605">
     <span class='ocr_line' id='line_1_124' title="bbox 1979 5520 3562 5605; baseline 0.002 -24"><span class='ocrx_word' id='word_1_919' title='bbox 1979 5547 2000 5581; x_wconf 73' lang='grc' dir='ltr'><strong><em>ι</em></strong></span> <span class='ocrx_word' id='word_1_920' title='bbox 2050 5526 2186 5581; x_wconf 88' lang='lat' dir='ltr'><strong>niam</strong></span> <span class='ocrx_word' id='word_1_921' title='bbox 2214 5526 2281 5605; x_wconf 40' lang='lat' dir='ltr'><strong>si.</strong></span> <span class='ocrx_word' id='word_1_922' title='bbox 2308 5530 2485 5605; x_wconf 76' lang='lat' dir='ltr'><strong>contra</strong></span> <span class='ocrx_word' id='word_1_923' title='bbox 2526 5520 2700 5605; x_wconf 59' lang='lat' dir='ltr'><strong>Deunt</strong></span> <span class='ocrx_word' id='word_1_924' title='bbox 2732 5520 2881 5605; x_wconf 69' lang='lat' dir='ltr'><strong>[ortis</strong></span> <span class='ocrx_word' id='word_1_925' title='bbox 2921 5521 3096 5605; x_wconf 57' lang='lat' dir='ltr'><strong>fuisti,</strong></span> <span class='ocrx_word' id='word_1_926' title='bbox 3159 5535 3347 5594; x_wconf 86' lang='lat' dir='ltr'><strong>quanto</strong></span> <span class='ocrx_word' id='word_1_927' title='bbox 3396 5530 3562 5605; x_wconf 87' lang='lat' dir='ltr'><strong>magis</strong></span> 
     </span>
    </p>
   </div>
   <div class='ocr_carea' id='block_1_119' title="bbox 1984 5592 3082 5665">
    <p class='ocr_par' dir='ltr' id='par_1_119' title="bbox 1984 5592 3082 5665">
     <span class='ocr_line' id='line_1_125' title="bbox 1984 5592 3082 5665; baseline -0.004 -12"><span class='ocrx_word' id='word_1_928' title='bbox 1984 5618 2003 5653; x_wconf 70' lang='grc' dir='ltr'>ι</span> <span class='ocrx_word' id='word_1_929' title='bbox 2050 5607 2227 5652; x_wconf 86' lang='lat' dir='ltr'><strong>contra</strong></span> <span class='ocrx_word' id='word_1_930' title='bbox 2261 5595 2495 5665; x_wconf 67' lang='lat' dir='ltr'><strong>homines</strong></span> <span class='ocrx_word' id='word_1_931' title='bbox 2509 5592 2805 5665; x_wconf 76' lang='lat' dir='ltr'><strong>prwvalebis</strong></span> <span class='ocrx_word' id='word_1_932' title='bbox 2826 5593 2862 5665; x_wconf 12' lang='lat'><strong>?7</strong></span> <span class='ocrx_word' id='word_1_933' title='bbox 2896 5612 2915 5646; x_wconf 65' lang='grc' dir='ltr'><strong>ν</strong></span> <span class='ocrx_word' id='word_1_934' title='bbox 2946 5593 3082 5649; x_wconf 85' lang='lat' dir='ltr'><strong>Enn.</strong></span> 
     </span>
    </p>
   </div>
   <div class='ocr_carea' id='block_1_120' title="bbox 2051 5662 3557 5737">
    <p class='ocr_par' dir='ltr' id='par_1_120' title="bbox 2051 5662 3557 5737">
     <span class='ocr_line' id='line_1_126' title="bbox 2051 5662 3557 5737; baseline 0.005 -17"><span class='ocrx_word' id='word_1_935' title='bbox 2051 5670 2129 5737; x_wconf 86' lang='lat' dir='ltr'><strong>(a)</strong></span> <span class='ocrx_word' id='word_1_936' title='bbox 2167 5662 2645 5737; x_wconf 20' lang='lat' dir='ltr'><strong>VidebuntiFilium</strong></span> <span class='ocrx_word' id='word_1_937' title='bbox 2677 5664 2893 5737; x_wconf 76' lang='lat' dir='ltr'><strong>hominis</strong></span> <span class='ocrx_word' id='word_1_938' title='bbox 2929 5666 3226 5737; x_wconf 84' lang='lat' dir='ltr'><strong>venientem.</strong></span> <span class='ocrx_word' id='word_1_939' title='bbox 3257 5666 3557 5729; x_wconf 89' lang='lat' dir='ltr'><strong>Secundum</strong></span> 
     </span>
    </p>
   </div>
   <div class='ocr_carea' id='block_1_121' title="bbox 1980 5734 3560 5808">
    <p class='ocr_par' dir='ltr' id='par_1_121' title="bbox 1980 5734 3560 5808">
     <span class='ocr_line' id='line_1_127' title="bbox 1980 5734 3560 5808; baseline 0.004 -15"><span class='ocrx_word' id='word_1_940' title='bbox 1980 5734 2068 5794; x_wconf 87' lang='lat' dir='ltr'><strong>hic</strong></span> <span class='ocrx_word' id='word_1_941' title='bbox 2096 5734 2383 5808; x_wconf 87' lang='lat' dir='ltr'><strong>adventum</strong></span> <span class='ocrx_word' id='word_1_942' title='bbox 2409 5736 2609 5808; x_wconf 82' lang='lat' dir='ltr'><strong>Christi</strong></span> <span class='ocrx_word' id='word_1_943' title='bbox 2638 5750 2707 5791; x_wconf 77' lang='lat' dir='ltr'><strong>ex</strong></span> <span class='ocrx_word' id='word_1_944' title='bbox 2748 5734 2971 5789; x_wconf 89' lang='lat' dir='ltr'><strong>inlinitis</strong></span> <span class='ocrx_word' id='word_1_945' title='bbox 3003 5736 3131 5792; x_wconf 90' lang='lat' dir='ltr'><strong>locis</strong></span> <span class='ocrx_word' id='word_1_946' title='bbox 3160 5738 3348 5808; x_wconf 87' lang='lat' dir='ltr'><strong>probat</strong></span> <span class='ocrx_word' id='word_1_947' title='bbox 3375 5755 3560 5801; x_wconf 86' lang='lat' dir='ltr'><strong>contra</strong></span> 
     </span>
    </p>
   </div>
   <div class='ocr_carea' id='block_1_122' title="bbox 1980 5807 2563 5869">
    <p class='ocr_par' dir='ltr' id='par_1_122' title="bbox 1980 5807 2563 5869">
     <span class='ocr_line' id='line_1_128' title="bbox 1980 5807 2563 5869; baseline -0.01 0"><span class='ocrx_word' id='word_1_948' title='bbox 1980 5810 2324 5869; x_wconf 73' lang='lat' dir='ltr'><strong>Marcianum.</strong></span> <span class='ocrx_word' id='word_1_949' title='bbox 2350 5807 2425 5863; x_wconf 82' lang='lat' dir='ltr'><strong>LE</strong></span> <span class='ocrx_word' id='word_1_950' title='bbox 2466 5807 2563 5863; x_wconf 80' lang='lat' dir='ltr'><strong>Pu.</strong></span> 
     </span>
    </p>
   </div>
   <div class='ocr_carea' id='block_1_123' title="bbox 2785 5965 3102 6046">
    <p class='ocr_par' dir='ltr' id='par_1_123' title="bbox 2785 5965 3102 6046">
     <span class='ocr_line' id='line_1_129' title="bbox 2785 5965 3102 6046; baseline -0.019 -17"><span class='ocrx_word' id='word_1_951' title='bbox 2785 5965 3102 6046; x_wconf 56' lang='lat' dir='ltr'><strong>(Qttinzeq</strong></span> 
     </span>
    </p>
   </div>
  </div>
