  <div class='ocr_page' id='page_1' title='image "/cluster/home/n/w/nwhite01/storage/ocr_20150623/2/hvd.32044015466741/255.png"; bbox 0 0 4268 6492; ppageno 0'>
   <div class='ocr_carea' id='block_1_1' title="bbox 767 406 869 462">
    <p class='ocr_par' dir='ltr' id='par_1_1' title="bbox 767 406 869 462">
     <span class='ocr_line' id='line_1_1' title="bbox 767 406 869 462; baseline 0.01 -1"><span class='ocrx_word' id='word_1_1' title='bbox 767 406 869 462; x_wconf 74' lang='grc' dir='ltr'><strong>ι59</strong></span> 
     </span>
    </p>
   </div>
   <div class='ocr_carea' id='block_1_2' title="bbox 2179 393 2642 455">
    <p class='ocr_par' dir='ltr' id='par_1_2' title="bbox 2179 393 2642 455">
     <span class='ocr_line' id='line_1_2' title="bbox 2179 393 2642 455; baseline -0.011 -1"><span class='ocrx_word' id='word_1_2' title='bbox 2179 393 2642 455; x_wconf 82' lang='lat' dir='ltr'><strong>TERTULLIANI</strong></span> 
     </span>
    </p>
   </div>
   <div class='ocr_carea' id='block_1_3' title="bbox 3947 403 4050 464">
    <p class='ocr_par' dir='ltr' id='par_1_3' title="bbox 3947 403 4050 464">
     <span class='ocr_line' id='line_1_3' title="bbox 3947 403 4050 464; baseline 0.039 -4"><span class='ocrx_word' id='word_1_3' title='bbox 3947 403 4050 464; x_wconf 64' lang='lat'><strong>460</strong></span> 
     </span>
    </p>
   </div>
   <div class='ocr_carea' id='block_1_4' title="bbox 755 510 4052 592">
    <p class='ocr_par' dir='ltr' id='par_1_4' title="bbox 755 510 4052 592">
     <span class='ocr_line' id='line_1_4' title="bbox 755 510 4052 592; baseline 0.002 -22"><span class='ocrx_word' id='word_1_4' title='bbox 755 519 824 574; x_wconf 72' lang='lat' dir='ltr'><strong>ab</strong></span> <span class='ocrx_word' id='word_1_5' title='bbox 850 533 916 573; x_wconf 91' lang='lat' dir='ltr'><strong>eo</strong></span> <span class='ocrx_word' id='word_1_6' title='bbox 945 517 1232 588; x_wconf 78' lang='lat' dir='ltr'><strong>imponitur</strong></span> <span class='ocrx_word' id='word_1_7' title='bbox 1255 515 1486 586; x_wconf 89' lang='lat' dir='ltr'><strong>signum,</strong></span> <span class='ocrx_word' id='word_1_8' title='bbox 1513 513 1669 582; x_wconf 86' lang='lat' dir='ltr'><strong>cujus</strong></span> <span class='ocrx_word' id='word_1_9' title='bbox 1702 521 1786 570; x_wconf 89' lang='lat' dir='ltr'><strong>est</strong></span> <span class='ocrx_word' id='word_1_10' title='bbox 1817 527 1923 569; x_wconf 91' lang='lat' dir='ltr'><strong>res.</strong></span> <span class='ocrx_word' id='word_1_11' title='bbox 1955 510 2029 568; x_wconf 89' lang='lat' dir='ltr'><strong>Ita</strong></span> <span class='ocrx_word' id='word_1_12' title='bbox 2059 512 2100 566; x_wconf 92' lang='lat' dir='ltr'><strong>si</strong></span> <span class='ocrx_word' id='word_1_13' title='bbox 2129 511 2343 566; x_wconf 90' lang='lat' dir='ltr'><strong>conﬁic-</strong></span> <span class='ocrx_word' id='word_1_14' title='bbox 2377 511 2433 573; x_wconf 79' lang='grc' dir='ltr'><strong>Α</strong></span> <span class='ocrx_word' id='word_1_15' title='bbox 2457 510 2510 566; x_wconf 93' lang='lat' dir='ltr'><strong>Si</strong></span> <span class='ocrx_word' id='word_1_16' title='bbox 2543 510 2642 566; x_wconf 92' lang='lat' dir='ltr'><strong>hoc</strong></span> <span class='ocrx_word' id='word_1_17' title='bbox 2658 520 2740 568; x_wconf 90' lang='lat' dir='ltr'><strong>est</strong></span> <span class='ocrx_word' id='word_1_18' title='bbox 2765 514 3079 585; x_wconf 84' lang='lat' dir='ltr'><strong>prephetias</strong></span> <span class='ocrx_word' id='word_1_19' title='bbox 3093 516 3420 586; x_wconf 83' lang='lat' dir='ltr'><strong>dissolvere,</strong></span> <span class='ocrx_word' id='word_1_20' title='bbox 3441 519 3568 590; x_wconf 86' lang='lat' dir='ltr'><strong>quid</strong></span> <span class='ocrx_word' id='word_1_21' title='bbox 3595 520 4052 592; x_wconf 80' lang='lat' dir='ltr'><strong>critadimplere?</strong></span> 
     </span>
    </p>
   </div>
   <div class='ocr_carea' id='block_1_5' title="bbox 762 607 2352 681">
    <p class='ocr_par' dir='ltr' id='par_1_5' title="bbox 762 607 2352 681">
     <span class='ocr_line' id='line_1_5' title="bbox 762 607 2352 681; baseline -0.003 -18"><span class='ocrx_word' id='word_1_22' title='bbox 762 611 992 666; x_wconf 85' lang='lat' dir='ltr'><strong>tationcs</strong></span> <span class='ocrx_word' id='word_1_23' title='bbox 1013 609 1161 681; x_wconf 87' lang='lat' dir='ltr'><strong>signa</strong></span> <span class='ocrx_word' id='word_1_24' title='bbox 1194 618 1322 663; x_wconf 91' lang='lat' dir='ltr'><strong>sunt</strong></span> <span class='ocrx_word' id='word_1_25' title='bbox 1348 607 1527 680; x_wconf 90' lang='lat' dir='ltr'><strong>regni,</strong></span> <span class='ocrx_word' id='word_1_26' title='bbox 1561 609 1699 663; x_wconf 90' lang='lat' dir='ltr'><strong>sicut</strong></span> <span class='ocrx_word' id='word_1_27' title='bbox 1728 607 2170 662; x_wconf 86' lang='lat' dir='ltr'><strong>iructiﬁcationes</strong></span> <span class='ocrx_word' id='word_1_28' title='bbox 2199 616 2352 660; x_wconf 72' lang='lat' dir='ltr'><strong>msta-</strong></span> 
     </span>
    </p>
   </div>
   <div class='ocr_carea' id='block_1_6' title="bbox 760 697 2350 773">
    <p class='ocr_par' dir='ltr' id='par_1_6' title="bbox 760 697 2350 773">
     <span class='ocr_line' id='line_1_6' title="bbox 760 697 2350 773; baseline -0.003 -17"><span class='ocrx_word' id='word_1_29' title='bbox 760 703 864 768; x_wconf 91' lang='lat' dir='ltr'><strong>tis;</strong></span> <span class='ocrx_word' id='word_1_30' title='bbox 896 719 1025 773; x_wconf 89' lang='lat' dir='ltr'><strong>ergo</strong></span> <span class='ocrx_word' id='word_1_31' title='bbox 1051 712 1105 757; x_wconf 91' lang='lat' dir='ltr'><strong>et</strong></span> <span class='ocrx_word' id='word_1_32' title='bbox 1148 716 1370 773; x_wconf 90' lang='lat' dir='ltr'><strong>regnum</strong></span> <span class='ocrx_word' id='word_1_33' title='bbox 1401 700 1672 756; x_wconf 73' lang='lat' dir='ltr'><strong>Creatoris</strong></span> <span class='ocrx_word' id='word_1_34' title='bbox 1696 708 1802 764; x_wconf 88' lang='lat' dir='ltr'><strong>est,</strong></span> <span class='ocrx_word' id='word_1_35' title='bbox 1833 700 1987 769; x_wconf 88' lang='lat' dir='ltr'><strong>cujus</strong></span> <span class='ocrx_word' id='word_1_36' title='bbox 2017 698 2097 769; x_wconf 84' lang='lat' dir='ltr'><strong>(I)</strong></span> <span class='ocrx_word' id='word_1_37' title='bbox 2129 697 2350 753; x_wconf 82' lang='lat' dir='ltr'><strong>conﬂic-</strong></span> 
     </span>
    </p>
   </div>
   <div class='ocr_carea' id='block_1_7' title="bbox 767 789 2352 866">
    <p class='ocr_par' dir='ltr' id='par_1_7' title="bbox 767 789 2352 866">
     <span class='ocr_line' id='line_1_7' title="bbox 767 789 2352 866; baseline -0.006 -14"><span class='ocrx_word' id='word_1_38' title='bbox 767 798 995 851; x_wconf 90' lang='lat' dir='ltr'><strong>tationcs</strong></span> <span class='ocrx_word' id='word_1_39' title='bbox 1037 796 1383 866; x_wconf 85' lang='lat' dir='ltr'><strong>deputantur,</strong></span> <span class='ocrx_word' id='word_1_40' title='bbox 1426 808 1544 863; x_wconf 66' lang='lat' dir='ltr'><strong>qua;</strong></span> <span class='ocrx_word' id='word_1_41' title='bbox 1587 792 1735 864; x_wconf 91' lang='lat' dir='ltr'><strong>signa</strong></span> <span class='ocrx_word' id='word_1_42' title='bbox 1765 801 1888 846; x_wconf 88' lang='lat' dir='ltr'><strong>sunt</strong></span> <span class='ocrx_word' id='word_1_43' title='bbox 1915 790 2089 861; x_wconf 91' lang='lat' dir='ltr'><strong>regni.</strong></span> <span class='ocrx_word' id='word_1_44' title='bbox 2125 789 2352 844; x_wconf 64' lang='lat' dir='ltr'><strong>Praemi-</strong></span> 
     </span>
    </p>
   </div>
   <div class='ocr_carea' id='block_1_8' title="bbox 765 882 2352 957">
    <p class='ocr_par' dir='ltr' id='par_1_8' title="bbox 765 882 2352 957">
     <span class='ocr_line' id='line_1_8' title="bbox 765 882 2352 957; baseline -0.006 -13"><span class='ocrx_word' id='word_1_45' title='bbox 765 897 911 944; x_wconf 90' lang='lat' dir='ltr'><strong>serat</strong></span> <span class='ocrx_word' id='word_1_46' title='bbox 934 896 1186 957; x_wconf 86' lang='lat' dir='ltr'><strong>oportere</strong></span> <span class='ocrx_word' id='word_1_47' title='bbox 1217 887 1331 942; x_wconf 66' lang='lat' dir='ltr'><strong>haec</strong></span> <span class='ocrx_word' id='word_1_48' title='bbox 1361 886 1476 941; x_wconf 89' lang='lat' dir='ltr'><strong>ﬁeri</strong></span> <span class='ocrx_word' id='word_1_49' title='bbox 1504 894 1611 941; x_wconf 80' lang='lat' dir='ltr'><strong>tam</strong></span> <span class='ocrx_word' id='word_1_50' title='bbox 1642 884 1869 950; x_wconf 85' lang='lat' dir='ltr'><strong>atrocia,</strong></span> <span class='ocrx_word' id='word_1_51' title='bbox 1897 893 2004 938; x_wconf 89' lang='lat' dir='ltr'><strong>tam</strong></span> <span class='ocrx_word' id='word_1_52' title='bbox 2035 883 2148 938; x_wconf 90' lang='lat' dir='ltr'><strong>dira</strong></span> <span class='ocrx_word' id='word_1_53' title='bbox 2171 923 2186 945; x_wconf 87' lang='lat'><strong>.</strong></span> <span class='ocrx_word' id='word_1_54' title='bbox 2211 882 2352 936; x_wconf 85' lang='lat' dir='ltr'><strong>Deus</strong></span> 
     </span>
    </p>
   </div>
   <div class='ocr_carea' id='block_1_9' title="bbox 769 975 2347 1052">
    <p class='ocr_par' dir='ltr' id='par_1_9' title="bbox 769 975 2347 1052">
     <span class='ocr_line' id='line_1_9' title="bbox 769 975 2347 1052; baseline -0.005 -16"><span class='ocrx_word' id='word_1_55' title='bbox 769 982 1044 1052; x_wconf 89' lang='lat' dir='ltr'><strong>optimus,</strong></span> <span class='ocrx_word' id='word_1_56' title='bbox 1087 990 1236 1036; x_wconf 91' lang='lat' dir='ltr'><strong>certe</strong></span> <span class='ocrx_word' id='word_1_57' title='bbox 1274 995 1304 1034; x_wconf 91' lang='lat' dir='ltr'><strong>a</strong></span> <span class='ocrx_word' id='word_1_58' title='bbox 1357 977 1640 1048; x_wconf 88' lang='lat' dir='ltr'><strong>Prophetis</strong></span> <span class='ocrx_word' id='word_1_59' title='bbox 1691 987 1745 1033; x_wconf 91' lang='lat' dir='ltr'><strong>ct</strong></span> <span class='ocrx_word' id='word_1_60' title='bbox 1775 992 1803 1031; x_wconf 92' lang='lat' dir='ltr'><strong>a</strong></span> <span class='ocrx_word' id='word_1_61' title='bbox 1839 976 1984 1048; x_wconf 90' lang='lat' dir='ltr'><strong>Lege</strong></span> <span class='ocrx_word' id='word_1_62' title='bbox 2033 975 2347 1047; x_wconf 68' lang='lat' dir='ltr'><strong>praedicata;</strong></span> 
     </span>
    </p>
   </div>
   <div class='ocr_carea' id='block_1_10' title="bbox 763 1069 2351 1145">
    <p class='ocr_par' dir='ltr' id='par_1_10' title="bbox 763 1069 2351 1145">
     <span class='ocr_line' id='line_1_10' title="bbox 763 1069 2351 1145; baseline -0.005 -16"><span class='ocrx_word' id='word_1_63' title='bbox 763 1075 898 1129; x_wconf 87' lang='lat' dir='ltr'><strong>adeo</strong></span> <span class='ocrx_word' id='word_1_64' title='bbox 927 1074 1124 1145; x_wconf 88' lang='lat' dir='ltr'><strong>Legem</strong></span> <span class='ocrx_word' id='word_1_65' title='bbox 1155 1083 1206 1129; x_wconf 89' lang='lat' dir='ltr'><strong>et</strong></span> <span class='ocrx_word' id='word_1_66' title='bbox 1253 1072 1550 1144; x_wconf 87' lang='lat' dir='ltr'><strong>Pr0phetas</strong></span> <span class='ocrx_word' id='word_1_67' title='bbox 1587 1086 1694 1126; x_wconf 88' lang='lat' dir='ltr'><strong>non</strong></span> <span class='ocrx_word' id='word_1_68' title='bbox 1724 1069 2054 1137; x_wconf 84' lang='lat' dir='ltr'><strong>destruebat,</strong></span> <span class='ocrx_word' id='word_1_69' title='bbox 2086 1084 2209 1124; x_wconf 90' lang='lat' dir='ltr'><strong>cum</strong></span> <span class='ocrx_word' id='word_1_70' title='bbox 2230 1082 2351 1139; x_wconf 72' lang='lat' dir='ltr'><strong>qua:</strong></span> 
     </span>
    </p>
   </div>
   <div class='ocr_carea' id='block_1_11' title="bbox 761 1159 2357 1236">
    <p class='ocr_par' dir='ltr' id='par_1_11' title="bbox 761 1159 2357 1236">
     <span class='ocr_line' id='line_1_11' title="bbox 761 1159 2357 1236; baseline -0.005 -16"><span class='ocrx_word' id='word_1_71' title='bbox 761 1166 1204 1236; x_wconf 72' lang='lat' dir='ltr'><strong>prmdicaverunt,</strong></span> <span class='ocrx_word' id='word_1_72' title='bbox 1233 1165 1516 1218; x_wconf 89' lang='lat' dir='ltr'><strong>conﬁrmat</strong></span> <span class='ocrx_word' id='word_1_73' title='bbox 1541 1161 1723 1232; x_wconf 86' lang='lat' dir='ltr'><strong>perlici</strong></span> <span class='ocrx_word' id='word_1_74' title='bbox 1755 1170 2027 1232; x_wconf 82' lang='lat' dir='ltr'><strong>oportere.</strong></span> <span class='ocrx_word' id='word_1_75' title='bbox 2055 1159 2246 1214; x_wconf 84' lang='lat' dir='ltr'><strong>Adhuc</strong></span> <span class='ocrx_word' id='word_1_76' title='bbox 2274 1159 2357 1213; x_wconf 84' lang='lat' dir='ltr'><strong>in-</strong></span> 
     </span>
    </p>
   </div>
   <div class='ocr_carea' id='block_1_12' title="bbox 761 1251 2355 1328">
    <p class='ocr_par' dir='ltr' id='par_1_12' title="bbox 761 1251 2355 1328">
     <span class='ocr_line' id='line_1_12' title="bbox 761 1251 2355 1328; baseline -0.004 -16"><span class='ocrx_word' id='word_1_77' title='bbox 761 1259 897 1328; x_wconf 91' lang='lat' dir='ltr'><strong>gerit</strong></span> <span class='ocrx_word' id='word_1_78' title='bbox 920 1298 934 1322; x_wconf 94' lang='lat'><strong>,</strong></span> <span class='ocrx_word' id='word_1_79' title='bbox 970 1255 1094 1310; x_wconf 87' lang='lat' dir='ltr'><strong>Non</strong></span> <span class='ocrx_word' id='word_1_80' title='bbox 1119 1255 1451 1310; x_wconf 80' lang='lat' dir='ltr'><strong>transiturum</strong></span> <span class='ocrx_word' id='word_1_81' title='bbox 1495 1255 1677 1308; x_wconf 74' lang='lat' dir='ltr'><strong>caelum</strong></span> <span class='ocrx_word' id='word_1_82' title='bbox 1705 1270 1765 1307; x_wconf 94' lang='lat' dir='ltr'><strong>ac</strong></span> <span class='ocrx_word' id='word_1_83' title='bbox 1793 1263 1981 1307; x_wconf 83' lang='lat' dir='ltr'><strong>terram</strong></span> <span class='ocrx_word' id='word_1_84' title='bbox 2003 1295 2017 1316; x_wconf 88' lang='lat'><strong>,</strong></span> <span class='ocrx_word' id='word_1_85' title='bbox 2058 1252 2156 1306; x_wconf 88' lang='lat' dir='ltr'><strong>nisi</strong></span> <span class='ocrx_word' id='word_1_86' title='bbox 2183 1251 2355 1306; x_wconf 83' lang='lat' dir='ltr'><strong>omnia</strong></span> 
     </span>
    </p>
   </div>
   <div class='ocr_carea' id='block_1_13' title="bbox 766 1344 2353 1419">
    <p class='ocr_par' dir='ltr' id='par_1_13' title="bbox 766 1344 2353 1419">
     <span class='ocr_line' id='line_1_13' title="bbox 766 1344 2353 1419; baseline -0.004 -16"><span class='ocrx_word' id='word_1_87' title='bbox 766 1358 1092 1419; x_wconf 78' lang='lat' dir='ltr'><strong>peraguntur.</strong></span> <span class='ocrx_word' id='word_1_88' title='bbox 1111 1348 1367 1415; x_wconf 57' lang='lat' dir='ltr'><strong>Quanam</strong></span> <span class='ocrx_word' id='word_1_89' title='bbox 1395 1345 1536 1402; x_wconf 88' lang='lat' dir='ltr'><strong>ista?</strong></span> <span class='ocrx_word' id='word_1_90' title='bbox 1557 1345 1751 1416; x_wconf 77' lang='lat' dir='ltr'><strong>Siqua:</strong></span> <span class='ocrx_word' id='word_1_91' title='bbox 1774 1361 1801 1398; x_wconf 90' lang='lat' dir='ltr'><strong>a</strong></span> <span class='ocrx_word' id='word_1_92' title='bbox 1821 1345 2077 1401; x_wconf 88' lang='lat' dir='ltr'><strong>Creatore</strong></span> <span class='ocrx_word' id='word_1_93' title='bbox 2102 1353 2228 1400; x_wconf 91' lang='lat' dir='ltr'><strong>sunt</strong></span> <span class='ocrx_word' id='word_1_94' title='bbox 2247 1344 2353 1415; x_wconf 69' lang='lat'><strong>(2),</strong></span> 
     </span>
    </p>
   </div>
   <div class='ocr_carea' id='block_1_14' title="bbox 769 1437 2352 1499">
    <p class='ocr_par' dir='ltr' id='par_1_14' title="bbox 769 1437 2352 1499">
     <span class='ocr_line' id='line_1_14' title="bbox 769 1437 2352 1499; baseline -0.004 0"><span class='ocrx_word' id='word_1_95' title='bbox 769 1445 962 1499; x_wconf 90' lang='lat' dir='ltr'><strong>merito</strong></span> <span class='ocrx_word' id='word_1_96' title='bbox 1014 1442 1356 1497; x_wconf 89' lang='lat' dir='ltr'><strong>sustinebunt</strong></span> <span class='ocrx_word' id='word_1_97' title='bbox 1401 1440 1664 1496; x_wconf 89' lang='lat' dir='ltr'><strong>elementa</strong></span> <span class='ocrx_word' id='word_1_98' title='bbox 1718 1439 1930 1494; x_wconf 89' lang='lat' dir='ltr'><strong>Domini</strong></span> <span class='ocrx_word' id='word_1_99' title='bbox 1969 1439 2052 1494; x_wconf 89' lang='lat' dir='ltr'><strong>sui</strong></span> <span class='ocrx_word' id='word_1_100' title='bbox 2105 1437 2352 1493; x_wconf 87' lang='lat' dir='ltr'><strong>ordinem</strong></span> 
     </span>
    </p>
   </div>
   <div class='ocr_carea' id='block_1_15' title="bbox 765 1533 2356 1606">
    <p class='ocr_par' dir='ltr' id='par_1_15' title="bbox 765 1533 2356 1606">
     <span class='ocr_line' id='line_1_15' title="bbox 765 1533 2356 1606; baseline -0.006 -13"><span class='ocrx_word' id='word_1_101' title='bbox 765 1537 1022 1606; x_wconf 83' lang='lat' dir='ltr'><strong>expungi.</strong></span> <span class='ocrx_word' id='word_1_102' title='bbox 1071 1537 1126 1591; x_wconf 87' lang='lat' dir='ltr'><strong>Si</strong></span> <span class='ocrx_word' id='word_1_103' title='bbox 1167 1551 1287 1606; x_wconf 76' lang='lat' dir='ltr'><strong>qua:</strong></span> <span class='ocrx_word' id='word_1_104' title='bbox 1315 1549 1343 1588; x_wconf 90' lang='lat' dir='ltr'><strong>a</strong></span> <span class='ocrx_word' id='word_1_105' title='bbox 1374 1534 1484 1590; x_wconf 87' lang='lat' dir='ltr'><strong>Deo</strong></span> <span class='ocrx_word' id='word_1_106' title='bbox 1529 1539 1734 1604; x_wconf 89' lang='lat' dir='ltr'><strong>optimo</strong></span> <span class='ocrx_word' id='word_1_107' title='bbox 1754 1575 1768 1598; x_wconf 92' lang='lat'><strong>,</strong></span> <span class='ocrx_word' id='word_1_108' title='bbox 1799 1533 1981 1588; x_wconf 91' lang='lat' dir='ltr'><strong>nescio</strong></span> <span class='ocrx_word' id='word_1_109' title='bbox 2007 1547 2074 1586; x_wconf 89' lang='lat' dir='ltr'><strong>an</strong></span> <span class='ocrx_word' id='word_1_110' title='bbox 2097 1533 2356 1586; x_wconf 84' lang='lat' dir='ltr'><strong>sustineat</strong></span> 
     </span>
    </p>
   </div>
   <div class='ocr_carea' id='block_1_16' title="bbox 763 1624 2352 1697">
    <p class='ocr_par' dir='ltr' id='par_1_16' title="bbox 763 1624 2352 1697">
     <span class='ocr_line' id='line_1_16' title="bbox 763 1624 2352 1697; baseline -0.004 -11"><span class='ocrx_word' id='word_1_111' title='bbox 763 1629 960 1686; x_wconf 58' lang='lat' dir='ltr'><strong>caelum</strong></span> <span class='ocrx_word' id='word_1_112' title='bbox 1007 1639 1058 1684; x_wconf 87' lang='lat' dir='ltr'><strong>et</strong></span> <span class='ocrx_word' id='word_1_113' title='bbox 1092 1640 1232 1683; x_wconf 87' lang='lat' dir='ltr'><strong>terra</strong></span> <span class='ocrx_word' id='word_1_114' title='bbox 1280 1626 1459 1696; x_wconf 90' lang='lat' dir='ltr'><strong>perﬁci</strong></span> <span class='ocrx_word' id='word_1_115' title='bbox 1507 1642 1626 1697; x_wconf 64' lang='lat' dir='ltr'><strong>quae</strong></span> <span class='ocrx_word' id='word_1_116' title='bbox 1678 1625 1905 1681; x_wconf 67' lang='lat' dir='ltr'><strong>aemulus</strong></span> <span class='ocrx_word' id='word_1_117' title='bbox 1932 1626 2140 1680; x_wconf 85' lang='lat' dir='ltr'><strong>statuit.</strong></span> <span class='ocrx_word' id='word_1_118' title='bbox 2175 1624 2287 1679; x_wconf 90' lang='lat' dir='ltr'><strong>Hoc</strong></span> <span class='ocrx_word' id='word_1_119' title='bbox 2308 1624 2352 1679; x_wconf 89' lang='lat' dir='ltr'><strong>si</strong></span> 
     </span>
    </p>
   </div>
   <div class='ocr_carea' id='block_1_17' title="bbox 767 1718 2354 1794">
    <p class='ocr_par' dir='ltr' id='par_1_17' title="bbox 767 1718 2354 1794">
     <span class='ocr_line' id='line_1_17' title="bbox 767 1718 2354 1794; baseline -0.003 -16"><span class='ocrx_word' id='word_1_120' title='bbox 767 1726 999 1794; x_wconf 85' lang='lat' dir='ltr'><strong>patietur</strong></span> <span class='ocrx_word' id='word_1_121' title='bbox 1024 1720 1267 1787; x_wconf 91' lang='lat' dir='ltr'><strong>Creator,</strong></span> <span class='ocrx_word' id='word_1_122' title='bbox 1301 1721 1500 1776; x_wconf 84' lang='lat' dir='ltr'><strong>zelotes</strong></span> <span class='ocrx_word' id='word_1_123' title='bbox 1534 1721 1675 1776; x_wconf 88' lang='lat' dir='ltr'><strong>Deus</strong></span> <span class='ocrx_word' id='word_1_124' title='bbox 1706 1734 1810 1774; x_wconf 92' lang='lat' dir='ltr'><strong>non</strong></span> <span class='ocrx_word' id='word_1_125' title='bbox 1840 1727 1941 1774; x_wconf 91' lang='lat' dir='ltr'><strong>est.</strong></span> <span class='ocrx_word' id='word_1_126' title='bbox 1974 1718 2354 1788; x_wconf 85' lang='lat' dir='ltr'><strong>Transeatage</strong></span> 
     </span>
    </p>
   </div>
   <div class='ocr_carea' id='block_1_18' title="bbox 765 1811 2355 1881">
    <p class='ocr_par' dir='ltr' id='par_1_18' title="bbox 765 1811 2355 1881">
     <span class='ocr_line' id='line_1_18' title="bbox 765 1811 2355 1881; baseline -0.006 -8"><span class='ocrx_word' id='word_1_127' title='bbox 765 1833 906 1873; x_wconf 91' lang='lat' dir='ltr'><strong>nunc</strong></span> <span class='ocrx_word' id='word_1_128' title='bbox 937 1827 1079 1873; x_wconf 88' lang='lat' dir='ltr'><strong>terra</strong></span> <span class='ocrx_word' id='word_1_129' title='bbox 1109 1826 1158 1871; x_wconf 91' lang='lat' dir='ltr'><strong>et</strong></span> <span class='ocrx_word' id='word_1_130' title='bbox 1191 1815 1409 1881; x_wconf 69' lang='lat' dir='ltr'><strong>malum,</strong></span> <span class='ocrx_word' id='word_1_131' title='bbox 1440 1814 1519 1869; x_wconf 88' lang='lat' dir='ltr'><strong>sic</strong></span> <span class='ocrx_word' id='word_1_132' title='bbox 1565 1813 1707 1869; x_wconf 91' lang='lat' dir='ltr'><strong>enim</strong></span> <span class='ocrx_word' id='word_1_133' title='bbox 1733 1811 1991 1866; x_wconf 87' lang='lat' dir='ltr'><strong>Dominus</strong></span> <span class='ocrx_word' id='word_1_134' title='bbox 2017 1826 2204 1867; x_wconf 88' lang='lat' dir='ltr'><strong>eorum</strong></span> <span class='ocrx_word' id='word_1_135' title='bbox 2230 1811 2355 1864; x_wconf 86' lang='lat' dir='ltr'><strong>des-</strong></span> 
     </span>
    </p>
   </div>
   <div class='ocr_carea' id='block_1_19' title="bbox 3075 607 3450 666">
    <p class='ocr_par' dir='ltr' id='par_1_19' title="bbox 3075 607 3450 666">
     <span class='ocr_line' id='line_1_19' title="bbox 3075 607 3450 666; baseline 0.003 -3"><span class='ocrx_word' id='word_1_136' title='bbox 3075 607 3303 666; x_wconf 77' lang='lat' dir='ltr'><strong>CAPUT</strong></span> <span class='ocrx_word' id='word_1_137' title='bbox 3335 609 3450 666; x_wconf 88' lang='lat' dir='ltr'><strong>XL.</strong></span> 
     </span>
    </p>
   </div>
   <div class='ocr_carea' id='block_1_20' title="bbox 2529 694 4054 774">
    <p class='ocr_par' dir='ltr' id='par_1_20' title="bbox 2529 694 4054 774">
     <span class='ocr_line' id='line_1_20' title="bbox 2529 694 4054 774; baseline 0.006 -24"><span class='ocrx_word' id='word_1_138' title='bbox 2529 694 2762 752; x_wconf 84' lang='lat' dir='ltr'><strong>Proinde</strong></span> <span class='ocrx_word' id='word_1_139' title='bbox 2789 697 2942 766; x_wconf 88' lang='lat' dir='ltr'><strong>(Luc.</strong></span> <span class='ocrx_word' id='word_1_140' title='bbox 2988 699 3158 770; x_wconf 88' lang='lat' dir='ltr'><strong>XXII)</strong></span> <span class='ocrx_word' id='word_1_141' title='bbox 3191 701 3364 757; x_wconf 88' lang='lat' dir='ltr'><strong>scitet</strong></span> <span class='ocrx_word' id='word_1_142' title='bbox 3391 702 3609 774; x_wconf 82' lang='lat' dir='ltr'><strong>quando</strong></span> <span class='ocrx_word' id='word_1_143' title='bbox 3639 704 3745 774; x_wconf 91' lang='lat' dir='ltr'><strong>pati</strong></span> <span class='ocrx_word' id='word_1_144' title='bbox 3778 712 4054 774; x_wconf 87' lang='lat' dir='ltr'><strong>oporteret</strong></span> 
     </span>
    </p>
   </div>
   <div class='ocr_carea' id='block_1_21' title="bbox 2457 790 4058 865">
    <p class='ocr_par' dir='ltr' id='par_1_21' title="bbox 2457 790 4058 865">
     <span class='ocr_line' id='line_1_21' title="bbox 2457 790 4058 865; baseline 0.005 -23"><span class='ocrx_word' id='word_1_145' title='bbox 2457 802 2620 852; x_wconf 90' lang='lat' dir='ltr'><strong>eum,</strong></span> <span class='ocrx_word' id='word_1_146' title='bbox 2666 790 2818 860; x_wconf 89' lang='lat' dir='ltr'><strong>cujus</strong></span> <span class='ocrx_word' id='word_1_147' title='bbox 2871 793 3180 861; x_wconf 79' lang='lat' dir='ltr'><strong>passionem</strong></span> <span class='ocrx_word' id='word_1_148' title='bbox 3225 793 3310 848; x_wconf 87' lang='lat' dir='ltr'><strong>ch</strong></span> <span class='ocrx_word' id='word_1_149' title='bbox 3359 794 3571 864; x_wconf 90' lang='lat' dir='ltr'><strong>ﬁgurat.</strong></span> <span class='ocrx_word' id='word_1_150' title='bbox 3618 793 3808 849; x_wconf 83' lang='lat' dir='ltr'><strong>Name</strong></span> <span class='ocrx_word' id='word_1_151' title='bbox 3837 794 3923 865; x_wconf 69' lang='grc' dir='ltr'>(ι)</span> <span class='ocrx_word' id='word_1_152' title='bbox 3975 803 4058 850; x_wconf 87' lang='lat' dir='ltr'><strong>tot</strong></span> 
     </span>
    </p>
   </div>
   <div class='ocr_carea' id='block_1_22' title="bbox 2459 881 4059 959">
    <p class='ocr_par' dir='ltr' id='par_1_22' title="bbox 2459 881 4059 959">
     <span class='ocr_line' id='line_1_22' title="bbox 2459 881 4059 959; baseline 0.005 -24"><span class='ocrx_word' id='word_1_153' title='bbox 2459 881 2607 936; x_wconf 79' lang='lat' dir='ltr'><strong>festis</strong></span> <span class='ocrx_word' id='word_1_154' title='bbox 2634 881 2939 939; x_wconf 70' lang='lat' dir='ltr'><strong>Iudaeorum</strong></span> <span class='ocrx_word' id='word_1_155' title='bbox 2970 884 3186 941; x_wconf 77' lang='lat' dir='ltr'><strong>Pascha:</strong></span> <span class='ocrx_word' id='word_1_156' title='bbox 3211 887 3342 940; x_wconf 87' lang='lat' dir='ltr'><strong>diem</strong></span> <span class='ocrx_word' id='word_1_157' title='bbox 3371 888 3531 959; x_wconf 88' lang='lat' dir='ltr'><strong>elegit</strong></span> <span class='ocrx_word' id='word_1_158' title='bbox 3560 887 3662 959; x_wconf 79' lang='lat'><strong>(5).</strong></span> <span class='ocrx_word' id='word_1_159' title='bbox 3696 885 3752 941; x_wconf 92' lang='lat' dir='ltr'><strong>In</strong></span> <span class='ocrx_word' id='word_1_160' title='bbox 3782 887 3885 943; x_wconf 90' lang='lat' dir='ltr'><strong>hoc</strong></span> <span class='ocrx_word' id='word_1_161' title='bbox 3913 888 4059 943; x_wconf 89' lang='lat' dir='ltr'><strong>enim</strong></span> 
     </span>
    </p>
   </div>
   <div class='ocr_carea' id='block_1_23' title="bbox 2459 977 4054 1050">
    <p class='ocr_par' dir='ltr' id='par_1_23' title="bbox 2459 977 4054 1050">
     <span class='ocr_line' id='line_1_23' title="bbox 2459 977 4054 1050; baseline 0.006 -24"><span class='ocrx_word' id='word_1_162' title='bbox 2459 983 2851 1030; x_wconf 76' lang='lat' dir='ltr'><strong>sacramentum</strong></span> <span class='ocrx_word' id='word_1_163' title='bbox 2901 977 3275 1044; x_wconf 89' lang='lat' dir='ltr'><strong>pronuntiarat</strong></span> <span class='ocrx_word' id='word_1_164' title='bbox 3329 979 3543 1050; x_wconf 82' lang='lat' dir='ltr'><strong>Moyses</strong></span> <span class='ocrx_word' id='word_1_165' title='bbox 3587 979 3769 1050; x_wconf 73' lang='lat' dir='ltr'><strong>(Leuit.</strong></span> <span class='ocrx_word' id='word_1_166' title='bbox 3813 979 4054 1049; x_wconf 84' lang='lat' dir='ltr'><strong>XXIII):</strong></span> 
     </span>
    </p>
   </div>
   <div class='ocr_carea' id='block_1_24' title="bbox 2463 1063 4046 1129">
    <p class='ocr_par' dir='ltr' id='par_1_24' title="bbox 2463 1063 4046 1129">
     <span class='ocr_line' id='line_1_24' title="bbox 2463 1063 4046 1129; baseline 0.007 -12"><span class='ocrx_word' id='word_1_167' title='bbox 2463 1063 2670 1120; x_wconf 77' lang='lat' dir='ltr'><strong>Pascha</strong></span> <span class='ocrx_word' id='word_1_168' title='bbox 2693 1077 2766 1122; x_wconf 89' lang='lat' dir='ltr'><strong>est</strong></span> <span class='ocrx_word' id='word_1_169' title='bbox 2791 1067 3021 1125; x_wconf 86' lang='lat' dir='ltr'><strong>Domini.</strong></span> <span class='ocrx_word' id='word_1_170' title='bbox 3053 1070 3178 1126; x_wconf 92' lang='lat' dir='ltr'><strong>Ideo</strong></span> <span class='ocrx_word' id='word_1_171' title='bbox 3207 1081 3261 1126; x_wconf 92' lang='lat' dir='ltr'><strong>et</strong></span> <span class='ocrx_word' id='word_1_172' title='bbox 3289 1071 3536 1128; x_wconf 78' lang='lat' dir='ltr'><strong>allectum</strong></span> <span class='ocrx_word' id='word_1_173' title='bbox 3564 1089 3715 1128; x_wconf 91' lang='lat' dir='ltr'><strong>suum</strong></span> <span class='ocrx_word' id='word_1_174' title='bbox 3761 1074 4004 1129; x_wconf 87' lang='lat' dir='ltr'><strong>ostendit</strong></span> <span class='ocrx_word' id='word_1_175' title='bbox 4032 1091 4046 1128; x_wconf 92' lang='lat'>:</span> 
     </span>
    </p>
   </div>
   <div class='ocr_carea' id='block_1_25' title="bbox 2461 1158 4056 1234">
    <p class='ocr_par' dir='ltr' id='par_1_25' title="bbox 2461 1158 4056 1234">
     <span class='ocr_line' id='line_1_25' title="bbox 2461 1158 4056 1234; baseline 0.005 -22"><span class='ocrx_word' id='word_1_176' title='bbox 2461 1158 2880 1229; x_wconf 80' lang='lat' dir='ltr'><strong>Concupiscentia</strong></span> <span class='ocrx_word' id='word_1_177' title='bbox 2923 1163 3191 1234; x_wconf 84' lang='lat' dir='ltr'><strong>concupiui</strong></span> <span class='ocrx_word' id='word_1_178' title='bbox 3224 1163 3423 1219; x_wconf 85' lang='lat' dir='ltr'><strong>Pascha</strong></span> <span class='ocrx_word' id='word_1_179' title='bbox 3451 1167 3597 1220; x_wconf 90' lang='lat' dir='ltr'><strong>edere</strong></span> <span class='ocrx_word' id='word_1_180' title='bbox 3622 1165 3878 1220; x_wconf 74' lang='lat' dir='ltr'><strong>vobiscum</strong></span> <span class='ocrx_word' id='word_1_181' title='bbox 3907 1175 4056 1220; x_wconf 87' lang='lat' dir='ltr'><strong>ante-</strong></span> 
     </span>
    </p>
   </div>
   <div class='ocr_carea' id='block_1_26' title="bbox 2459 1254 4062 1330">
    <p class='ocr_par' dir='ltr' id='par_1_26' title="bbox 2459 1254 4062 1330">
     <span class='ocr_line' id='line_1_26' title="bbox 2459 1254 4062 1330; baseline 0.007 -27"><span class='ocrx_word' id='word_1_182' title='bbox 2459 1267 2615 1320; x_wconf 87' lang='lat' dir='ltr'><strong>quam</strong></span> <span class='ocrx_word' id='word_1_183' title='bbox 2661 1255 2848 1324; x_wconf 86' lang='lat' dir='ltr'><strong>patiar.</strong></span> <span class='ocrx_word' id='word_1_184' title='bbox 2896 1254 3093 1326; x_wconf 90' lang='lat' dir='ltr'><strong>Olegis</strong></span> <span class='ocrx_word' id='word_1_185' title='bbox 3120 1256 3541 1324; x_wconf 89' lang='lat' dir='ltr'><strong>destructorem,</strong></span> <span class='ocrx_word' id='word_1_186' title='bbox 3589 1260 3679 1330; x_wconf 91' lang='lat' dir='ltr'><strong>qui</strong></span> <span class='ocrx_word' id='word_1_187' title='bbox 3707 1261 4062 1329; x_wconf 81' lang='lat' dir='ltr'><strong>concupierat</strong></span> 
     </span>
    </p>
   </div>
   <div class='ocr_carea' id='block_1_27' title="bbox 2459 1345 4060 1420">
    <p class='ocr_par' dir='ltr' id='par_1_27' title="bbox 2459 1345 4060 1420">
     <span class='ocr_line' id='line_1_27' title="bbox 2459 1345 4060 1420; baseline 0.004 -20"><span class='ocrx_word' id='word_1_188' title='bbox 2459 1345 2619 1400; x_wconf 88' lang='lat' dir='ltr'><strong>etiam</strong></span> <span class='ocrx_word' id='word_1_189' title='bbox 2669 1347 2876 1402; x_wconf 84' lang='lat' dir='ltr'><strong>Pascha</strong></span> <span class='ocrx_word' id='word_1_190' title='bbox 2907 1351 3158 1404; x_wconf 86' lang='lat' dir='ltr'><strong>servare!</strong></span> <span class='ocrx_word' id='word_1_191' title='bbox 3193 1349 3450 1406; x_wconf 85' lang='lat' dir='ltr'><strong>Nimirum</strong></span> <span class='ocrx_word' id='word_1_192' title='bbox 3485 1353 3766 1408; x_wconf 80' lang='lat' dir='ltr'><strong>vervecina</strong></span> <span class='ocrx_word' id='word_1_193' title='bbox 3797 1353 3949 1407; x_wconf 93' lang='lat' dir='ltr'><strong>illum</strong></span> <span class='ocrx_word' id='word_1_194' title='bbox 3975 1353 4060 1420; x_wconf 82' lang='lat' dir='ltr'><strong>ju-</strong></span> 
     </span>
    </p>
   </div>
   <div class='ocr_carea' id='block_1_28' title="bbox 2459 1437 4053 1518">
    <p class='ocr_par' dir='ltr' id='par_1_28' title="bbox 2459 1437 4053 1518">
     <span class='ocr_line' id='line_1_28' title="bbox 2459 1437 4053 1518; baseline 0.004 -24"><span class='ocrx_word' id='word_1_195' title='bbox 2459 1437 2612 1494; x_wconf 90' lang='lat' dir='ltr'><strong>daica</strong></span> <span class='ocrx_word' id='word_1_196' title='bbox 2633 1439 2968 1496; x_wconf 84' lang='lat' dir='ltr'><strong>delectaret?</strong></span> <span class='ocrx_word' id='word_1_197' title='bbox 2995 1445 3075 1497; x_wconf 82' lang='lat' dir='ltr'><strong>An</strong></span> <span class='ocrx_word' id='word_1_198' title='bbox 3098 1444 3212 1514; x_wconf 90' lang='lat' dir='ltr'><strong>ipse</strong></span> <span class='ocrx_word' id='word_1_199' title='bbox 3244 1455 3378 1511; x_wconf 88' lang='lat' dir='ltr'><strong>erat,</strong></span> <span class='ocrx_word' id='word_1_200' title='bbox 3399 1447 3488 1517; x_wconf 91' lang='lat' dir='ltr'><strong>qui</strong></span> <span class='ocrx_word' id='word_1_201' title='bbox 3519 1445 3620 1518; x_wconf 90' lang='lat' dir='ltr'><strong>(Is.</strong></span> <span class='ocrx_word' id='word_1_202' title='bbox 3646 1445 3777 1518; x_wconf 93' lang='lat' dir='ltr'><strong>Llll)</strong></span> <span class='ocrx_word' id='word_1_203' title='bbox 3806 1458 4053 1516; x_wconf 86' lang='lat' dir='ltr'><strong>tanquam</strong></span> 
     </span>
    </p>
   </div>
   <div class='ocr_carea' id='block_1_29' title="bbox 2460 1531 4058 1609">
    <p class='ocr_par' dir='ltr' id='par_1_29' title="bbox 2460 1531 4058 1609">
     <span class='ocr_line' id='line_1_29' title="bbox 2460 1531 4058 1609; baseline 0.005 -25"><span class='ocrx_word' id='word_1_204' title='bbox 2460 1531 2566 1584; x_wconf 82' lang='lat' dir='ltr'><strong>ovis</strong></span> <span class='ocrx_word' id='word_1_205' title='bbox 2595 1531 2664 1584; x_wconf 91' lang='lat' dir='ltr'><strong>ad</strong></span> <span class='ocrx_word' id='word_1_206' title='bbox 2705 1533 2962 1587; x_wconf 85' lang='lat' dir='ltr'><strong>victimam</strong></span> <span class='ocrx_word' id='word_1_207' title='bbox 2991 1535 3182 1589; x_wconf 84' lang='lat' dir='ltr'><strong>adduci</strong></span> <span class='ocrx_word' id='word_1_208' title='bbox 3213 1536 3415 1592; x_wconf 87' lang='lat' dir='ltr'><strong>habens</strong></span> <span class='ocrx_word' id='word_1_209' title='bbox 3436 1580 3451 1605; x_wconf 90' lang='lat'><strong>,</strong></span> <span class='ocrx_word' id='word_1_210' title='bbox 3479 1549 3533 1594; x_wconf 88' lang='lat' dir='ltr'><strong>et</strong></span> <span class='ocrx_word' id='word_1_211' title='bbox 3561 1549 3800 1609; x_wconf 85' lang='lat' dir='ltr'><strong>tanquam</strong></span> <span class='ocrx_word' id='word_1_212' title='bbox 3832 1540 3942 1593; x_wconf 82' lang='lat' dir='ltr'><strong>ovis</strong></span> <span class='ocrx_word' id='word_1_213' title='bbox 3975 1555 4058 1592; x_wconf 87' lang='lat' dir='ltr'><strong>co-</strong></span> 
     </span>
    </p>
   </div>
   <div class='ocr_carea' id='block_1_30' title="bbox 2459 1624 4062 1702">
    <p class='ocr_par' dir='ltr' id='par_1_30' title="bbox 2459 1624 4062 1702">
     <span class='ocr_line' id='line_1_30' title="bbox 2459 1624 4062 1702; baseline 0.007 -28"><span class='ocrx_word' id='word_1_214' title='bbox 2459 1637 2570 1675; x_wconf 91' lang='lat' dir='ltr'><strong>ram</strong></span> <span class='ocrx_word' id='word_1_215' title='bbox 2597 1624 2832 1678; x_wconf 78' lang='lat' dir='ltr'><strong>tondente</strong></span> <span class='ocrx_word' id='word_1_216' title='bbox 2855 1626 2928 1680; x_wconf 91' lang='lat' dir='ltr'><strong>sic</strong></span> <span class='ocrx_word' id='word_1_217' title='bbox 2971 1642 3028 1680; x_wconf 90' lang='lat' dir='ltr'><strong>os</strong></span> <span class='ocrx_word' id='word_1_218' title='bbox 3053 1643 3156 1681; x_wconf 89' lang='lat' dir='ltr'><strong>non</strong></span> <span class='ocrx_word' id='word_1_219' title='bbox 3175 1639 3483 1698; x_wconf 86' lang='lat' dir='ltr'><strong>operturus,</strong></span> <span class='ocrx_word' id='word_1_220' title='bbox 3527 1630 3752 1699; x_wconf 87' lang='lat' dir='ltr'><strong>ﬁguram</strong></span> <span class='ocrx_word' id='word_1_221' title='bbox 3780 1631 4062 1702; x_wconf 82' lang='lat' dir='ltr'><strong>sanguinis</strong></span> 
     </span>
    </p>
   </div>
   <div class='ocr_carea' id='block_1_31' title="bbox 2461 1715 4064 1792">
    <p class='ocr_par' dir='ltr' id='par_1_31' title="bbox 2461 1715 4064 1792">
     <span class='ocr_line' id='line_1_31' title="bbox 2461 1715 4064 1792; baseline 0.009 -25"><span class='ocrx_word' id='word_1_222' title='bbox 2461 1715 2546 1768; x_wconf 86' lang='lat' dir='ltr'><strong>sui</strong></span> <span class='ocrx_word' id='word_1_223' title='bbox 2595 1715 2847 1771; x_wconf 89' lang='lat' dir='ltr'><strong>salutaris</strong></span> <span class='ocrx_word' id='word_1_224' title='bbox 2894 1719 3118 1789; x_wconf 89' lang='lat' dir='ltr'><strong>implere</strong></span> <span class='ocrx_word' id='word_1_225' title='bbox 3171 1723 3628 1792; x_wconf 85' lang='lat' dir='ltr'><strong>concupiscebat?</strong></span> <span class='ocrx_word' id='word_1_226' title='bbox 3666 1725 3886 1780; x_wconf 86' lang='lat' dir='ltr'><strong>Poterat</strong></span> <span class='ocrx_word' id='word_1_227' title='bbox 3915 1727 4064 1782; x_wconf 89' lang='lat' dir='ltr'><strong>etab</strong></span> 
     </span>
    </p>
   </div>
   <div class='ocr_carea' id='block_1_32' title="bbox 2462 1811 4065 1887">
    <p class='ocr_par' dir='ltr' id='par_1_32' title="bbox 2462 1811 4065 1887">
     <span class='ocr_line' id='line_1_32' title="bbox 2462 1811 4065 1887; baseline 0.008 -25"><span class='ocrx_word' id='word_1_228' title='bbox 2462 1818 2719 1864; x_wconf 81' lang='lat' dir='ltr'><strong>extraneo</strong></span> <span class='ocrx_word' id='word_1_229' title='bbox 2758 1811 3001 1880; x_wconf 84' lang='lat' dir='ltr'><strong>quolibet</strong></span> <span class='ocrx_word' id='word_1_230' title='bbox 3045 1812 3218 1878; x_wconf 87' lang='lat' dir='ltr'><strong>tradi;</strong></span> <span class='ocrx_word' id='word_1_231' title='bbox 3263 1830 3328 1869; x_wconf 91' lang='lat' dir='ltr'><strong>ne</strong></span> <span class='ocrx_word' id='word_1_232' title='bbox 3369 1815 3603 1871; x_wconf 90' lang='lat' dir='ltr'><strong>dicerem</strong></span> <span class='ocrx_word' id='word_1_233' title='bbox 3657 1815 3736 1887; x_wconf 90' lang='lat'><strong>(6)</strong></span> <span class='ocrx_word' id='word_1_234' title='bbox 3766 1828 3821 1873; x_wconf 93' lang='lat' dir='ltr'><strong>et</strong></span> <span class='ocrx_word' id='word_1_235' title='bbox 3861 1818 3914 1872; x_wconf 93' lang='lat' dir='ltr'><strong>in</strong></span> <span class='ocrx_word' id='word_1_236' title='bbox 3961 1818 4065 1874; x_wconf 88' lang='lat' dir='ltr'><strong>hoc</strong></span> 
     </span>
    </p>
   </div>
   <div class='ocr_carea' id='block_1_33' title="bbox 765 1899 4060 1981">
    <p class='ocr_par' dir='ltr' id='par_1_33' title="bbox 765 1899 4060 1981">
     <span class='ocr_line' id='line_1_33' title="bbox 765 1899 4060 1981; baseline -0 -16"><span class='ocrx_word' id='word_1_237' title='bbox 765 1911 972 1973; x_wconf 76' lang='lat' dir='ltr'><strong>tinavit,</strong></span> <span class='ocrx_word' id='word_1_238' title='bbox 1003 1909 1128 1964; x_wconf 90' lang='lat' dir='ltr'><strong>dum</strong></span> <span class='ocrx_word' id='word_1_239' title='bbox 1184 1906 1401 1960; x_wconf 77' lang='lat' dir='ltr'><strong>Verbum</strong></span> <span class='ocrx_word' id='word_1_240' title='bbox 1445 1907 1553 1976; x_wconf 90' lang='lat' dir='ltr'><strong>ejus</strong></span> <span class='ocrx_word' id='word_1_241' title='bbox 1583 1914 1747 1959; x_wconf 87' lang='lat' dir='ltr'><strong>manet</strong></span> <span class='ocrx_word' id='word_1_242' title='bbox 1791 1905 1843 1958; x_wconf 87' lang='lat' dir='ltr'><strong>in</strong></span> <span class='ocrx_word' id='word_1_243' title='bbox 1869 1921 2032 1958; x_wconf 72' lang='lat' dir='ltr'><strong>(vuum</strong></span> <span class='ocrx_word' id='word_1_244' title='bbox 2061 1921 2074 1956; x_wconf 92' lang='lat'>:</span> <span class='ocrx_word' id='word_1_245' title='bbox 2101 1904 2181 1957; x_wconf 90' lang='lat' dir='ltr'><strong>sic</strong></span> <span class='ocrx_word' id='word_1_246' title='bbox 2205 1902 2346 1957; x_wconf 89' lang='lat' dir='ltr'><strong>enim</strong></span> <span class='ocrx_word' id='word_1_247' title='bbox 2377 1903 2429 1966; x_wconf 84' lang='grc' dir='ltr'>Β</span> <span class='ocrx_word' id='word_1_248' title='bbox 2458 1899 2723 1955; x_wconf 87' lang='lat' dir='ltr'><strong>Psalmum</strong></span> <span class='ocrx_word' id='word_1_249' title='bbox 2757 1900 2876 1972; x_wconf 87' lang='lat' dir='ltr'><strong>(Ps.</strong></span> <span class='ocrx_word' id='word_1_250' title='bbox 2905 1902 3020 1970; x_wconf 87' lang='lat' dir='ltr'><strong>XL,</strong></span> <span class='ocrx_word' id='word_1_251' title='bbox 3053 1904 3142 1973; x_wconf 87' lang='lat' dir='ltr'><strong>IO)</strong></span> <span class='ocrx_word' id='word_1_252' title='bbox 3170 1916 3496 1976; x_wconf 80' lang='lat' dir='ltr'><strong>expunctum</strong></span> <span class='ocrx_word' id='word_1_253' title='bbox 3543 1927 3556 1961; x_wconf 88' lang='lat'>:</span> <span class='ocrx_word' id='word_1_254' title='bbox 3593 1909 3693 1974; x_wconf 86' lang='lat' dir='ltr'><strong>Qui</strong></span> <span class='ocrx_word' id='word_1_255' title='bbox 3718 1927 3915 1964; x_wconf 84' lang='lat' dir='ltr'><strong>mecum</strong></span> <span class='ocrx_word' id='word_1_256' title='bbox 3965 1929 4060 1981; x_wconf 85' lang='lat' dir='ltr'><strong>pa-</strong></span> 
     </span>
    </p>
   </div>
   <div class='ocr_carea' id='block_1_34' title="bbox 766 1993 2356 2071">
    <p class='ocr_par' dir='ltr' id='par_1_34' title="bbox 766 1993 2356 2071">
     <span class='ocr_line' id='line_1_34' title="bbox 766 1993 2356 2071; baseline -0.007 -13"><span class='ocrx_word' id='word_1_257' title='bbox 766 2011 822 2058; x_wconf 87' lang='lat' dir='ltr'><strong>et</strong></span> <span class='ocrx_word' id='word_1_258' title='bbox 846 2001 1031 2057; x_wconf 83' lang='lat' dir='ltr'><strong>Esaias</strong></span> <span class='ocrx_word' id='word_1_259' title='bbox 1060 1999 1437 2071; x_wconf 67' lang='lat' dir='ltr'><strong>prmnuntiavit</strong></span> <span class='ocrx_word' id='word_1_260' title='bbox 1464 1996 1564 2068; x_wconf 93' lang='lat' dir='ltr'><strong>(Is.</strong></span> <span class='ocrx_word' id='word_1_261' title='bbox 1607 1996 1718 2062; x_wconf 88' lang='lat' dir='ltr'><strong>XL,</strong></span> <span class='ocrx_word' id='word_1_262' title='bbox 1751 1996 1832 2063; x_wconf 89' lang='lat'><strong>8).</strong></span> <span class='ocrx_word' id='word_1_263' title='bbox 1883 1993 2282 2049; x_wconf 79' lang='lat' dir='ltr'><strong>Admoueantur</strong></span> <span class='ocrx_word' id='word_1_264' title='bbox 2301 2002 2356 2048; x_wconf 91' lang='lat' dir='ltr'><strong>et</strong></span> 
     </span>
    </p>
   </div>
   <div class='ocr_carea' id='block_1_35' title="bbox 763 2085 2354 2160">
    <p class='ocr_par' dir='ltr' id='par_1_35' title="bbox 763 2085 2354 2160">
     <span class='ocr_line' id='line_1_35' title="bbox 763 2085 2354 2160; baseline -0.005 -13"><span class='ocrx_word' id='word_1_265' title='bbox 763 2091 1006 2160; x_wconf 89' lang='lat' dir='ltr'><strong>discipuli</strong></span> <span class='ocrx_word' id='word_1_266' title='bbox 1033 2133 1046 2152; x_wconf 89' lang='lat'><strong>,</strong></span> <span class='ocrx_word' id='word_1_267' title='bbox 1076 2106 1139 2143; x_wconf 87' lang='lat' dir='ltr'><strong>ne</strong></span> <span class='ocrx_word' id='word_1_268' title='bbox 1169 2090 1372 2160; x_wconf 87' lang='lat' dir='ltr'><strong>quando</strong></span> <span class='ocrx_word' id='word_1_269' title='bbox 1423 2095 1696 2158; x_wconf 84' lang='lat' dir='ltr'><strong>graventur</strong></span> <span class='ocrx_word' id='word_1_270' title='bbox 1740 2086 1895 2140; x_wconf 87' lang='lat' dir='ltr'><strong>corda</strong></span> <span class='ocrx_word' id='word_1_271' title='bbox 1939 2100 2109 2139; x_wconf 89' lang='lat' dir='ltr'><strong>eorum</strong></span> <span class='ocrx_word' id='word_1_272' title='bbox 2138 2085 2354 2153; x_wconf 85' lang='lat' dir='ltr'><strong>crapula</strong></span> 
     </span>
    </p>
   </div>
   <div class='ocr_carea' id='block_1_36' title="bbox 765 2177 2355 2257">
    <p class='ocr_par' dir='ltr' id='par_1_36' title="bbox 765 2177 2355 2257">
     <span class='ocr_line' id='line_1_36' title="bbox 765 2177 2355 2257; baseline -0.006 -18"><span class='ocrx_word' id='word_1_273' title='bbox 765 2196 811 2240; x_wconf 90' lang='lat' dir='ltr'><strong>et</strong></span> <span class='ocrx_word' id='word_1_274' title='bbox 836 2183 913 2257; x_wconf 91' lang='lat' dir='ltr'><strong>(a)</strong></span> <span class='ocrx_word' id='word_1_275' title='bbox 939 2184 1193 2244; x_wconf 85' lang='lat' dir='ltr'><strong>ebrietate,</strong></span> <span class='ocrx_word' id='word_1_276' title='bbox 1221 2191 1267 2235; x_wconf 93' lang='lat' dir='ltr'><strong>et</strong></span> <span class='ocrx_word' id='word_1_277' title='bbox 1295 2181 1624 2237; x_wconf 63' lang='lat' dir='ltr'><strong>saecularibus</strong></span> <span class='ocrx_word' id='word_1_278' title='bbox 1658 2179 1794 2233; x_wconf 85' lang='lat' dir='ltr'><strong>curis</strong></span> <span class='ocrx_word' id='word_1_279' title='bbox 1817 2195 1836 2244; x_wconf 88' lang='lat'><em>;</em></span> <span class='ocrx_word' id='word_1_280' title='bbox 1867 2187 1913 2232; x_wconf 91' lang='lat' dir='ltr'><strong>et</strong></span> <span class='ocrx_word' id='word_1_281' title='bbox 1950 2177 2152 2231; x_wconf 86' lang='lat' dir='ltr'><strong>insistat</strong></span> <span class='ocrx_word' id='word_1_282' title='bbox 2180 2178 2250 2231; x_wconf 90' lang='lat' dir='ltr'><strong>eis</strong></span> <span class='ocrx_word' id='word_1_283' title='bbox 2273 2193 2355 2230; x_wconf 88' lang='lat' dir='ltr'><strong>re-</strong></span> 
     </span>
    </p>
   </div>
   <div class='ocr_carea' id='block_1_37' title="bbox 767 2269 2353 2348">
    <p class='ocr_par' dir='ltr' id='par_1_37' title="bbox 767 2269 2353 2348">
     <span class='ocr_line' id='line_1_37' title="bbox 767 2269 2353 2348; baseline -0.005 -16"><span class='ocrx_word' id='word_1_284' title='bbox 767 2279 999 2348; x_wconf 81' lang='lat' dir='ltr'><strong>pentinus</strong></span> <span class='ocrx_word' id='word_1_285' title='bbox 1025 2275 1130 2330; x_wconf 85' lang='lat' dir='ltr'><strong>dies</strong></span> <span class='ocrx_word' id='word_1_286' title='bbox 1161 2275 1266 2341; x_wconf 90' lang='lat' dir='ltr'><strong>ille,</strong></span> <span class='ocrx_word' id='word_1_287' title='bbox 1311 2273 1443 2328; x_wconf 78' lang='lat' dir='ltr'><strong>velut</strong></span> <span class='ocrx_word' id='word_1_288' title='bbox 1473 2274 1680 2343; x_wconf 82' lang='lat' dir='ltr'><strong>laqueus</strong></span> <span class='ocrx_word' id='word_1_289' title='bbox 1709 2288 1728 2337; x_wconf 86' lang='lat'><strong><em>;</em></strong></span> <span class='ocrx_word' id='word_1_290' title='bbox 1763 2272 1946 2340; x_wconf 90' lang='lat' dir='ltr'><strong>utique</strong></span> <span class='ocrx_word' id='word_1_291' title='bbox 1974 2270 2154 2324; x_wconf 87' lang='lat' dir='ltr'><strong>oblitis</strong></span> <span class='ocrx_word' id='word_1_292' title='bbox 2185 2269 2353 2325; x_wconf 90' lang='lat' dir='ltr'><strong>Deum</strong></span> 
     </span>
    </p>
   </div>
   <div class='ocr_carea' id='block_1_38' title="bbox 765 2362 2358 2442">
    <p class='ocr_par' dir='ltr' id='par_1_38' title="bbox 765 2362 2358 2442">
     <span class='ocr_line' id='line_1_38' title="bbox 765 2362 2358 2442; baseline -0.006 -16"><span class='ocrx_word' id='word_1_293' title='bbox 765 2388 832 2426; x_wconf 86' lang='lat' dir='ltr'><strong>ex</strong></span> <span class='ocrx_word' id='word_1_294' title='bbox 863 2371 1197 2442; x_wconf 90' lang='lat' dir='ltr'><strong>plenitudine</strong></span> <span class='ocrx_word' id='word_1_295' title='bbox 1241 2379 1294 2423; x_wconf 91' lang='lat' dir='ltr'><strong>et</strong></span> <span class='ocrx_word' id='word_1_296' title='bbox 1321 2366 1647 2437; x_wconf 88' lang='lat' dir='ltr'><strong>cogitatione</strong></span> <span class='ocrx_word' id='word_1_297' title='bbox 1689 2364 1911 2429; x_wconf 84' lang='lat' dir='ltr'><strong>mundi;</strong></span> <span class='ocrx_word' id='word_1_298' title='bbox 1943 2363 2112 2434; x_wconf 80' lang='lat' dir='ltr'><strong>Moysi</strong></span> <span class='ocrx_word' id='word_1_299' title='bbox 2138 2364 2241 2417; x_wconf 91' lang='lat' dir='ltr'><strong>erit</strong></span> <span class='ocrx_word' id='word_1_300' title='bbox 2269 2362 2358 2416; x_wconf 90' lang='lat' dir='ltr'><strong>ad-</strong></span> 
     </span>
    </p>
   </div>
   <div class='ocr_carea' id='block_1_39' title="bbox 767 2454 2356 2534">
    <p class='ocr_par' dir='ltr' id='par_1_39' title="bbox 767 2454 2356 2534">
     <span class='ocr_line' id='line_1_39' title="bbox 767 2454 2356 2534; baseline -0.008 -13"><span class='ocrx_word' id='word_1_301' title='bbox 767 2465 991 2521; x_wconf 91' lang='lat' dir='ltr'><strong>monitio</strong></span> <span class='ocrx_word' id='word_1_302' title='bbox 1041 2461 1218 2534; x_wconf 86' lang='lat' dir='ltr'><strong>(Deut.</strong></span> <span class='ocrx_word' id='word_1_303' title='bbox 1271 2458 1508 2522; x_wconf 88' lang='lat' dir='ltr'><strong>XXXII,</strong></span> <span class='ocrx_word' id='word_1_304' title='bbox 1538 2457 1651 2528; x_wconf 83' lang='lat' dir='ltr'><strong>I5).</strong></span> <span class='ocrx_word' id='word_1_305' title='bbox 1685 2457 1832 2511; x_wconf 81' lang='lat' dir='ltr'><strong>Adeo</strong></span> <span class='ocrx_word' id='word_1_306' title='bbox 1881 2455 1926 2510; x_wconf 91' lang='lat' dir='ltr'><strong>is</strong></span> <span class='ocrx_word' id='word_1_307' title='bbox 1952 2454 2356 2510; x_wconf 89' lang='lat' dir='ltr'><strong>liberabitala-</strong></span> 
     </span>
    </p>
   </div>
   <div class='ocr_carea' id='block_1_40' title="bbox 767 2547 2353 2628">
    <p class='ocr_par' dir='ltr' id='par_1_40' title="bbox 767 2547 2353 2628">
     <span class='ocr_line' id='line_1_40' title="bbox 767 2547 2353 2628; baseline -0.006 -15"><span class='ocrx_word' id='word_1_308' title='bbox 767 2571 908 2628; x_wconf 90' lang='lat' dir='ltr'><strong>queo</strong></span> <span class='ocrx_word' id='word_1_309' title='bbox 937 2555 1042 2611; x_wconf 90' lang='lat' dir='ltr'><strong>diei</strong></span> <span class='ocrx_word' id='word_1_310' title='bbox 1073 2553 1239 2618; x_wconf 89' lang='lat' dir='ltr'><strong>illius,</strong></span> <span class='ocrx_word' id='word_1_311' title='bbox 1261 2553 1350 2622; x_wconf 88' lang='lat' dir='ltr'><strong>qui</strong></span> <span class='ocrx_word' id='word_1_312' title='bbox 1375 2549 1510 2606; x_wconf 88' lang='lat' dir='ltr'><strong>hanc</strong></span> <span class='ocrx_word' id='word_1_313' title='bbox 1534 2549 1952 2604; x_wconf 87' lang='lat' dir='ltr'><strong>admonitionem</strong></span> <span class='ocrx_word' id='word_1_314' title='bbox 1983 2557 2126 2603; x_wconf 91' lang='lat' dir='ltr'><strong>retro</strong></span> <span class='ocrx_word' id='word_1_315' title='bbox 2157 2547 2353 2603; x_wconf 92' lang='lat' dir='ltr'><strong>intulit.</strong></span> 
     </span>
    </p>
   </div>
   <div class='ocr_carea' id='block_1_41' title="bbox 770 2641 2352 2715">
    <p class='ocr_par' dir='ltr' id='par_1_41' title="bbox 770 2641 2352 2715">
     <span class='ocr_line' id='line_1_41' title="bbox 770 2641 2352 2715; baseline -0.006 -9"><span class='ocrx_word' id='word_1_316' title='bbox 770 2651 939 2706; x_wconf 88' lang='lat' dir='ltr'><strong>Erant</strong></span> <span class='ocrx_word' id='word_1_317' title='bbox 966 2657 1022 2704; x_wconf 88' lang='lat' dir='ltr'><strong>et</strong></span> <span class='ocrx_word' id='word_1_318' title='bbox 1067 2648 1182 2702; x_wconf 91' lang='lat' dir='ltr'><strong>loca</strong></span> <span class='ocrx_word' id='word_1_319' title='bbox 1236 2645 1341 2700; x_wconf 90' lang='lat' dir='ltr'><strong>alia</strong></span> <span class='ocrx_word' id='word_1_320' title='bbox 1383 2644 1522 2715; x_wconf 86' lang='lat' dir='ltr'><strong>apud</strong></span> <span class='ocrx_word' id='word_1_321' title='bbox 1575 2642 1903 2698; x_wconf 83' lang='lat' dir='ltr'><strong>Hierusalem</strong></span> <span class='ocrx_word' id='word_1_322' title='bbox 1928 2641 1993 2696; x_wconf 90' lang='lat' dir='ltr'><strong>ad</strong></span> <span class='ocrx_word' id='word_1_323' title='bbox 2019 2642 2352 2708; x_wconf 90' lang='lat' dir='ltr'><strong>docendum,</strong></span> 
     </span>
    </p>
   </div>
   <div class='ocr_carea' id='block_1_42' title="bbox 766 2733 2358 2802">
    <p class='ocr_par' dir='ltr' id='par_1_42' title="bbox 766 2733 2358 2802">
     <span class='ocr_line' id='line_1_42' title="bbox 766 2733 2358 2802; baseline -0.004 -6"><span class='ocrx_word' id='word_1_324' title='bbox 766 2749 922 2796; x_wconf 66' lang='lat' dir='ltr'><strong>erant</strong></span> <span class='ocrx_word' id='word_1_325' title='bbox 946 2749 1095 2794; x_wconf 90' lang='lat' dir='ltr'><strong>extra</strong></span> <span class='ocrx_word' id='word_1_326' title='bbox 1128 2736 1462 2792; x_wconf 85' lang='lat' dir='ltr'><strong>Hierusalem</strong></span> <span class='ocrx_word' id='word_1_327' title='bbox 1518 2733 1920 2798; x_wconf 88' lang='lat' dir='ltr'><strong>secedendum;</strong></span> <span class='ocrx_word' id='word_1_328' title='bbox 1975 2733 2220 2789; x_wconf 85' lang='lat' dir='ltr'><strong>sedenitn</strong></span> <span class='ocrx_word' id='word_1_329' title='bbox 2260 2749 2358 2802; x_wconf 89' lang='lat' dir='ltr'><strong>per</strong></span> 
     </span>
    </p>
   </div>
   <div class='ocr_carea' id='block_1_43' title="bbox 769 2823 2359 2900">
    <p class='ocr_par' dir='ltr' id='par_1_43' title="bbox 769 2823 2359 2900">
     <span class='ocr_line' id='line_1_43' title="bbox 769 2823 2359 2900; baseline -0.004 -13"><span class='ocrx_word' id='word_1_330' title='bbox 769 2832 913 2887; x_wconf 91' lang='lat' dir='ltr'><strong>diem</strong></span> <span class='ocrx_word' id='word_1_331' title='bbox 944 2831 996 2886; x_wconf 91' lang='lat' dir='ltr'><strong>in</strong></span> <span class='ocrx_word' id='word_1_332' title='bbox 1020 2830 1222 2900; x_wconf 90' lang='lat' dir='ltr'><strong>templo</strong></span> <span class='ocrx_word' id='word_1_333' title='bbox 1248 2829 1475 2883; x_wconf 87' lang='lat' dir='ltr'><strong>docebat</strong></span> <span class='ocrx_word' id='word_1_334' title='bbox 1499 2868 1516 2894; x_wconf 90' lang='lat'><strong>,</strong></span> <span class='ocrx_word' id='word_1_335' title='bbox 1549 2835 1608 2880; x_wconf 92' lang='lat' dir='ltr'><strong>ut</strong></span> <span class='ocrx_word' id='word_1_336' title='bbox 1638 2825 1726 2895; x_wconf 92' lang='lat' dir='ltr'><strong>qui</strong></span> <span class='ocrx_word' id='word_1_337' title='bbox 1755 2840 1850 2895; x_wconf 88' lang='lat' dir='ltr'><strong>per</strong></span> <span class='ocrx_word' id='word_1_338' title='bbox 1874 2825 2010 2880; x_wconf 89' lang='lat' dir='ltr'><strong>Osee</strong></span> <span class='ocrx_word' id='word_1_339' title='bbox 2035 2823 2359 2895; x_wconf 60' lang='lat' dir='ltr'><strong>praedixerat</strong></span> 
     </span>
    </p>
   </div>
   <div class='ocr_carea' id='block_1_44' title="bbox 774 2917 2359 2998">
    <p class='ocr_par' dir='ltr' id='par_1_44' title="bbox 774 2917 2359 2998">
     <span class='ocr_line' id='line_1_44' title="bbox 774 2917 2359 2998; baseline -0.005 -18"><span class='ocrx_word' id='word_1_340' title='bbox 774 2926 895 2998; x_wconf 86' lang='lat' dir='ltr'><strong>(0s.</strong></span> <span class='ocrx_word' id='word_1_341' title='bbox 921 2923 1041 2979; x_wconf 80' lang='lat' dir='ltr'><strong>XII.</strong></span> <span class='ocrx_word' id='word_1_342' title='bbox 1069 2925 1161 2993; x_wconf 67' lang='lat'><strong>4):</strong></span> <span class='ocrx_word' id='word_1_343' title='bbox 1193 2921 1261 2975; x_wconf 88' lang='lat' dir='ltr'><strong>In</strong></span> <span class='ocrx_word' id='word_1_344' title='bbox 1289 2921 1479 2990; x_wconf 86' lang='lat' dir='ltr'><strong>templo</strong></span> <span class='ocrx_word' id='word_1_345' title='bbox 1521 2935 1632 2974; x_wconf 90' lang='lat' dir='ltr'><strong>meo</strong></span> <span class='ocrx_word' id='word_1_346' title='bbox 1671 2935 1750 2972; x_wconf 86' lang='lat' dir='ltr'><strong>me</strong></span> <span class='ocrx_word' id='word_1_347' title='bbox 1801 2918 2097 2972; x_wconf 87' lang='lat' dir='ltr'><strong>invenerunt</strong></span> <span class='ocrx_word' id='word_1_348' title='bbox 2118 2960 2133 2984; x_wconf 85' lang='lat'><strong>,</strong></span> <span class='ocrx_word' id='word_1_349' title='bbox 2181 2928 2226 2972; x_wconf 90' lang='lat' dir='ltr'><strong>et</strong></span> <span class='ocrx_word' id='word_1_350' title='bbox 2251 2917 2359 2972; x_wconf 83' lang='lat' dir='ltr'><strong>illic</strong></span> 
     </span>
    </p>
   </div>
   <div class='ocr_carea' id='block_1_45' title="bbox 769 3009 2356 3089">
    <p class='ocr_par' dir='ltr' id='par_1_45' title="bbox 769 3009 2356 3089">
     <span class='ocr_line' id='line_1_45' title="bbox 769 3009 2356 3089; baseline -0.006 -16"><span class='ocrx_word' id='word_1_351' title='bbox 769 3018 1080 3089; x_wconf 87' lang='lat' dir='ltr'><strong>disputatum</strong></span> <span class='ocrx_word' id='word_1_352' title='bbox 1110 3023 1182 3068; x_wconf 90' lang='lat' dir='ltr'><strong>est</strong></span> <span class='ocrx_word' id='word_1_353' title='bbox 1219 3012 1286 3067; x_wconf 87' lang='lat' dir='ltr'><strong>ad</strong></span> <span class='ocrx_word' id='word_1_354' title='bbox 1313 3028 1417 3067; x_wconf 87' lang='lat' dir='ltr'><strong>eos.</strong></span> <span class='ocrx_word' id='word_1_355' title='bbox 1447 3009 1526 3064; x_wconf 83' lang='lat' dir='ltr'><strong>Ad</strong></span> <span class='ocrx_word' id='word_1_356' title='bbox 1550 3020 1744 3064; x_wconf 88' lang='lat' dir='ltr'><strong>noctem</strong></span> <span class='ocrx_word' id='word_1_357' title='bbox 1766 3025 1882 3064; x_wconf 82' lang='lat' dir='ltr'><strong>uero</strong></span> <span class='ocrx_word' id='word_1_358' title='bbox 1913 3011 1968 3063; x_wconf 90' lang='lat' dir='ltr'><strong>in</strong></span> <span class='ocrx_word' id='word_1_359' title='bbox 2009 3010 2250 3064; x_wconf 76' lang='lat' dir='ltr'><strong>elteonem</strong></span> <span class='ocrx_word' id='word_1_360' title='bbox 2281 3010 2356 3080; x_wconf 92' lang='lat' dir='ltr'><strong>(b)</strong></span> 
     </span>
    </p>
   </div>
   <div class='ocr_carea' id='block_1_46' title="bbox 768 3103 2356 3173">
    <p class='ocr_par' dir='ltr' id='par_1_46' title="bbox 768 3103 2356 3173">
     <span class='ocr_line' id='line_1_46' title="bbox 768 3103 2356 3173; baseline -0.008 -5"><span class='ocrx_word' id='word_1_361' title='bbox 768 3106 1182 3168; x_wconf 85' lang='lat' dir='ltr'><strong>secedebat:sic</strong></span> <span class='ocrx_word' id='word_1_362' title='bbox 1252 3106 1392 3162; x_wconf 89' lang='lat' dir='ltr'><strong>enim</strong></span> <span class='ocrx_word' id='word_1_363' title='bbox 1440 3103 1728 3160; x_wconf 84' lang='lat' dir='ltr'><strong>Zacharias</strong></span> <span class='ocrx_word' id='word_1_364' title='bbox 1787 3103 2120 3158; x_wconf 87' lang='lat' dir='ltr'><strong>demonstrat</strong></span> <span class='ocrx_word' id='word_1_365' title='bbox 2172 3103 2356 3173; x_wconf 83' lang='lat' dir='ltr'><strong>(Zach.</strong></span> 
     </span>
    </p>
   </div>
   <div class='ocr_carea' id='block_1_47' title="bbox 770 3193 2361 3274">
    <p class='ocr_par' dir='ltr' id='par_1_47' title="bbox 770 3193 2361 3274">
     <span class='ocr_line' id='line_1_47' title="bbox 770 3193 2361 3274; baseline -0.008 -14"><span class='ocrx_word' id='word_1_366' title='bbox 770 3203 912 3261; x_wconf 82' lang='lat' dir='ltr'><strong>XIV.</strong></span> <span class='ocrx_word' id='word_1_367' title='bbox 935 3200 994 3274; x_wconf 68' lang='lat'><strong>4)</strong></span> <span class='ocrx_word' id='word_1_368' title='bbox 1024 3219 1037 3257; x_wconf 89' lang='lat'>:</span> <span class='ocrx_word' id='word_1_369' title='bbox 1071 3199 1350 3255; x_wconf 81' lang='lat' dir='ltr'><strong>Etstabunt</strong></span> <span class='ocrx_word' id='word_1_370' title='bbox 1379 3196 1530 3267; x_wconf 86' lang='lat' dir='ltr'><strong>pedes</strong></span> <span class='ocrx_word' id='word_1_371' title='bbox 1555 3197 1665 3264; x_wconf 86' lang='lat' dir='ltr'><strong>ejus</strong></span> <span class='ocrx_word' id='word_1_372' title='bbox 1685 3195 1738 3248; x_wconf 91' lang='lat' dir='ltr'><strong>in</strong></span> <span class='ocrx_word' id='word_1_373' title='bbox 1762 3205 1928 3247; x_wconf 86' lang='lat' dir='ltr'><strong>monte</strong></span> <span class='ocrx_word' id='word_1_374' title='bbox 1946 3194 2156 3248; x_wconf 73' lang='lat' dir='ltr'><strong>elwone.</strong></span> <span class='ocrx_word' id='word_1_375' title='bbox 2191 3193 2361 3249; x_wconf 86' lang='lat' dir='ltr'><strong>Erant</strong></span> 
     </span>
    </p>
   </div>
   <div class='ocr_carea' id='block_1_48' title="bbox 2458 1992 4053 2072">
    <p class='ocr_par' dir='ltr' id='par_1_48' title="bbox 2458 1992 4053 2072">
     <span class='ocr_line' id='line_1_48' title="bbox 2458 1992 4053 2072; baseline 0.008 -27"><span class='ocrx_word' id='word_1_376' title='bbox 2458 2008 2572 2046; x_wconf 89' lang='lat' dir='ltr'><strong>nem</strong></span> <span class='ocrx_word' id='word_1_377' title='bbox 2598 1992 2731 2060; x_wconf 88' lang='lat' dir='ltr'><strong>edit,</strong></span> <span class='ocrx_word' id='word_1_378' title='bbox 2755 1993 2936 2048; x_wconf 84' lang='lat' dir='ltr'><strong>levabit</strong></span> <span class='ocrx_word' id='word_1_379' title='bbox 2963 1996 3014 2049; x_wconf 90' lang='lat' dir='ltr'><strong>in</strong></span> <span class='ocrx_word' id='word_1_380' title='bbox 3037 2013 3114 2050; x_wconf 91' lang='lat' dir='ltr'><strong>me</strong></span> <span class='ocrx_word' id='word_1_381' title='bbox 3141 1997 3387 2067; x_wconf 87' lang='lat' dir='ltr'><strong>plantam.</strong></span> <span class='ocrx_word' id='word_1_382' title='bbox 3419 2000 3634 2054; x_wconf 80' lang='lat' dir='ltr'><strong>Poterat</strong></span> <span class='ocrx_word' id='word_1_383' title='bbox 3659 2011 3714 2055; x_wconf 93' lang='lat' dir='ltr'><strong>et</strong></span> <span class='ocrx_word' id='word_1_384' title='bbox 3757 2003 3875 2056; x_wconf 90' lang='lat' dir='ltr'><strong>siue</strong></span> <span class='ocrx_word' id='word_1_385' title='bbox 3909 2018 4053 2072; x_wconf 72' lang='lat' dir='ltr'><strong>pra:-</strong></span> 
     </span>
    </p>
   </div>
   <div class='ocr_carea' id='block_1_49' title="bbox 2459 2086 4051 2163">
    <p class='ocr_par' dir='ltr' id='par_1_49' title="bbox 2459 2086 4051 2163">
     <span class='ocr_line' id='line_1_49' title="bbox 2459 2086 4051 2163; baseline 0.006 -23"><span class='ocrx_word' id='word_1_386' title='bbox 2459 2087 2568 2141; x_wconf 92' lang='lat' dir='ltr'><strong>mio</strong></span> <span class='ocrx_word' id='word_1_387' title='bbox 2600 2086 2769 2142; x_wconf 89' lang='lat' dir='ltr'><strong>tradi:</strong></span> <span class='ocrx_word' id='word_1_388' title='bbox 2801 2099 2995 2156; x_wconf 86' lang='lat' dir='ltr'><strong>quanta</strong></span> <span class='ocrx_word' id='word_1_389' title='bbox 3021 2091 3164 2144; x_wconf 93' lang='lat' dir='ltr'><strong>enim</strong></span> <span class='ocrx_word' id='word_1_390' title='bbox 3213 2106 3376 2160; x_wconf 82' lang='lat' dir='ltr'><strong>Opera</strong></span> <span class='ocrx_word' id='word_1_391' title='bbox 3403 2094 3678 2147; x_wconf 84' lang='lat' dir='ltr'><strong>traditoris</strong></span> <span class='ocrx_word' id='word_1_392' title='bbox 3717 2094 3860 2148; x_wconf 83' lang='lat' dir='ltr'><strong>circa</strong></span> <span class='ocrx_word' id='word_1_393' title='bbox 3885 2111 4010 2150; x_wconf 87' lang='lat' dir='ltr'><strong>cum</strong></span> <span class='ocrx_word' id='word_1_394' title='bbox 4035 2137 4051 2163; x_wconf 86' lang='lat'><strong>,</strong></span> 
     </span>
    </p>
   </div>
   <div class='ocr_carea' id='block_1_50' title="bbox 2457 2180 4056 2257">
    <p class='ocr_par' dir='ltr' id='par_1_50' title="bbox 2457 2180 4056 2257">
     <span class='ocr_line' id='line_1_50' title="bbox 2457 2180 4056 2257; baseline 0.005 -23"><span class='ocrx_word' id='word_1_395' title='bbox 2457 2180 2546 2250; x_wconf 89' lang='lat' dir='ltr'><strong>qui</strong></span> <span class='ocrx_word' id='word_1_396' title='bbox 2575 2180 2828 2250; x_wconf 89' lang='lat' dir='ltr'><strong>populum</strong></span> <span class='ocrx_word' id='word_1_397' title='bbox 2859 2195 3040 2236; x_wconf 88' lang='lat' dir='ltr'><strong>coram</strong></span> <span class='ocrx_word' id='word_1_398' title='bbox 3090 2181 3370 2239; x_wconf 84' lang='lat' dir='ltr'><strong>oII&#39;endens</strong></span> <span class='ocrx_word' id='word_1_399' title='bbox 3393 2225 3409 2250; x_wconf 91' lang='lat'><strong>,</strong></span> <span class='ocrx_word' id='word_1_400' title='bbox 3460 2200 3560 2240; x_wconf 91' lang='lat' dir='ltr'><strong>nec</strong></span> <span class='ocrx_word' id='word_1_401' title='bbox 3588 2186 3729 2240; x_wconf 92' lang='lat' dir='ltr'><strong>tradi</strong></span> <span class='ocrx_word' id='word_1_402' title='bbox 3756 2189 3926 2257; x_wconf 76' lang='lat' dir='ltr'><strong>magis</strong></span> <span class='ocrx_word' id='word_1_403' title='bbox 3957 2201 4056 2255; x_wconf 82' lang='lat' dir='ltr'><strong>po-</strong></span> 
     </span>
    </p>
   </div>
   <div class='ocr_carea' id='block_1_51' title="bbox 2460 2274 4050 2347">
    <p class='ocr_par' dir='ltr' id='par_1_51' title="bbox 2460 2274 4050 2347">
     <span class='ocr_line' id='line_1_51' title="bbox 2460 2274 4050 2347; baseline 0.004 -19"><span class='ocrx_word' id='word_1_404' title='bbox 2460 2274 2649 2329; x_wconf 91' lang='lat' dir='ltr'><strong>tuisset</strong></span> <span class='ocrx_word' id='word_1_405' title='bbox 2669 2289 2826 2344; x_wconf 88' lang='lat' dir='ltr'><strong>quam</strong></span> <span class='ocrx_word' id='word_1_406' title='bbox 2848 2275 3056 2329; x_wconf 81' lang='lat' dir='ltr'><strong>invadi?</strong></span> <span class='ocrx_word' id='word_1_407' title='bbox 3080 2275 3186 2331; x_wconf 91' lang='lat' dir='ltr'><strong>Sed</strong></span> <span class='ocrx_word' id='word_1_408' title='bbox 3203 2277 3302 2331; x_wconf 89' lang='lat' dir='ltr'><strong>hoc</strong></span> <span class='ocrx_word' id='word_1_409' title='bbox 3318 2277 3408 2331; x_wconf 89' lang='lat' dir='ltr'><strong>alii</strong></span> <span class='ocrx_word' id='word_1_410' title='bbox 3431 2280 3780 2347; x_wconf 84' lang='lat' dir='ltr'><strong>competisset</strong></span> <span class='ocrx_word' id='word_1_411' title='bbox 3809 2280 4050 2346; x_wconf 81' lang='lat' dir='ltr'><strong>Christo,</strong></span> 
     </span>
    </p>
   </div>
   <div class='ocr_carea' id='block_1_52' title="bbox 2460 2365 4052 2439">
    <p class='ocr_par' dir='ltr' id='par_1_52' title="bbox 2460 2365 4052 2439">
     <span class='ocr_line' id='line_1_52' title="bbox 2460 2365 4052 2439; baseline 0.005 -21"><span class='ocrx_word' id='word_1_412' title='bbox 2460 2381 2565 2418; x_wconf 85' lang='lat' dir='ltr'><strong>non</strong></span> <span class='ocrx_word' id='word_1_413' title='bbox 2592 2365 2679 2434; x_wconf 87' lang='lat' dir='ltr'><strong>qui</strong></span> <span class='ocrx_word' id='word_1_414' title='bbox 2733 2366 3039 2434; x_wconf 89' lang='lat' dir='ltr'><strong>prophetias</strong></span> <span class='ocrx_word' id='word_1_415' title='bbox 3089 2365 3434 2437; x_wconf 84' lang='lat' dir='ltr'><strong>adimplebat.</strong></span> <span class='ocrx_word' id='word_1_416' title='bbox 3468 2369 3736 2439; x_wconf 86' lang='lat' dir='ltr'><strong>Scriptum</strong></span> <span class='ocrx_word' id='word_1_417' title='bbox 3795 2381 3878 2424; x_wconf 88' lang='lat' dir='ltr'><strong>est</strong></span> <span class='ocrx_word' id='word_1_418' title='bbox 3906 2371 4052 2426; x_wconf 86' lang='lat' dir='ltr'><strong>enim</strong></span> 
     </span>
    </p>
   </div>
   <div class='ocr_carea' id='block_1_53' title="bbox 2462 2455 4065 2531">
    <p class='ocr_par' dir='ltr' id='par_1_53' title="bbox 2462 2455 4065 2531">
     <span class='ocr_line' id='line_1_53' title="bbox 2462 2455 4065 2531; baseline 0.004 -21"><span class='ocrx_word' id='word_1_419' title='bbox 2462 2456 2600 2528; x_wconf 80' lang='lat' dir='ltr'><strong>(Am.</strong></span> <span class='ocrx_word' id='word_1_420' title='bbox 2623 2456 2683 2521; x_wconf 92' lang='lat' dir='ltr'><strong>II,</strong></span> <span class='ocrx_word' id='word_1_421' title='bbox 2703 2456 2760 2525; x_wconf 87' lang='grc'>6)</span> <span class='ocrx_word' id='word_1_422' title='bbox 2786 2475 2796 2509; x_wconf 93' lang='lat'>:</span> <span class='ocrx_word' id='word_1_423' title='bbox 2828 2455 2936 2511; x_wconf 89' lang='lat' dir='ltr'><strong>Pro</strong></span> <span class='ocrx_word' id='word_1_424' title='bbox 2963 2473 3019 2510; x_wconf 87' lang='lat' dir='ltr'><strong>eo</strong></span> <span class='ocrx_word' id='word_1_425' title='bbox 3045 2458 3179 2527; x_wconf 88' lang='lat' dir='ltr'><strong>quod</strong></span> <span class='ocrx_word' id='word_1_426' title='bbox 3208 2460 3555 2514; x_wconf 81' lang='lat' dir='ltr'><strong>vcnundedere</strong></span> <span class='ocrx_word' id='word_1_427' title='bbox 3586 2459 3666 2530; x_wconf 83' lang='lat'><strong>(7)</strong></span> <span class='ocrx_word' id='word_1_428' title='bbox 3686 2461 3904 2531; x_wconf 85' lang='lat' dir='ltr'><strong>justum.</strong></span> <span class='ocrx_word' id='word_1_429' title='bbox 3929 2461 4065 2517; x_wconf 83' lang='lat' dir='ltr'><strong>Nam</strong></span> 
     </span>
    </p>
   </div>
   <div class='ocr_carea' id='block_1_54' title="bbox 2459 2551 4065 2624">
    <p class='ocr_par' dir='ltr' id='par_1_54' title="bbox 2459 2551 4065 2624">
     <span class='ocr_line' id='line_1_54' title="bbox 2459 2551 4065 2624; baseline 0.002 -19"><span class='ocrx_word' id='word_1_430' title='bbox 2459 2561 2513 2605; x_wconf 92' lang='lat' dir='ltr'><strong>et</strong></span> <span class='ocrx_word' id='word_1_431' title='bbox 2563 2552 2915 2620; x_wconf 85' lang='lat' dir='ltr'><strong>quantitatem</strong></span> <span class='ocrx_word' id='word_1_432' title='bbox 2965 2561 3017 2604; x_wconf 93' lang='lat' dir='ltr'><strong>et</strong></span> <span class='ocrx_word' id='word_1_433' title='bbox 3070 2551 3271 2604; x_wconf 80' lang='lat' dir='ltr'><strong>exitum</strong></span> <span class='ocrx_word' id='word_1_434' title='bbox 3309 2551 3462 2620; x_wconf 85' lang='lat' dir='ltr'><strong>pretii</strong></span> <span class='ocrx_word' id='word_1_435' title='bbox 3510 2561 3692 2621; x_wconf 90' lang='lat' dir='ltr'><strong>postea</strong></span> <span class='ocrx_word' id='word_1_436' title='bbox 3722 2551 3858 2606; x_wconf 84' lang='lat' dir='ltr'><strong>Juda</strong></span> <span class='ocrx_word' id='word_1_437' title='bbox 3893 2553 4065 2624; x_wconf 67' lang='lat' dir='ltr'><strong>[mlli-</strong></span> 
     </span>
    </p>
   </div>
   <div class='ocr_carea' id='block_1_55' title="bbox 2461 2645 4066 2717">
    <p class='ocr_par' dir='ltr' id='par_1_55' title="bbox 2461 2645 4066 2717">
     <span class='ocr_line' id='line_1_55' title="bbox 2461 2645 4066 2717; baseline 0.002 -17"><span class='ocrx_word' id='word_1_438' title='bbox 2461 2655 2606 2700; x_wconf 84' lang='lat' dir='ltr'><strong>tente</strong></span> <span class='ocrx_word' id='word_1_439' title='bbox 2633 2647 2902 2707; x_wconf 89' lang='lat' dir='ltr'><strong>revocati,</strong></span> <span class='ocrx_word' id='word_1_440' title='bbox 2933 2655 2985 2698; x_wconf 90' lang='lat' dir='ltr'><strong>et</strong></span> <span class='ocrx_word' id='word_1_441' title='bbox 3011 2645 3062 2699; x_wconf 93' lang='lat' dir='ltr'><strong>in</strong></span> <span class='ocrx_word' id='word_1_442' title='bbox 3084 2646 3412 2716; x_wconf 90' lang='lat' dir='ltr'><strong>emptionem</strong></span> <span class='ocrx_word' id='word_1_443' title='bbox 3437 2645 3546 2699; x_wconf 91' lang='lat' dir='ltr'><strong>dati</strong></span> <span class='ocrx_word' id='word_1_444' title='bbox 3576 2648 3686 2717; x_wconf 87' lang='lat' dir='ltr'><strong>agri</strong></span> <span class='ocrx_word' id='word_1_445' title='bbox 3719 2646 3897 2716; x_wconf 90' lang='lat' dir='ltr'><strong>ﬁguli,</strong></span> <span class='ocrx_word' id='word_1_446' title='bbox 3925 2649 4066 2703; x_wconf 90' lang='lat' dir='ltr'><strong>sicut</strong></span> 
     </span>
    </p>
   </div>
   <div class='ocr_carea' id='block_1_56' title="bbox 2461 2737 4063 2808">
    <p class='ocr_par' dir='ltr' id='par_1_56' title="bbox 2461 2737 4063 2808">
     <span class='ocr_line' id='line_1_56' title="bbox 2461 2737 4063 2808; baseline 0.002 -15"><span class='ocrx_word' id='word_1_447' title='bbox 2461 2740 2513 2793; x_wconf 93' lang='lat' dir='ltr'><strong>in</strong></span> <span class='ocrx_word' id='word_1_448' title='bbox 2540 2739 2826 2808; x_wconf 86' lang='lat' dir='ltr'><strong>Evangelio</strong></span> <span class='ocrx_word' id='word_1_449' title='bbox 2847 2737 3079 2792; x_wconf 60' lang='lat' dir='ltr'><strong>Matthxi</strong></span> <span class='ocrx_word' id='word_1_450' title='bbox 3117 2737 3294 2808; x_wconf 83' lang='lat' dir='ltr'><strong>(Matt.</strong></span> <span class='ocrx_word' id='word_1_451' title='bbox 3325 2737 3546 2808; x_wconf 83' lang='lat' dir='ltr'><strong>XXVII)</strong></span> <span class='ocrx_word' id='word_1_452' title='bbox 3578 2742 3906 2808; x_wconf 88' lang='lat' dir='ltr'><strong>continetur,</strong></span> <span class='ocrx_word' id='word_1_453' title='bbox 3938 2742 4063 2797; x_wconf 84' lang='lat' dir='ltr'><strong>Hie-</strong></span> 
     </span>
    </p>
   </div>
   <div class='ocr_carea' id='block_1_57' title="bbox 2462 2827 4058 2900">
    <p class='ocr_par' dir='ltr' id='par_1_57' title="bbox 2462 2827 4058 2900">
     <span class='ocr_line' id='line_1_57' title="bbox 2462 2827 4058 2900; baseline 0.003 -16"><span class='ocrx_word' id='word_1_454' title='bbox 2462 2830 2657 2885; x_wconf 90' lang='lat' dir='ltr'><strong>remias</strong></span> <span class='ocrx_word' id='word_1_455' title='bbox 2689 2830 2901 2900; x_wconf 80' lang='lat' dir='ltr'><strong>(Jerem.</strong></span> <span class='ocrx_word' id='word_1_456' title='bbox 2943 2827 3163 2898; x_wconf 89' lang='lat' dir='ltr'><strong>XXXII)</strong></span> <span class='ocrx_word' id='word_1_457' title='bbox 3199 2831 3452 2898; x_wconf 72' lang='lat' dir='ltr'><strong>prtecanit</strong></span> <span class='ocrx_word' id='word_1_458' title='bbox 3488 2849 3500 2884; x_wconf 94' lang='lat'>:</span> <span class='ocrx_word' id='word_1_459' title='bbox 3548 2830 3611 2883; x_wconf 87' lang='lat' dir='ltr'><strong>Et</strong></span> <span class='ocrx_word' id='word_1_460' title='bbox 3639 2843 3942 2900; x_wconf 83' lang='lat' dir='ltr'><strong>acceperunt</strong></span> <span class='ocrx_word' id='word_1_461' title='bbox 3969 2834 4058 2888; x_wconf 54' lang='lat' dir='ltr'><strong>tri.</strong></span> 
     </span>
    </p>
   </div>
   <div class='ocr_carea' id='block_1_58' title="bbox 2461 2918 4072 2992">
    <p class='ocr_par' dir='ltr' id='par_1_58' title="bbox 2461 2918 4072 2992">
     <span class='ocr_line' id='line_1_58' title="bbox 2461 2918 4072 2992; baseline 0.004 -19"><span class='ocrx_word' id='word_1_462' title='bbox 2461 2922 2604 2992; x_wconf 87' lang='lat' dir='ltr'><strong>ginta</strong></span> <span class='ocrx_word' id='word_1_463' title='bbox 2640 2930 2878 2991; x_wconf 87' lang='lat' dir='ltr'><strong>argentea</strong></span> <span class='ocrx_word' id='word_1_464' title='bbox 2917 2918 2996 2990; x_wconf 83' lang='lat'><strong>(8)</strong></span> <span class='ocrx_word' id='word_1_465' title='bbox 3030 2921 3246 2990; x_wconf 87' lang='lat' dir='ltr'><strong>pretium</strong></span> <span class='ocrx_word' id='word_1_466' title='bbox 3294 2923 3572 2991; x_wconf 88' lang='lat' dir='ltr'><strong>appretiati</strong></span> <span class='ocrx_word' id='word_1_467' title='bbox 3597 2924 3672 2976; x_wconf 86' lang='lat' dir='ltr'><strong>vel</strong></span> <span class='ocrx_word' id='word_1_468' title='bbox 3708 2923 3980 2990; x_wconf 86' lang='lat' dir='ltr'><strong>honorati,</strong></span> <span class='ocrx_word' id='word_1_469' title='bbox 4012 2928 4072 2980; x_wconf 52' lang='lat' dir='ltr'><strong>el&#39;</strong></span> 
     </span>
    </p>
   </div>
   <div class='ocr_carea' id='block_1_59' title="bbox 2462 3013 4065 3090">
    <p class='ocr_par' dir='ltr' id='par_1_59' title="bbox 2462 3013 4065 3090">
     <span class='ocr_line' id='line_1_59' title="bbox 2462 3013 4065 3090; baseline 0.004 -20"><span class='ocrx_word' id='word_1_470' title='bbox 2462 3016 2705 3070; x_wconf 85' lang='lat' dir='ltr'><strong>dederunt</strong></span> <span class='ocrx_word' id='word_1_471' title='bbox 2740 3031 2798 3068; x_wconf 86' lang='lat' dir='ltr'><strong>ea</strong></span> <span class='ocrx_word' id='word_1_472' title='bbox 2838 3013 2917 3084; x_wconf 90' lang='lat'><strong>(9)</strong></span> <span class='ocrx_word' id='word_1_473' title='bbox 2944 3016 2995 3068; x_wconf 88' lang='lat' dir='ltr'><strong>in</strong></span> <span class='ocrx_word' id='word_1_474' title='bbox 3026 3031 3204 3086; x_wconf 85' lang='lat' dir='ltr'><strong>agrum</strong></span> <span class='ocrx_word' id='word_1_475' title='bbox 3249 3015 3415 3086; x_wconf 72' lang='lat' dir='ltr'><strong>ﬁguli.</strong></span> <span class='ocrx_word' id='word_1_476' title='bbox 3454 3016 3732 3073; x_wconf 79' lang='lat' dir='ltr'><strong>ProfeSSuS</strong></span> <span class='ocrx_word' id='word_1_477' title='bbox 3796 3027 3980 3090; x_wconf 84' lang='lat' dir='ltr'><strong>itaque</strong></span> <span class='ocrx_word' id='word_1_478' title='bbox 4006 3035 4065 3077; x_wconf 87' lang='lat' dir='ltr'><strong>se</strong></span> 
     </span>
    </p>
   </div>
   <div class='ocr_carea' id='block_1_60' title="bbox 2462 3109 4065 3180">
    <p class='ocr_par' dir='ltr' id='par_1_60' title="bbox 2462 3109 4065 3180">
     <span class='ocr_line' id='line_1_60' title="bbox 2462 3109 4065 3180; baseline 0.002 -14"><span class='ocrx_word' id='word_1_479' title='bbox 2462 3110 2893 3180; x_wconf 89' lang='lat' dir='ltr'><strong>concupiscentia</strong></span> <span class='ocrx_word' id='word_1_480' title='bbox 2953 3109 3274 3180; x_wconf 89' lang='lat' dir='ltr'><strong>concupisse</strong></span> <span class='ocrx_word' id='word_1_481' title='bbox 3327 3109 3490 3165; x_wconf 88' lang='lat' dir='ltr'><strong>edere</strong></span> <span class='ocrx_word' id='word_1_482' title='bbox 3548 3110 3752 3166; x_wconf 85' lang='lat' dir='ltr'><strong>Pascha</strong></span> <span class='ocrx_word' id='word_1_483' title='bbox 3807 3123 3865 3167; x_wconf 90' lang='lat' dir='ltr'><strong>ut</strong></span> <span class='ocrx_word' id='word_1_484' title='bbox 3907 3129 4065 3170; x_wconf 90' lang='lat' dir='ltr'><strong>suum</strong></span> 
     </span>
    </p>
   </div>
   <div class='ocr_carea' id='block_1_61' title="bbox 2466 3203 4064 3281">
    <p class='ocr_par' dir='ltr' id='par_1_61' title="bbox 2466 3203 4064 3281">
     <span class='ocr_line' id='line_1_61' title="bbox 2466 3203 4064 3281; baseline 0.004 -25"><span class='ocrx_word' id='word_1_485' title='bbox 2466 3204 2761 3276; x_wconf 91' lang='lat' dir='ltr'><strong>[indignum</strong></span> <span class='ocrx_word' id='word_1_486' title='bbox 2790 3204 2934 3258; x_wconf 86' lang='lat' dir='ltr'><strong>enim</strong></span> <span class='ocrx_word' id='word_1_487' title='bbox 2966 3203 3410 3273; x_wconf 87' lang='lat' dir='ltr'><strong>utquidalienum</strong></span> <span class='ocrx_word' id='word_1_488' title='bbox 3429 3207 3832 3276; x_wconf 88' lang='lat' dir='ltr'><strong>concupisceret</strong></span> <span class='ocrx_word' id='word_1_489' title='bbox 3860 3207 4023 3281; x_wconf 92' lang='lat' dir='ltr'><strong>Deus]</strong></span> <span class='ocrx_word' id='word_1_490' title='bbox 4047 3251 4064 3278; x_wconf 91' lang='lat'><strong>,</strong></span> 
     </span>
    </p>
   </div>
   <div class='ocr_carea' id='block_1_62' title="bbox 773 3287 4060 3371">
    <p class='ocr_par' dir='ltr' id='par_1_62' title="bbox 773 3287 4060 3371">
     <span class='ocr_line' id='line_1_62' title="bbox 773 3287 4060 3371; baseline 0.001 -17"><span class='ocrx_word' id='word_1_491' title='bbox 773 3299 922 3354; x_wconf 72' lang='lat' dir='ltr'><strong>hunc</strong></span> <span class='ocrx_word' id='word_1_492' title='bbox 949 3310 1160 3366; x_wconf 89' lang='lat' dir='ltr'><strong>quoque</strong></span> <span class='ocrx_word' id='word_1_493' title='bbox 1211 3291 1478 3348; x_wconf 88' lang='lat' dir='ltr'><strong>auditorio</strong></span> <span class='ocrx_word' id='word_1_494' title='bbox 1525 3296 1895 3359; x_wconf 89' lang='lat' dir='ltr'><strong>competentes</strong></span> <span class='ocrx_word' id='word_1_495' title='bbox 1921 3306 1932 3341; x_wconf 93' lang='lat'>:</span> <span class='ocrx_word' id='word_1_496' title='bbox 1963 3287 2197 3343; x_wconf 89' lang='lat' dir='ltr'><strong>diluculo</strong></span> <span class='ocrx_word' id='word_1_497' title='bbox 2226 3303 2356 3344; x_wconf 90' lang='lat' dir='ltr'><strong>cou—</strong></span> <span class='ocrx_word' id='word_1_498' title='bbox 2382 3293 2427 3358; x_wconf 90' lang='lat' dir='ltr'><strong>C</strong></span> <span class='ocrx_word' id='word_1_499' title='bbox 2461 3304 2736 3365; x_wconf 87' lang='lat' dir='ltr'><strong>acceptum</strong></span> <span class='ocrx_word' id='word_1_500' title='bbox 2769 3309 2959 3363; x_wconf 90' lang='lat' dir='ltr'><strong>panem</strong></span> <span class='ocrx_word' id='word_1_501' title='bbox 2985 3336 2998 3351; x_wconf 94' lang='lat'><strong>.</strong></span> <span class='ocrx_word' id='word_1_502' title='bbox 3045 3304 3096 3349; x_wconf 89' lang='lat' dir='ltr'><strong>et</strong></span> <span class='ocrx_word' id='word_1_503' title='bbox 3124 3294 3468 3349; x_wconf 91' lang='lat' dir='ltr'><strong>distributum</strong></span> <span class='ocrx_word' id='word_1_504' title='bbox 3509 3297 3790 3368; x_wconf 81' lang='lat' dir='ltr'><strong>discipulis</strong></span> <span class='ocrx_word' id='word_1_505' title='bbox 3813 3340 3828 3362; x_wconf 86' lang='lat'><strong>,</strong></span> <span class='ocrx_word' id='word_1_506' title='bbox 3859 3315 4060 3371; x_wconf 88' lang='lat' dir='ltr'><strong>corpus</strong></span> 
     </span>
    </p>
   </div>
   <div class='ocr_carea' id='block_1_63' title="bbox 774 3378 2352 3453">
    <p class='ocr_par' dir='ltr' id='par_1_63' title="bbox 774 3378 2352 3453">
     <span class='ocr_line' id='line_1_63' title="bbox 774 3378 2352 3453; baseline -0.008 -7"><span class='ocrx_word' id='word_1_507' title='bbox 774 3388 1095 3446; x_wconf 87' lang='lat' dir='ltr'><strong>veniendqu</strong></span> <span class='ocrx_word' id='word_1_508' title='bbox 1138 3395 1252 3441; x_wconf 92' lang='lat' dir='ltr'><strong>erat</strong></span> <span class='ocrx_word' id='word_1_509' title='bbox 1273 3424 1288 3450; x_wconf 92' lang='lat'><strong>,</strong></span> <span class='ocrx_word' id='word_1_510' title='bbox 1333 3381 1454 3453; x_wconf 90' lang='lat' dir='ltr'><strong>quia</strong></span> <span class='ocrx_word' id='word_1_511' title='bbox 1487 3395 1582 3450; x_wconf 85' lang='lat' dir='ltr'><strong>per</strong></span> <span class='ocrx_word' id='word_1_512' title='bbox 1609 3380 1824 3436; x_wconf 87' lang='lat' dir='ltr'><strong>Esaiam</strong></span> <span class='ocrx_word' id='word_1_513' title='bbox 1851 3393 1972 3433; x_wconf 89' lang='lat' dir='ltr'><strong>cum</strong></span> <span class='ocrx_word' id='word_1_514' title='bbox 1999 3378 2224 3435; x_wconf 82' lang='lat' dir='ltr'><strong>dixisset</strong></span> <span class='ocrx_word' id='word_1_515' title='bbox 2252 3379 2352 3452; x_wconf 90' lang='lat' dir='ltr'><strong>(Is.</strong></span> 
     </span>
    </p>
   </div>
   <div class='ocr_carea' id='block_1_64' title="bbox 774 3471 2359 3551">
    <p class='ocr_par' dir='ltr' id='par_1_64' title="bbox 774 3471 2359 3551">
     <span class='ocr_line' id='line_1_64' title="bbox 774 3471 2359 3551; baseline -0.014 -12"><span class='ocrx_word' id='word_1_516' title='bbox 774 3484 837 3548; x_wconf 90' lang='lat' dir='ltr'><strong>L,</strong></span> <span class='ocrx_word' id='word_1_517' title='bbox 865 3484 898 3537; x_wconf 72' lang='grc'><strong>4</strong></span> <span class='ocrx_word' id='word_1_518' title='bbox 929 3480 948 3551; x_wconf 95' lang='grc'><strong>)</strong></span> <span class='ocrx_word' id='word_1_519' title='bbox 977 3499 988 3534; x_wconf 96' lang='lat'>:</span> <span class='ocrx_word' id='word_1_520' title='bbox 1024 3478 1270 3532; x_wconf 84' lang='lat' dir='ltr'><strong>Dominus</strong></span> <span class='ocrx_word' id='word_1_521' title='bbox 1296 3475 1382 3528; x_wconf 90' lang='lat' dir='ltr'><strong>dat</strong></span> <span class='ocrx_word' id='word_1_522' title='bbox 1425 3473 1550 3528; x_wconf 84' lang='lat' dir='ltr'><strong>mihi</strong></span> <span class='ocrx_word' id='word_1_523' title='bbox 1579 3474 1806 3544; x_wconf 86' lang='lat' dir='ltr'><strong>linguam</strong></span> <span class='ocrx_word' id='word_1_524' title='bbox 1849 3471 2171 3543; x_wconf 64' lang='lat' dir='ltr'><strong>disciplinae;</strong></span> <span class='ocrx_word' id='word_1_525' title='bbox 2209 3474 2359 3544; x_wconf 76' lang='lat' dir='ltr'><strong>adje-</strong></span> 
     </span>
    </p>
   </div>
   <div class='ocr_carea' id='block_1_65' title="bbox 775 3572 2345 3650">
    <p class='ocr_par' dir='ltr' id='par_1_65' title="bbox 775 3572 2345 3650">
     <span class='ocr_line' id='line_1_65' title="bbox 775 3572 2345 3650; baseline -0.004 -14"><span class='ocrx_word' id='word_1_526' title='bbox 775 3581 849 3637; x_wconf 90' lang='lat' dir='ltr'><strong>cit</strong></span> <span class='ocrx_word' id='word_1_527' title='bbox 879 3578 1001 3650; x_wconf 83' lang='lat'><strong>(5):</strong></span> <span class='ocrx_word' id='word_1_528' title='bbox 1042 3575 1293 3647; x_wconf 79' lang='lat' dir='ltr'><strong>Apposuit</strong></span> <span class='ocrx_word' id='word_1_529' title='bbox 1335 3573 1460 3628; x_wconf 84' lang='lat' dir='ltr'><strong>mihi</strong></span> <span class='ocrx_word' id='word_1_530' title='bbox 1499 3587 1647 3627; x_wconf 86' lang='lat' dir='ltr'><strong>mane</strong></span> <span class='ocrx_word' id='word_1_531' title='bbox 1683 3587 1859 3626; x_wconf 83' lang='lat' dir='ltr'><strong>aurem</strong></span> <span class='ocrx_word' id='word_1_532' title='bbox 1909 3572 1977 3626; x_wconf 89' lang='lat' dir='ltr'><strong>ad</strong></span> <span class='ocrx_word' id='word_1_533' title='bbox 2014 3573 2345 3630; x_wconf 90' lang='lat' dir='ltr'><strong>audiendum.</strong></span> 
     </span>
    </p>
   </div>
   <div class='ocr_carea' id='block_1_66' title="bbox 2465 3385 4063 3462">
    <p class='ocr_par' dir='ltr' id='par_1_66' title="bbox 2465 3385 4063 3462">
     <span class='ocr_line' id='line_1_66' title="bbox 2465 3385 4063 3462; baseline 0.004 -20"><span class='ocrx_word' id='word_1_534' title='bbox 2465 3389 2608 3442; x_wconf 91' lang='lat' dir='ltr'><strong>illum</strong></span> <span class='ocrx_word' id='word_1_535' title='bbox 2625 3402 2782 3441; x_wconf 90' lang='lat' dir='ltr'><strong>suum</strong></span> <span class='ocrx_word' id='word_1_536' title='bbox 2813 3385 2928 3458; x_wconf 89' lang='lat' dir='ltr'><strong>(I0)</strong></span> <span class='ocrx_word' id='word_1_537' title='bbox 2959 3385 3106 3452; x_wconf 82' lang='lat' dir='ltr'><strong>fecit,</strong></span> <span class='ocrx_word' id='word_1_538' title='bbox 3145 3385 3252 3440; x_wconf 85' lang='lat' dir='ltr'><strong>Hoc</strong></span> <span class='ocrx_word' id='word_1_539' title='bbox 3273 3398 3344 3441; x_wconf 90' lang='lat' dir='ltr'><strong>est</strong></span> <span class='ocrx_word' id='word_1_540' title='bbox 3374 3405 3558 3458; x_wconf 87' lang='lat' dir='ltr'><strong>corpus</strong></span> <span class='ocrx_word' id='word_1_541' title='bbox 3592 3407 3757 3443; x_wconf 77' lang='lat' dir='ltr'><strong>meum</strong></span> <span class='ocrx_word' id='word_1_542' title='bbox 3785 3390 4022 3448; x_wconf 88' lang='lat' dir='ltr'><strong>dicendo</strong></span> <span class='ocrx_word' id='word_1_543' title='bbox 4047 3435 4063 3462; x_wconf 91' lang='lat'><strong>,</strong></span> 
     </span>
    </p>
   </div>
   <div class='ocr_carea' id='block_1_67' title="bbox 2461 3479 4055 3552">
    <p class='ocr_par' dir='ltr' id='par_1_67' title="bbox 2461 3479 4055 3552">
     <span class='ocr_line' id='line_1_67' title="bbox 2461 3479 4055 3552; baseline 0.004 -17"><span class='ocrx_word' id='word_1_544' title='bbox 2461 3480 2535 3552; x_wconf 92' lang='lat' dir='ltr'><strong>(c)</strong></span> <span class='ocrx_word' id='word_1_545' title='bbox 2573 3479 2767 3546; x_wconf 84' lang='lat' dir='ltr'><strong>idest,</strong></span> <span class='ocrx_word' id='word_1_546' title='bbox 2819 3479 2984 3550; x_wconf 87' lang='lat' dir='ltr'><strong>ﬁgura</strong></span> <span class='ocrx_word' id='word_1_547' title='bbox 3029 3481 3275 3550; x_wconf 91' lang='lat' dir='ltr'><strong>corporis</strong></span> <span class='ocrx_word' id='word_1_548' title='bbox 3325 3481 3452 3535; x_wconf 90' lang='lat' dir='ltr'><strong>mei.</strong></span> <span class='ocrx_word' id='word_1_549' title='bbox 3498 3480 3691 3552; x_wconf 87' lang='lat' dir='ltr'><strong>Figura</strong></span> <span class='ocrx_word' id='word_1_550' title='bbox 3733 3491 3914 3538; x_wconf 86' lang='lat' dir='ltr'><strong>autem</strong></span> <span class='ocrx_word' id='word_1_551' title='bbox 3949 3500 4055 3541; x_wconf 93' lang='lat' dir='ltr'><strong>non</strong></span> 
     </span>
    </p>
   </div>
   <div class='ocr_carea' id='block_1_68' title="bbox 2458 3573 4063 3644">
    <p class='ocr_par' dir='ltr' id='par_1_68' title="bbox 2458 3573 4063 3644">
     <span class='ocr_line' id='line_1_68' title="bbox 2458 3573 4063 3644; baseline 0.001 -10"><span class='ocrx_word' id='word_1_552' title='bbox 2458 3578 2667 3638; x_wconf 80' lang='lat' dir='ltr'><strong>fuisset,</strong></span> <span class='ocrx_word' id='word_1_553' title='bbox 2701 3573 2802 3628; x_wconf 90' lang='lat' dir='ltr'><strong>nisi</strong></span> <span class='ocrx_word' id='word_1_554' title='bbox 2831 3573 3072 3628; x_wconf 84' lang='lat' dir='ltr'><strong>veritatis</strong></span> <span class='ocrx_word' id='word_1_555' title='bbox 3115 3582 3259 3628; x_wconf 84' lang='lat' dir='ltr'><strong>esset</strong></span> <span class='ocrx_word' id='word_1_556' title='bbox 3289 3588 3506 3644; x_wconf 91' lang='lat' dir='ltr'><strong>corpus.</strong></span> <span class='ocrx_word' id='word_1_557' title='bbox 3553 3574 3822 3631; x_wconf 62' lang='lat' dir='ltr'><strong>Caeterum</strong></span> <span class='ocrx_word' id='word_1_558' title='bbox 3845 3620 3860 3644; x_wconf 95' lang='lat'><strong>,</strong></span> <span class='ocrx_word' id='word_1_559' title='bbox 3895 3593 4063 3636; x_wconf 85' lang='lat' dir='ltr'><strong>vacua</strong></span> 
     </span>
    </p>
   </div>
   <div class='ocr_carea' id='block_1_69' title="bbox 1999 3685 2829 3751">
    <p class='ocr_par' dir='ltr' id='par_1_69' title="bbox 1999 3685 2829 3751">
     <span class='ocr_line' id='line_1_69' title="bbox 1999 3685 2829 3751; baseline -0.004 -8"><span class='ocrx_word' id='word_1_560' title='bbox 1999 3685 2380 3751; x_wconf 78' lang='lat' dir='ltr'><strong>LECTIONES</strong></span> <span class='ocrx_word' id='word_1_561' title='bbox 2416 3686 2829 3749; x_wconf 80' lang='lat' dir='ltr'><strong>VARIANTES.</strong></span> 
     </span>
    </p>
   </div>
   <div class='ocr_carea' id='block_1_70' title="bbox 936 3931 1414 3997">
    <p class='ocr_par' dir='ltr' id='par_1_70' title="bbox 936 3931 1414 3997">
     <span class='ocr_line' id='line_1_70' title="bbox 936 3931 1414 3997; baseline -0.021 -13"><span class='ocrx_word' id='word_1_562' title='bbox 936 3934 1127 3997; x_wconf 70' lang='lat' dir='ltr'><strong>Adiecit</strong></span> <span class='ocrx_word' id='word_1_563' title='bbox 1146 3931 1276 3997; x_wconf 66' lang='lat' dir='ltr'><strong>abest</strong></span> <span class='ocrx_word' id='word_1_564' title='bbox 1291 3931 1414 3997; x_wconf 50' lang='lat' dir='ltr'><strong>Par:</strong></span> 
     </span>
    </p>
   </div>
   <div class='ocr_carea' id='block_1_71' title="bbox 865 3987 1533 4049">
    <p class='ocr_par' dir='ltr' id='par_1_71' title="bbox 865 3987 1533 4049">
     <span class='ocr_line' id='line_1_71' title="bbox 865 3987 1533 4049; baseline -0.021 0"><span class='ocrx_word' id='word_1_565' title='bbox 865 3987 912 4049; x_wconf 61' lang='lat' dir='ltr'><strong>Ii</strong></span> <span class='ocrx_word' id='word_1_566' title='bbox 937 3987 1171 4048; x_wconf 68' lang='lat' dir='ltr'><strong>Et&#39;then.</strong></span> <span class='ocrx_word' id='word_1_567' title='bbox 1197 3987 1347 4044; x_wconf 86' lang='lat' dir='ltr'><strong>Seml.</strong></span> <span class='ocrx_word' id='word_1_568' title='bbox 1372 3987 1533 4042; x_wconf 88' lang='lat' dir='ltr'><strong>Obert.</strong></span> 
     </span>
    </p>
   </div>
   <div class='ocr_carea' id='block_1_72' title="bbox 863 3806 1196 3864">
    <p class='ocr_par' dir='ltr' id='par_1_72' title="bbox 863 3806 1196 3864">
     <span class='ocr_line' id='line_1_72' title="bbox 863 3806 1196 3864; baseline -0.033 1"><span class='ocrx_word' id='word_1_569' title='bbox 863 3812 909 3864; x_wconf 73' lang='lat' dir='ltr'><strong>Ii</strong></span> <span class='ocrx_word' id='word_1_570' title='bbox 933 3809 1020 3861; x_wconf 85' lang='lat' dir='ltr'><strong>Cui</strong></span> <span class='ocrx_word' id='word_1_571' title='bbox 1046 3806 1196 3856; x_wconf 81' lang='lat' dir='ltr'><strong>Latin.</strong></span> 
     </span>
    </p>
   </div>
   <div class='ocr_carea' id='block_1_73' title="bbox 860 3860 1660 3988">
    <p class='ocr_par' dir='ltr' id='par_1_73' title="bbox 860 3860 1660 3988">
     <span class='ocr_line' id='line_1_73' title="bbox 861 3860 1660 3988; baseline -0.016 -64"><span class='ocrx_word' id='word_1_572' title='bbox 861 3860 913 3988; x_wconf 52' lang='grc' dir='ltr'>ἦ)</span> <span class='ocrx_word' id='word_1_573' title='bbox 937 3860 1082 3922; x_wconf 69' lang='lat' dir='ltr'><strong>Fiunt</strong></span> <span class='ocrx_word' id='word_1_574' title='bbox 1105 3865 1256 3920; x_wconf 68' lang='lat' dir='ltr'><strong>Eheu.</strong></span> <span class='ocrx_word' id='word_1_575' title='bbox 1293 3861 1444 3915; x_wconf 82' lang='lat' dir='ltr'><strong>Seml.</strong></span> <span class='ocrx_word' id='word_1_576' title='bbox 1469 3860 1660 3912; x_wconf 80' lang='lat' dir='ltr'><strong>oberth.</strong></span> 
     </span>
     <span class='ocr_line' id='line_1_74' title="bbox 860 3931 1428 3988; baseline -0.011 -4"><span class='ocrx_word' id='word_1_577' title='bbox 860 3942 890 3988; x_wconf 73' lang='grc' dir='ltr'>δ</span> <span class='ocrx_word' id='word_1_578' title='bbox 936 3934 1127 3988; x_wconf 82' lang='lat' dir='ltr'><strong>Adiecit</strong></span> <span class='ocrx_word' id='word_1_579' title='bbox 1146 3931 1276 3981; x_wconf 83' lang='lat' dir='ltr'><strong>abest</strong></span> <span class='ocrx_word' id='word_1_580' title='bbox 1291 3931 1428 3988; x_wconf 56' lang='lat' dir='ltr'><strong>Par.</strong></span> 
     </span>
    </p>
   </div>
   <div class='ocr_carea' id='block_1_74' title="bbox 833 3812 2022 4129">
    <p class='ocr_par' dir='ltr' id='par_1_74' title="bbox 863 3812 1196 3864">
     <span class='ocr_line' id='line_1_75' title="bbox 863 3812 1196 3864; baseline -0.03 0"><span class='ocrx_word' id='word_1_581' title='bbox 863 3819 880 3864; x_wconf 90' lang='lat' dir='ltr'><strong>I</strong></span> <span class='ocrx_word' id='word_1_582' title='bbox 933 3812 1020 3861; x_wconf 89' lang='lat' dir='ltr'><strong>Cui</strong></span> <span class='ocrx_word' id='word_1_583' title='bbox 1046 3812 1196 3856; x_wconf 81' lang='lat' dir='ltr'><strong>Latin.</strong></span> 
     </span>
    </p>

    <p class='ocr_par' dir='ltr' id='par_1_75' title="bbox 861 3860 1660 3924">
     <span class='ocr_line' id='line_1_76' title="bbox 861 3860 1660 3924; baseline -0.016 0"><span class='ocrx_word' id='word_1_584' title='bbox 861 3879 890 3924; x_wconf 75' lang='lat'><strong>2</strong></span> <span class='ocrx_word' id='word_1_585' title='bbox 937 3873 1082 3922; x_wconf 84' lang='lat' dir='ltr'><strong>Fiunt</strong></span> <span class='ocrx_word' id='word_1_586' title='bbox 1105 3865 1256 3920; x_wconf 67' lang='lat' dir='ltr'><strong>Eheu.</strong></span> <span class='ocrx_word' id='word_1_587' title='bbox 1293 3861 1444 3915; x_wconf 82' lang='lat' dir='ltr'><strong>Seml.</strong></span> <span class='ocrx_word' id='word_1_588' title='bbox 1469 3860 1660 3912; x_wconf 80' lang='lat' dir='ltr'><strong>oberth.</strong></span> 
     </span>
    </p>

    <p class='ocr_par' dir='ltr' id='par_1_76' title="bbox 860 3812 1533 4126">
     <span class='ocr_line' id='line_1_77' title="bbox 860 3812 1533 4126; baseline -0.016 -80"><span class='ocrx_word' id='word_1_589' title='bbox 860 3812 913 4126; x_wconf 47' lang='lat' dir='ltr'><strong><em>ﬁ</em></strong></span> <span class='ocrx_word' id='word_1_590' title='bbox 936 3934 1154 4047; x_wconf 44' lang='lat' dir='ltr'><strong>Adiabena“</strong></span> <span class='ocrx_word' id='word_1_591' title='bbox 1146 3931 1533 4042; x_wconf 41' lang='lat' dir='ltr'><strong>Magullﬁbert.</strong></span> 
     </span>
    </p>

    <p class='ocr_par' dir='ltr' id='par_1_77' title="bbox 833 3813 2022 4129">
     <span class='ocr_line' id='line_1_78' title="bbox 833 3813 2022 4129; baseline -0.008 -17"><span class='ocrx_word' id='word_1_592' title='bbox 833 3813 890 4129; x_wconf 49' lang='lat' dir='ltr'><strong>i‘</strong></span> <span class='ocrx_word' id='word_1_593' title='bbox 930 3997 1171 4121; x_wconf 55' lang='lat' dir='ltr'><strong>Eiegeui</strong></span> <span class='ocrx_word' id='word_1_594' title='bbox 1361 4051 1468 4116; x_wconf 86' lang='lat' dir='ltr'><strong>egit</strong></span> <span class='ocrx_word' id='word_1_595' title='bbox 1487 4046 1639 4104; x_wconf 71' lang='lat' dir='ltr'><strong>altat.</strong></span> <span class='ocrx_word' id='word_1_596' title='bbox 1662 4046 1809 4102; x_wconf 83' lang='lat' dir='ltr'><strong>Seml.</strong></span> <span class='ocrx_word' id='word_1_597' title='bbox 1824 4050 2022 4103; x_wconf 81' lang='lat' dir='ltr'><strong>Obertlt.</strong></span> 
     </span>
    </p>
   </div>
   <div class='ocr_carea' id='block_1_75' title="bbox 2631 3859 3060 3912">
    <p class='ocr_par' dir='ltr' id='par_1_78' title="bbox 2631 3859 3060 3912">
     <span class='ocr_line' id='line_1_79' title="bbox 2631 3859 3060 3912; baseline 0 0"><span class='ocrx_word' id='word_1_598' title='bbox 2631 3862 2970 3912; x_wconf 85' lang='lat' dir='ltr'><strong>Vendiderunt</strong></span> <span class='ocrx_word' id='word_1_599' title='bbox 2992 3859 3060 3912; x_wconf 88' lang='lat' dir='ltr'><strong>ul.</strong></span> 
     </span>
    </p>
   </div>
   <div class='ocr_carea' id='block_1_76' title="bbox 2578 3923 2986 3991">
    <p class='ocr_par' dir='ltr' id='par_1_79' title="bbox 2578 3923 2986 3991">
     <span class='ocr_line' id='line_1_80' title="bbox 2578 3923 2986 3991; baseline -0.005 -18"><span class='ocrx_word' id='word_1_600' title='bbox 2578 3923 2599 3991; x_wconf 77' lang='lat'><strong>)&#39;</strong></span> <span class='ocrx_word' id='word_1_601' title='bbox 2623 3926 2900 3991; x_wconf 32' lang='lat' dir='ltr'><strong>argenteos</strong></span> <span class='ocrx_word' id='word_1_602' title='bbox 2919 3923 2986 3991; x_wconf 55' lang='grc' dir='ltr'><strong>ᾳ.</strong></span> 
     </span>
    </p>
   </div>
   <div class='ocr_carea' id='block_1_77' title="bbox 2551 3986 3078 4102">
    <p class='ocr_par' dir='ltr' id='par_1_80' title="bbox 2551 3986 3078 4102">
     <span class='ocr_line' id='line_1_81' title="bbox 2551 3986 3078 4102; baseline -0.002 0"><span class='ocrx_word' id='word_1_603' title='bbox 2551 3986 3078 4102; x_wconf 55' lang='grc' dir='ltr'><strong>ῗᾶδεὲῗιξηῗῖἷῖίιξωιῢ</strong></span> 
     </span>
    </p>
   </div>
   <div class='ocr_carea' id='block_1_78' title="bbox 2546 3798 4062 3928">
    <p class='ocr_par' dir='ltr' id='par_1_81' title="bbox 2546 3798 4062 3928">
     <span class='ocr_line' id='line_1_82' title="bbox 2546 3798 4062 3862; baseline 0.006 -9"><span class='ocrx_word' id='word_1_604' title='bbox 2546 3804 2576 3853; x_wconf 84' lang='lat'><strong>6</strong></span> <span class='ocrx_word' id='word_1_605' title='bbox 2623 3800 2864 3850; x_wconf 90' lang='lat' dir='ltr'><strong>Dicerent</strong></span> <span class='ocrx_word' id='word_1_606' title='bbox 2885 3811 2981 3848; x_wconf 92' lang='lat' dir='ltr'><strong>non</strong></span> <span class='ocrx_word' id='word_1_607' title='bbox 3003 3798 3114 3850; x_wconf 91' lang='lat' dir='ltr'><strong>cod.</strong></span> <span class='ocrx_word' id='word_1_608' title='bbox 3146 3808 3325 3851; x_wconf 77' lang='lat' dir='ltr'><strong>Wouw.</strong></span> <span class='ocrx_word' id='word_1_609' title='bbox 3354 3802 3402 3852; x_wconf 90' lang='lat' dir='ltr'><strong>ni</strong></span> <span class='ocrx_word' id='word_1_610' title='bbox 3424 3800 3644 3854; x_wconf 90' lang='lat' dir='ltr'><strong>dicerem</strong></span> <span class='ocrx_word' id='word_1_611' title='bbox 3664 3813 3718 3856; x_wconf 93' lang='lat' dir='ltr'><strong>et</strong></span> <span class='ocrx_word' id='word_1_612' title='bbox 3750 3807 3801 3856; x_wconf 89' lang='lat' dir='ltr'><strong>in</strong></span> <span class='ocrx_word' id='word_1_613' title='bbox 3833 3806 3930 3859; x_wconf 86' lang='lat' dir='ltr'><strong>hoc</strong></span> <span class='ocrx_word' id='word_1_614' title='bbox 3949 3816 4062 3862; x_wconf 80' lang='lat' dir='ltr'><strong>Jun.</strong></span> 
     </span>
     <span class='ocr_line' id='line_1_83' title="bbox 2546 3801 3060 3928; baseline -0.002 -15"><span class='ocrx_word' id='word_1_615' title='bbox 2546 3801 2606 3928; x_wconf 60' lang='lat'><strong>:7)</strong></span> <span class='ocrx_word' id='word_1_616' title='bbox 2631 3862 2970 3928; x_wconf 70' lang='lat' dir='ltr'><strong>Yendiderunt</strong></span> <span class='ocrx_word' id='word_1_617' title='bbox 2992 3859 3060 3912; x_wconf 88' lang='lat' dir='ltr'><strong>ul.</strong></span> 
     </span>
    </p>
   </div>
   <div class='ocr_carea' id='block_1_79' title="bbox 2523 3803 3557 4116">
    <p class='ocr_par' dir='ltr' id='par_1_82' title="bbox 2546 3803 3557 4114">
     <span class='ocr_line' id='line_1_84' title="bbox 2546 3803 3557 3854; baseline 0 -1"><span class='ocrx_word' id='word_1_618' title='bbox 2546 3804 2576 3853; x_wconf 84' lang='lat'><strong>6</strong></span> <span class='ocrx_word' id='word_1_619' title='bbox 2623 3803 2864 3850; x_wconf 88' lang='lat' dir='ltr'><strong>Dicerent</strong></span> <span class='ocrx_word' id='word_1_620' title='bbox 2885 3811 2981 3848; x_wconf 93' lang='lat' dir='ltr'><strong>non</strong></span> <span class='ocrx_word' id='word_1_621' title='bbox 3003 3803 3114 3850; x_wconf 88' lang='lat' dir='ltr'><strong>cod.</strong></span> <span class='ocrx_word' id='word_1_622' title='bbox 3146 3808 3325 3851; x_wconf 77' lang='lat' dir='ltr'><strong>Wouw.</strong></span> <span class='ocrx_word' id='word_1_623' title='bbox 3354 3803 3402 3852; x_wconf 90' lang='lat' dir='ltr'><strong>ni</strong></span> <span class='ocrx_word' id='word_1_624' title='bbox 3424 3803 3557 3854; x_wconf 90' lang='lat' dir='ltr'><strong>dicer</strong></span> 
     </span>
     <span class='ocr_line' id='line_1_85' title="bbox 2631 3859 3060 3912; baseline 0 0"><span class='ocrx_word' id='word_1_625' title='bbox 2631 3862 2970 3912; x_wconf 85' lang='lat' dir='ltr'><strong>Vendiderunt</strong></span> <span class='ocrx_word' id='word_1_626' title='bbox 2992 3859 3060 3912; x_wconf 88' lang='lat' dir='ltr'><strong>ul.</strong></span> 
     </span>
     <span class='ocr_line' id='line_1_86' title="bbox 2578 3923 2986 3991; baseline -0.007 -17"><span class='ocrx_word' id='word_1_627' title='bbox 2578 3926 2599 3991; x_wconf 91' lang='lat'><strong>)</strong></span> <span class='ocrx_word' id='word_1_628' title='bbox 2623 3926 2900 3987; x_wconf 81' lang='lat' dir='ltr'><strong>Argenteos</strong></span> <span class='ocrx_word' id='word_1_629' title='bbox 2919 3923 2986 3972; x_wconf 87' lang='lat' dir='ltr'><strong>at.</strong></span> 
     </span>
     <span class='ocr_line' id='line_1_87' title="bbox 2551 3986 3078 4102; baseline -0.006 -63"><span class='ocrx_word' id='word_1_630' title='bbox 2551 3990 2612 4102; x_wconf 55' lang='lat'><strong>9))</strong></span> <span class='ocrx_word' id='word_1_631' title='bbox 2629 3988 2724 4038; x_wconf 76' lang='lat' dir='ltr'><strong>Eos</strong></span> <span class='ocrx_word' id='word_1_632' title='bbox 2747 3986 2904 4037; x_wconf 80' lang='lat' dir='ltr'><strong>Paris.</strong></span> <span class='ocrx_word' id='word_1_633' title='bbox 2928 3986 3078 4036; x_wconf 82' lang='lat' dir='ltr'><strong>Fran.</strong></span> 
     </span>
     <span class='ocr_line' id='line_1_88' title="bbox 2557 4046 3557 4114; baseline 0.001 -13"><span class='ocrx_word' id='word_1_634' title='bbox 2557 4053 2573 4101; x_wconf 94' lang='lat' dir='ltr'><strong>I</strong></span> <span class='ocrx_word' id='word_1_635' title='bbox 2616 4046 2634 4114; x_wconf 92' lang='lat'><strong>)</strong></span> <span class='ocrx_word' id='word_1_636' title='bbox 2658 4051 2811 4100; x_wconf 90' lang='lat' dir='ltr'><strong>Suum</strong></span> <span class='ocrx_word' id='word_1_637' title='bbox 2835 4047 2970 4099; x_wconf 88' lang='lat' dir='ltr'><strong>illum</strong></span> <span class='ocrx_word' id='word_1_638' title='bbox 3010 4046 3162 4101; x_wconf 75' lang='lat' dir='ltr'><strong>Bhen.</strong></span> <span class='ocrx_word' id='word_1_639' title='bbox 3185 4050 3338 4102; x_wconf 85' lang='lat' dir='ltr'><strong>Semt.</strong></span> <span class='ocrx_word' id='word_1_640' title='bbox 3363 4050 3557 4104; x_wconf 83' lang='lat' dir='ltr'><strong>Oberllt.</strong></span> 
     </span>
    </p>
   </div>
   <div class='ocr_carea' id='block_1_80' title="bbox 2134 4156 2692 4216">
    <p class='ocr_par' dir='ltr' id='par_1_83' title="bbox 2134 4156 2692 4216">
     <span class='ocr_line' id='line_1_89' title="bbox 2134 4156 2692 4216; baseline -0.007 -1"><span class='ocrx_word' id='word_1_641' title='bbox 2134 4156 2692 4216; x_wconf 77' lang='lat' dir='ltr'><strong>COMMENTARIUS.</strong></span> 
     </span>
    </p>
   </div>
   <div class='ocr_carea' id='block_1_81' title="bbox 860 4271 2360 4358">
    <p class='ocr_par' dir='ltr' id='par_1_84' title="bbox 860 4271 2360 4358">
     <span class='ocr_line' id='line_1_90' title="bbox 860 4271 2360 4358; baseline -0.037 -13"><span class='ocrx_word' id='word_1_642' title='bbox 860 4287 934 4358; x_wconf 89' lang='lat' dir='ltr'><strong>(a)</strong></span> <span class='ocrx_word' id='word_1_643' title='bbox 971 4283 1297 4358; x_wconf 83' lang='lat' dir='ltr'><strong>Ebrietat_e__et</strong></span> <span class='ocrx_word' id='word_1_644' title='bbox 1326 4273 1654 4358; x_wconf 73' lang='lat' dir='ltr'><strong>stecularibus</strong></span> <span class='ocrx_word' id='word_1_645' title='bbox 1703 4271 1860 4358; x_wconf 40' lang='lat' dir='ltr'><strong>eum:</strong></span> <span class='ocrx_word' id='word_1_646' title='bbox 1900 4273 2028 4356; x_wconf 49' lang='lat'><strong>993</strong></span> <span class='ocrx_word' id='word_1_647' title='bbox 2057 4273 2164 4358; x_wconf 50' lang='lat' dir='ltr'><strong>quo</strong></span> <span class='ocrx_word' id='word_1_648' title='bbox 2193 4275 2279 4332; x_wconf 59' lang='lat' dir='ltr'><strong>hic</strong></span> <span class='ocrx_word' id='word_1_649' title='bbox 2306 4277 2360 4332; x_wconf 69' lang='lat' dir='ltr'><strong>in</strong></span> 
     </span>
    </p>
   </div>
   <div class='ocr_carea' id='block_1_82' title="bbox 783 4344 2358 4427">
    <p class='ocr_par' dir='ltr' id='par_1_85' title="bbox 783 4344 2358 4427">
     <span class='ocr_line' id='line_1_91' title="bbox 783 4344 2358 4427; baseline -0.009 -11"><span class='ocrx_word' id='word_1_650' title='bbox 783 4344 1058 4427; x_wconf 74' lang='lat' dir='ltr'><strong>discipulis</strong></span> <span class='ocrx_word' id='word_1_651' title='bbox 1087 4348 1477 4427; x_wconf 84' lang='lat' dir='ltr'><strong>prohibentur,_</strong></span> <span class='ocrx_word' id='word_1_652' title='bbox 1497 4345 1680 4427; x_wconf 79' lang='lat' dir='ltr'><strong>eadem</strong></span> <span class='ocrx_word' id='word_1_653' title='bbox 1713 4345 1764 4398; x_wconf 92' lang='lat' dir='ltr'><strong>in</strong></span> <span class='ocrx_word' id='word_1_654' title='bbox 1790 4344 2026 4427; x_wconf 72' lang='lat' dir='ltr'><strong>clericis,</strong></span> <span class='ocrx_word' id='word_1_655' title='bbox 2064 4354 2172 4399; x_wconf 90' lang='lat' dir='ltr'><strong>tum</strong></span> <span class='ocrx_word' id='word_1_656' title='bbox 2199 4362 2358 4427; x_wconf 80' lang='lat' dir='ltr'><strong>pres-</strong></span> 
     </span>
    </p>
   </div>
   <div class='ocr_carea' id='block_1_83' title="bbox 786 4415 2361 4503">
    <p class='ocr_par' dir='ltr' id='par_1_86' title="bbox 786 4415 2361 4503">
     <span class='ocr_line' id='line_1_92' title="bbox 786 4415 2361 4503; baseline -0.003 -24"><span class='ocrx_word' id='word_1_657' title='bbox 786 4415 989 4503; x_wconf 64' lang='lat' dir='ltr'><strong>Byteris</strong></span> <span class='ocrx_word' id='word_1_658' title='bbox 1010 4469 1022 4492; x_wconf 93' lang='lat'><strong>,</strong></span> <span class='ocrx_word' id='word_1_659' title='bbox 1064 4415 1173 4503; x_wconf 67' lang='lat' dir='ltr'><strong>tum</strong></span> <span class='ocrx_word' id='word_1_660' title='bbox 1205 4423 1366 4503; x_wconf 58' lang='lat' dir='ltr'><strong>etiam</strong></span> <span class='ocrx_word' id='word_1_661' title='bbox 1396 4417 1662 4503; x_wconf 54' lang='lat' dir='ltr'><strong>episcopis</strong></span> <span class='ocrx_word' id='word_1_662' title='bbox 1687 4415 2057 4503; x_wconf 64' lang='lat' dir='ltr'><strong>prohibentur,</strong></span> <span class='ocrx_word' id='word_1_663' title='bbox 2089 4420 2361 4503; x_wconf 49' lang='lat' dir='ltr'><strong>posterius</strong></span> 
     </span>
    </p>
   </div>
   <div class='ocr_carea' id='block_1_84' title="bbox 785 4485 2361 4566">
    <p class='ocr_par' dir='ltr' id='par_1_87' title="bbox 785 4485 2361 4566">
     <span class='ocr_line' id='line_1_93' title="bbox 785 4485 2361 4566; baseline -0.016 -11"><span class='ocrx_word' id='word_1_664' title='bbox 785 4485 907 4556; x_wconf 69' lang='lat' dir='ltr'><strong>can.</strong></span> <span class='ocrx_word' id='word_1_665' title='bbox 934 4485 1022 4566; x_wconf 68' lang='lat' dir='ltr'><strong>ap.</strong></span> <span class='ocrx_word' id='word_1_666' title='bbox 1059 4495 1211 4566; x_wconf 35' lang='lat' dir='ltr'><strong>Stet</strong></span> <span class='ocrx_word' id='word_1_667' title='bbox 1234 4491 1322 4566; x_wconf 68' lang='lat'><strong>89,</strong></span> <span class='ocrx_word' id='word_1_668' title='bbox 1361 4485 1479 4566; x_wconf 77' lang='lat' dir='ltr'><strong>cau.</strong></span> <span class='ocrx_word' id='word_1_669' title='bbox 1513 4485 1978 4566; x_wconf 58' lang='lat' dir='ltr'><strong>6._Cr,n§._Carth.</strong></span> <span class='ocrx_word' id='word_1_670' title='bbox 2010 4497 2063 4542; x_wconf 90' lang='lat' dir='ltr'><strong>et</strong></span> <span class='ocrx_word' id='word_1_671' title='bbox 2088 4485 2150 4542; x_wconf 91' lang='lat' dir='ltr'><strong>L.</strong></span> <span class='ocrx_word' id='word_1_672' title='bbox 2185 4488 2361 4566; x_wconf 49' lang='lat' dir='ltr'><strong>Geng-</strong></span> 
     </span>
    </p>
   </div>
   <div class='ocr_carea' id='block_1_85' title="bbox 787 4558 2356 4631">
    <p class='ocr_par' dir='ltr' id='par_1_88' title="bbox 787 4558 2356 4631">
     <span class='ocr_line' id='line_1_94' title="bbox 787 4558 2356 4631; baseline -0.009 -3"><span class='ocrx_word' id='word_1_673' title='bbox 787 4558 1085 4631; x_wconf 44' lang='lat' dir='ltr'><strong>raliter-52,</strong></span> <span class='ocrx_word' id='word_1_674' title='bbox 1102 4558 1481 4620; x_wconf 62' lang='lat' dir='ltr'><strong>C&#39;.deClericis</strong></span> <span class='ocrx_word' id='word_1_675' title='bbox 1505 4571 1559 4614; x_wconf 91' lang='lat' dir='ltr'><strong>et</strong></span> <span class='ocrx_word' id='word_1_676' title='bbox 1587 4558 1687 4631; x_wconf 78' lang='lat' dir='ltr'><strong>Ep.</strong></span> <span class='ocrx_word' id='word_1_677' title='bbox 1706 4559 1856 4631; x_wconf 84' lang='lat' dir='ltr'><strong>Prius</strong></span> <span class='ocrx_word' id='word_1_678' title='bbox 1878 4574 2004 4631; x_wconf 83' lang='lat' dir='ltr'><strong>vero</strong></span> <span class='ocrx_word' id='word_1_679' title='bbox 2023 4574 2119 4631; x_wconf 86' lang='lat' dir='ltr'><strong>can</strong></span> <span class='ocrx_word' id='word_1_680' title='bbox 2140 4574 2246 4629; x_wconf 88' lang='lat' dir='ltr'><strong>.ap.</strong></span> <span class='ocrx_word' id='word_1_681' title='bbox 2263 4559 2356 4624; x_wconf 74' lang='grc'><strong>41,</strong></span> 
     </span>
    </p>
   </div>
   <div class='ocr_carea' id='block_1_86' title="bbox 2466 4273 4058 4350">
    <p class='ocr_par' dir='ltr' id='par_1_89' title="bbox 2466 4273 4058 4350">
     <span class='ocr_line' id='line_1_95' title="bbox 2466 4273 4058 4350; baseline 0.006 -20"><span class='ocrx_word' id='word_1_682' title='bbox 2466 4273 2774 4350; x_wconf 74' lang='lat' dir='ltr'><strong>testimonii,</strong></span> <span class='ocrx_word' id='word_1_683' title='bbox 2795 4274 2935 4350; x_wconf 83' lang='lat' dir='ltr'><strong>quod</strong></span> <span class='ocrx_word' id='word_1_684' title='bbox 2957 4289 3147 4350; x_wconf 84' lang='lat' dir='ltr'><strong>omnes</strong></span> <span class='ocrx_word' id='word_1_685' title='bbox 3163 4277 3567 4350; x_wconf 80' lang='lat' dir='ltr'><strong>sacramentarii</strong></span> <span class='ocrx_word' id='word_1_686' title='bbox 3588 4286 3841 4350; x_wconf 88' lang='lat' dir='ltr'><strong>tanquam</strong></span> <span class='ocrx_word' id='word_1_687' title='bbox 3875 4283 4058 4339; x_wconf 81' lang='lat' dir='ltr'><strong>Achil-</strong></span> 
     </span>
    </p>
   </div>
   <div class='ocr_carea' id='block_1_87' title="bbox 2464 4344 4059 4428">
    <p class='ocr_par' dir='ltr' id='par_1_90' title="bbox 2464 4344 4059 4428">
     <span class='ocr_line' id='line_1_96' title="bbox 2464 4344 4059 4428; baseline 0.006 -26"><span class='ocrx_word' id='word_1_688' title='bbox 2464 4347 2864 4428; x_wconf 61' lang='lat' dir='ltr'><strong>lemgupmdam</strong></span> <span class='ocrx_word' id='word_1_689' title='bbox 2880 4344 2933 4399; x_wconf 90' lang='lat' dir='ltr'><strong>in</strong></span> <span class='ocrx_word' id='word_1_690' title='bbox 2952 4345 3116 4428; x_wconf 77' lang='lat' dir='ltr'><strong>prima</strong></span> <span class='ocrx_word' id='word_1_691' title='bbox 3133 4347 3247 4401; x_wconf 89' lang='lat' dir='ltr'><strong>acie</strong></span> <span class='ocrx_word' id='word_1_692' title='bbox 3259 4344 3714 4428; x_wconf 63' lang='lat' dir='ltr'><strong>cons_t_itttunt,pr6</strong></span> <span class='ocrx_word' id='word_1_693' title='bbox 3729 4353 3883 4409; x_wconf 89' lang='lat' dir='ltr'><strong>nobis</strong></span> <span class='ocrx_word' id='word_1_694' title='bbox 3895 4356 4059 4412; x_wconf 84' lang='lat' dir='ltr'><strong>maxi-</strong></span> 
     </span>
    </p>
   </div>
   <div class='ocr_carea' id='block_1_88' title="bbox 2464 4417 4059 4485">
    <p class='ocr_par' dir='ltr' id='par_1_91' title="bbox 2464 4417 4059 4485">
     <span class='ocr_line' id='line_1_97' title="bbox 2464 4417 4059 4485; baseline 0.006 -13"><span class='ocrx_word' id='word_1_695' title='bbox 2464 4434 2549 4472; x_wconf 90' lang='lat' dir='ltr'><strong>me</strong></span> <span class='ocrx_word' id='word_1_696' title='bbox 2567 4417 3109 4485; x_wconf 78' lang='lat' dir='ltr'><strong>faciunttposteriora</strong></span> <span class='ocrx_word' id='word_1_697' title='bbox 3135 4430 3311 4474; x_wconf 89' lang='lat' dir='ltr'><strong>autem</strong></span> <span class='ocrx_word' id='word_1_698' title='bbox 3345 4421 3475 4474; x_wconf 85' lang='lat' dir='ltr'><strong>nihil</strong></span> <span class='ocrx_word' id='word_1_699' title='bbox 3505 4417 3922 4479; x_wconf 66' lang='lat' dir='ltr'><strong>obsuntcaussae</strong></span> <span class='ocrx_word' id='word_1_700' title='bbox 3961 4443 4059 4482; x_wconf 88' lang='lat' dir='ltr'><strong>no-</strong></span> 
     </span>
    </p>
   </div>
   <div class='ocr_carea' id='block_1_89' title="bbox 2463 4487 4057 4566">
    <p class='ocr_par' dir='ltr' id='par_1_92' title="bbox 2463 4487 4057 4566">
     <span class='ocr_line' id='line_1_98' title="bbox 2463 4487 4057 4566; baseline 0.006 -24"><span class='ocrx_word' id='word_1_701' title='bbox 2463 4499 2613 4566; x_wconf 68' lang='lat' dir='ltr'><strong>strte.</strong></span> <span class='ocrx_word' id='word_1_702' title='bbox 2636 4488 2765 4566; x_wconf 73' lang='lat' dir='ltr'><strong>Illud</strong></span> <span class='ocrx_word' id='word_1_703' title='bbox 2782 4487 2923 4542; x_wconf 89' lang='lat' dir='ltr'><strong>enim</strong></span> <span class='ocrx_word' id='word_1_704' title='bbox 2944 4507 2957 4541; x_wconf 91' lang='lat'><strong>:</strong></span> <span class='ocrx_word' id='word_1_705' title='bbox 2979 4491 3249 4558; x_wconf 83' lang='lat' dir='ltr'><strong>Acceptum</strong></span> <span class='ocrx_word' id='word_1_706' title='bbox 3277 4508 3455 4560; x_wconf 84' lang='lat' dir='ltr'><strong>partem</strong></span> <span class='ocrx_word' id='word_1_707' title='bbox 3469 4508 3652 4566; x_wconf 87' lang='lat' dir='ltr'><strong>corpus</strong></span> <span class='ocrx_word' id='word_1_708' title='bbox 3666 4510 3814 4548; x_wconf 86' lang='lat' dir='ltr'><strong>suum</strong></span> <span class='ocrx_word' id='word_1_709' title='bbox 3830 4498 3952 4566; x_wconf 77' lang='lat' dir='ltr'><strong>fecit</strong></span> <span class='ocrx_word' id='word_1_710' title='bbox 3977 4499 4057 4551; x_wconf 86' lang='lat' dir='ltr'><strong>di-</strong></span> 
     </span>
    </p>
   </div>
   <div class='ocr_carea' id='block_1_90' title="bbox 2463 4558 4058 4632">
    <p class='ocr_par' dir='ltr' id='par_1_93' title="bbox 2463 4558 4058 4632">
     <span class='ocr_line' id='line_1_99' title="bbox 2463 4558 4058 4632; baseline 0.008 -20"><span class='ocrx_word' id='word_1_711' title='bbox 2463 4561 2641 4624; x_wconf 85' lang='lat' dir='ltr'><strong>cendo,</strong></span> <span class='ocrx_word' id='word_1_712' title='bbox 2669 4558 2777 4612; x_wconf 83' lang='lat' dir='ltr'><strong>Hoc</strong></span> <span class='ocrx_word' id='word_1_713' title='bbox 2799 4569 2868 4632; x_wconf 75' lang='lat' dir='ltr'><strong>est</strong></span> <span class='ocrx_word' id='word_1_714' title='bbox 2882 4576 3064 4628; x_wconf 91' lang='lat' dir='ltr'><strong>corpus</strong></span> <span class='ocrx_word' id='word_1_715' title='bbox 3077 4577 3258 4624; x_wconf 81' lang='lat' dir='ltr'><strong>meum,</strong></span> <span class='ocrx_word' id='word_1_716' title='bbox 3277 4558 3460 4632; x_wconf 82' lang='lat' dir='ltr'><strong>aperte</strong></span> <span class='ocrx_word' id='word_1_717' title='bbox 3480 4558 3671 4617; x_wconf 86' lang='lat' dir='ltr'><strong>indicat</strong></span> <span class='ocrx_word' id='word_1_718' title='bbox 3687 4558 3841 4630; x_wconf 78' lang='lat' dir='ltr'><strong>panis</strong></span> <span class='ocrx_word' id='word_1_719' title='bbox 3862 4570 4058 4624; x_wconf 86' lang='lat' dir='ltr'><strong>realem</strong></span> 
     </span>
    </p>
   </div>
   <div class='ocr_carea' id='block_1_91' title="bbox 786 4628 4056 4706">
    <p class='ocr_par' dir='ltr' id='par_1_94' title="bbox 786 4628 4056 4706">
     <span class='ocr_line' id='line_1_100' title="bbox 786 4628 4056 4706; baseline -0.002 -9"><span class='ocrx_word' id='word_1_720' title='bbox 786 4653 841 4699; x_wconf 91' lang='lat' dir='ltr'><strong>et</strong></span> <span class='ocrx_word' id='word_1_721' title='bbox 868 4657 961 4696; x_wconf 92' lang='lat' dir='ltr'><strong>an.</strong></span> <span class='ocrx_word' id='word_1_722' title='bbox 991 4628 1084 4702; x_wconf 48' lang='grc' dir='ltr'><strong>ΞΜ</strong></span> <span class='ocrx_word' id='word_1_723' title='bbox 1114 4651 1219 4706; x_wconf 90' lang='lat' dir='ltr'><strong>quo</strong></span> <span class='ocrx_word' id='word_1_724' title='bbox 1245 4629 1744 4706; x_wconf 69' lang='lat' dir='ltr'><strong>cujuslibetordinis</strong></span> <span class='ocrx_word' id='word_1_725' title='bbox 1789 4628 1997 4706; x_wconf 77' lang='lat' dir='ltr'><strong>clericis</strong></span> <span class='ocrx_word' id='word_1_726' title='bbox 2024 4628 2362 4685; x_wconf 77' lang='lat' dir='ltr'><strong>interdicitur</strong></span> <span class='ocrx_word' id='word_1_727' title='bbox 2395 4638 2447 4697; x_wconf 90' lang='grc' dir='ltr'>Ι)</span> <span class='ocrx_word' id='word_1_728' title='bbox 2475 4631 2823 4706; x_wconf 83' lang='lat' dir='ltr'><strong>mutationem</strong></span> <span class='ocrx_word' id='word_1_729' title='bbox 2855 4630 2904 4706; x_wconf 83' lang='lat' dir='ltr'><strong>in</strong></span> <span class='ocrx_word' id='word_1_730' title='bbox 2946 4645 3141 4706; x_wconf 83' lang='lat' dir='ltr'><strong>corpus</strong></span> <span class='ocrx_word' id='word_1_731' title='bbox 3168 4628 3401 4706; x_wconf 74' lang='lat' dir='ltr'><strong>Christi;</strong></span> <span class='ocrx_word' id='word_1_732' title='bbox 3434 4633 3558 4687; x_wconf 91' lang='lat' dir='ltr'><strong>illud</strong></span> <span class='ocrx_word' id='word_1_733' title='bbox 3588 4628 3764 4706; x_wconf 81' lang='lat' dir='ltr'><strong>autem</strong></span> <span class='ocrx_word' id='word_1_734' title='bbox 3795 4655 3810 4691; x_wconf 92' lang='lat'><strong>:</strong></span> <span class='ocrx_word' id='word_1_735' title='bbox 3841 4636 3913 4690; x_wconf 87' lang='lat' dir='ltr'><strong>Id</strong></span> <span class='ocrx_word' id='word_1_736' title='bbox 3941 4649 4012 4692; x_wconf 87' lang='lat' dir='ltr'><strong>est</strong></span> <span class='ocrx_word' id='word_1_737' title='bbox 4039 4680 4056 4703; x_wconf 89' lang='lat'><strong>,</strong></span> 
     </span>
    </p>
   </div>
   <div class='ocr_carea' id='block_1_92' title="bbox 785 4700 2370 4775">
    <p class='ocr_par' dir='ltr' id='par_1_95' title="bbox 785 4700 2370 4775">
     <span class='ocr_line' id='line_1_101' title="bbox 785 4700 2370 4775; baseline -0.006 -9"><span class='ocrx_word' id='word_1_738' title='bbox 785 4718 857 4775; x_wconf 70' lang='grc' dir='ltr'><strong>εἰς</strong></span> <span class='ocrx_word' id='word_1_739' title='bbox 884 4700 1379 4772; x_wconf 60' lang='grc' dir='ltr'><strong>καπηλεῖενέἱσιάνᾷιι.</strong></span> <span class='ocrx_word' id='word_1_740' title='bbox 1411 4702 1538 4775; x_wconf 71' lang='lat' dir='ltr'><strong>Qua:</strong></span> <span class='ocrx_word' id='word_1_741' title='bbox 1568 4700 1744 4775; x_wconf 82' lang='lat' dir='ltr'><strong>omnia</strong></span> <span class='ocrx_word' id='word_1_742' title='bbox 1773 4700 1909 4768; x_wconf 92' lang='lat' dir='ltr'><strong>apud</strong></span> <span class='ocrx_word' id='word_1_743' title='bbox 1936 4711 2145 4775; x_wconf 82' lang='lat' dir='ltr'><strong>veteres</strong></span> <span class='ocrx_word' id='word_1_744' title='bbox 2166 4712 2370 4775; x_wconf 62' lang='lat' dir='ltr'><strong>contra</strong></span> 
     </span>
    </p>
   </div>
   <div class='ocr_carea' id='block_1_93' title="bbox 788 4770 2370 4845">
    <p class='ocr_par' dir='ltr' id='par_1_96' title="bbox 788 4770 2370 4845">
     <span class='ocr_line' id='line_1_102' title="bbox 788 4770 2370 4845; baseline -0.009 -5"><span class='ocrx_word' id='word_1_745' title='bbox 788 4770 1108 4840; x_wconf 80' lang='lat' dir='ltr'><strong>clericorum</strong></span> <span class='ocrx_word' id='word_1_746' title='bbox 1136 4774 1680 4845; x_wconf 77' lang='lat' dir='ltr'><strong>intemperantiamet</strong></span> <span class='ocrx_word' id='word_1_747' title='bbox 1714 4770 1908 4845; x_wconf 44' lang='grc' dir='ltr'><strong>Διιλιψη</strong></span> <span class='ocrx_word' id='word_1_748' title='bbox 1941 4772 2138 4841; x_wconf 90' lang='lat' dir='ltr'><strong>passim</strong></span> <span class='ocrx_word' id='word_1_749' title='bbox 2165 4771 2370 4845; x_wconf 83' lang='lat' dir='ltr'><strong>haben-</strong></span> 
     </span>
    </p>
   </div>
   <div class='ocr_carea' id='block_1_94' title="bbox 791 4839 2372 4934">
    <p class='ocr_par' dir='ltr' id='par_1_97' title="bbox 791 4839 2372 4934">
     <span class='ocr_line' id='line_1_103' title="bbox 791 4839 2372 4934; baseline 0.003 -2"><span class='ocrx_word' id='word_1_750' title='bbox 791 4839 910 4909; x_wconf 61' lang='lat' dir='ltr'><strong>tur:</strong></span> <span class='ocrx_word' id='word_1_751' title='bbox 941 4854 1056 4934; x_wconf 70' lang='lat' dir='ltr'><strong>lese</strong></span> <span class='ocrx_word' id='word_1_752' title='bbox 1082 4849 1241 4934; x_wconf 60' lang='grc' dir='ltr'><strong>θρίξιτ</strong></span> <span class='ocrx_word' id='word_1_753' title='bbox 1270 4839 2372 4934; x_wconf 51' lang='lat' dir='ltr'><strong>illisréerdifilit&#39;lﬁé&#39;iimsﬂti“&quot;-</strong></span> 
     </span>
    </p>
   </div>
   <div class='ocr_carea' id='block_1_95' title="bbox 790 4911 2259 4997">
    <p class='ocr_par' dir='ltr' id='par_1_98' title="bbox 790 4911 2259 4997">
     <span class='ocr_line' id='line_1_104' title="bbox 790 4911 2259 4997; baseline -0.01 -16"><span class='ocrx_word' id='word_1_754' title='bbox 790 4911 1042 4997; x_wconf 63' lang='lat' dir='ltr'><strong>gonensis</strong></span> <span class='ocrx_word' id='word_1_755' title='bbox 1068 4911 1249 4990; x_wconf 78' lang='lat' dir='ltr'><strong>postea</strong></span> <span class='ocrx_word' id='word_1_756' title='bbox 1278 4917 1448 4997; x_wconf 63' lang='lat' dir='ltr'><strong>Iactus</strong></span> <span class='ocrx_word' id='word_1_757' title='bbox 1476 4922 1558 4997; x_wconf 72' lang='lat' dir='ltr'><strong>est</strong></span> <span class='ocrx_word' id='word_1_758' title='bbox 1586 4911 2023 4997; x_wconf 74' lang='lat' dir='ltr'><strong>A_rehidiaconus.</strong></span> <span class='ocrx_word' id='word_1_759' title='bbox 2054 4912 2131 4967; x_wconf 79' lang='lat' dir='ltr'><strong>LE</strong></span> <span class='ocrx_word' id='word_1_760' title='bbox 2150 4911 2259 4997; x_wconf 30' lang='lat' dir='ltr'><strong>’Pn.</strong></span> 
     </span>
    </p>
   </div>
   <div class='ocr_carea' id='block_1_96' title="bbox 863 4984 2369 5108">
    <p class='ocr_par' dir='ltr' id='par_1_99' title="bbox 863 4984 2369 5108">
     <span class='ocr_line' id='line_1_105' title="bbox 863 4984 2369 5108; baseline -0.013 -57"><span class='ocrx_word' id='word_1_761' title='bbox 863 4995 940 5068; x_wconf 87' lang='lat' dir='ltr'><strong>(b)</strong></span> <span class='ocrx_word' id='word_1_762' title='bbox 971 4984 1253 5048; x_wconf 78' lang='lat' dir='ltr'><strong>Elcéonem.</strong></span> <span class='ocrx_word' id='word_1_763' title='bbox 1278 4986 1333 5042; x_wconf 92' lang='lat' dir='ltr'><strong>Id</strong></span> <span class='ocrx_word' id='word_1_764' title='bbox 1349 4993 1452 5052; x_wconf 88' lang='lat' dir='ltr'><strong>est,</strong></span> <span class='ocrx_word' id='word_1_765' title='bbox 1482 4984 1755 5049; x_wconf 90' lang='lat' dir='ltr'><strong>olivetum,</strong></span> <span class='ocrx_word' id='word_1_766' title='bbox 1783 4997 1814 5036; x_wconf 90' lang='lat' dir='ltr'><strong>a</strong></span> <span class='ocrx_word' id='word_1_767' title='bbox 1835 4996 1968 5038; x_wconf 89' lang='lat' dir='ltr'><strong>voce</strong></span> <span class='ocrx_word' id='word_1_768' title='bbox 1999 4998 2170 5108; x_wconf 56' lang='lat' dir='ltr'><strong>graelga</strong></span> <span class='ocrx_word' id='word_1_769' title='bbox 2194 4993 2369 5040; x_wconf 72' lang='grc' dir='ltr'><strong>ελαισν,</strong></span> 
     </span>
     <span class='ocr_line' id='line_1_106' title="bbox 2142 5071 2227 5108; baseline 0 0"><span class='ocrx_word' id='word_1_770' title='bbox 2142 5071 2227 5108; x_wconf 83' lang='lat' dir='ltr'><strong>nn.</strong></span> 
     </span>
    </p>
   </div>
   <div class='ocr_carea' id='block_1_97' title="bbox 2142 5071 2227 5110">
    <p class='ocr_par' dir='ltr' id='par_1_100' title="bbox 2142 5071 2227 5110">
     <span class='ocr_line' id='line_1_107' title="bbox 2142 5071 2227 5110; baseline 0 -1"><span class='ocrx_word' id='word_1_771' title='bbox 2142 5071 2227 5110; x_wconf 87' lang='lat' dir='ltr'><strong>DD.</strong></span> 
     </span>
    </p>
   </div>
   <div class='ocr_carea' id='block_1_98' title="bbox 857 5125 2370 5203">
    <p class='ocr_par' dir='ltr' id='par_1_101' title="bbox 857 5125 2370 5203">
     <span class='ocr_line' id='line_1_108' title="bbox 857 5125 2370 5203; baseline -0.008 -10"><span class='ocrx_word' id='word_1_772' title='bbox 857 5135 1008 5193; x_wconf 81' lang='lat' dir='ltr'><strong>CAP.</strong></span> <span class='ocrx_word' id='word_1_773' title='bbox 1024 5134 1139 5190; x_wconf 88' lang='lat' dir='ltr'><strong>XL.</strong></span> <span class='ocrx_word' id='word_1_774' title='bbox 1153 5162 1225 5172; x_wconf 95' lang='lat'><strong>—</strong></span> <span class='ocrx_word' id='word_1_775' title='bbox 1237 5129 1310 5203; x_wconf 90' lang='lat' dir='ltr'><strong>(c)</strong></span> <span class='ocrx_word' id='word_1_776' title='bbox 1327 5128 1392 5182; x_wconf 81' lang='lat' dir='ltr'><strong>Id</strong></span> <span class='ocrx_word' id='word_1_777' title='bbox 1406 5137 1498 5193; x_wconf 89' lang='lat' dir='ltr'><strong>est,</strong></span> <span class='ocrx_word' id='word_1_778' title='bbox 1513 5127 1676 5203; x_wconf 76' lang='lat' dir='ltr'><strong>ﬁgura</strong></span> <span class='ocrx_word' id='word_1_779' title='bbox 1689 5126 1914 5203; x_wconf 75' lang='lat' dir='ltr'><strong>corporis</strong></span> <span class='ocrx_word' id='word_1_780' title='bbox 1935 5127 2052 5180; x_wconf 89' lang='lat' dir='ltr'><strong>mei.</strong></span> <span class='ocrx_word' id='word_1_781' title='bbox 2069 5125 2194 5203; x_wconf 60' lang='lat' dir='ltr'><strong>Haec</strong></span> <span class='ocrx_word' id='word_1_782' title='bbox 2209 5125 2370 5203; x_wconf 81' lang='lat' dir='ltr'><strong>verba</strong></span> 
     </span>
    </p>
   </div>
   <div class='ocr_carea' id='block_1_99' title="bbox 791 5196 2370 5274">
    <p class='ocr_par' dir='ltr' id='par_1_102' title="bbox 791 5196 2370 5274">
     <span class='ocr_line' id='line_1_109' title="bbox 791 5196 2370 5274; baseline -0.009 -10"><span class='ocrx_word' id='word_1_783' title='bbox 791 5226 896 5264; x_wconf 89' lang='lat' dir='ltr'><strong>non</strong></span> <span class='ocrx_word' id='word_1_784' title='bbox 916 5196 1255 5274; x_wconf 80' lang='lat' dir='ltr'><strong>intelligenda</strong></span> <span class='ocrx_word' id='word_1_785' title='bbox 1266 5196 1391 5257; x_wconf 87' lang='lat' dir='ltr'><strong>sunt</strong></span> <span class='ocrx_word' id='word_1_786' title='bbox 1418 5208 1474 5253; x_wconf 92' lang='lat' dir='ltr'><strong>ut</strong></span> <span class='ocrx_word' id='word_1_787' title='bbox 1492 5196 1676 5274; x_wconf 76' lang='lat' dir='ltr'><strong>volunt</strong></span> <span class='ocrx_word' id='word_1_788' title='bbox 1701 5196 2027 5274; x_wconf 57' lang='lat' dir='ltr'><strong>Calvinistg,</strong></span> <span class='ocrx_word' id='word_1_789' title='bbox 2050 5197 2241 5274; x_wconf 78' lang='lat' dir='ltr'><strong>quibus</strong></span> <span class='ocrx_word' id='word_1_790' title='bbox 2270 5197 2370 5274; x_wconf 81' lang='lat' dir='ltr'><strong>hoc</strong></span> 
     </span>
    </p>
   </div>
   <div class='ocr_carea' id='block_1_100' title="bbox 790 5267 2370 5343">
    <p class='ocr_par' dir='ltr' id='par_1_103' title="bbox 790 5267 2370 5343">
     <span class='ocr_line' id='line_1_110' title="bbox 790 5267 2370 5343; baseline -0.007 -8"><span class='ocrx_word' id='word_1_791' title='bbox 790 5283 928 5343; x_wconf 90' lang='lat' dir='ltr'><strong>loco,</strong></span> <span class='ocrx_word' id='word_1_792' title='bbox 964 5288 1018 5333; x_wconf 90' lang='lat' dir='ltr'><strong>et</strong></span> <span class='ocrx_word' id='word_1_793' title='bbox 1044 5267 1174 5329; x_wconf 69' lang='lat' dir='ltr'><strong>alias</strong></span> <span class='ocrx_word' id='word_1_794' title='bbox 1200 5281 1494 5343; x_wconf 62' lang='lat' dir='ltr'><strong>pra-terea,</strong></span> <span class='ocrx_word' id='word_1_795' title='bbox 1536 5268 1757 5343; x_wconf 82' lang='lat' dir='ltr'><strong>nimium</strong></span> <span class='ocrx_word' id='word_1_796' title='bbox 1804 5268 1933 5343; x_wconf 69' lang='lat' dir='ltr'><strong>favit</strong></span> <span class='ocrx_word' id='word_1_797' title='bbox 1960 5267 2239 5338; x_wconf 85' lang='lat' dir='ltr'><strong>Rigaltius,</strong></span> <span class='ocrx_word' id='word_1_798' title='bbox 2272 5267 2370 5325; x_wconf 90' lang='lat' dir='ltr'><strong>sed</strong></span> 
     </span>
    </p>
   </div>
   <div class='ocr_carea' id='block_1_101' title="bbox 790 5337 2364 5422">
    <p class='ocr_par' dir='ltr' id='par_1_104' title="bbox 790 5337 2364 5422">
     <span class='ocr_line' id='line_1_111' title="bbox 790 5337 2364 5422; baseline -0.006 -19"><span class='ocrx_word' id='word_1_799' title='bbox 790 5337 1236 5422; x_wconf 80' lang='lat' dir='ltr'><strong>quemadmodum</strong></span> <span class='ocrx_word' id='word_1_800' title='bbox 1251 5359 1313 5422; x_wconf 79' lang='lat' dir='ltr'><strong>ea</strong></span> <span class='ocrx_word' id='word_1_801' title='bbox 1331 5339 1560 5422; x_wconf 76' lang='lat' dir='ltr'><strong>intelligi</strong></span> <span class='ocrx_word' id='word_1_802' title='bbox 1569 5337 1798 5421; x_wconf 72' lang='lat' dir='ltr'><strong>postulat</strong></span> <span class='ocrx_word' id='word_1_803' title='bbox 1812 5337 2047 5422; x_wconf 87' lang='lat' dir='ltr'><strong>ipsorum</strong></span> <span class='ocrx_word' id='word_1_804' title='bbox 2062 5349 2364 5422; x_wconf 38' lang='lat' dir='ltr'><strong>context-us,</strong></span> 
     </span>
    </p>
   </div>
   <div class='ocr_carea' id='block_1_102' title="bbox 788 5409 2367 5488">
    <p class='ocr_par' dir='ltr' id='par_1_105' title="bbox 788 5409 2367 5488">
     <span class='ocr_line' id='line_1_112' title="bbox 788 5409 2367 5488; baseline -0.008 -10"><span class='ocrx_word' id='word_1_805' title='bbox 788 5409 842 5478; x_wconf 72' lang='lat' dir='ltr'><strong>et</strong></span> <span class='ocrx_word' id='word_1_806' title='bbox 857 5421 1224 5488; x_wconf 85' lang='lat' dir='ltr'><strong>explicuerunt</strong></span> <span class='ocrx_word' id='word_1_807' title='bbox 1238 5412 1465 5488; x_wconf 79' lang='lat' dir='ltr'><strong>theologi</strong></span> <span class='ocrx_word' id='word_1_808' title='bbox 1481 5409 1750 5488; x_wconf 51' lang='lat' dir='ltr'><strong>pplemici,</strong></span> <span class='ocrx_word' id='word_1_809' title='bbox 1764 5410 1903 5465; x_wconf 88' lang='lat' dir='ltr'><strong>inter</strong></span> <span class='ocrx_word' id='word_1_810' title='bbox 1927 5425 2060 5488; x_wconf 83' lang='lat' dir='ltr'><strong>quos</strong></span> <span class='ocrx_word' id='word_1_811' title='bbox 2073 5411 2367 5488; x_wconf 77' lang='lat' dir='ltr'><strong>doctissimi</strong></span> 
     </span>
    </p>
   </div>
   <div class='ocr_carea' id='block_1_103' title="bbox 788 5480 2362 5549">
    <p class='ocr_par' dir='ltr' id='par_1_106' title="bbox 788 5480 2362 5549">
     <span class='ocr_line' id='line_1_113' title="bbox 788 5480 2362 5549; baseline -0.008 -2"><span class='ocrx_word' id='word_1_812' title='bbox 788 5480 1086 5547; x_wconf 78' lang='lat' dir='ltr'><strong>cardinales</strong></span> <span class='ocrx_word' id='word_1_813' title='bbox 1115 5485 1402 5541; x_wconf 91' lang='lat' dir='ltr'><strong>Perronius</strong></span> <span class='ocrx_word' id='word_1_814' title='bbox 1423 5480 1859 5537; x_wconf 85' lang='lat' dir='ltr'><strong>etBellarminus</strong></span> <span class='ocrx_word' id='word_1_815' title='bbox 1887 5480 2362 5549; x_wconf 87' lang='lat' dir='ltr'><strong>primasobtineut.</strong></span> 
     </span>
    </p>
   </div>
   <div class='ocr_carea' id='block_1_104' title="bbox 789 5551 2365 5620">
    <p class='ocr_par' dir='ltr' id='par_1_107' title="bbox 789 5551 2365 5620">
     <span class='ocr_line' id='line_1_114' title="bbox 789 5551 2365 5620; baseline -0.008 -2"><span class='ocrx_word' id='word_1_816' title='bbox 789 5563 1144 5618; x_wconf 87' lang='lat' dir='ltr'><strong>Posteriorem</strong></span> <span class='ocrx_word' id='word_1_817' title='bbox 1168 5561 1361 5612; x_wconf 90' lang='lat' dir='ltr'><strong>citasse</strong></span> <span class='ocrx_word' id='word_1_818' title='bbox 1381 5552 1636 5608; x_wconf 80' lang='lat' dir='ltr'><strong>sufﬁciat:</strong></span> <span class='ocrx_word' id='word_1_819' title='bbox 1660 5571 1680 5602; x_wconf 76' lang='grc' dir='ltr'>ι</span> <span class='ocrx_word' id='word_1_820' title='bbox 1701 5551 1954 5617; x_wconf 84' lang='lat' dir='ltr'><strong>Sequitur</strong></span> <span class='ocrx_word' id='word_1_821' title='bbox 1973 5552 2204 5620; x_wconf 91' lang='lat' dir='ltr'><strong>(tertius)</strong></span> <span class='ocrx_word' id='word_1_822' title='bbox 2219 5553 2365 5605; x_wconf 91' lang='lat' dir='ltr'><strong>locus</strong></span> 
     </span>
    </p>
   </div>
   <div class='ocr_carea' id='block_1_105' title="bbox 787 5623 2361 5691">
    <p class='ocr_par' dir='ltr' id='par_1_108' title="bbox 787 5623 2361 5691">
     <span class='ocr_line' id='line_1_115' title="bbox 787 5623 2361 5691; baseline -0.01 -3"><span class='ocrx_word' id='word_1_823' title='bbox 787 5650 851 5688; x_wconf 84' lang='lat' dir='ltr'><strong>ex</strong></span> <span class='ocrx_word' id='word_1_824' title='bbox 884 5634 974 5687; x_wconf 87' lang='lat' dir='ltr'><strong>lib.</strong></span> <span class='ocrx_word' id='word_1_825' title='bbox 1019 5630 1083 5686; x_wconf 71' lang='grc' dir='ltr'><strong>ιγ</strong></span> <span class='ocrx_word' id='word_1_826' title='bbox 1108 5639 1294 5684; x_wconf 90' lang='lat' dir='ltr'><strong>contra</strong></span> <span class='ocrx_word' id='word_1_827' title='bbox 1341 5625 1660 5678; x_wconf 81' lang='lat' dir='ltr'><strong>Marciancm</strong></span> <span class='ocrx_word' id='word_1_828' title='bbox 1686 5664 1700 5686; x_wconf 85' lang='lat'><strong>,</strong></span> <span class='ocrx_word' id='word_1_829' title='bbox 1730 5623 1818 5676; x_wconf 88' lang='lat' dir='ltr'><strong>ubi</strong></span> <span class='ocrx_word' id='word_1_830' title='bbox 1860 5626 1936 5675; x_wconf 90' lang='lat' dir='ltr'><strong>sic</strong></span> <span class='ocrx_word' id='word_1_831' title='bbox 1966 5623 2188 5691; x_wconf 81' lang='lat' dir='ltr'><strong>legimus</strong></span> <span class='ocrx_word' id='word_1_832' title='bbox 2215 5641 2227 5676; x_wconf 89' lang='lat'>:</span> <span class='ocrx_word' id='word_1_833' title='bbox 2260 5623 2361 5674; x_wconf 83' lang='lat' dir='ltr'><strong>Ac-</strong></span> 
     </span>
    </p>
   </div>
   <div class='ocr_carea' id='block_1_106' title="bbox 784 5693 2364 5774">
    <p class='ocr_par' dir='ltr' id='par_1_109' title="bbox 784 5693 2364 5774">
     <span class='ocr_line' id='line_1_116' title="bbox 784 5693 2364 5774; baseline -0.007 -18"><span class='ocrx_word' id='word_1_834' title='bbox 784 5715 981 5774; x_wconf 86' lang='lat' dir='ltr'><strong>ceptum</strong></span> <span class='ocrx_word' id='word_1_835' title='bbox 1010 5717 1211 5774; x_wconf 77' lang='lat' dir='ltr'><strong>partem,</strong></span> <span class='ocrx_word' id='word_1_836' title='bbox 1247 5710 1290 5752; x_wconf 90' lang='lat' dir='ltr'><strong>et</strong></span> <span class='ocrx_word' id='word_1_837' title='bbox 1323 5695 1641 5748; x_wconf 83' lang='lat' dir='ltr'><strong>distributum</strong></span> <span class='ocrx_word' id='word_1_838' title='bbox 1673 5693 1960 5774; x_wconf 74' lang='lat' dir='ltr'><strong>discipulis,</strong></span> <span class='ocrx_word' id='word_1_839' title='bbox 1995 5710 2198 5774; x_wconf 43' lang='lat' dir='ltr'><strong>.corpus</strong></span> <span class='ocrx_word' id='word_1_840' title='bbox 2219 5710 2364 5774; x_wconf 68' lang='lat' dir='ltr'><strong>suum</strong></span> 
     </span>
    </p>
   </div>
   <div class='ocr_carea' id='block_1_107' title="bbox 784 5763 2362 5841">
    <p class='ocr_par' dir='ltr' id='par_1_110' title="bbox 784 5763 2362 5841">
     <span class='ocr_line' id='line_1_117' title="bbox 784 5763 2362 5841; baseline -0.008 -14"><span class='ocrx_word' id='word_1_841' title='bbox 784 5763 926 5829; x_wconf 75' lang='lat' dir='ltr'><strong>illum</strong></span> <span class='ocrx_word' id='word_1_842' title='bbox 951 5763 1065 5841; x_wconf 69' lang='lat' dir='ltr'><strong>fecit</strong></span> <span class='ocrx_word' id='word_1_843' title='bbox 1089 5813 1101 5834; x_wconf 91' lang='lat'><strong>,</strong></span> <span class='ocrx_word' id='word_1_844' title='bbox 1155 5763 1265 5824; x_wconf 84' lang='lat' dir='ltr'><strong>Iloc</strong></span> <span class='ocrx_word' id='word_1_845' title='bbox 1295 5776 1590 5841; x_wconf 71' lang='lat' dir='ltr'><strong>estcorpus</strong></span> <span class='ocrx_word' id='word_1_846' title='bbox 1620 5779 1794 5817; x_wconf 88' lang='lat' dir='ltr'><strong>meum</strong></span> <span class='ocrx_word' id='word_1_847' title='bbox 1825 5763 2056 5841; x_wconf 79' lang='lat' dir='ltr'><strong>dicendo,</strong></span> <span class='ocrx_word' id='word_1_848' title='bbox 2096 5766 2149 5816; x_wconf 89' lang='lat' dir='ltr'><strong>id</strong></span> <span class='ocrx_word' id='word_1_849' title='bbox 2176 5776 2267 5841; x_wconf 80' lang='lat' dir='ltr'><strong>est,</strong></span> <span class='ocrx_word' id='word_1_850' title='bbox 2298 5765 2362 5830; x_wconf 84' lang='lat' dir='ltr'><strong>ﬁ-</strong></span> 
     </span>
    </p>
   </div>
   <div class='ocr_carea' id='block_1_108' title="bbox 787 5836 2363 5913">
    <p class='ocr_par' dir='ltr' id='par_1_111' title="bbox 787 5836 2363 5913">
     <span class='ocr_line' id='line_1_118' title="bbox 787 5836 2363 5913; baseline -0.003 -20"><span class='ocrx_word' id='word_1_851' title='bbox 787 5864 912 5913; x_wconf 70' lang='lat' dir='ltr'><strong>gnra</strong></span> <span class='ocrx_word' id='word_1_852' title='bbox 940 5836 1162 5913; x_wconf 67' lang='lat' dir='ltr'><strong>corporis</strong></span> <span class='ocrx_word' id='word_1_853' title='bbox 1190 5842 1304 5893; x_wconf 84' lang='lat' dir='ltr'><strong>mei.</strong></span> <span class='ocrx_word' id='word_1_854' title='bbox 1357 5836 1549 5913; x_wconf 67' lang='lat' dir='ltr'><strong>Figat-tt</strong></span> <span class='ocrx_word' id='word_1_855' title='bbox 1571 5845 1736 5913; x_wconf 73' lang='lat' dir='ltr'><strong>autem</strong></span> <span class='ocrx_word' id='word_1_856' title='bbox 1783 5851 1892 5913; x_wconf 35' lang='lat' dir='ltr'><strong>non.</strong></span> <span class='ocrx_word' id='word_1_857' title='bbox 1920 5837 2242 5913; x_wconf 74' lang='lat' dir='ltr'><strong>fuisset,_ttisi</strong></span> <span class='ocrx_word' id='word_1_858' title='bbox 2278 5852 2363 5888; x_wconf 77' lang='grc' dir='ltr'><strong>τε-</strong></span> 
     </span>
    </p>
   </div>
   <div class='ocr_carea' id='block_1_109' title="bbox 781 5906 2364 5984">
    <p class='ocr_par' dir='ltr' id='par_1_112' title="bbox 781 5906 2364 5984">
     <span class='ocr_line' id='line_1_119' title="bbox 781 5906 2364 5984; baseline -0.008 -11"><span class='ocrx_word' id='word_1_859' title='bbox 781 5906 943 5975; x_wconf 68' lang='grc' dir='ltr'><strong>ἱίίιαιὶε</strong></span> <span class='ocrx_word' id='word_1_860' title='bbox 960 5906 1083 5971; x_wconf 77' lang='lat' dir='ltr'><strong>esset</strong></span> <span class='ocrx_word' id='word_1_861' title='bbox 1113 5927 1395 5984; x_wconf 82' lang='lat' dir='ltr'><strong>corpus.-—</strong></span> <span class='ocrx_word' id='word_1_862' title='bbox 1416 5907 1735 5977; x_wconf 72' lang='lat' dir='ltr'><strong>Itespoudco</strong></span> <span class='ocrx_word' id='word_1_863' title='bbox 1769 5923 1780 5960; x_wconf 87' lang='lat'><strong>:</strong></span> <span class='ocrx_word' id='word_1_864' title='bbox 1815 5906 1992 5978; x_wconf 86' lang='lat' dir='ltr'><strong>priora</strong></span> <span class='ocrx_word' id='word_1_865' title='bbox 2027 5906 2186 5962; x_wconf 86' lang='lat' dir='ltr'><strong>verba</strong></span> <span class='ocrx_word' id='word_1_866' title='bbox 2211 5907 2364 5978; x_wconf 77' lang='lat' dir='ltr'><strong>hujus</strong></span> 
     </span>
    </p>
   </div>
   <div class='ocr_carea' id='block_1_110' title="bbox 2477 4701 4058 4774">
    <p class='ocr_par' dir='ltr' id='par_1_113' title="bbox 2477 4701 4058 4774">
     <span class='ocr_line' id='line_1_120' title="bbox 2477 4701 4058 4774; baseline 0.009 -22"><span class='ocrx_word' id='word_1_867' title='bbox 2477 4701 2642 4774; x_wconf 76' lang='lat' dir='ltr'><strong>ﬁgura</strong></span> <span class='ocrx_word' id='word_1_868' title='bbox 2666 4701 2893 4774; x_wconf 84' lang='lat' dir='ltr'><strong>corporis</strong></span> <span class='ocrx_word' id='word_1_869' title='bbox 2935 4703 3051 4766; x_wconf 88' lang='lat' dir='ltr'><strong>mei,</strong></span> <span class='ocrx_word' id='word_1_870' title='bbox 3095 4717 3200 4774; x_wconf 89' lang='lat' dir='ltr'><strong>nou</strong></span> <span class='ocrx_word' id='word_1_871' title='bbox 3241 4705 3502 4774; x_wconf 84' lang='lat' dir='ltr'><strong>signiﬁcat</strong></span> <span class='ocrx_word' id='word_1_872' title='bbox 3530 4707 3610 4774; x_wconf 92' lang='lat' dir='ltr'><strong>(ut</strong></span> <span class='ocrx_word' id='word_1_873' title='bbox 3638 4701 4058 4766; x_wconf 80' lang='lat' dir='ltr'><strong>Sacramentarii</strong></span> 
     </span>
    </p>
   </div>
   <div class='ocr_carea' id='block_1_111' title="bbox 2474 4771 4054 4848">
    <p class='ocr_par' dir='ltr' id='par_1_114' title="bbox 2474 4771 4054 4848">
     <span class='ocr_line' id='line_1_121' title="bbox 2474 4771 4054 4848; baseline 0.007 -24"><span class='ocrx_word' id='word_1_874' title='bbox 2474 4771 2722 4848; x_wconf 69' lang='lat' dir='ltr'><strong>credunt)</strong></span> <span class='ocrx_word' id='word_1_875' title='bbox 2775 4771 3362 4848; x_wconf 57' lang='lat' dir='ltr'><strong>panem_l‘:‘u_charisti:e</strong></span> <span class='ocrx_word' id='word_1_876' title='bbox 3411 4771 3775 4848; x_wconf 50' lang='lat' dir='ltr'><strong>esse&#39;Iiguram</strong></span> <span class='ocrx_word' id='word_1_877' title='bbox 3807 4785 4054 4848; x_wconf 90' lang='lat' dir='ltr'><strong>corporis</strong></span> 
     </span>
    </p>
   </div>
   <div class='ocr_carea' id='block_1_112' title="bbox 2475 4842 4058 4916">
    <p class='ocr_par' dir='ltr' id='par_1_115' title="bbox 2475 4842 4058 4916">
     <span class='ocr_line' id='line_1_122' title="bbox 2475 4842 4058 4916; baseline 0.006 -19"><span class='ocrx_word' id='word_1_878' title='bbox 2475 4842 2707 4908; x_wconf 90' lang='lat' dir='ltr'><strong>Domini,</strong></span> <span class='ocrx_word' id='word_1_879' title='bbox 2739 4842 2833 4897; x_wconf 88' lang='lat' dir='ltr'><strong>sed</strong></span> <span class='ocrx_word' id='word_1_880' title='bbox 2862 4843 3000 4912; x_wconf 89' lang='lat' dir='ltr'><strong>quod</strong></span> <span class='ocrx_word' id='word_1_881' title='bbox 3034 4843 3130 4916; x_wconf 79' lang='lat' dir='ltr'><strong>fuit</strong></span> <span class='ocrx_word' id='word_1_882' title='bbox 3151 4845 3276 4916; x_wconf 90' lang='lat' dir='ltr'><strong>olim</strong></span> <span class='ocrx_word' id='word_1_883' title='bbox 3309 4849 3472 4916; x_wconf 85' lang='lat' dir='ltr'><strong>ﬁgura</strong></span> <span class='ocrx_word' id='word_1_884' title='bbox 3500 4847 3550 4901; x_wconf 94' lang='lat' dir='ltr'><strong>in</strong></span> <span class='ocrx_word' id='word_1_885' title='bbox 3581 4842 3929 4904; x_wconf 83' lang='lat' dir='ltr'><strong>Testamento</strong></span> <span class='ocrx_word' id='word_1_886' title='bbox 3957 4852 4058 4908; x_wconf 75' lang='lat' dir='ltr'><strong>Ve-</strong></span> 
     </span>
    </p>
   </div>
   <div class='ocr_carea' id='block_1_113' title="bbox 2476 4915 4058 4984">
    <p class='ocr_par' dir='ltr' id='par_1_116' title="bbox 2476 4915 4058 4984">
     <span class='ocr_line' id='line_1_123' title="bbox 2476 4915 4058 4984; baseline 0.006 -17"><span class='ocrx_word' id='word_1_887' title='bbox 2476 4915 2598 4979; x_wconf 86' lang='lat' dir='ltr'><strong>teri,</strong></span> <span class='ocrx_word' id='word_1_888' title='bbox 2634 4928 2772 4968; x_wconf 89' lang='lat' dir='ltr'><strong>nunc</strong></span> <span class='ocrx_word' id='word_1_889' title='bbox 2800 4915 2850 4967; x_wconf 93' lang='lat' dir='ltr'><strong>in</strong></span> <span class='ocrx_word' id='word_1_890' title='bbox 2881 4915 3120 4984; x_wconf 89' lang='lat' dir='ltr'><strong>corporis</strong></span> <span class='ocrx_word' id='word_1_891' title='bbox 3149 4915 3426 4972; x_wconf 87' lang='lat' dir='ltr'><strong>veritatem</strong></span> <span class='ocrx_word' id='word_1_892' title='bbox 3453 4933 3573 4972; x_wconf 87' lang='lat' dir='ltr'><strong>esse</strong></span> <span class='ocrx_word' id='word_1_893' title='bbox 3603 4928 3888 4976; x_wconf 89' lang='lat' dir='ltr'><strong>mutatum.</strong></span> <span class='ocrx_word' id='word_1_894' title='bbox 3919 4923 4058 4977; x_wconf 88' lang='lat' dir='ltr'><strong>Cou-</strong></span> 
     </span>
    </p>
   </div>
   <div class='ocr_carea' id='block_1_114' title="bbox 2471 4985 4054 5056">
    <p class='ocr_par' dir='ltr' id='par_1_117' title="bbox 2471 4985 4054 5056">
     <span class='ocr_line' id='line_1_124' title="bbox 2471 4985 4054 5056; baseline 0.006 -17"><span class='ocrx_word' id='word_1_895' title='bbox 2471 4985 2716 5055; x_wconf 89' lang='lat' dir='ltr'><strong>jungitur</strong></span> <span class='ocrx_word' id='word_1_896' title='bbox 2763 4986 2906 5039; x_wconf 89' lang='lat' dir='ltr'><strong>enim</strong></span> <span class='ocrx_word' id='word_1_897' title='bbox 2954 4985 3104 5048; x_wconf 88' lang='lat' dir='ltr'><strong>illud,</strong></span> <span class='ocrx_word' id='word_1_898' title='bbox 3136 4985 3324 5056; x_wconf 0' lang='lat' dir='ltr'><strong>(ﬁgura</strong></span> <span class='ocrx_word' id='word_1_899' title='bbox 3373 4989 3598 5056; x_wconf 85' lang='lat' dir='ltr'><strong>corporis</strong></span> <span class='ocrx_word' id='word_1_900' title='bbox 3635 4990 3753 5054; x_wconf 87' lang='lat' dir='ltr'><strong>mei,</strong></span> <span class='ocrx_word' id='word_1_901' title='bbox 3790 5006 3898 5046; x_wconf 88' lang='lat' dir='ltr'><strong>non</strong></span> <span class='ocrx_word' id='word_1_902' title='bbox 3931 5007 4054 5048; x_wconf 86' lang='lat' dir='ltr'><strong>cum</strong></span> 
     </span>
    </p>
   </div>
   <div class='ocr_carea' id='block_1_115' title="bbox 2477 5055 4057 5127">
    <p class='ocr_par' dir='ltr' id='par_1_118' title="bbox 2477 5055 4057 5127">
     <span class='ocr_line' id='line_1_125' title="bbox 2477 5055 4057 5127; baseline 0.008 -21"><span class='ocrx_word' id='word_1_903' title='bbox 2477 5073 2606 5112; x_wconf 80' lang='lat' dir='ltr'><strong>voce</strong></span> <span class='ocrx_word' id='word_1_904' title='bbox 2646 5056 2885 5127; x_wconf 84' lang='lat' dir='ltr'><strong>proxime</strong></span> <span class='ocrx_word' id='word_1_905' title='bbox 2938 5055 3301 5124; x_wconf 73' lang='lat' dir='ltr'><strong>prmeedente,</strong></span> <span class='ocrx_word' id='word_1_906' title='bbox 3332 5055 3513 5127; x_wconf 83' lang='lat' dir='ltr'><strong>corpus</strong></span> <span class='ocrx_word' id='word_1_907' title='bbox 3561 5076 3725 5113; x_wconf 89' lang='lat' dir='ltr'><strong>meum</strong></span> <span class='ocrx_word' id='word_1_908' title='bbox 3748 5102 3762 5126; x_wconf 95' lang='lat'><strong>,</strong></span> <span class='ocrx_word' id='word_1_909' title='bbox 3811 5062 3908 5117; x_wconf 89' lang='lat' dir='ltr'><strong>sed</strong></span> <span class='ocrx_word' id='word_1_910' title='bbox 3935 5079 4057 5119; x_wconf 93' lang='lat' dir='ltr'><strong>cum</strong></span> 
     </span>
    </p>
   </div>
   <div class='ocr_carea' id='block_1_116' title="bbox 2473 5125 4058 5200">
    <p class='ocr_par' dir='ltr' id='par_1_119' title="bbox 2473 5125 4058 5200">
     <span class='ocr_line' id='line_1_126' title="bbox 2473 5125 4058 5200; baseline 0.008 -22"><span class='ocrx_word' id='word_1_911' title='bbox 2473 5125 2790 5196; x_wconf 80' lang='lat' dir='ltr'><strong>pronomine</strong></span> <span class='ocrx_word' id='word_1_912' title='bbox 2824 5125 3043 5200; x_wconf 18' lang='lat' dir='ltr'><strong>Iloc,‘ut</strong></span> <span class='ocrx_word' id='word_1_913' title='bbox 3066 5127 3133 5200; x_wconf 82' lang='lat' dir='ltr'><strong>sit</strong></span> <span class='ocrx_word' id='word_1_914' title='bbox 3173 5127 3258 5200; x_wconf 87' lang='lat' dir='ltr'><strong>hic</strong></span> <span class='ocrx_word' id='word_1_915' title='bbox 3285 5125 3509 5200; x_wconf 82' lang='lat' dir='ltr'><strong>sensus:</strong></span> <span class='ocrx_word' id='word_1_916' title='bbox 3541 5125 3832 5200; x_wconf 84' lang='lat' dir='ltr'><strong>Acceptum</strong></span> <span class='ocrx_word' id='word_1_917' title='bbox 3861 5148 4058 5200; x_wconf 86' lang='lat' dir='ltr'><strong>panem</strong></span> 
     </span>
    </p>
   </div>
   <div class='ocr_carea' id='block_1_117' title="bbox 2474 5196 4060 5271">
    <p class='ocr_par' dir='ltr' id='par_1_120' title="bbox 2474 5196 4060 5271">
     <span class='ocr_line' id='line_1_127' title="bbox 2474 5196 4060 5271; baseline 0.008 -21"><span class='ocrx_word' id='word_1_918' title='bbox 2474 5212 2669 5271; x_wconf 79' lang='lat' dir='ltr'><strong>corpus</strong></span> <span class='ocrx_word' id='word_1_919' title='bbox 2697 5213 2848 5271; x_wconf 80' lang='lat' dir='ltr'><strong>suum</strong></span> <span class='ocrx_word' id='word_1_920' title='bbox 2884 5196 3040 5271; x_wconf 76' lang='lat' dir='ltr'><strong>fecit,</strong></span> <span class='ocrx_word' id='word_1_921' title='bbox 3068 5198 3334 5254; x_wconf 89' lang='lat' dir='ltr'><strong>dicendo:</strong></span> <span class='ocrx_word' id='word_1_922' title='bbox 3367 5199 3496 5264; x_wconf 83' lang='lat' dir='ltr'><strong>Hoc,</strong></span> <span class='ocrx_word' id='word_1_923' title='bbox 3531 5201 3582 5256; x_wconf 94' lang='lat' dir='ltr'><strong>id</strong></span> <span class='ocrx_word' id='word_1_924' title='bbox 3609 5196 3711 5267; x_wconf 77' lang='lat' dir='ltr'><strong>est,</strong></span> <span class='ocrx_word' id='word_1_925' title='bbox 3742 5196 3899 5271; x_wconf 80' lang='lat' dir='ltr'><strong>panis</strong></span> <span class='ocrx_word' id='word_1_926' title='bbox 3926 5248 3942 5270; x_wconf 90' lang='lat'><strong>,</strong></span> <span class='ocrx_word' id='word_1_927' title='bbox 3977 5215 4060 5262; x_wconf 88' lang='lat' dir='ltr'><strong>est</strong></span> 
     </span>
    </p>
   </div>
   <div class='ocr_carea' id='block_1_118' title="bbox 2472 5267 4059 5391">
    <p class='ocr_par' dir='ltr' id='par_1_121' title="bbox 2472 5267 4059 5391">
     <span class='ocr_line' id='line_1_128' title="bbox 2472 5267 4059 5391; baseline 0.008 -71"><span class='ocrx_word' id='word_1_928' title='bbox 2472 5269 2561 5338; x_wconf 90' lang='lat' dir='ltr'><strong>qui</strong></span> <span class='ocrx_word' id='word_1_929' title='bbox 2592 5269 2716 5321; x_wconf 87' lang='lat' dir='ltr'><strong>olim</strong></span> <span class='ocrx_word' id='word_1_930' title='bbox 2766 5268 2863 5348; x_wconf 79' lang='lat' dir='ltr'><strong>fuit</strong></span> <span class='ocrx_word' id='word_1_931' title='bbox 2912 5267 3073 5337; x_wconf 89' lang='lat' dir='ltr'><strong>ﬁgura</strong></span> <span class='ocrx_word' id='word_1_932' title='bbox 3107 5271 3349 5391; x_wconf 61' lang='lat' dir='ltr'><strong>corporis</strong></span> <span class='ocrx_word' id='word_1_933' title='bbox 3379 5272 3480 5325; x_wconf 89' lang='lat' dir='ltr'><strong>mei</strong></span> <span class='ocrx_word' id='word_1_934' title='bbox 3507 5313 3524 5336; x_wconf 93' lang='lat'><strong>,</strong></span> <span class='ocrx_word' id='word_1_935' title='bbox 3571 5288 3712 5326; x_wconf 91' lang='lat' dir='ltr'><strong>nunc</strong></span> <span class='ocrx_word' id='word_1_936' title='bbox 3741 5267 3826 5328; x_wconf 79' lang='lat' dir='ltr'><strong>est</strong></span> <span class='ocrx_word' id='word_1_937' title='bbox 3855 5267 4059 5346; x_wconf 83' lang='lat' dir='ltr'><strong>corpus</strong></span> 
     </span>
     <span class='ocr_line' id='line_1_129' title="bbox 2473 5339 4054 5391; baseline 0 0"><span class='ocrx_word' id='word_1_938' title='bbox 2473 5355 2650 5391; x_wconf 85' lang='lat' dir='ltr'><strong>meum</strong></span> <span class='ocrx_word' id='word_1_939' title='bbox 2679 5357 2691 5391; x_wconf 89' lang='lat'><strong>:</strong></span> <span class='ocrx_word' id='word_1_940' title='bbox 2725 5339 2810 5391; x_wconf 84' lang='lat' dir='ltr'><strong>ubi</strong></span> <span class='ocrx_word' id='word_1_941' title='bbox 2845 5354 3136 5391; x_wconf 78' lang='lat' dir='ltr'><strong>pronomen</strong></span> <span class='ocrx_word' id='word_1_942' title='bbox 3173 5339 3199 5391; x_wconf 88' lang='grc' dir='ltr'><strong><em>Ι</em></strong></span> <span class='ocrx_word' id='word_1_943' title='bbox 3228 5358 3306 5391; x_wconf 86' lang='lat' dir='ltr'><strong>ac-</strong></span> <span class='ocrx_word' id='word_1_944' title='bbox 3334 5342 3667 5391; x_wconf 81' lang='lat' dir='ltr'><strong>demonstrat</strong></span> <span class='ocrx_word' id='word_1_945' title='bbox 3697 5359 3911 5391; x_wconf 78' lang='lat' dir='ltr'><strong>nanem-</strong></span> <span class='ocrx_word' id='word_1_946' title='bbox 3951 5362 4054 5391; x_wconf 89' lang='lat' dir='ltr'><strong>nnn</strong></span> 
     </span>
    </p>
   </div>
   <div class='ocr_carea' id='block_1_119' title="bbox 2473 5339 4057 5412">
    <p class='ocr_par' dir='ltr' id='par_1_122' title="bbox 2473 5339 4057 5412">
     <span class='ocr_line' id='line_1_130' title="bbox 2473 5339 4057 5412; baseline 0.006 -19"><span class='ocrx_word' id='word_1_947' title='bbox 2473 5355 2650 5394; x_wconf 90' lang='lat' dir='ltr'><strong>meum</strong></span> <span class='ocrx_word' id='word_1_948' title='bbox 2679 5357 2691 5392; x_wconf 89' lang='lat'><strong>:</strong></span> <span class='ocrx_word' id='word_1_949' title='bbox 2725 5339 2810 5394; x_wconf 88' lang='lat' dir='ltr'><strong>ubi</strong></span> <span class='ocrx_word' id='word_1_950' title='bbox 2845 5354 3136 5412; x_wconf 84' lang='lat' dir='ltr'><strong>pronomen</strong></span> <span class='ocrx_word' id='word_1_951' title='bbox 3173 5339 3307 5406; x_wconf 86' lang='lat' dir='ltr'><strong>Iloc,</strong></span> <span class='ocrx_word' id='word_1_952' title='bbox 3334 5342 3667 5398; x_wconf 89' lang='lat' dir='ltr'><strong>demonstrat</strong></span> <span class='ocrx_word' id='word_1_953' title='bbox 3697 5359 3914 5412; x_wconf 89' lang='lat' dir='ltr'><strong>panem,</strong></span> <span class='ocrx_word' id='word_1_954' title='bbox 3950 5339 4057 5402; x_wconf 76' lang='lat' dir='ltr'><strong>non</strong></span> 
     </span>
    </p>
   </div>
   <div class='ocr_carea' id='block_1_120' title="bbox 2471 5411 4057 5481">
    <p class='ocr_par' dir='ltr' id='par_1_123' title="bbox 2471 5411 4057 5481">
     <span class='ocr_line' id='line_1_131' title="bbox 2471 5411 4057 5481; baseline 0.006 -18"><span class='ocrx_word' id='word_1_955' title='bbox 2471 5412 2560 5480; x_wconf 92' lang='lat' dir='ltr'><strong>qui</strong></span> <span class='ocrx_word' id='word_1_956' title='bbox 2592 5419 2791 5473; x_wconf 89' lang='lat' dir='ltr'><strong>manet,</strong></span> <span class='ocrx_word' id='word_1_957' title='bbox 2819 5411 2912 5465; x_wconf 84' lang='lat' dir='ltr'><strong>sed</strong></span> <span class='ocrx_word' id='word_1_958' title='bbox 2943 5412 3030 5479; x_wconf 91' lang='lat' dir='ltr'><strong>qui</strong></span> <span class='ocrx_word' id='word_1_959' title='bbox 3072 5420 3324 5476; x_wconf 89' lang='lat' dir='ltr'><strong>mutatur,</strong></span> <span class='ocrx_word' id='word_1_960' title='bbox 3355 5422 3411 5466; x_wconf 93' lang='lat' dir='ltr'><strong>ut</strong></span> <span class='ocrx_word' id='word_1_961' title='bbox 3434 5429 3596 5481; x_wconf 89' lang='lat' dir='ltr'><strong>supra</strong></span> <span class='ocrx_word' id='word_1_962' title='bbox 3621 5411 3879 5471; x_wconf 82' lang='lat' dir='ltr'><strong>diximus.</strong></span> <span class='ocrx_word' id='word_1_963' title='bbox 3899 5411 3977 5457; x_wconf 55' lang='lat'><strong>4—</strong></span> <span class='ocrx_word' id='word_1_964' title='bbox 4002 5417 4057 5472; x_wconf 90' lang='lat' dir='ltr'><strong>Id</strong></span> 
     </span>
    </p>
   </div>
   <div class='ocr_carea' id='block_1_121' title="bbox 2471 5481 4058 5560">
    <p class='ocr_par' dir='ltr' id='par_1_124' title="bbox 2471 5481 4058 5560">
     <span class='ocr_line' id='line_1_132' title="bbox 2471 5481 4058 5560; baseline 0.007 -27"><span class='ocrx_word' id='word_1_965' title='bbox 2471 5489 2647 5560; x_wconf 76' lang='lat' dir='ltr'><strong>autetn</strong></span> <span class='ocrx_word' id='word_1_966' title='bbox 2681 5482 2880 5560; x_wconf 66' lang='lat' dir='ltr'><strong>itaesse</strong></span> <span class='ocrx_word' id='word_1_967' title='bbox 2913 5481 3164 5550; x_wconf 91' lang='lat' dir='ltr'><strong>probatur</strong></span> <span class='ocrx_word' id='word_1_968' title='bbox 3194 5483 3366 5560; x_wconf 79' lang='lat' dir='ltr'><strong>primo</strong></span> <span class='ocrx_word' id='word_1_969' title='bbox 3394 5499 3459 5537; x_wconf 85' lang='lat' dir='ltr'><strong>ex</strong></span> <span class='ocrx_word' id='word_1_970' title='bbox 3491 5485 3601 5560; x_wconf 81' lang='lat' dir='ltr'><strong>illis</strong></span> <span class='ocrx_word' id='word_1_971' title='bbox 3623 5485 3803 5560; x_wconf 85' lang='lat' dir='ltr'><strong>verbis</strong></span> <span class='ocrx_word' id='word_1_972' title='bbox 3831 5502 4058 5558; x_wconf 83' lang='lat' dir='ltr'><strong>sequen-</strong></span> 
     </span>
    </p>
   </div>
   <div class='ocr_carea' id='block_1_122' title="bbox 2472 5551 4056 5624">
    <p class='ocr_par' dir='ltr' id='par_1_125' title="bbox 2472 5551 4056 5624">
     <span class='ocr_line' id='line_1_133' title="bbox 2472 5551 4056 5624; baseline 0.008 -22"><span class='ocrx_word' id='word_1_973' title='bbox 2472 5551 2646 5606; x_wconf 86' lang='lat' dir='ltr'><strong>tibus.</strong></span> <span class='ocrx_word' id='word_1_974' title='bbox 2689 5553 2855 5624; x_wconf 64' lang='lat' dir='ltr'><strong>ﬁgura</strong></span> <span class='ocrx_word' id='word_1_975' title='bbox 2907 5561 3076 5604; x_wconf 85' lang='lat' dir='ltr'><strong>autent</strong></span> <span class='ocrx_word' id='word_1_976' title='bbox 3123 5568 3223 5605; x_wconf 88' lang='lat' dir='ltr'><strong>non</strong></span> <span class='ocrx_word' id='word_1_977' title='bbox 3262 5555 3458 5624; x_wconf 80' lang='lat' dir='ltr'><strong>fuisset,</strong></span> <span class='ocrx_word' id='word_1_978' title='bbox 3499 5557 3601 5608; x_wconf 84' lang='lat' dir='ltr'><strong>nisi</strong></span> <span class='ocrx_word' id='word_1_979' title='bbox 3651 5557 3878 5610; x_wconf 83' lang='lat' dir='ltr'><strong>veritatis</strong></span> <span class='ocrx_word' id='word_1_980' title='bbox 3915 5551 4056 5614; x_wconf 63' lang='grc' dir='ltr'><strong>ἐκεί</strong></span> 
     </span>
    </p>
   </div>
   <div class='ocr_carea' id='block_1_123' title="bbox 2469 5622 4047 5696">
    <p class='ocr_par' dir='ltr' id='par_1_126' title="bbox 2469 5622 4047 5696">
     <span class='ocr_line' id='line_1_134' title="bbox 2469 5622 4047 5696; baseline 0.007 -24"><span class='ocrx_word' id='word_1_981' title='bbox 2469 5637 2669 5696; x_wconf 77' lang='lat' dir='ltr'><strong>corpus.</strong></span> <span class='ocrx_word' id='word_1_982' title='bbox 2698 5622 2752 5676; x_wconf 93' lang='lat' dir='ltr'><strong>Si</strong></span> <span class='ocrx_word' id='word_1_983' title='bbox 2769 5623 2908 5676; x_wconf 90' lang='lat' dir='ltr'><strong>enim</strong></span> <span class='ocrx_word' id='word_1_984' title='bbox 2929 5637 3023 5696; x_wconf 86' lang='lat' dir='ltr'><strong>per</strong></span> <span class='ocrx_word' id='word_1_985' title='bbox 3041 5622 3270 5696; x_wconf 87' lang='lat' dir='ltr'><strong>ﬁguram</strong></span> <span class='ocrx_word' id='word_1_986' title='bbox 3294 5626 3610 5696; x_wconf 81' lang='lat' dir='ltr'><strong>intelligeret</strong></span> <span class='ocrx_word' id='word_1_987' title='bbox 3630 5626 4047 5692; x_wconf 81' lang='lat' dir='ltr'><strong>Eucharistiatn,</strong></span> 
     </span>
    </p>
   </div>
   <div class='ocr_carea' id='block_1_124' title="bbox 2471 5693 4052 5770">
    <p class='ocr_par' dir='ltr' id='par_1_127' title="bbox 2471 5693 4052 5770">
     <span class='ocr_line' id='line_1_135' title="bbox 2471 5693 4052 5770; baseline 0.006 -26"><span class='ocrx_word' id='word_1_988' title='bbox 2471 5707 2574 5745; x_wconf 87' lang='lat' dir='ltr'><strong>non</strong></span> <span class='ocrx_word' id='word_1_989' title='bbox 2602 5693 2824 5770; x_wconf 67' lang='lat' dir='ltr'><strong>diceret,</strong></span> <span class='ocrx_word' id='word_1_990' title='bbox 2855 5709 2958 5770; x_wconf 57' lang='lat' dir='ltr'><strong>non</strong></span> <span class='ocrx_word' id='word_1_991' title='bbox 2986 5694 3330 5770; x_wconf 12' lang='lat' dir='ltr'><strong>[uisset‘hscd</strong></span> <span class='ocrx_word' id='word_1_992' title='bbox 3369 5693 3481 5770; x_wconf 71' lang='lat' dir='ltr'><strong>non</strong></span> <span class='ocrx_word' id='word_1_993' title='bbox 3502 5708 3658 5770; x_wconf 80' lang='lat' dir='ltr'><strong>esset,</strong></span> <span class='ocrx_word' id='word_1_994' title='bbox 3694 5697 3935 5770; x_wconf 73' lang='lat' dir='ltr'><strong>loquitur</strong></span> <span class='ocrx_word' id='word_1_995' title='bbox 3962 5702 4052 5770; x_wconf 84' lang='lat' dir='ltr'><strong>igi-</strong></span> 
     </span>
    </p>
   </div>
   <div class='ocr_carea' id='block_1_125' title="bbox 2472 5763 4049 5837">
    <p class='ocr_par' dir='ltr' id='par_1_128' title="bbox 2472 5763 4049 5837">
     <span class='ocr_line' id='line_1_136' title="bbox 2472 5763 4049 5837; baseline 0.008 -23"><span class='ocrx_word' id='word_1_996' title='bbox 2472 5772 2555 5837; x_wconf 80' lang='lat' dir='ltr'><strong>tur</strong></span> <span class='ocrx_word' id='word_1_997' title='bbox 2583 5763 2649 5817; x_wconf 90' lang='lat' dir='ltr'><strong>de</strong></span> <span class='ocrx_word' id='word_1_998' title='bbox 2676 5766 2836 5837; x_wconf 68' lang='lat' dir='ltr'><strong>ﬁgura</strong></span> <span class='ocrx_word' id='word_1_999' title='bbox 2854 5763 3177 5837; x_wconf 87' lang='lat' dir='ltr'><strong>Testamenti</strong></span> <span class='ocrx_word' id='word_1_1000' title='bbox 3206 5765 3429 5831; x_wconf 87' lang='lat' dir='ltr'><strong>Veteris,</strong></span> <span class='ocrx_word' id='word_1_1001' title='bbox 3456 5784 3573 5837; x_wconf 76' lang='lat' dir='ltr'><strong>qua:</strong></span> <span class='ocrx_word' id='word_1_1002' title='bbox 3599 5769 3716 5822; x_wconf 89' lang='lat' dir='ltr'><strong>sine</strong></span> <span class='ocrx_word' id='word_1_1003' title='bbox 3741 5768 3906 5823; x_wconf 84' lang='lat' dir='ltr'><strong>dubio</strong></span> <span class='ocrx_word' id='word_1_1004' title='bbox 3931 5763 4049 5826; x_wconf 53' lang='lat' dir='ltr'><strong>\e&#39;ra</strong></span> 
     </span>
    </p>
   </div>
   <div class='ocr_carea' id='block_1_126' title="bbox 2473 5834 4043 5908">
    <p class='ocr_par' dir='ltr' id='par_1_129' title="bbox 2473 5834 4043 5908">
     <span class='ocr_line' id='line_1_137' title="bbox 2473 5834 4043 5908; baseline 0.006 -22"><span class='ocrx_word' id='word_1_1005' title='bbox 2473 5834 2636 5908; x_wconf 64' lang='lat' dir='ltr'><strong>ﬁgura</strong></span> <span class='ocrx_word' id='word_1_1006' title='bbox 2667 5851 2769 5908; x_wconf 84' lang='lat' dir='ltr'><strong>non</strong></span> <span class='ocrx_word' id='word_1_1007' title='bbox 2801 5834 3008 5908; x_wconf 79' lang='lat' dir='ltr'><strong>fuisset,</strong></span> <span class='ocrx_word' id='word_1_1008' title='bbox 3043 5836 3142 5889; x_wconf 84' lang='lat' dir='ltr'><strong>nisi</strong></span> <span class='ocrx_word' id='word_1_1009' title='bbox 3168 5852 3362 5905; x_wconf 88' lang='lat' dir='ltr'><strong>corpus</strong></span> <span class='ocrx_word' id='word_1_1010' title='bbox 3391 5834 3574 5892; x_wconf 82' lang='lat' dir='ltr'><strong>verttm</strong></span> <span class='ocrx_word' id='word_1_1011' title='bbox 3595 5841 3641 5893; x_wconf 91' lang='lat' dir='ltr'><strong>ei</strong></span> <span class='ocrx_word' id='word_1_1012' title='bbox 3666 5844 4043 5908; x_wconf 86' lang='lat' dir='ltr'><strong>responderet.</strong></span> 
     </span>
    </p>
   </div>
   <div class='ocr_carea' id='block_1_127' title="bbox 2470 5905 4046 5983">
    <p class='ocr_par' dir='ltr' id='par_1_130' title="bbox 2470 5905 4046 5983">
     <span class='ocr_line' id='line_1_138' title="bbox 2470 5905 4046 5983; baseline 0.004 -23"><span class='ocrx_word' id='word_1_1013' title='bbox 2470 5935 2539 5947; x_wconf 90' lang='lat'><strong>—-</strong></span> <span class='ocrx_word' id='word_1_1014' title='bbox 2561 5905 2809 5962; x_wconf 87' lang='lat' dir='ltr'><strong>Secundo</strong></span> <span class='ocrx_word' id='word_1_1015' title='bbox 2841 5905 2978 5961; x_wconf 89' lang='lat' dir='ltr'><strong>idem</strong></span> <span class='ocrx_word' id='word_1_1016' title='bbox 3003 5916 3147 5976; x_wconf 89' lang='lat' dir='ltr'><strong>patet</strong></span> <span class='ocrx_word' id='word_1_1017' title='bbox 3174 5923 3239 5964; x_wconf 83' lang='lat' dir='ltr'><strong>ex</strong></span> <span class='ocrx_word' id='word_1_1018' title='bbox 3265 5908 3438 5965; x_wconf 79' lang='lat' dir='ltr'><strong>verbis</strong></span> <span class='ocrx_word' id='word_1_1019' title='bbox 3474 5910 3632 5982; x_wconf 88' lang='lat' dir='ltr'><strong>paulo</strong></span> <span class='ocrx_word' id='word_1_1020' title='bbox 3660 5905 3799 5968; x_wconf 76' lang='lat' dir='ltr'><strong>intra</strong></span> <span class='ocrx_word' id='word_1_1021' title='bbox 3825 5927 4046 5983; x_wconf 86' lang='lat' dir='ltr'><strong>sequen-</strong></span> 
     </span>
    </p>
   </div>
  </div>
