4268 6492
755 404 860 461 465

2160 401 2620 460 TERTULIJANI

3933 403 4038 458 464

754 524 959 581 culum,
999 516 1268 587 ncgationi
1317 516 1494 586 potius
1520 515 1861 583 chtinando,
1903 517 2128 571 zelotem
2169 517 2337 571 Deum
2369 520 2413 578 Λ
2446 533 2655 586 quoque
2694 519 3067 588 interroganti,
3124 521 3199 575 'l'u
3246 536 3296 574 cs
3337 519 3612 574 Christus?
3656 518 3911 589 proinde,
3959 518 4041 571 Tu

753 608 847 664 tibi
875 608 1129 665 ostendit.
1156 608 1339 664 Debuit
1364 610 1517 664 etiam
1546 610 1718 665 osculo
1742 611 1877 664 trudi
1894 610 1965 682 (a)
2000 610 2343 681 propheticus

753 700 960 756 scilicet
1001 700 1269 766 Christus,
1313 710 1369 755 ut
1420 701 1536 771 ejus
1566 701 1771 757 scilicet
1816 702 1979 769 ﬁlius,
2020 703 2109 772 qui
2140 703 2286 757 labiis
2311 720 2345 757 a

753 792 946 862 populo
987 790 1291 863 diligebatur
1321 790 1423 865 (Is.
1466 790 1686 863 XXIX).
1719 792 2011 848 Perductus
2040 794 2089 848 in
2115 807 2342 849 conses-

753 901 910 956 sum,
941 902 1008 942 an
1060 888 1174 959 ipse
1222 898 1366 945 esset
1411 888 1660 945 Christus
1704 890 2081 959 interrogatur.
2124 888 2199 944 De
2235 900 2343 957 quo

750 979 969 1033 Christo
995 977 1163 1035 Juda-i
1187 980 1529 1050 qua-sissent,
1563 979 1665 1034 nisi
1690 980 1758 1035 de
1781 982 1919 1035 suo?
1947 978 2054 1035 Cur
2080 994 2208 1048 ergo
2234 996 2341 1035 non

748 1072 833 1127 vel
864 1080 989 1127 tunc
1009 1072 1170 1126 alium
1198 1071 1278 1128 eis
1306 1071 1583 1143 prodidit?
1642 1071 1708 1127 Ut
1738 1072 1844 1141 pati
1891 1081 2091 1140 posset,
2142 1071 2339 1141 inquis.

751 1164 809 1221 Id
834 1176 938 1230 est,
981 1174 1039 1220 ut
1071 1166 1162 1224 ille
1216 1166 1457 1236 Optimus
1500 1165 1812 1237 ignorantes
1858 1164 2034 1219 adhuc.
2084 1164 2135 1217 in
2167 1163 2341 1218 scelus

750 1266 1037 1328 mergeret.
1069 1257 1266 1327 Atquin
1311 1266 1366 1312 et
1411 1258 1455 1312 si
1498 1257 1743 1323 dixisset,
1787 1269 2043 1327 passurus
2072 1266 2235 1311 esset.
2280 1254 2341 1309 Si

748 1349 925 1403 dixero
946 1349 1098 1415 enim,
1128 1350 1315 1420 inquit,
1345 1350 1503 1416 vobis,
1533 1366 1634 1404 non
1657 1350 1865 1403 credetis
1891 1349 1993 1419 (I).
2039 1348 2205 1403 Porro
2233 1362 2338 1402 non

747 1442 1033 1508 credituri,
1061 1451 1499 1513 perseverassent
1524 1442 1574 1496 in
1616 1457 1798 1496 necem
1830 1441 1967 1510 ejus.
2028 1440 2089 1494 Et
2116 1456 2211 1494 cur
2233 1456 2337 1493 uou

748 1537 921 1609 magis
974 1552 1228 1607 passurus
1271 1547 1431 1602 esset,
1477 1537 1521 1590 si
1569 1538 1791 1591 alterius
1818 1535 1932 1599 Dei,
1966 1549 2027 1587 ac
2068 1549 2162 1603 per
2196 1534 2294 1587 hoc
2319 1572 2334 1599 ,

748 1629 1119 1687 adversarium
1151 1629 1423 1685 Creatoris
1456 1628 1537 1700 (2)
1579 1626 2017 1683 maniiestassct?
2063 1624 2200 1693 Ergo
2232 1640 2336 1679 non

749 1732 1046 1793 pateretur,
1066 1721 1229 1775 alium
1249 1736 1306 1776 se
1325 1732 1444 1775 tunc
1466 1735 1676 1791 quoque
1698 1718 2000 1789 supersedit
2020 1716 2333 1772 ostendere:

749 1826 806 1870 ttt
836 1813 931 1870 sed
983 1814 1233 1884 quoniam
1261 1812 1339 1883 (5)
1372 1828 1436 1867 ex
1469 1826 1562 1866 ore
1594 1811 1707 1881 ejus
1730 1811 2123 1865 confessionem
2146 1818 2335 1863 extor-

2446 610 2573 663 dicis
2597 628 2616 674 ;
2649 625 2715 665 ne
2742 620 2885 666 metu
2921 614 3198 680 potestatis
3226 612 3534 667 viderentur
3560 611 3788 681 atnplius
3810 626 4039 679 rCSpou-

2445 703 2609 759 disse.
2649 703 2983 758 Coustitutus
3009 713 3092 759 est
3134 705 3292 773 igitur
3332 703 3588 758 Dominus
3619 705 3671 757 in
3698 703 3925 772 judicio.
3972 702 4039 754 Iit

2444 796 2621 849 statuit
2661 796 2710 848 in
2732 796 2932 865 judicio
2963 796 3211 867 populum
3236 812 3406 851 suum.
3437 795 3561 865 Ipse
3589 794 3840 848 Dominus
3865 796 3917 847 in
3943 795 4038 863 ju-

2445 886 2632 939 dicium
2658 889 2788 939 venit
2821 887 2902 957 (9)
2934 904 3045 940 cum
3079 889 3380 958 presbyteris
3406 897 3451 941 et
3471 886 3801 942 archontibus
3832 886 4037 955 populi,

2444 976 2738 1032 secundum
2790 977 2999 1032 Esaiam
3053 977 3206 1049 (ls.,
3262 978 3368 1043 III,
3424 976 3560 1045 I5).
3602 979 3775 1047 Atque
3839 975 4041 1031 exinde

2444 1084 2605 1123 omne
2649 1069 2907 1137 scriptum
2946 1070 3208 1138 passionis
3238 1084 3348 1125 sua:
3380 1069 3639 1140 implevit.
3690 1067 4041 1122 'l'uinultuaue

2444 1170 2560 1213 sunt
2587 1159 2780 1215 ibidem
2822 1161 3051 1216 nationes
3079 1204 3093 1229 ,
3136 1172 3182 1216 et
3222 1162 3401 1233 populi
3433 1162 3661 1216 meditati
3698 1172 3813 1215 sunt
3859 1162 4040 1215 inania

2447 1256 2463 1323 (
2501 1250 2593 1305 Ps.
2649 1252 2687 1307 ll
2716 1294 2730 1315 ,
2768 1254 2790 1308 I
2830 1254 2873 1323 ).
2918 1254 3194 1308 Astitcrunt
3245 1272 3384 1326 reges
3442 1266 3623 1320 terrw,
3676 1266 3722 1309 et
3762 1256 4040 1311 are/tonics

2442 1346 2735 1415 congregati
2760 1347 2949 1401 suntin
2979 1364 3137 1401 unum
3162 1348 3405 1404 adversus
3435 1348 3709 1404 Dominum
3734 1390 3749 1415 ,
3781 1359 3826 1404 et
3852 1351 4040 1404 adrer-

2443 1453 2526 1489 sus
2558 1437 2814 1491 Christum
2840 1440 2952 1511 ejus
2983 1455 3001 1494 :
3032 1442 3307 1509 nationes,
3341 1442 3565 1497 Romani
3597 1444 3687 1513 qui
3713 1458 3834 1498 cum
3860 1444 4039 1498 Pilato

2441 1530 2681 1596 fuerant;
2731 1534 2950 1602 populi,
2983 1534 3151 1589 tribus
3194 1535 3440 1601 Israelis;
3475 1552 3627 1604 reges
3650 1578 3664 1602 ,
3715 1538 3765 1592 in
3798 1537 4035 1602 Ilerode;

2441 1622 2759 1687 arehontes,
2803 1627 3108 1681 insomniis
3151 1628 3538 1684 sacerdotibus.
3590 1629 3720 1684 Nam
3746 1641 3802 1685 et
3832 1631 4036 1686 IIcrodi

2441 1714 2584 1770 velut
2629 1732 2823 1772 munus
2864 1734 2893 1773 a
2939 1719 3110 1774 Pilato
3159 1722 3396 1787 missus,
3446 1724 3585 1778 Osee
3617 1726 3835 1781 vocibus
3872 1725 4035 1780 iidem

2442 1807 2712 1874 reddidit;
2755 1810 2823 1865 de
2853 1811 3068 1867 Christo
3094 1813 3236 1867 enim
3268 1816 3684 1885 prophetaverat
3734 1818 3751 1889 (
3786 1817 3908 1883 0s.,
3951 1817 3995 1872 X
4018 1859 4033 1882 ,

746 1920 912 1976 quere
940 1904 1247 1974 cupiebant,
1296 1919 1395 1958 nec
1429 1907 1676 1959 confesso
1708 1914 1884 1956 tamen
1930 1901 2177 1956 credituri
2203 1943 2215 1965 ,
2241 1900 2330 1969 qui
2361 1912 2409 1973 Β
2440 1896 2473 1953 6
2499 1897 2518 1968 )
2554 1916 2565 1952 :
2593 1899 2659 1953 Et
2688 1900 2907 1955 vinctum
2936 1919 3047 1956 cum
3076 1905 3261 1958 ducent
3306 1907 3511 1959 rreuium
3550 1909 3673 1977 regi.
3724 1908 4036 1964 Delectatus

742 2013 866 2052 cum
898 2012 963 2052 ex
994 1997 1244 2065 operibus
1273 1996 1572 2065 Scripturas
1604 1995 2019 2065 adimpleutibus
2052 1994 2333 2063 agnovisse

743 2089 1076 2155 debuerant;
1109 2091 1177 2144 ita
1218 2089 1333 2159 ejus
1362 2088 1458 2143 fuit
1498 2089 1799 2143 occultasse
1826 2102 1885 2143 se
1905 2129 1920 2153 ,
1953 2088 2035 2142 cui
2066 2087 2207 2141 ultro
2236 2086 2331 2140 de-

744 2181 967 2237 bebatur
1020 2182 1242 2251 agnitio.
1278 2181 1340 2235 Et
1397 2188 1573 2235 tamen
1606 2180 1780 2234 adhuc
1806 2179 1885 2233 eis
1912 2194 2125 2232 manum
2160 2178 2332 2246 porri-

738 2287 906 2342 gens:
940 2273 1155 2340 Abhinc,
1211 2273 1377 2342 inquit
1407 2314 1421 2339 ,
1473 2272 1566 2325 erit
1607 2270 1776 2325 Filius
1817 2270 2034 2324 hominis
2061 2269 2235 2323 sedens
2265 2270 2333 2323 ad

742 2366 1007 2419 dexteram
1036 2364 1231 2417 virtutis
1259 2362 1377 2417 Dei.
1417 2363 1747 2433 Suggerehat
1787 2363 1929 2416 enim
1954 2376 2012 2416 se
2042 2377 2105 2415 ex
2140 2362 2331 2416 Danie-

740 2456 809 2512 Iis
839 2456 1144 2525 (Dau.,\'ll)
1176 2456 1452 2528 prophetia
1486 2454 1672 2509 Filium
1708 2455 1954 2519 hominis,
1992 2464 2040 2509 et
2071 2470 2101 2508 e
2128 2455 2332 2524 psalmo

741 2548 861 2621 (I’s.
891 2549 1030 2621 CIX)
1058 2550 1244 2616 David,
1277 2548 1554 2604 sedentem
1584 2547 1647 2601 ad
1688 2546 1965 2603 dexteram
2000 2546 2114 2600 Dei.
2150 2545 2331 2617 Itaque

735 2659 805 2700 ex
864 2644 966 2701 isto
1026 2644 1169 2700 dicto
1230 2653 1283 2699 ct
1344 2643 1633 2713 Scriptura:
1688 2643 2082 2711 comparatione
2138 2642 2329 2697 illumi-

736 2738 848 2793 nati
906 2752 1064 2808 quem
1113 2753 1172 2793 se
1226 2736 1386 2792 vellet
1450 2737 1671 2806 intelligi
1730 2734 1972 2806 :Ergo,
2036 2736 2326 2806 inquiunt,

739 2838 795 2884 tu
844 2826 938 2883 Dei
993 2827 1163 2882 Filius
1215 2827 1320 2882 es?
1369 2826 1535 2897 Cujus
1592 2826 1730 2893 Dei,
1789 2827 1888 2880 nisi
1934 2841 2090 2896 quem
2156 2827 2327 2881 solum

739 2920 1057 2977 noverant?
1128 2919 1293 2988 Cujus
1367 2918 1502 2981 Dei,
1582 2917 1683 2972 nisi
1760 2933 1919 2986 quem
1990 2919 2040 2972 in
2122 2916 2329 2986 psalmo

743 3012 1320 3070 meminerautdixisse
1340 3012 1448 3067 lilio
1478 3026 1575 3066 suo
1598 3029 1609 3064 :
1630 3010 1766 3066 Sede
1790 3011 1857 3063 ad
1885 3012 2115 3065 dextram
2139 3012 2329 3064 meum?

741 3108 850 3165 Sed
879 3107 1155 3179 respondit
1188 3125 1203 3163 :
1250 3108 1346 3163 Vos
1373 3108 1541 3162 dicitis
1570 3107 1691 3177 quia
1725 3122 1814 3176 ego
1838 3122 1948 3160 sum
1978 3107 2079 3175 (4).
2130 3107 2326 3177 Atquin

735 3200 1076 3256 conﬁrmavit
1102 3198 1152 3254 id
1181 3214 1239 3253 se
1270 3213 1391 3254 csse
1414 3199 1554 3267 quod
1580 3198 1651 3251 illi
1683 3196 1948 3260 dixerant,
1978 3198 2103 3250 dum
2139 3214 2324 3253 rursus

2437 2000 2519 2044 est
2548 1990 2778 2060 denique
2808 1992 3045 2049 Ilcrodes
3074 1994 3189 2049 viso
3219 1995 3345 2051 Jcsu
3371 2038 3383 2060 ,
3431 2012 3531 2052 nec
3557 2013 3740 2053 vocem
3770 2000 3934 2054 ullam
3965 2002 4034 2055 alt

2436 2095 2502 2135 eo
2527 2080 2747 2136 audivit.
2777 2081 3043 2150 Tanquam
3067 2102 3231 2154 agnus
3256 2088 3399 2141 enim
3426 2104 3600 2142 coram
3628 2089 3867 2143 tondente
3892 2130 3908 2156 ,
3953 2091 4029 2145 sic

2437 2190 2538 2227 non
2574 2176 2774 2243 aperuit
2804 2192 2860 2229 os
2886 2194 3031 2231 suum
3073 2180 3091 2249 (
3122 2178 3224 2245 ls.,
3265 2178 3418 2247 XIII,
3451 2182 3481 2234 7
3515 2184 3532 2249 )
3560 2199 3575 2247 ;
3620 2182 3742 2253 quia
3773 2182 4032 2237 Dominus

2435 2267 2643 2323 dederat
2692 2270 2772 2323 illi
2823 2270 3051 2341 linguam
3095 2273 3418 2342 disciplima,
3476 2284 3531 2327 ut
3579 2276 3727 2329 sciret
3774 2276 4033 2345 quommlo

2434 2378 2547 2416 cum
2573 2374 2825 2429 oporteret
2857 2369 3087 2433 proferre
3114 2382 3395 2420 sermonem
3439 2368 3456 2437 (
3491 2366 3569 2420 Is.
3598 2408 3612 2430 ,
3642 2369 3705 2431 L,
3734 2369 3769 2423 4
3801 2369 3841 2439 ).
3876 2368 4027 2424 Illam

2434 2453 2637 2508 scilicet
2662 2454 2917 2524 linguam,
2945 2472 3103 2526 quam
3144 2458 3194 2511 in
3224 2457 3437 2512 Psahno
3466 2458 3585 2531 (l’s.
3620 2458 3806 2530 XLVI)
3836 2461 4029 2533 agglu-

2436 2545 2654 2601 tinatam
2682 2548 2883 2617 gutturi
2908 2564 3004 2605 suo
3029 2559 3153 2605 tunc
3184 2552 3457 2620 probabat,
3496 2566 3601 2607 non
3632 2552 3923 2623 loquendo.
3956 2554 4025 2607 I-It

2433 2641 2698 2695 Barrabas
2727 2643 2941 2711 quidem
2972 2644 3386 2699 nocentissimus
3409 2685 3425 2712 ,
3479 2646 3587 2700 vita
3629 2655 3687 2700 ut
3715 2646 3891 2701 boutts
3930 2646 4031 2701 do-

2433 2743 2628 2798 natur;
2663 2732 2908 2787 Christus
2934 2750 3061 2788 vero
3084 2735 3415 2804 justissimus
3439 2777 3454 2799 ,
3482 2746 3538 2790 ut
3566 2736 3833 2791 homicida
3866 2738 4029 2791 morti

2432 2827 2818 2895 expostulalut‘.
2855 2827 2930 2897 (li)
2976 2827 3081 2883 Sed
3112 2838 3166 2882 et
3194 2828 3302 2882 duo
3327 2828 3541 2883 scelesti
3583 2830 4031 2900 circumliguutur

2431 2919 2545 2984 illi,
2582 2930 2637 2974 ut
2667 2920 2806 2974 inter
2847 2922 3054 2991 iniquos
3095 2922 3301 2976 scilicet
3342 2921 3708 2990 deputaretur.
3754 2922 4018 2977 Vestitqu

2433 3010 2585 3080 plane
2626 3010 2741 3075 ejus
2775 3008 2889 3081 (l0)
2917 3008 3171 3063 militibus
3192 3008 3429 3063 divisum
3467 3008 3606 3080 (II),
3640 3010 3832 3080 partim
3871 3023 4026 3067 sorte

2430 3118 2765 3165 concessum,
2800 3101 3032 3155 Marcion
3064 3101 3310 3165 abstulit,
3346 3101 3640 3170 respiciens
3667 3103 3865 3158 I’salmi
3894 3120 4028 3173 pru-

2432 3194 2662 3263 phetiam
2722 3196 2740 3265 (
2776 3192 2863 3246 l’s.
2912 3192 3070 3257 XXI,
3107 3192 3172 3247 l9
3202 3192 3243 3261 ),
3276 3191 3542 3261 Dispertiti
3588 3194 3682 3248 sibi
3726 3207 3845 3248 sunt
3876 3198 4030 3250 vesti-

735 3293 1089 3363 intcrrogant.
1141 3289 1293 3347 Unde
1319 3301 1499 3345 autem
1532 3290 1780 3359 probabis
1813 3289 2189 3359 interrogative
2215 3333 2228 3355 ,
2270 3301 2323 3345 et
2351 3302 2395 3364 ρ
2431 3295 2601 3339 menta
2631 3302 2762 3351 mea,
2791 3296 2834 3337 ct
2865 3286 2916 3337 iu
2948 3284 3178 3337 vestitum
3206 3299 3373 3336 meum
3400 3293 3581 3337 sortem
3614 3284 3878 3340 miserunt.
3905 3288 4025 3339 Au-

735 3397 843 3439 non
892 3384 1040 3455 ipsos
1065 3382 1433 3437 conﬁrmative
1462 3382 1837 3452 pronuntiasse
1862 3400 1874 3436 :
1905 3381 2044 3453 Ergo
2076 3394 2129 3437 tu
2158 3382 2325 3439 Filius

735 3473 837 3529 Dei
863 3490 915 3529 es
943 3475 968 3526 ?
1013 3473 1082 3529 Ut
1113 3473 1233 3544 quia
1273 3473 1488 3544 oblique
1537 3473 1843 3528 ostenderat
1872 3488 1929 3528 se
1960 3490 2055 3544 per
2082 3474 2324 3544 Scriptu-

734 3582 827 3623 ras
884 3565 1075 3621 Filium
1131 3566 1223 3620 Dei
1277 3563 1719 3635 intelligi-udum,
1767 3565 1844 3619 sic
1892 3565 2163 3621 senserint
2217 3568 2321 3635 (Si),

737 3658 878 3730 Ergo
906 3669 959 3713 tu
990 3658 1083 3713 Dei
1106 3675 1157 3712 es
1182 3656 1371 3719 Filius.
1401 3656 1544 3726 quod
1574 3666 1626 3711 te
1660 3674 1764 3711 non
1793 3656 1873 3711 vis
1899 3667 2083 3727 aperte
2112 3658 2323 3720 dicere;

735 3766 888 3821 reque
920 3750 999 3820 (6)
1026 3750 1096 3804 ita
1124 3759 1178 3804 et
1205 3748 1313 3811 ille,
1358 3747 1454 3802 νος
1486 3747 1673 3811 dicitis,
1708 3748 2083 3804 coulirmative
2106 3765 2327 3819 respon-

741 3840 821 3898 dit
846 3857 862 3908 ;
884 3852 937 3898 et
963 3841 1098 3897 adeo
1126 3840 1205 3895 sic
1232 3840 1326 3895 fuit
1360 3840 1721 3909 pronuntiatio
1748 3841 1885 3908 ejus,
1928 3852 1983 3895 ut
2010 3855 2323 3910 persevera-

741 3934 917 3990 verint
945 3933 998 3988 in
1026 3948 1113 3999 eo,
1145 3931 1284 4002 quod
1311 3932 1670 4001 pronuntiatio
1701 3931 1962 4001 sapiebat.

1305 4023 1531 4079 CAPUT
1598 4023 1753 4078 XLII.

812 4116 1132 4175 Perductum
1166 4115 1247 4187 (7)
1299 4115 1317 4187 (
1345 4113 1499 4180 Luc.,
1528 4113 1695 4169 XXIII
1726 4114 1746 4184 )
1792 4116 1933 4170 enim
1967 4117 2112 4172 illum
2143 4117 2207 4173 ad
2239 4118 2326 4174 Pi-

737 4213 901 4269 latum
941 4224 1168 4265 onerare
1207 4218 1487 4278 (imperum
1513 4247 1526 4270 ,
1574 4206 1714 4276 quod
1763 4222 1821 4262 se
1862 4223 2040 4277 regem
2086 4209 2322 4276 diceret;

737 4302 1011 4360 Christum
1054 4302 1169 4355 sine
1212 4298 1373 4354 dubio
1420 4297 1515 4353 Dei
1557 4297 1773 4364 Filium,
1821 4313 2092 4355 scssurum
2132 4302 2196 4356 ad
2231 4301 2326 4358 Dei

742 4396 1041 4454 dexteram.
1070 4392 1360 4459 Creterum,
1394 4391 1502 4446 alio
1532 4406 1654 4447 eum
1684 4392 1837 4448 titulo
1863 4404 2173 4461 gravassent
2197 4438 2211 4460 ,
2245 4397 2327 4450 in-

738 4488 871 4545 certi
897 4502 964 4542 an
993 4485 1183 4541 Filium
1216 4484 1308 4539 Dei
1350 4498 1409 4539 sc
1437 4481 1697 4549 dixisset,
1729 4482 1830 4537 nisi
1889 4483 1968 4555 (8)
2032 4484 2128 4539 Vos
2161 4488 2327 4542 dicitis

730 4581 810 4638 sic
835 4578 1265 4653 pronuntiasset,
1297 4575 1399 4631 hoc
1428 4590 1486 4632 se
1510 4590 1632 4633 esse
1659 4574 1802 4646 quod
1829 4575 2091 4631 dicerent.
2155 4578 2325 4634 Pilato

2430 3377 2509 3430 fer
2539 3376 2695 3446 igitur
2721 3387 2774 3431 et
2802 3390 3014 3431 crucem
3057 3375 3247 3443 ipsum.
3281 3374 3426 3430 Idem
3479 3386 3655 3430 tamen
3687 3377 3925 3448 psalmus
3958 3380 4029 3432 de

2428 3484 2494 3524 eo
2521 3484 2625 3523 non
2645 3477 2783 3523 tacet
2808 3486 2821 3523 :
2846 3467 3107 3524 Foderunt
3124 3485 3453 3523 manusmeas
3476 3482 3519 3523 et
3542 3471 3693 3539 pedes
3714 3486 3848 3525 meus
3876 3471 4025 3542 (Ii).

2429 3560 2594 3616 Totus
2629 3561 2678 3614 in
2720 3561 2814 3615 illo
2842 3561 3021 3615 exitus
3064 3560 3259 3629 legitur
3292 3579 3305 3615 :
3336 3560 3792 3617 Circumdcderunt
3822 3580 3901 3617 me
3929 3582 4025 3617 ca-

2429 3670 2515 3707 nes
2537 3693 2551 3717 ,
2584 3669 2841 3723 synagoga
2884 3652 3229 3717 muluﬁcorum
3262 3653 3658 3706 circumvallavit
3700 3670 3795 3709 rue.
3832 3654 4027 3710 Omnes

2428 3748 2511 3818 qui
2538 3746 2828 3816 spectabant
2861 3763 2959 3811 me,
2994 3762 3117 3799 uaso
3147 3746 3424 3799 irridebant
3456 3763 3552 3800 me.
3584 3745 3763 3801 Loculi
3791 3758 3909 3801 sunt
3943 3751 4026 3802 Ia-

2429 3838 2521 3893 biis
2547 3880 2560 3903 ,
2594 3848 2639 3891 et
2680 3842 2849 3907 capita
2893 3849 3171 3892 moverunt.
3221 3838 3458 3907 Speravit
3504 3840 3555 3892 in
3594 3838 3760 3894 Deum
3784 3882 3798 3906 ,
3844 3841 4029 3895 liberet

2428 3948 2563 3987 eum.
2594 3931 2709 3999 Quo
2733 3932 2842 4001 jam
2873 3932 3235 3987 testimonium
3266 3933 3704 3987 vestimentorum
3729 3932 3864 3989 habe
3891 3936 4017 4006 (IS)

2428 4023 2548 4078 falsi
2603 4024 2675 4077 iui
2725 4023 2999 4092 prtedam,
3046 4032 3190 4079 totus
3242 4024 3475 4092 psalmus
3528 4023 3845 4079 vestimenta
3890 4037 4032 4082 sunt

2428 4116 2645 4172 Christi.
2697 4117 2836 4171 Ecce
2874 4126 3133 4172 autemet
3170 4116 3438 4171 elementa
3476 4116 3875 4170 concutiuntur.
3912 4117 4031 4172 lto-

2429 4210 2607 4265 minus
2638 4209 2779 4264 enim
2812 4211 3111 4279 patiebatur
3142 4209 3397 4279 ipsorum.
3428 4208 3695 4269 Cancrum
3716 4251 3731 4277 ,
3756 4209 4028 4266 adversa-

2427 4302 2509 4357 rio
2540 4302 2688 4367 heso,
2730 4302 2925 4357 cmlum
2966 4303 3254 4357 luminibus
3282 4302 3585 4367 ﬂoruisset,
3621 4303 3790 4372 magis
3819 4304 3905 4357 sol
3940 4320 4031 4360 ra-

2429 4396 2531 4451 diis
2559 4396 2886 4463 ittsultassct,
2911 4396 3079 4466 magis
3096 4396 3211 4451 dies
3231 4397 3487 4463 stetisset,
3514 4397 3742 4451 libenter
3758 4408 3988 4467 speetan
4001 4416 4022 4455 ι

2431 4489 2750 4558 pendentem
2781 4490 2831 4543 in
2859 4489 3098 4559 patibqu
3127 4488 3398 4544 Christum
3430 4489 3737 4544 Marcionis.
3769 4487 3900 4545 Ilaec
3928 4508 4021 4546 aro

2427 4592 2679 4653 gumento
2721 4597 2934 4653 quoque
2975 4580 3106 4637 mihi
3145 4582 3558 4653 eompctissent,
3604 4583 3706 4638 etsi
3737 4598 3846 4638 non
3888 4582 4025 4640 fuis-

1945 4667 2235 4728 LECTION
2243 4672 2326 4730 ES
2371 4673 2771 4731 VARIANTES.

824 4794 869 4857 Ι)
915 4791 1125 4857 Creditis
1143 4789 1297 4857 Ιυιρη.
1324 4786 1465 4840 Seml.
1497 4788 1639 4841 Ober.

817 4853 868 4906 2i
892 4858 959 4906 Se
983 4853 1100 4905 add.
1126 4856 1245 4903 Jun.

820 4910 871 4989 ᾇ)
898 4916 1147 4989 Quomodo
1168 4912 1495 4989 IUten.-Semi.
1527 4910 1722 4966 Obcrlh.

817 4978 874 5045 ’4)
900 4981 1045 5039 Quasi
1069 4992 1163 5027 non
1184 4990 1281 5039 ego
1304 4978 1424 5026 Jun.
1586 5036 1596 5046 _

817 5046 868 5103 ὅ)
894 5045 1168 5103 Senserunt
1188 5039 1298 5090 cod.
1328 5040 1511 5103 Νοτίῳ.
1537 5042 1645 5103 mg.
1678 5040 1839 5090 Venet.

815 5099 869 5167 6)
891 5107 1051 5167 Atque
1071 5100 1219 5154 Itlten.
1238 5100 1393 5167 _Scutl.
1421 5099 1615 5153 Obcrtlt‘.

814 5161 867 5220 7i
886 5161 1181 5219 Productutn
1200 5161 1268 5216 al.

2342 4793 2394 4855 D
2482 4791 2556 4858 (8)
2583 4794 2653 4858 ASi
2697 4792 2847 4858 Rhen.
2872 4792 3021 4843 Seml.
3043 4791 3233 4842 Oberth.

2505 4856 2556 4915 9⁷)
2582 4856 2759 4904 Veniet
2779 4856 2928 4904 Frau.

2514 4918 2587 4981 tu)
2617 4920 2657 4966 Α
2683 4916 2829 4968 inser.
2856 4918 3008 4968 Rhen.
3032 4916 3171 4966 seml.
3194 4915 3387 4967 Oberth.

2515 4980 2589 5030 ll)
2615 4980 2792 5030 I’artim
2815 4981 2933 5030 add.
2956 4982 3057 5030 Lat.

2518 4985 2527 5028 Ι
2546 4985 2557 5028 1
2615 4985 2792 5030 l’artim
2815 4985 2933 5030 add.
2956 4985 3057 5030 Litt.

2518 4985 2594 5168 [Si
2616 5042 2752 5091 Meos
2790 5044 2938 5093 omitt.
2978 5040 3129 5112 Rhea.
3154 5039 3305 5094 Seml.
3333 5041 3477 5093 Ober.

2518 5105 2571 5155 15
2618 5104 2785 5156 lIabes
2801 5104 2951 5159 Rhea.
2978 5107 3132 5156 Latin.

2518 5103 2594 5159 15)
2618 5104 2785 5156 lIabes
2801 5104 2951 5159 Rhea.
2978 5103 3132 5156 Latin.

2483 4852 2505 5166 ξ

2095 5268 2629 5333 COMMENTARIUS

806 5388 881 5461 (τι)
936 5388 1113 5443 Debuit
1140 5388 1293 5461 etiam
1336 5384 1508 5439 osculo
1539 5382 1939 5461 tradi.__I'3p_iplt.,
1971 5386 2173 5461 conlut.
2208 5386 2301 5461 liti,

730 5453 874 5518 hanc
897 5461 1055 5517 etiam
1096 5458 1372 5514 veritatem
1412 5455 1655 5524 corporis
1680 5453 1879 5509 Christi
1916 5455 2100 5524 probat
2126 5472 2191 5512 ex
2219 5458 2303 5513 his

728 5531 911 5588 verbis
945 5530 1120 5595 Lucae,
1150 5537 1308 5597 atque
1334 5525 1420 5580 hic
1446 5534 1631 5599 auctor
1656 5524 1842 5599 alludit
1867 5542 1878 5577 :
1906 5524 1970 5599 Et
2016 5529 2299 5599 appropin.

729 5603 901 5671 quavit
924 5610 979 5655 ut
1008 5594 1319 5655 oscularetur
1356 5612 1469 5671 eum
1497 5594 1684 5671 udas.
1714 5595 1811 5671 Qui
1837 5594 2159 5671 confut.:767,
2182 5594 2300 5654 'ad-

728 5666 809 5728 dit
847 5672 1129 5726 rescidisse
1172 5672 1333 5725 etiam
1365 5666 1700 5739 Marcioncmg
1742 5667 2115 5739 insequentib.
2158 5671 2299 5739 quod

729 5746 846 5815 [ecit
862 5742 1045 5815 Petrus
1073 5740 1283 5811 quando
1311 5736 1555 5807 percussit
1580 5746 1625 5790 ct
1650 5736 1861 5815 abscidit
1878 5738 2161 5815 auriculam
2174 5736 2304 5815 servi

724 5809 882 5869 Ponti
887 5814 1014 5881 ﬁcis,
1029 5809 1347 5881 etquantum
1360 5818 1596 5881 apparet,
1614 5817 1775 5863 totam
1791 5809 2057 5863 historiam
2074 5812 2301 5881 negatio-

723 5886 807 5943 nis
828 5878 967 5942 I’etri
985 5878 1008 5951 ;'
1026 5878 1221 5957 quippe
1243 5894 1402 5953 quam
1428 5878 1513 5936 hic
1525 5878 1686 5937 etiam
1710 5886 1895 5938 auctor
1906 5881 2099 5939 omisit.
2129 5878 2267 5939 Pan.

2664 5393 2824 5449 XLII.
2854 5423 2925 5437 ——
2954 5392 3034 5463 (b)
3071 5391 3175 5448 Sed
3196 5400 3242 5446 et
3262 5393 3364 5469 duo
3379 5392 3573 5448 scelesti
3588 5395 4024 5469 circum/iguntar

2408 5463 2507 5517 illi.
2541 5460 2727 5520 Graece
2760 5475 2840 5519 est
2871 5460 3126 5534 κακεῧργοι
3159 5464 3298 5534 apud
3336 5463 3564 5529 Lucam,
3601 5481 3697 5536 pro
3726 5460 3847 5536 quo'
3867 5482 4023 5526 recte

2408 5535 2619 5609 v_ertit,_
2647 5536 2971 5609 scelesti:_Et
3010 5536 3177 5609 magis
3221 5550 3291 5609 ea
3324 5536 3499 5589 versio
3546 5535 3843 5609 respondet
3891 5557 4016 5609 pris-

2409 5606 2584 5673 pheta:
2605 5605 2753 5661 Isaia:
2779 5605 2911 5669 LIII,
2931 5605 3189 5674 quamhic
3215 5604 3391 5669 alTert,
3408 5606 3557 5676 quasi
3586 5604 3840 5676 repetens
3868 5604 4025 5676 quod

2404 5678 2544 5744 apud
2571 5677 2769 5731 Lucam
2797 5677 3021 5731 habetur
3042 5691 3159 5748 cap.
3182 5676 3325 5748 XXII
3342 5694 3355 5732 ε
3373 5675 3439 5729 Et
3470 5677 3599 5731 inter
3622 5679 3825 5747 irriguos
3845 5675 3982 5748 depu
3996 5713 4025 5723 -

2404 5756 2541 5803 tatus
2574 5757 2678 5819 cst,
2718 5763 2891 5819 grzece
2921 5747 3059 5818 apud
3089 5747 3503 5820 evangelistam,
3536 5754 3660 5817 μετὰ.
3686 5762 3804 5876 162i)
3805 5747 4021 5818 ἀνεμωι.

3808 5838 3901 5876 an.

3808 5838 3901 5877 AI.
