4268 6492
233 401 336 459 465

1321 400 1449 456 LIB.
1493 386 1557 456 IV
1600 396 1963 457 ΛΜΨ]Πὲυὸ
2002 398 2422 459 MARCIONEM.

3405 398 3511 459 466

229 526 349 573 sent
381 514 688 587 praedicata.
725 515 949 583 Caelum,
978 517 1145 587 inquit
1179 522 1195 588 (
1227 516 1328 583 Is.,
1360 516 1401 571 L
1422 558 1436 581 ,
1461 519 1494 572 5
1526 520 1543 585 )
1577 517 1767 571 Esaias
1799 557 1814 581 ,
1846 517 1899 576 A
1927 516 2040 573 haec
2081 533 2187 574 non
2224 519 2409 575 credat
2448 519 2500 577 in
2539 518 2832 593 recogitata
2860 519 3142 579 mulierum
3172 518 3385 577 illarum
3409 533 3509 576 vo-

228 610 438 662 vestium
465 607 699 663 tenebris.
731 607 826 662 llic
850 608 955 663 erit
974 609 1112 673 dies,
1140 608 1208 661 de
1230 622 1337 677 quo
1367 617 1423 663 et
1447 611 1611 663 Amos
1641 609 1818 678 (Ann,

232 700 366 766 VIII,
398 701 433 756 9
464 699 483 772 )
516 718 529 753 :
564 699 631 754 Et
656 702 749 755 erit
774 701 864 754 illa
898 701 1010 766 die,
1039 700 1159 754 dicit
1186 699 1438 755 Dominus
1462 740 1477 765 ,
1522 702 1713 755 occidet
1744 700 1821 755 sol

228 794 441 847 meridie
481 792 689 864 (habes
730 801 785 846 et
825 791 971 847 liora:
1012 804 1178 847 sexta:
1208 792 1650 863 signiﬁcationem
1684 791 1701 862 )
1734 834 1746 857 ,
1775 803 1821 847 et

228 886 605 943 contenebrabit
632 902 784 957 super
815 896 1018 940 terram.
1046 884 1283 942 Scissum
1312 897 1395 941 est
1434 895 1488 941 et
1514 886 1696 954 templi
1729 900 1819 939 ve-

230 981 342 1037 lum
369 1022 385 1047 ,
434 981 608 1051 angeli
636 981 916 1050 eruptione
941 1021 957 1047 ,
1006 980 1428 1050 derelinquentis
1452 980 1613 1047 ﬁliam
1646 979 1821 1033 Sionis

232 1076 254 1147 (
283 1074 388 1140 ls.,
416 1074 461 1139 l,
493 1074 526 1129 8
556 1072 576 1145 )
603 1084 843 1145 tauquam
873 1074 924 1127 in
949 1074 1094 1128 vinea
1122 1073 1403 1143 speculum,
1433 1081 1479 1125 et
1506 1072 1559 1125 in
1584 1086 1820 1125 cucume-

227 1167 367 1221 rario
391 1166 640 1220 casulam.
685 1166 730 1220 0
756 1176 1009 1236 quantum
1054 1165 1419 1235 perseveravit
1458 1164 1617 1219 etiam
1653 1164 1821 1234 trige—

226 1261 369 1315 simo
403 1259 610 1329 psalmo
649 1258 922 1313 Christum
963 1259 1133 1328 ipsum
1167 1258 1427 1313 reddere!
1483 1256 1822 1313 Vociferatur

228 1354 294 1408 ad
335 1352 572 1418 Patrem,
630 1360 687 1405 ut
732 1360 786 1405 et
836 1349 1071 1404 moriens
1116 1348 1298 1403 ultima
1353 1361 1482 1403 voce
1532 1346 1822 1417 prophetas

226 1446 570 1517 adimplcrct.
616 1444 726 1500 Iloc
753 1443 898 1499 dicto
922 1442 1231 1512 eXSpil‘nVil.
1279 1441 1452 1507 Quis?
1482 1441 1704 1510 Spiritus
1731 1454 1818 1495 se-

227 1541 516 1609 metipsum
543 1580 558 1605 ,
590 1554 656 1593 an
684 1552 811 1593 caro
831 1536 1121 1607 spiritum?
1164 1535 1269 1591 Sed
1312 1534 1531 1604 spiritus
1568 1536 1821 1604 semctip-

226 1645 347 1687 snm
375 1630 655 1700 exspirare
674 1642 781 1683 non
807 1628 996 1699 potuit.
1023 1627 1172 1681 Alius
1197 1627 1380 1697 estqui
1407 1626 1662 1696 exspirat,
1686 1626 1822 1681 alius

228 1722 320 1793 qui
352 1722 675 1791 exspiratus.
704 1722 759 1777 Si
786 1720 1007 1789 spiritus
1032 1702 1372 1790 exspiratur,
1417 1718 1485 1772 ab
1508 1719 1615 1773 alio
1644 1719 1823 1788 CXSpi-

226 1820 378 1869 retur
404 1826 625 1869 necesse
653 1820 757 1867 est.
791 1811 943 1879 Quod
974 1812 1017 1866 si
1040 1811 1185 1866 solus
1212 1811 1431 1880 Spiritus
1462 1809 1671 1875 fuisset,
1713 1811 1823 1867 dis-

1926 614 2113 678 lutata,
2148 613 2286 668 inter
2311 613 2549 670 dolorem
2578 616 2857 685 praesentis
2877 615 3242 671 destitutiouis
3261 629 3367 685 qua
3389 628 3512 684 per-

1923 718 2094 760 eassa:
2124 705 2226 760 sibi
2254 704 2570 763 videbantur
2595 722 2624 761 a
2654 706 2884 763 Domino
2908 746 2923 774 ,
2957 717 3012 763 et
3038 720 3190 777 spem
3229 719 3512 763 resurrec-

1925 798 2085 854 tionis
2111 798 2277 869 ipsius
2302 814 2405 871 qua
2434 801 2646 857 restitui
2675 801 2778 857 rite
2798 800 3241 858 arbitrabantur?
3269 799 3511 871 Corpore

1922 900 2101 945 autem
2154 906 2259 946 non
2305 892 2524 948 invento
2563 892 2770 948 sublata
2816 902 2933 948 erat
2968 893 3244 964 sepultura
3283 892 3400 962 ejus
3443 892 3514 947 de

1923 982 2101 1037 medio
2125 1024 2139 1047 ,
2187 983 2481 1039 secundum
2532 984 2744 1039 Esaiam
2776 985 2797 1056 (
2825 982 2899 1039 Is.
2921 1025 2936 1051 ,
2968 983 3135 1051 LVII,
3168 983 3205 1037 2
3230 983 3273 1054 ).
3325 982 3431 1039 Sed
3460 990 3516 1038 et

1922 1072 2029 1128 duo
2060 1073 2256 1130 ibidem
2286 1074 2459 1145 angeli
2488 1085 2869 1145 apparuerunt.
2903 1075 2979 1147 (a)
3012 1075 3112 1131 Tot
3137 1074 3249 1131 fere
3277 1074 3515 1130 latereu-

1924 1166 2071 1219 sibus
2112 1167 2186 1220 uti
2217 1166 2463 1233 solebat,
2506 1167 2557 1221 itt
2588 1167 2795 1223 duobus
2824 1167 3052 1223 testibus
3087 1166 3387 1222 consistens
3418 1164 3513 1221 Dei

1923 1254 2133 1312 Sermo.
2175 1257 2249 1328 (b)
2279 1256 2630 1313 Revertentes
2657 1273 2869 1329 quoque
2896 1272 2926 1313 a
2954 1258 3203 1329 sepulcro
3233 1258 3510 1321 mulieres,

1924 1359 1979 1404 et
1999 1349 2064 1402 ab
2094 1348 2183 1403 illa
2214 1350 2525 1419 angelorum
2548 1351 2753 1405 visione
2780 1350 3134 1420 prosliiciebat
3165 1349 3353 1404 Esaias
3393 1346 3509 1420 (Is.

1926 1440 2154 1509 XXVII,
2186 1444 2246 1498 Il
2277 1441 2295 1513 )
2322 1459 2336 1508 ;
2401 1441 2643 1498 Mulieres
2664 1485 2679 1510 ,
2715 1443 2922 1514 inquit,
2951 1444 3200 1499 venientes
3228 1460 3261 1496 a
3285 1443 3510 1504 visione.

1923 1536 2089 1588 venite
2135 1536 2205 1588 ad
2254 1536 2646 1589 renuntiandum
2683 1537 2871 1591 scilicet
2910 1534 3121 1590 Domini
3167 1535 3519 1591 resurrectio-

1925 1642 2068 1683 nem.
2104 1627 2250 1683 Bene
2294 1636 2507 1691 autcm,
2556 1627 2698 1698 quod
2744 1628 3089 1684 incredulitas
3130 1627 3514 1699 discipulorum

1927 1719 2326 1789 perseverabat,
2360 1730 2417 1775 ut
2445 1720 2497 1774 in
2530 1720 2690 1774 linem
2718 1734 2885 1790 usque
2906 1719 3150 1776 defensio
3178 1729 3360 1775 nosua
3384 1731 3514 1773 con-

1926 1811 2175 1878 sisteret,
2229 1809 2499 1867 Christum
2537 1810 2720 1867 Jesum
2771 1826 2875 1867 non
2923 1812 3085 1867 alium
3131 1825 3190 1867 se
3234 1810 3513 1880 discipulis

224 1907 459 1961 cessisse
486 1906 661 1976 potius
696 1903 987 1968 diceretur,
1026 1918 1183 1973 quam
1210 1904 1533 1972 exspirasse.
1565 1902 1696 1969 Quis
1728 1905 1823 1973 igi-
1851 1908 1901 1968 B
1929 1906 2162 1962 edidisse
2182 1948 2197 1973 ,
2229 1922 2387 1977 quam
2426 1906 2824 1978 prophetatum.
2874 1906 3005 1961 Nam
3033 1921 3153 1961 cum
3182 1905 3292 1961 duo
3318 1919 3383 1960 ex
3412 1903 3515 1959 illis

226 2009 314 2055 tur
335 2000 573 2069 eXspirat
592 1998 859 2069 spiritum,
890 1997 993 2051 nisi
1013 1997 1295 2066 earo?qu:u
1319 2005 1371 2050 et
1396 1997 1582 2066 Spirat,
1608 1997 1823 2067 quando

226 2092 375 2148 illmn
406 2091 602 2156 habet;
635 2099 689 2145 et
713 2090 782 2145 ila
805 2102 954 2153 eum,
992 2104 1114 2144 cum
1146 2088 1632 2157 amittit,exspirat.
1667 2087 1824 2143 Deni-

225 2198 372 2255 que,
418 2183 464 2239 si
493 2196 621 2237 caro
660 2196 768 2238 non
810 2180 908 2236 luit
940 2180 1019 2254 (l)
1048 2223 1064 2248 ,
1110 2182 1202 2237 sed
1246 2181 1559 2249 phantasma
1607 2182 1817 2248 carnis,

226 2276 547 2348 phantasma
574 2284 749 2330 autem
773 2275 994 2345 spiritus
1020 2275 1137 2341 fuit,
1162 2274 1383 2344 spiritus
1412 2283 1589 2329 autem
1622 2282 1822 2329 semet-

226 2371 402 2439 ipsttttt
435 2370 752 2441 exspiravit,
775 2378 829 2424 et
857 2368 1185 2438 exspirando
1214 2368 1482 2435 discessit,
1516 2369 1631 2423 sine
1662 2368 1824 2423 dubio

230 2463 551 2532 phantasma
600 2460 845 2516 discessit
874 2501 888 2525 ,
933 2475 1055 2514 cum
1084 2460 1302 2529 spiritus
1324 2502 1337 2525 ,
1386 2460 1475 2530 qui
1506 2470 1623 2515 erat
1653 2462 1822 2529 phan-

228 2562 397 2607 ta~ma
422 2592 439 2618 ,
468 2552 749 2617 discessit,
792 2562 848 2607 et
876 2565 1137 2621 nusquam
1166 2552 1467 2621 comparuit
1508 2550 1823 2621 plumtaSma

228 2658 350 2698 cum
378 2644 593 2714 spiritu.
635 2643 778 2698 Nihil
805 2658 935 2714 ergo
966 2643 1223 2697 remansit
1256 2644 1305 2696 in
1338 2642 1525 2712 ligno?
1574 2642 1701 2697 ttihil
1734 2659 1826 2712 pe-

230 2736 417 2806 pendit
465 2736 625 2790 etiatn
680 2744 801 2805 post
842 2735 1303 2807 exspirationem?
1350 2736 1479 2789 nihil
1534 2734 1601 2791 de
1652 2737 1820 2791 l’ilato

233 2828 609 2899 postulatum?
643 2828 771 2881 nihil
802 2827 869 2883 de
898 2826 1136 2899 patibulo
1165 2828 1462 2882 detractum
1486 2826 1509 2881 ?
1551 2827 1683 2883 nihil
1711 2830 1824 2883 sin-

232 2920 375 2975 done
403 2918 744 2974 involutum?
775 2919 906 2973 nihil
935 2919 1185 2988 sepulcro
1211 2935 1351 2974 novo
1378 2920 1688 2975 conditum?
1728 2923 1825 2975 At-

234 3012 365 3081 quin
396 3026 502 3064 tton
534 3009 689 3064 nihil.
718 3008 858 3075 Quid
889 3010 1051 3079 igitur
1076 3010 1204 3064 illud
1235 3011 1331 3065 l'uit
1353 3012 1375 3064 ?
1401 3011 1453 3065 Si
1483 3012 1819 3081 phantasma,

235 3101 413 3156 adhuc
435 3116 563 3171 ergo
586 3100 755 3155 inerat
780 3110 831 3155 et
852 3100 1119 3156 Christus.
1139 3100 1195 3157 Si
1218 3101 1536 3157 discesserat
1558 3102 1822 3171 Christus,

234 3209 368 3264 ergo
424 3193 721 3248 abstulerat
776 3193 1114 3263 phantasma.
1172 3196 1429 3265 Superest
1484 3197 1825 3265 impudentia:

1929 2000 2029 2053 iter
2055 2008 2296 2069 agerent,
2322 2007 2377 2054 et
2404 1999 2662 2053 Dominus
2691 1999 2769 2053 eis
2799 1997 3134 2064 adltzesisset,
3163 2011 3270 2052 non
3298 2010 3515 2067 compa-

1929 2105 2053 2145 rens
2080 2089 2221 2160 quod
2254 2091 2365 2160 ipse
2390 2098 2553 2153 esset,
2581 2089 2741 2144 etiam
2770 2088 3113 2144 dissimulans
3141 2087 3209 2143 de
3235 2087 3515 2144 conscien-

1929 2186 1998 2238 tia
2027 2184 2100 2238 rei
2125 2193 2287 2254 gesta:
2318 2200 2330 2236 :
2364 2182 2475 2237 Nos
2517 2192 2683 2236 autem
2714 2182 3050 2253 putabamus,
3102 2182 3384 2253 inquiuut,
3418 2181 3502 2250 ip-

1928 2293 2039 2331 sum
2080 2292 2187 2330 esse
2214 2276 2578 2346 redemptorem
2620 2274 2873 2342 lsraelis;
2915 2275 3099 2345 utique
3128 2289 3282 2330 suum
3326 2273 3512 2329 Chris-

1929 2377 2082 2432 tum,
2117 2367 2168 2421 id
2209 2375 2291 2421 est
2320 2366 2614 2422 Creatoris.
2669 2367 2819 2422 Adeo
2861 2381 2962 2422 nec
2999 2367 3161 2421 alium
3190 2380 3249 2421 se
3276 2364 3518 2422 ediderat

1929 2460 2052 2516 illis.
2085 2462 2383 2526 tlmterum,
2418 2476 2523 2514 non
2566 2460 2936 2515 existimarent
2972 2475 3092 2515 eum
3126 2458 3430 2523 Creatoris;
3462 2465 3519 2513 et

1930 2568 2050 2607 cum
2081 2552 2349 2607 Creatoris
2388 2552 2787 2607 existimaretur
2810 2592 2825 2617 ,
2870 2566 2975 2607 non
3006 2550 3352 2606 sustinuisset
3381 2548 3516 2603 hanc

1930 2644 1995 2698 tle
2025 2659 2083 2698 se
2109 2644 2588 2711 existimationem,
2613 2644 2657 2699 si
2685 2658 2789 2697 non
2822 2643 2866 2698 is
2894 2652 3040 2698 esset
3065 2642 3151 2712 qui
3175 2640 3514 2697 existimaba-

1931 2745 2017 2791 tur
2051 2737 2131 2809 (Ei)
2162 2754 2175 2789 :
2207 2745 2297 2790 attt
2325 2736 2438 2805 ipse
2466 2737 2569 2793 erit
2593 2745 2781 2790 auctor
2805 2736 3030 2802 erroris,
3064 2733 3518 2804 etpraavarieator

1930 2834 2169 2890 veritatis
2199 2833 2459 2889 adversus
2498 2833 2590 2887 Dei
2632 2832 2818 2902 optimi
2852 2831 3091 2886 titulum.
3134 2828 3238 2885 Sed
3274 2842 3371 2883 uec
3400 2836 3520 2896 post

1929 2928 2381 2984 resurrectionem
2409 2925 2572 2979 alimn
2600 2939 2657 2978 se
2682 2925 2761 2979 eis
2789 2922 3049 2988 ostendit,
3073 2935 3233 2992 quam
3259 2934 3418 2991 quem
3434 2919 3518 2989 (6)

1929 3022 2289 3077 existimatum
2328 3019 2426 3072 sibi
2458 3018 2724 3071 dixerant.
2782 3017 2947 3071 Planc
2976 3016 3223 3070 invectus
3253 3020 3335 3068 est
3367 3011 3420 3066 itt
3450 3011 3517 3065 il-

1930 3113 2011 3167 los
2040 3130 2053 3165 :
2086 3113 2128 3166 0
2155 3110 2396 3165 insensati
2429 3119 2473 3164 et
2498 3110 2631 3163 tardi
2657 3108 2810 3162 corde
2833 3149 2848 3169 ,
2895 3108 2946 3161 in
2979 3122 3081 3161 non
3120 3103 3374 3160 credendo
3400 3117 3513 3157 ont-

1931 3207 2077 3261 nibus
2105 3220 2216 3273 qua:
2245 3205 2441 3258 loeutus
2467 3213 2541 3258 est
2566 3202 2635 3256 ad
2656 3218 2741 3257 vos
2765 3202 2784 3255 .'
2830 3201 2958 3268 Qua:
2986 3202 3195 3256 loeutus
3238 3212 3344 3253 non
3384 3196 3521 3252 alte-

236 3284 510 3342 ltteretica:
551 3284 753 3352 dicere,
799 3284 1112 3355 phantasma
1160 3286 1269 3341 illic
1318 3286 1705 3357 pltantasmatis
1743 3304 1828 3343 re-
1855 3294 1898 3355 (ς
1934 3300 2042 3353 rius
2069 3313 2127 3353 se
2159 3297 2247 3351 [)ci
2280 3311 2401 3350 esse
2430 3296 2659 3365 probat,
2694 3293 2789 3348 sed
2827 3290 3072 3362 ejusdem
3106 3290 3198 3346 Dei
3246 3289 3352 3359 ('7).
3388 3285 3521 3342 Nam

236 3379 525 3435 mansisse.
576 3377 680 3434 Sed
705 3377 783 3435 sic
813 3378 892 3450 (2)
932 3387 990 3433 et
1023 3378 1220 3448 .Ioseplt
1244 3394 1439 3448 corpus
1466 3380 1631 3435 fuisse
1662 3397 1828 3436 nove-

238 3481 344 3535 rat,
374 3470 516 3540 quod
544 3477 653 3523 tota
685 3469 879 3538 pietate
907 3469 1187 3534 tractavit,
1220 3470 1306 3523 ille
1329 3468 1530 3539 Joseph
1553 3512 1568 3537 ,
1601 3472 1690 3541 qui
1724 3488 1829 3527 non

237 3569 591 3619 consenserat
630 3560 683 3614 in
724 3560 932 3615 scelere
978 3560 1177 3615 Judtcis
1209 3580 1221 3615 :
1253 3560 1441 3615 Beatus
1483 3564 1558 3615 vir
1601 3566 1685 3634 qui
1731 3582 1832 3619 non

238 3656 364 3710 abiit
398 3656 451 3708 in
493 3652 704 3708 consilio
748 3653 1058 3723 impiorum,
1101 3665 1147 3707 et
1177 3654 1229 3707 in
1261 3654 1340 3708 via
1373 3665 1691 3725 peccatorum
1731 3674 1832 3712 non

246 3746 406 3812 stetit,
440 3754 485 3800 et
513 3745 567 3798 in
594 3742 835 3797 cathedra
865 3745 1077 3815 pestium
1116 3746 1196 3816 (5)
1230 3763 1328 3800 non
1357 3746 1525 3813 sedit;
1580 3757 1835 3819 oportue-

243 3847 334 3894 rat
357 3837 519 3891 etiam
540 3833 865 3903 sepultorem
891 3836 1100 3891 Domini
1126 3838 1457 3908 prephetari,
1488 3840 1673 3909 acjam
1704 3852 1832 3898 tunc

241 3928 440 3986 uterito
471 3924 733 3983 benedici.

814 4019 1040 4078 CAPUT
1081 4021 1255 4078 XLIII.

318 4136 407 4193 Sic
448 4137 528 4211 (l)
569 4151 667 4194 nec
730 4138 1016 4193 mulierum
1089 4136 1297 4193 illarum
1351 4138 1585 4197 ol‘tieium
1631 4142 1834 4214 (Lue.,

246 4229 417 4287 XXIV
446 4233 466 4301 )
513 4232 752 4300 praeterit
780 4230 1057 4301 prophetia
1080 4272 1096 4298 ,
1150 4246 1266 4301 qua)
1292 4240 1415 4288 ante
1443 4234 1612 4290 lucem
1640 4252 1838 4293 conve-

245 4332 447 4379 nerunt
486 4320 551 4376 ad
580 4322 883 4392 sepulcrum
914 4336 1036 4376 cum
1067 4322 1289 4377 odorum
1324 4336 1590 4394 paratura.
1637 4328 1711 4383 De
1740 4328 1840 4385 hoc

246 4416 396 4471 enim
444 4430 540 4485 per
572 4414 713 4471 Osce
745 4414 882 4487 (οε.
904 4456 920 4483 ,
952 4414 1020 4469 Vl
1046 4456 1060 4479 ,
1087 4416 1113 4470 1
1150 4417 1168 4486 )
1199 4433 1211 4469 :
1240 4416 1306 4471 Ut
1335 4429 1597 4487 quierunt,
1631 4421 1837 4492 inquit,

249 4508 437 4581 facient
466 4523 628 4561 meum
649 4548 665 4575 ,
694 4516 811 4561 ante
837 4506 1001 4561 lucent
1027 4508 1307 4577 vigilabant
1332 4509 1399 4562 ad
1425 4527 1503 4565 me
1526 4552 1538 4576 ,
1580 4513 1800 4569 dicentes
1823 4557 1838 4582 ,

251 4600 473 4662 Eamus,
502 4610 548 4654 et
565 4608 916 4655 convertamur
936 4600 1005 4653 ad
1038 4599 1330 4668 Dominum,
1362 4604 1480 4673 quia
1503 4609 1612 4673 ipse
1635 4609 1839 4677 eripttit,

1939 3389 2129 3446 eadem
2161 3401 2213 3444 et
2234 3389 2408 3457 angeli
2431 3388 2497 3441 ad
2526 3387 2781 3440 mulieres
2814 3400 2826 3437 :
2856 3382 3284 3438 ltememoramini
3308 3394 3421 3449 qua:
3442 3378 3521 3432 lo—

1934 3491 2078 3535 eutus
2117 3482 2178 3535 sit
2208 3480 2345 3534 vobis
2396 3480 2445 3532 in
2477 3476 2728 3539 Galila'a,
2777 3475 2970 3539 dicens,
3015 3471 3152 3544 quod
3198 3478 3391 3541 oportet
3432 3468 3517 3541 (8)

1936 3573 2067 3627 tradi
2096 3574 2263 3641 ﬁlium
2320 3571 2568 3636 hominis,
2614 3578 2660 3623 et
2688 3568 2942 3639 eruci/igi,
2985 3576 3030 3621 et
3072 3566 3218 3621 tertia
3244 3563 3327 3617 die
3350 3576 3525 3618 resur-

1936 3685 2070 3741 gere.
2118 3668 2183 3722 lit
2208 3681 2375 3737 quare
2403 3663 2723 3734 oportebat,
2768 3661 2872 3716 nisi
2902 3659 3027 3731 quia
3058 3659 3130 3713 ita
3156 3672 3186 3712 a
3215 3658 3328 3713 Deo
3356 3655 3526 3711 Crea-

1938 3770 2054 3816 tore
2082 3758 2375 3829 scriptum?
2402 3757 2567 3827 Igitur
2593 3754 2889 3825 increpavit
2919 3753 3003 3823 (9)
3037 3751 3158 3806 illos
3181 3792 3196 3815 ,
3229 3758 3289 3804 ut
3313 3748 3382 3804 de
3413 3746 3529 3803 sola

1939 3853 2187 3923 passione
2221 3848 2648 3913 seandalizatos,
2702 3856 2758 3902 et
2798 3856 2855 3901 ut
2888 3844 3083 3900 dubios
3112 3842 3180 3897 de
3213 3841 3317 3897 ﬁde
3342 3854 3528 3895 resur-

1938 3942 2192 3997 rectionis
2232 3940 2563 3995 annuntiala)
2606 3939 2705 3992 sibi
2748 3952 2777 3989 a
2821 3936 3093 3997 loeminis.
3138 3947 3235 4003 per
3274 3945 3393 4001 qua:
3420 3944 3526 3984 non

1939 4033 2277 4088 crediderant
2315 4032 2489 4101 ipsum
2522 4028 2688 4085 fuisse
2713 4042 2874 4099 quem
2904 4024 3300 4080 existimarant.
3346 4021 3530 4091 Itaque

1939 4126 2083 4198 quod
2129 4124 2611 4188 existimaveram,
2658 4122 2708 4176 id
2743 4120 2930 4176 volens
2977 4116 3123 4172 credi
3169 4129 3270 4181 se,
3316 4127 3440 4169 eum
3471 4126 3531 4167 se

1942 4220 2291 4276 conﬁrmabat
2319 4231 2478 4288 quem
2516 4214 2956 4271 existimaverant
2978 4252 2991 4275 ,
3023 4205 3297 4264 Creatoris
3322 4204 3531 4261 scilicet

1941 4313 2208 4369 Clu-istum
2253 4310 2644 4378 redemptorem
2678 4304 2911 4359 Israelis.
2953 4302 3029 4358 De
3069 4297 3312 4370 corporis
3346 4304 3524 4351 autem

1943 4404 2167 4461 veritate
2196 4402 2321 4472 quid
2371 4409 2545 4471 potest
2594 4395 2829 4453 clarius?
2885 4408 3005 4449 cum
3051 4386 3423 4447 litesitantibtts
3455 4388 3536 4443 eis

1946 4514 2012 4554 ne
2065 4498 2377 4568 phantasma
2403 4500 2585 4556 esset,
2632 4491 2739 4544 imo
2789 4487 3105 4560 phantasma
3139 4480 3524 4541 credentibus:

1951 4590 2087 4660 Quid
2109 4588 2294 4643 turbati
2316 4588 2454 4653 estis,
2473 4584 2659 4655 inquit,
2682 4592 2727 4638 et
2748 4582 2870 4655 quid
2896 4578 3223 4651 cogitationes
3240 4575 3451 4629 subeunt
3474 4573 3531 4626 in

250 4700 299 4747 et
330 4691 528 4745 curabit
552 4707 645 4746 nos
664 4709 684 4758 ;
704 4692 975 4762 percussit,
1003 4701 1050 4745 et
1076 4693 1397 4748 miserebitur
1421 4698 1616 4761 nostri;
1646 4666 1843 4755 sanabil
1868 4684 1921 4744 D

1868 4684 1921 4744 D
1948 4685 2102 4740 corda
2131 4690 2292 4737 vestra
2318 4687 2342 4735 ἓν
2376 4678 2548 4733 Videte
2562 4693 2738 4732 manus
2755 4691 2892 4729 meas
2921 4684 2966 4728 et
2982 4671 3156 4741 pedes,
3176 4667 3296 4739 quia
3312 4682 3403 4738 ego
3424 4666 3534 4737 ipse

248 4800 347 4840 nos
373 4790 484 4855 post
513 4782 720 4838 biduum
743 4823 760 4851 ,
800 4783 853 4837 in
882 4783 965 4839 die
993 4785 1138 4838 tertia
1164 4800 1501 4856 resurgemns.
1535 4788 1667 4857 Quis
1695 4794 1838 4847 enim

1947 4791 2094 4841 sum;
2124 4774 2361 4845 quoniam
2391 4771 2597 4842 spiritus
2626 4783 2741 4823 ossa
2772 4783 2873 4822 non
2897 4765 3061 4831 habet,
3096 4762 3223 4818 sicut
3250 4775 3330 4817 tne
3354 4756 3539 4815 haben-

1490 4900 1871 4967 LECTIONES
1907 4909 2318 4968 VARIANTES.

321 5044 399 5118 tt)
418 5043 616 5118 Fursa
631 5041 701 5094 al.
723 5054 743 5106 ;
765 5041 1047 5095 alterutrum
1070 5042 1218 5095 omitt.
1244 5042 1397 5098 theu.
1422 5044 1573 5097 Scml.
1618 5046 1811 5099 Obertli.

319 5109 395 5176 (2)
420 5109 465 5157 si
490 5109 557 5158 al.

322 5169 376 5288 $3
425 5168 726 5220 Pestilentiae
742 5167 807 5218 at.

352 5177 398 5360 ιξ
419 5233 471 5280 Si
492 5231 559 5281 al.
583 5247 600 5294 ;
623 5231 807 5283 alterutt

320 5296 374 5359 (εἰ
421 5293 738 5347 Existimatur
752 5294 807 5347 Ri

352 5230 398 5294 ι)
419 5233 471 5280 Si
492 5231 559 5281 al.
583 5247 600 5294 ;
623 5231 908 5283 alterutrum
928 5230 1029 5282 del.
1053 5232 1175 5281 Jun.

320 5293 395 5360 (ὅ)
421 5293 738 5347 Existitnatur
752 5294 860 5362 Rig.
894 5299 1052 5345 Venet.
1081 5293 1231 5345 Semt.

2018 5053 2094 5112 (tt)
2120 5054 2238 5112 Quae
2266 5046 2430 5100 Paris.
2459 5048 2613 5112 ξενίαι.

2018 5054 2072 5112 (tt
2120 5054 2238 5112 Quae
2266 5053 2430 5100 Paris.
2459 5053 2613 5098 Fran.

2038 5118 2064 5165 7
2116 5115 2175 5164 lit
2196 5116 2353 5163 minus
2374 5112 2437 5161 de
2462 5110 2571 5161 Deo
2594 5107 2735 5159 sentt.
2760 5112 2813 5159 et
2831 5118 3001 5159 manus
3016 5104 3081 5155 de
3104 5100 3214 5155 Deo
3238 5101 3382 5153 then.

2043 5182 2071 5225 δ
2116 5173 2509 5241 Oporteretcod.
2539 5182 2722 5223 n'omv.

2044 5241 2073 5289 9
2123 5239 2371 5302 lucrcpuit
2387 5235 2454 5287 al.
2482 5235 2620 5299 iua‘ut
2645 5232 2797 5286 Scml.

2043 5173 2094 5241 8)
2116 5178 2385 5241 Oportet-et
2400 5173 2509 5241 c_0d_.
2539 5182 2722 5241 tt'outv.

2044 5232 2095 5302 9)
2123 5232 2371 5302 lticrcpuit
2387 5235 2454 5287 al.
2482 5235 2620 5299 iua‘ut
2645 5232 2797 5286 Scml.

1629 5401 2191 5465 COMMENTARIUS.

335 5541 493 5599 CAP.
521 5540 781 5598 XLlIl.-—
797 5542 874 5614 (a)
908 5540 1001 5598 Tot
1025 5545 1128 5613 fere
1146 5539 1494 5597 laterensibus.
1518 5539 1859 5611 Laterenses,

266 5616 580 5685 stipatores,
618 5615 760 5684 quod
787 5614 926 5670 latus
955 5614 1223 5669 claudant.
1253 5614 1429 5667 lines.

343 5685 428 5758 (ll)
458 5685 775 5758 Ilevertentes
812 5701 1005 5755 quoque
1048 5702 1078 5758 a
1112 5685 1640 5758 sepulcramulieres.
1691 5686 1862 5758 Etiam

276 5754 367 5814 me
418 5754 1135 5824 evangelistamronvenire
1180 5754 1413 5810 Ostendit
1464 5771 1583 5810 eum
1621 5772 1685 5811 eo
1727 5757 1865 5825 quod

276 5838 364 5885 est
403 5828 475 5884 Is.
520 5825 661 5883 XVII
709 5845 723 5882 :
766 5826 1002 5881 Mulieres
1045 5828 1293 5881 venientes
1338 5843 1367 5877 tt
1407 5828 1594 5881 visione
1640 5829 1871 5882 renisse:

286 5902 376 5957 ubi
427 5900 721 5957 omittimus
758 5900 899 5970 quod
945 5898 1106 5968 priori
1152 5899 1269 5952 loco
1315 5898 1632 5968 legebatur:
1678 5900 1869 5963 Venite,

1972 5544 2116 5615 quod
2147 5558 2320 5615 neque
2348 5542 2487 5615 apud
2524 5536 2855 5615 LXXhodie
2881 5546 2973 5615 aut
3002 5535 3133 5615 olim
3159 5574 3175 5601 ,
3216 5542 3389 5615 neque
3415 5526 3555 5600 apud

1975 5600 2035 5673 II}.
2062 5600 2447 5685 Ilieroitymu'm
2475 5657 2492 5681 ,
2540 5612 2794 5685 Cyrillum
2821 5653 2850 5685 ,_
2885 5600 3203 5685 l’rOCt_qiit_t_ttt
3249 5600 3556 5685 itt'.Co‘nun.

1975 5704 2146 5769 peque
2168 5674 2304 5769 apud
2328 5673 2607 5769 Origeneni
2632 5686 2683 5769 in
2708 5673 2890 5765 Matth:
2917 5692 3007 5733 aut
3033 5673 3297 5769 ltuitinum

1977 5741 2155 5815 bolum
2190 5741 2326 5883 iitllcr
2352 5741 2512 5827 optma
2546 5757 2604 5810 ll.
2633 5754 2907 5825 Cypriani,
2936 5752 3165 5820 amplius
3196 5761 3353 5806 uuam
3386 5741 3556 5798 sctttcl

1977 5831 2197 5883 locatur.
2256 5833 2365 5882 ’.κλμ

1974 5831 2197 5899 legatur.
2231 5831 2365 5883 I’w.
