4268 6492
756 389 860 445 467

2177 384 2643 444 TERTULLIANI

3934 389 4042 447 468

751 517 848 561 lem
879 506 1056 563 videtis
1091 506 1196 579 (l).
1242 505 1309 562 Et
1345 506 1581 563 Marcion
1627 505 1872 578 quaedam
1913 503 2180 561 contraria
2220 504 2341 570 sibi,
2375 509 2426 569 Α
2456 505 2520 560 Et
2551 506 2726 559 scitote
2743 505 2862 576 quia
2889 519 2982 576 ego
3007 520 3118 559 sum
3138 546 3152 569 ,
3177 517 3337 574 quem
3366 503 3573 560 scilicet
3597 517 3918 575 corporeum
3949 519 4038 559 rc-

754 601 842 654 illa
869 601 1045 656 .creda
1069 601 1330 657 industria
1356 601 1577 658 eradere
1605 601 1674 657 de
1702 600 1993 672 Evangelia
2021 615 2119 655 suo
2149 599 2341 666 noluit,

753 703 810 748 ιιι
847 709 910 749 cx
946 693 1029 748 his
1059 709 1178 764 quas
1219 694 1445 749 eradere
1477 695 1648 762 patuit
1672 736 1687 760 ,
1737 709 1838 750 nec
1871 692 2070 759 erasit,
2105 693 2190 746 illa
2223 705 2341 760 qua:

754 786 919 840 erasit
938 827 953 851 ,
985 794 1078 840 aut
1107 785 1187 858 (Ξ)
1225 797 1450 856 negetur
1479 788 1710 841 erasisse
1730 827 1745 852 ,
1771 796 1862 840 aut
1892 785 2083 840 merita
2114 784 2344 838 erasisse

753 875 981 932 dicatur.
1026 877 1136 932 Nec
1168 880 1337 946 parcit
1358 877 1457 933 nisi
1489 878 1568 933 eis
1601 893 1720 948 quae
1756 891 1861 932 non
1889 877 2046 931 aliter
2081 876 2343 944 interpre-

757 969 940 1036 tanda,
973 985 1131 1040 quam
1170 969 1422 1037 delenda,
1453 969 1737 1026 subvertit.
1768 968 1895 1025 Vult
1915 968 2090 1038 itaque
2119 968 2194 1023 sic
2225 966 2341 1022 dic-

754 1071 885 1126 tum,
915 1066 1101 1130 quasi,
1148 1060 1376 1131 Spiritus
1403 1077 1518 1116 ossa
1546 1077 1648 1114 non
1675 1060 1824 1115 habet
1849 1103 1862 1124 ,
1901 1061 2029 1114 sicut
2061 1076 2140 1113 me
2164 1058 2344 1114 videtis

752 1153 1018 1208 habentem
1041 1196 1054 1217 ,
1083 1155 1149 1208 ad
1177 1154 1424 1223 spiritum
1456 1153 1720 1209 referatur
1739 1195 1753 1218 ,
1778 1153 1907 1208 sicut
1934 1168 2013 1206 me
2037 1152 2217 1205 videtis
2245 1152 2339 1205 ha-

751 1247 942 1297 bentem
967 1260 986 1308 ;
1043 1244 1092 1298 id
1124 1255 1206 1299 est
1237 1260 1341 1297 non
1385 1243 1669 1299 habentem
1701 1258 1820 1297 ossa
1851 1243 1988 1297 sicut
2015 1253 2068 1296 et
2097 1242 2336 1310 spiritus.

754 1335 820 1390 Et
866 1351 985 1404 quae
1031 1336 1170 1390 ratio
1216 1335 1573 1390 tortuositatis
1620 1335 1815 1390 istius?
1861 1348 1981 1388 cum
2029 1333 2344 1403 simpliciter

753 1428 1095 1495 pronuntiare
1139 1429 1394 1497 patuisset
1421 1445 1434 1480 :
1465 1427 1599 1495 Quia
1627 1427 1837 1498 spiritus
1865 1443 1981 1481 assa
2024 1442 2126 1480 non
2156 1425 2336 1491 habet,

747 1520 875 1573 sicut
917 1537 997 1574 me
1040 1521 1221 1575 uidetis
1252 1538 1353 1575 non
1383 1521 1666 1575 habentem.
1714 1521 1822 1576 Cur
1863 1529 2040 1576 autem
2075 1520 2336 1590 inspectui

747 1627 932 1668 earnm
972 1629 1162 1669 manus
1195 1625 1248 1670 et
1278 1614 1442 1685 pedes
1467 1629 1594 1671 suos
1630 1614 1816 1681 all’ert,
1853 1630 1972 1686 quas
2002 1615 2238 1670 membra
2267 1629 2333 1670 ex

747 1704 958 1760 ossibus
982 1715 1230 1760 constant
1251 1748 1266 1772 ,
1299 1706 1342 1760 si
1373 1719 1494 1760 ossa
1522 1720 1626 1761 nan
1658 1705 1928 1762 habebat?
1965 1704 2074 1761 Cur
2103 1705 2286 1775 adjicit
2313 1723 2327 1762 :

2450 611 2532 655 tra
2559 599 2865 655 noverant?
2914 607 3021 654 Aut
3044 600 3088 654 si
3123 599 3436 668 phantasma
3473 607 3591 654 erat
3618 615 4034 670 usquequaque,

2447 709 2543 750 cur
2589 695 2709 748 illas
2752 693 3068 763 phantasma
3113 693 3394 748 credentes
3430 692 3785 761 increpabat?
3832 692 4032 761 Atquin

2447 785 2620 841 adhuc
2650 787 2730 841 eis
2753 801 2857 840 non
2885 785 3227 840 credentibus
3250 826 3264 850 ,
3290 793 3574 854 propterea
3607 785 3786 838 cibum
3815 784 4037 839 deside-

2445 879 2603 942 ravit,
2638 887 2693 932 ut
2733 893 2793 933 se
2833 876 3140 933 ostenderet
3174 879 3337 931 etiam
3377 876 3565 931 dentes
3594 876 3809 932 habere.
3841 875 4038 946 Imple-

2446 971 2623 1024 vimus
2646 1011 2660 1035 ,
2705 981 2756 1024 ut
2786 970 2979 1038 opinor
3002 1010 3018 1035 ,
3063 969 3431 1040 sponsionem.
3473 970 3823 1024 Exhibuimus
3851 968 4036 1024 Iesum

2446 1060 2716 1115 Christum
2748 1059 3136 1129 Prophetarum
3161 1059 3439 1120 doctrinis.
3477 1061 3758 1115 sententiis
3783 1101 3798 1122 ,
3831 1060 4036 1114 allecti-

2447 1152 2566 1214 bus,
2598 1153 2843 1207 sensibus
2863 1194 2877 1217 ,
2906 1151 3191 1206 virtutibus
3211 1193 3226 1215 ,
3256 1152 3594 1221 passionibns
3615 1193 3632 1219 ,
3664 1149 3827 1206 etiam
3850 1166 4037 1204 resur-

2447 1246 2725 1310 rectione,
2769 1262 2874 1300 non
2917 1246 3079 1300 alium
3124 1261 3283 1313 quam
3327 1245 3617 1300 Creatoris.
3667 1245 3944 1314 Siquidem
3988 1252 4043 1299 et

2445 1338 2719 1408 apostolos
2768 1338 2986 1392 mittens
3024 1337 3091 1392 ad
3122 1337 3520 1408 praedicandum
3556 1337 3819 1392 universis
3860 1338 4039 1391 natio-

2447 1430 2605 1485 nibus
2631 1471 2644 1493 ,
2677 1414 2971 1484 iniamnem
3004 1439 3198 1484 terram
3230 1430 3379 1484 exire
3410 1444 3600 1483 sonum
3639 1444 3823 1483 eorum
3850 1470 3863 1490 .
3895 1438 3950 1483 et
3989 1430 4040 1483 in

2448 1522 2706 1577 terminos
2741 1532 2898 1575 terra:
2924 1535 3084 1575 voces
3108 1535 3295 1576 eorum
3317 1563 3332 1586 ,
3367 1520 3635 1575 Psalmum
3665 1518 4038 1587 adimplenda,

2444 1613 2716 1682 prtecepit.
2763 1611 3018 1667 Misereor
3063 1613 3156 1673 tui.
3193 1611 3447 1677 Marcion,
3513 1611 3709 1666 frustra
3759 1611 4040 1666 laborasti.

2439 1705 2683 1760 Christus
2709 1706 2850 1760 enim
2872 1704 3028 1761 Iesus
3055 1705 3109 1761 in
3139 1705 3428 1776 Evangelia
3455 1716 3568 1772 tuo,
3603 1720 3754 1761 meus
3783 1704 3990 1776 est(a).

1993 1818 2373 1876 LECTIONES
2405 1819 2491 1874 VA
2503 1818 2822 1876 RIANTES.

807 1910 882 1975 (l)
906 1909 1100 1963 Videtis
1122 1911 1310 1963 habere
1331 1910 1488 1965 Rhea.
1504 1911 1658 1965 Seml.
1680 1913 1843 1968 Obert.

2511 1914 2583 1978 (2)
2609 1913 2714 1965 Nec
2735 1913 2886 1966 Semt.

2115 2017 2679 2076 COMMENTARIUS.

813 2130 890 2201 (a)
942 2129 1174 2186 Christus
1191 2132 1332 2210 _enim
1359 2131 1509 2189 Iesus
1535 2133 1588 2210 in
1613 2134 1870 2210 evangelio
1901 2142 2023 2210 tuo__,
2065 2144 2322 2210 τηετις-εει.
2357 2151 2404 2210 Β
2435 2116 2686 2210 phanius.
2714 2134 2976 2210 An‘anaz
3006 2134 3164 2210 fuerit
3190 2146 3501 2210 corruptum
3527 2134 4033 2210 Evangelium_,nan

737 2200 1140 2275 Corruptmnet
1174 2202 1523 2271 depravatum
1555 2206 1718 2260 fuisse
1741 2200 2093 2275 Evangelinm
2127 2221 2154 2257 a
2184 2205 2327 2259 Mar-

742 2273 896 2346 ciane
927 2274 1334 2346 trumghicﬂlocns
1361 2278 1590 2342 probat,
1622 2286 1732 2329 tum
1761 2291 1882 2344 cap.
1906 2273 2013 2329 'nlt.
2047 2276 2165 2330 libri
2191 2291 2328 2346 prae-

743 2342 980 2416 cedentis
1009 2365 1020 2398 :
1046 2343 1112 2397 Et
1151 2344 1483 2416 Evangelium
1524 2359 1741 2400 uestrum
1768 2389 1781 2408 ,
1828 2342 1936 2401 etc.
1964 2388 1978 2408 ,
2022 2357 2132 2400 tum
2167 2342 2327 2401 etiam

743 2415 834 2468 lib.
885 2415 985 2468 hac
1031 2429 1152 2484 cap.
1215 2415 1309 2470 29.
1373 2417 1632 2471 Habuisse
1701 2427 1879 2472 autem
1944 2417 2329 2472 Tcrtullianum

741 2485 981 2543 codicem
1011 2486 1156 2540 illum
1186 2486 1474 2542 Marcionis
1500 2498 1811 2558 corruptum
1844 2497 2071 2544 testatur
2098 2487 2156 2544 S.
2201 2490 2328 2558 Epi-

2431 2217 2515 2260 est
2552 2205 2828 2260 dubitandi
2873 2209 3017 2262 locus
3059 2209 3255 2276 legenti
3300 2205 3504 2261 huncce
3546 2209 3780 2269 librum;
3827 2208 4038 2277 ubique

2433 2278 2574 2332 enim
2609 2278 2657 2330 id
2686 2277 2742 2331 lit
2770 2277 3131 2332 manifestum.
3172 2277 3379 2332 Citatnr
3417 2278 3576 2332 etiam
3617 2287 3876 2345 corrupte
3909 2295 4036 2333 vcr-

2431 2364 2524 2401 sns
2554 2348 2625 2405 25
2657 2363 2774 2416 cap.
2801 2348 2970 2403 XXIV
3015 2350 3074 2404 Β.
3126 2349 3302 2411 Lucae,
3336 2349 3381 2403 0
3405 2351 3642 2405 insensati
3667 2348 3887 2413 Galatea,
3920 2362 4028 2407 etc.

2433 2418 2740 2492 Illndienim
2766 2436 2869 2474 non
2896 2436 2960 2474 ex
2987 2433 3203 2492 recepta
3239 2421 3548 2492 Evangelia,
3575 2419 3666 2474 sed
3694 2434 3760 2476 ex
3789 2436 4031 2490 evange-

2434 2490 2507 2544 lio
2539 2491 2826 2546 Marcionis
2850 2493 3066 2546 citatur.
3103 2491 3178 2547 Ls:
3207 2493 3302 2546 Pu.

2046 2713 2528 2823 LIBER
2596 2717 2726 2825 V.

2199 2901 2567 2956 summa»

736 3018 1132 3076 Ancuuenruu.
1162 3050 1232 3061 —
1260 3020 1424 3077 Sicuti
1463 3020 1592 3075 libro
1621 3021 1928 3092 praecedenti
1951 3038 2015 3077 ex
2046 3022 2328 3092 Evangelia

807 3111 871 3166 Β.
904 3110 1058 3166 Luca:
1084 3154 1099 3179 ,
1127 3113 1266 3182 quod
1300 3112 1393 3166 sibi
1419 3123 1751 3180 usurpaverat
1787 3111 2018 3167 Marcion
2041 3155 2054 3176 ,
2086 3115 2158 3167 sic
2195 3129 2330 3166 nunc

808 3219 870 3256 ea:
896 3202 1142 3272 Epistolis
1169 3203 1323 3257 Pauli
1353 3205 1499 3273 (quas
1520 3204 1607 3257 ille
1625 3203 1887 3258 mutilatas
1905 3210 1958 3258 in
1984 3205 2167 3258 librant
2192 3204 2330 3273 Apo-

2506 3020 2563 3076 C.
2607 3021 2746 3076 XIV.
2783 3021 2864 3077 Ea:
2888 3022 3115 3086 eiusdem
3143 3021 3293 3075 etiam
3330 3019 3574 3091 Epistola:
3616 3037 3732 3091 cap.
3762 3019 3913 3089 VIII,
3947 3021 3997 3077 X
4018 3064 4035 3091 ,

2435 3111 2537 3177 XI,
2569 3111 2698 3176 XII,
2731 3112 2844 3167 XIII
2874 3123 2918 3166 et
2961 3113 3100 3168 XVI.

2507 3207 2568 3260 C.
2612 3206 2726 3260 XV.
2773 3205 2884 3260 Nec
2927 3208 3093 3260 minus
3136 3222 3228 3277 per
3269 3205 3416 3258 verba
3464 3205 3730 3276 Apostoli,
3765 3205 3829 3259 de
3859 3205 4034 3275 Epist.

807 3297 1044 3350 stolicum
1072 3314 1164 3350 suo
1193 3297 1337 3350 titulo
1371 3297 1560 3350 editum
1594 3296 1790 3350 diverso
1819 3297 1997 3351 ordine
2038 3297 2328 3368 redegerat,
2359 3283 2402 3346 C
2437 3298 2504 3351 ad
2534 3298 3027 3355 Thessalonicenses.

807 3391 1027 3460 exceptis
1047 3391 1111 3445 iis
1130 3406 1242 3460 qua?
1265 3400 1380 3444 sunt
1426 3391 1493 3444 ad
1541 3389 1859 3444 Timotheum
1885 3400 1932 3444 et
1961 3389 2126 3445 Titum
2152 3433 2166 3457 ,
2199 3401 2242 3445 et
2264 3392 2331 3446 ad

807 3482 1089 3554 Hebraeos)
1117 3484 1297 3554 probat
1318 3481 1666 3537 Tertullianus
1692 3498 1795 3536 non
1825 3484 1986 3537 alium
2012 3482 2176 3538 Deum
2198 3499 2330 3554 prte-

807 3573 970 3626 dicari
999 3574 1062 3627 ttb
1091 3575 1332 3641 Apostolo
1366 3591 1519 3644 quam
1547 3572 1824 3628 Creatoris.

803 3661 863 3716 C.
911 3663 948 3716 I.
992 3662 1257 3733 Imprimis
1277 3674 1443 3719 autem
1471 3665 1524 3717 id
1553 3665 1632 3718 vel
1650 3681 1712 3719 ea:
1736 3681 1795 3720 eo
1816 3666 2140 3735 manifestum
2167 3667 2325 3737 facit,

730 3755 866 3824 quod
895 3756 1041 3809 nulla
1069 3757 1347 3809 auctoritas
1373 3755 1609 3825 apostolo
1640 3754 1812 3810 Paulo
1845 3757 2108 3827 probetur,
2141 3758 2240 3811 nisi
2263 3759 2327 3812 de

732 3847 1078 3901 Instrumenta
1127 3847 1296 3903 Veteri
1339 3847 1624 3918 Creatoris,
1655 3859 1702 3902 et
1741 3849 1878 3904 Actis
1929 3849 2320 3920 Apostolorum,

731 3955 848 4008 qua
879 3937 1112 3995 Marcion
1156 3941 1435 4011 rejiciebat.

805 4031 867 4087 C.
908 4031 971 4087 II.
1017 4033 1212 4088 Deinde
1239 4045 1343 4087 tum
1386 4051 1476 4103 per
1513 4042 1868 4103 argumentum
1907 4043 1953 4087 et
1993 4033 2141 4088 verba
2185 4033 2326 4103 Apo-

729 4127 875 4192 stali,
908 4127 971 4179 de
1007 4125 1242 4194 Epistola
1275 4127 1342 4180 ad
1376 4125 1588 4180 Galatas
1609 4167 1624 4192 ,
1656 4142 1718 4180 ex
1746 4142 1860 4195 cap.
1897 4123 1935 4178 l.

805 4217 864 4275 C.
906 4217 990 4272 IlI.
1035 4217 1166 4273 Itent
1202 4236 1264 4272 ea:
1287 4219 1516 4287 ejusdem
1548 4217 1799 4287 Epistolas
1835 4234 1951 4288 cap.
1986 4217 2025 4271 II
2055 4228 2099 4271 et
2125 4216 2211 4273 III.

804 4311 863 4367 C.
910 4311 996 4365 IV.
1031 4311 1114 4367 Ex
1135 4314 1360 4384 ejusdem
1387 4315 1538 4368 etiam
1564 4330 1680 4384 cap.
1708 4310 1773 4365 IV
1796 4355 1810 4375 ,
1837 4313 1876 4367 V
1900 4356 1913 4378 ,
1946 4313 2034 4369 VI.

801 4402 863 4459 C.
906 4404 971 4458 V.
1018 4402 1218 4460 Deinde
1264 4424 1355 4476 per
1392 4407 1541 4460 verba
1589 4406 1854 4477 Apostoli,
1884 4405 1947 4460 de
1975 4405 2210 4477 Epistola
2252 4406 2322 4459 ad

728 4496 1014 4554 Corinthios
1061 4499 1263 4569 prima,
1297 4517 1358 4554 ea:
1387 4517 1500 4570 cap.
1533 4500 1570 4553 I.

801 4592 864 4646 C.
906 4591 992 4646 VI.
1039 4592 1211 4647 Etiam
1241 4610 1302 4648 ea:
1334 4593 1579 4662 Epistolas
1607 4596 1834 4665 ejusdem
1869 4612 1985 4666 cap.
2017 4596 2059 4651 II
2088 4605 2133 4650 et
2166 4595 2246 4650 III.

2507 3391 2568 3451 Ο.
2615 3391 2754 3446 XVI.
2798 3390 2865 3444 Et
2896 3393 2958 3446 de
2989 3389 3160 3463 Epist.
3191 3392 3259 3445 ad
3286 3391 3756 3447 Thessalonicenses
3783 3396 4030 3450 secunda.

2505 3481 2567 3534 C.
2613 3481 2774 3536 XVII.
2819 3481 2952 3535 Dein
3005 3499 3094 3553 per
3136 3484 3285 3538 verba
3323 3483 3590 3551 Apostoli,
3633 3485 3696 3536 de
3738 3483 3908 3553 Epist.
3966 3487 4034 3539 ad

2433 3570 2747 3626 Laodicenas
2775 3574 2897 3644 (sive
2923 3575 2990 3626 ad
3018 3573 3288 3644 Ephesios)
3317 3591 3379 3628 ea:
3405 3591 3519 3644 cap.
3550 3573 3568 3626 I
3596 3585 3643 3627 et
3675 3573 3741 3628 II.

2500 3663 2561 3718 C.
2607 3663 2797 3718 XVIII.
2842 3663 2926 3718 Ea:
2950 3666 3178 3736 ejusdem
3208 3665 3360 3719 etiam
3391 3663 3640 3736 Epistolte
3663 3682 3782 3736 cap.
3810 3666 3909 3734 III,
3935 3665 4027 3735 IV,

2432 3755 2476 3811 V
2507 3767 2552 3810 et
2582 3755 2672 3809 VI.

2500 3848 2560 3905 C.
2604 3849 2746 3906 XIX.
2791 3849 3016 3923 Denique
3059 3869 3149 3925 per
3189 3852 3338 3908 verba
3381 3853 3614 3924 Apostoli
3641 3854 3703 3909 de
3732 3852 3906 3924 Epist.
3957 3855 4022 3908 ad

2429 3943 2770 4000 Colossenses.

2501 4035 2562 4090 C.
2605 4036 2724 4090 XX.
2769 4036 2844 4091 De
2881 4037 3043 4105 Epist.
3078 4038 3146 4090 ad
3182 4039 3562 4108 Philippenses.

2502 4129 2562 4185 C.
2590 4129 2734 4185 XXI.
2761 4129 3024 4186 Postrema
3046 4131 3109 4186 de
3130 4131 3298 4203 Epist.
3321 4135 3390 4186 ad
3411 4131 3786 4188 Philemonem.
3816 4132 4020 4188 Ρηει..

2951 4265 3175 4324 CAPUT
3215 4267 3492 4325 PRIMUM.

2497 4397 2634 4453 Nihil
2663 4398 2779 4455 sine
2822 4400 3060 4470 origine,
3094 4401 3194 4456 nisi
3228 4402 3364 4456 Deus
3393 4401 3577 4458 salus:
3610 4417 3733 4473 qua:
3761 4413 4020 4473 quantum

2429 4492 2683 4560 prazcedit
2714 4493 2764 4545 in
2796 4501 2937 4546 statu
2967 4494 3204 4546 omnium
3232 4508 3412 4547 rerum
3434 4535 3449 4560 ,
3484 4503 3694 4549 tantum
3745 4496 4020 4565 pra-cedat

2428 4597 2651 4639 necesse
2679 4594 2762 4639 est
2790 4585 2948 4639 ctiam
2995 4586 3047 4640 in
3087 4596 3378 4643 retractatur
3424 4602 3609 4642 earum
3635 4630 3649 4656 ,
3682 4600 3739 4642 ut
3764 4601 4018 4646 constare

803 4691 867 4740 (3.
913 4685 1022 4739 \‘Il.
1072 4686 1316 4757 Ejusdem
1360 4706 1555 4760 quoque
1599 4705 1662 4743 ex
1700 4706 1815 4759 cap.
1850 4665 1940 4758 IV,
1975 4691 2039 4758 V,
2071 4691 2161 4760 Vl,
2195 4691 2318 4761 VII,
2347 4665 2400 4724 Ῑ)
2427 4675 2493 4731 de
2519 4686 2661 4732 statu
2691 4679 2874 4748 possit.
2906 4679 3037 4748 Quia
3066 4695 3165 4734 nec
3195 4678 3394 4734 habeas
3414 4679 3676 4752 dispicere
3705 4683 3836 4752 quid
3862 4682 4016 4753 quale

725 4777 872 4844 VIII,
904 4780 973 4834 IX
1008 4792 1051 4834 et
1085 4780 1148 4834 X.

793 4871 855 4925 C.
900 4871 1035 4925 VIII.
1079 4871 1210 4926 Itent
1237 4889 1350 4942 cap.
1380 4875 1487 4942 XI,
1521 4875 1615 4930 XII
1635 4919 1648 4940 ,
1676 4875 1796 4930 XIII
1820 4886 1864 4930 et
1891 4876 2032 4933 XIV.

793 4966 852 5019 C.
896 4964 987 5018 IX.
1034 4962 1114 5019 Ea:
1141 4983 1258 5037 cap.
1289 4969 1440 5021 etiant
1469 4968 1565 5024 XV
1594 4970 1756 5040 priori
1790 4980 1953 5039 parte.

792 5057 853 5112 C.
895 5056 965 5111 X.
1009 5055 1077 5110 Et
1109 5075 1171 5111 ea:
1199 5060 1425 5129 ejusdem
1465 5077 1582 5130 cap.
1613 5059 1708 5116 XV
1750 5061 1973 5115 secunda
2015 5071 2176 5129 parte.

791 5146 853 5204 C.
888 5147 983 5206 XI.
1028 5147 1249 5203 Rursum
1283 5169 1372 5220 per
1395 5152 1543 5205 verba
1574 5152 1807 5221 Apostoli
1837 5193 1853 5219 ,
1885 5151 1949 5206 de
1977 5152 2146 5222 Epist.
2179 5150 2223 5207 II
2247 5153 2316 5206 ad

718 5240 949 5294 Corinth.
997 5257 1060 5296 ea:
1105 5257 1222 5311 cap.
1255 5242 1315 5307 I,
1347 5243 1390 5298 II
1420 5254 1466 5299 et
1496 5242 1585 5299 III.

790 5331 851 5386 C.
895 5331 1009 5387 XII.
1053 5332 1185 5388 Item
1210 5351 1272 5389 ea:
1291 5351 1407 5406 cap.
1433 5336 1498 5402 V,
1532 5336 1656 5404 VII,
1685 5336 1787 5405 XI,
1814 5337 1906 5393 XII
1928 5347 1974 5393 et
1999 5335 2140 5394 XIII.

791 5423 855 5478 U.
898 5423 1042 5480 XIII.
1088 5427 1256 5485 Porro
1291 5430 1442 5484 etiam
1468 5447 1559 5499 per
1581 5433 1731 5485 verba
1769 5432 2022 5501 Apostoli,
2047 5431 2110 5486 de
2137 5430 2307 5501 Epist.

719 5513 790 5567 ad
815 5513 971 5571 Rom.
1006 5533 1068 5572 ea:
1092 5533 1207 5589 cap.
1242 5518 1299 5588 I,
1327 5519 1375 5576 II
1394 5561 1411 5589 ,
1440 5518 1509 5576 III
1530 5563 1546 5590 ,
1573 5520 1640 5588 V,
1668 5520 1735 5577 VI
1766 5531 1813 5576 et
1842 5520 1954 5578 VII.

2423 4770 2524 4834 sit,
2557 4771 2659 4826 nisi
2689 4783 2868 4827 certus
2893 4786 2958 4826 an
2981 4774 3085 4835 sit,
3117 4787 3235 4826 cum
3269 4772 3348 4842 (ὅ)
3384 4773 3699 4842 cognoveris
3742 4775 3888 4829 unde
3926 4776 4012 4829 sit.

2423 4863 2489 4918 Et
2513 4864 2633 4920 idea
2667 4881 2734 4921 ex
2766 4865 3006 4935 opusculi
3054 4865 3238 4918 ordine
3266 4864 3332 4918 ad
3363 4865 3500 4919 hanc
3528 4867 3810 4920 materiam
3843 4866 4012 4921 deva-

2421 4957 2598 5023 Iulus,
2645 4959 2872 5028 apostoli
2918 4973 3128 5029 quoque
3171 4957 3322 5013 Pauli
3377 4959 3636 5028 originem
3668 4976 3697 5014 a
3741 4960 4014 5019 Marciane

2419 5050 2672 5107 desidero
2695 5092 2708 5114 ,
2741 5065 2910 5106 navus
2943 5050 3104 5120 aliqui
3153 5050 3450 5121 discipulus
3475 5093 3489 5117 ,
3520 5067 3619 5106 nec
3665 5053 3832 5108 ullius
3875 5054 4009 5112 alte-

2420 5146 2534 5201 rius
2562 5145 2795 5211 anditor,
2825 5145 2913 5215 qui
2947 5146 3076 5200 nihil
3115 5146 3328 5202 interim
3358 5145 3572 5203 credam
3596 5188 3610 5212 ,
3637 5147 3738 5202 nisi
3769 5149 3906 5205 nihil
3935 5162 4010 5207 te-

2419 5242 2569 5292 mere
2598 5236 2949 5292 credendum.
2993 5238 3224 5296 Temere
3263 5256 3423 5310 parra
3461 5240 3606 5296 credi
3633 5240 4008 5314 quodcumque

2417 5331 2535 5385 sine
2579 5330 2800 5401 originis
2847 5331 3119 5400 agnitione
3163 5333 3424 5396 creditur,
3455 5334 3648 5403 quique
3695 5333 4005 5404 dignissime

2417 5425 2482 5479 ad
2511 5423 2924 5479 sollicitudinem
2956 5425 3192 5496 redigam
3236 5427 3390 5482 istam
3423 5426 3821 5495 inquisitionem
3845 5471 3860 5494 ,
3887 5444 4001 5483 cum

2416 5521 2460 5576 is
2483 5518 2614 5573 mihi
2642 5516 2936 5574 afﬁrmatur
2978 5520 3287 5589 apostolus,
3337 5535 3496 5591 quem
3527 5519 3603 5592 (b)
3634 5521 3685 5577 in
3714 5522 3840 5580 albo
3877 5537 4001 5594 apo-

1922 5613 2213 5671 LECTION
2223 5614 2303 5672 ES
2339 5613 2750 5670 VARIANTES.

774 5699 848 5763 ('5)
874 5699 992 5753 Cum
1015 5703 1162 5755 omitt.
1185 5715 1298 5757 Jun.

2076 5791 2630 5851 COMMENTARIUS.

2076 5797 2630 5853 COMMENTARIUS.

781 5873 933 5933 CAP.
970 5877 1194 5955 I.-—(b)
1238 5883 1304 5941 In
1348 5885 1464 5944 albo
1500 5886 2079 5962 apostolorum.Album
2097 5886 2181 5946 hic
2203 5897 2287 5947 est
2392 5891 2666 5964 catalogus
2717 5893 2950 5967 apostol.
3004 5907 3131 5951 nam
3170 5889 3312 5962 apud
3353 5889 3762 5948 Jureconsultas
3811 5893 3986 5949 album
