4268 6492
219 407 322 465 ιθθ

1341 404 1468 460 LIB.
1511 403 1556 460 V
1596 401 1957 462 ADVERSUS
1993 404 2422 465 MARCIONEM.

3402 403 3509 460 470

216 521 478 578 stolorum
517 521 657 592 apud
692 520 1039 591 Evangelium
1087 533 1196 574 non
1242 516 1610 588 deprehendo.
1645 517 1801 572 Deni-
1831 519 1883 580 Α
1911 521 1980 574 tia
2024 530 2082 576 et
2123 520 2422 576 satisfactio
2445 563 2460 588 ,
2490 521 2630 578 bona
2680 534 2782 591 pro
2821 519 2978 575 malis
3021 517 3366 590 recipientis,
3395 533 3500 572 non

218 631 321 687 quc
363 617 587 671 audiens
633 627 817 687 postea
850 630 972 670 eum
1004 630 1032 668 a
1065 612 1288 668 Domino
1330 612 1581 666 allectum
1608 612 1720 680 jam
1750 610 1803 665 in

219 709 369 763 caelis
423 711 762 777 quiescente,
797 706 947 776 quasi
998 703 1462 775 improvidentiam
1516 703 1802 767 existimo,

221 803 266 858 si
298 820 402 857 non
435 814 560 857 ante
592 804 745 858 scivit
776 803 922 856 illum
963 801 1063 854 sibi
1115 798 1472 854 necessarium
1521 796 1765 851 Christus
1792 812 1806 860 ;

221 894 318 950 sed
341 895 450 964 jam
474 894 721 949 ordinato
742 893 920 948 ofﬁcio
951 892 1280 963 apostolatus
1304 931 1318 954 ,
1361 899 1415 945 et
1446 890 1498 943 in
1527 904 1621 943 sua
1646 903 1809 958 opera

221 989 445 1043 dimisso
469 1030 484 1053 ,
512 1003 578 1042 ex
615 988 828 1042 incursu
852 1028 865 1050 ,
901 1000 1006 1040 non
1037 1001 1104 1039 ex
1135 992 1420 1053 prospectu
1447 981 1809 1050 adjiciendum

224 1079 552 1135 existimavit
577 1095 590 1144 ;
623 1079 972 1142 necessitate,
1003 1086 1060 1130 ut
1089 1075 1159 1130 ita
1187 1073 1412 1128 dixerim
1439 1115 1454 1140 ,
1484 1088 1589 1127 non
1621 1072 1808 1126 volun-

224 1183 353 1227 tate.
404 1172 765 1241 Quamobrem
792 1214 806 1237 ,
850 1171 1067 1225 Pontice
1117 1168 1364 1222 uauclcrc
1396 1209 1409 1230 ,
1449 1166 1496 1222 si
1543 1182 1811 1236 nunquam

222 1263 445 1319 furtivas
494 1278 702 1319 merces
741 1263 824 1316 vel
873 1262 1085 1316 illicitas
1115 1259 1192 1332 (ιι)
1227 1261 1276 1314 in
1308 1268 1491 1314 acatos
1520 1267 1639 1313 tuas
1666 1273 1814 1313 recc-

222 1357 347 1427 pisti
380 1372 394 1420 ;
426 1356 469 1409 si
502 1355 706 1409 uullmn
757 1354 978 1408 omnino
1027 1369 1162 1406 onus
1211 1352 1450 1407 avertisti
1492 1351 1573 1406 vel
1603 1349 1812 1405 adulte-

224 1448 355 1502 rasti
384 1489 398 1513 ,
428 1448 634 1501 cautior
679 1447 860 1516 utique
904 1455 959 1501 et
1005 1445 1215 1499 ﬁdelior
1246 1445 1295 1498 in
1330 1445 1419 1498 Dei
1451 1445 1613 1499 rebus
1639 1485 1654 1507 ,
1686 1443 1815 1498 edas

226 1539 391 1593 velim
427 1539 579 1592 nobis
609 1553 712 1608 quo
739 1538 983 1608 symbolo
1021 1535 1325 1606 susceperis
1350 1535 1649 1604 apostolum
1681 1534 1815 1587 Pau-

227 1631 525 1701 lum?quis
555 1630 705 1685 illum
751 1631 887 1684 tituli
932 1631 1243 1684 charactere
1293 1627 1666 1698 percusserit?
1696 1625 1817 1693 quis

228 1724 588 1778 transmiserit
635 1723 776 1778 tibi?
805 1723 926 1792 quis
979 1721 1328 1792 imposuerit,
1377 1729 1433 1773 ut
1477 1719 1650 1789 possis
1694 1733 1816 1773 eum

227 1825 544 1870 constanter
573 1815 885 1884 exponere?
916 1829 985 1869 ne
1031 1813 1172 1868 illius
1223 1812 1595 1882 probetur,qui
1640 1811 1818 1865 omnia

1909 613 2053 668 aliud
2079 614 2433 683 portendebat
2460 629 2618 685 quam
2651 613 2872 668 Paulum
2901 613 2954 666 in
2986 611 3147 668 Saule
3167 653 3182 679 ,
3212 609 3502 666 secundum

1910 705 2118 769 tribus;
2150 715 2203 760 et
2227 705 2409 760 Iesum
2451 706 2503 760 in
2546 704 2741 770 David,
2776 703 3070 760 secundum
3114 702 3338 774 virginis
3375 717 3506 757 cen-

1910 813 2051 854 sum.
2092 801 2217 858 Htec
2263 802 2550 874 ﬁgurarum
2597 813 2927 861 sacramenta
2956 803 3000 857 si
3030 801 3124 855 tibi
3170 800 3500 871 displicent,

1911 902 2058 947 certe
2111 895 2242 950 Acta
2295 897 2659 966 apostolorum
2710 896 2858 968 (Act.
2906 893 3000 964 IX)
3035 894 3174 949 hunc
3202 894 3330 948 mihi
3358 892 3504 948 ordi-

1913 1001 2035 1041 nem
2068 987 2214 1044 Pauli
2256 989 2623 1054 tradiderunt,
2654 1005 2684 1045 a
2715 997 2766 1044 te
2790 1003 3003 1059 quoque
3045 1001 3153 1042 non
3186 986 3508 1056 negandum.

1914 1079 2040 1135 Inde
2094 1083 2394 1151 apostolum
2439 1082 2666 1138 ostendo
2711 1090 3108 1152 persecutorem
3132 1121 3148 1146 ,
3182 1095 3288 1134 non
3317 1078 3386 1132 ab
3415 1077 3514 1133 ho-

1915 1171 2149 1226 minibus
2179 1214 2193 1238 ,
2227 1189 2399 1243 neque
2431 1189 2526 1244 per
2556 1173 2828 1228 hominem
2860 1185 2876 1238 ;
2911 1171 3035 1227 inde
3066 1180 3122 1226 et
3161 1170 3260 1240 ipsi
3287 1170 3512 1225 credere

1917 1263 2180 1330 inducor;
2215 1265 2339 1323 inde
2367 1275 2419 1321 te
2450 1282 2478 1321 a
2505 1266 2816 1322 defensione
2870 1265 2986 1334 ejus
3030 1263 3283 1334 expello;
3316 1277 3414 1317 nec
3443 1262 3511 1316 ti-

1916 1371 2038 1411 meo
2067 1356 2334 1412 dicentem
2374 1374 2388 1410 :
2421 1357 2500 1413 Tu
2529 1373 2657 1429 ergo
2687 1371 2848 1428 negas
2902 1355 3203 1425 apostolum
3246 1354 3511 1410 Paulum?

1918 1460 2025 1502 non
2077 1447 2392 1518 blasphemo
2441 1465 2598 1520 quem
2655 1458 2828 1504 tueor.
2881 1447 3067 1518 Nego,
3102 1456 3160 1500 ut
3201 1456 3250 1500 te
3288 1446 3516 1516 probare

1919 1539 2260 1608 compellam.
2291 1539 2466 1610 Nego,
2498 1550 2555 1595 ut
2591 1556 2768 1597 meum
2799 1554 2919 1596 esse
2961 1539 3298 1595 convincam.
3336 1539 3442 1592 Aut
3471 1538 3515 1592 si

1920 1631 1988 1685 ad
2021 1641 2260 1688 nostram
2301 1633 2460 1688 ﬁdem
2508 1643 2722 1703 spectas
2745 1674 2758 1696 ,
2791 1634 2970 1702 recipe
3001 1647 3119 1701 qua:
3147 1645 3263 1684 eam
3295 1628 3515 1684 faciunt.

1921 1722 1977 1779 Si
2005 1725 2070 1779 ad
2104 1738 2247 1780 tuam
2295 1741 2553 1797 provocas
2577 1769 2591 1789 ,
2621 1726 2720 1782 ede
2746 1741 2866 1795 qua:
2892 1740 3008 1780 eam
3041 1729 3387 1794 pratstruunt.
3418 1722 3521 1775 Aut

1925 1817 2092 1887 proba
2139 1832 2291 1881 esse,
2321 1833 2439 1887 qua:
2488 1816 2664 1873 credis
2694 1834 2708 1880 ;
2739 1825 2832 1873 aut
2882 1816 2927 1871 si
2975 1830 3082 1869 non
3131 1814 3359 1884 probas,
3390 1827 3523 1882 quo-

229 1907 562 1978 apostolatus
621 1908 736 1976 ejus
795 1907 1144 1961 instrumenta
1206 1905 1508 1974 protulerit.
1560 1905 1678 1974 Ipse
1724 1919 1818 1968 se.
1851 1913 1898 1973 B
1929 1908 2092 1963 modo
2120 1907 2338 1964 credis?
2368 1910 2475 1963 Aut
2502 1909 2678 1979 qualis
2716 1923 2776 1963 es
2801 1907 3059 1962 adversus
3096 1920 3218 1960 eum
3261 1903 3519 1968 credens,

234 2001 447 2071 inquit,
495 2002 795 2069 apostolum
858 2010 942 2054 est
1005 1999 1273 2069 professus
1340 1997 1568 2069 (Cat.l,
1614 1999 1710 2068 I),
1770 2006 1826 2052 et

238 2093 458 2161 quidem
489 2109 587 2146 non
613 2092 674 2144 ab
705 2092 988 2146 hominibus
1016 2133 1031 2158 ,
1061 2109 1152 2144 nec
1185 2108 1272 2160 per
1298 2091 1550 2144 hominem
1571 2133 1584 2155 ,
1616 2091 1706 2145 sed
1736 2106 1826 2159 per

230 2185 412 2239 Iesum
459 2183 735 2239 Christum.
794 2185 868 2254 (b)
918 2186 1082 2239 Plane
1130 2183 1367 2254 proﬁteri
1418 2193 1593 2254 potest
1631 2193 1826 2240 semet-

233 2277 408 2346 ipsum
447 2278 638 2346 qnivis.
672 2277 871 2333 Verum
925 2277 1188 2346 professio
1229 2277 1345 2347 ejus
1385 2277 1606 2332 alterius
1634 2287 1824 2332 aucto-

237 2371 396 2423 ritate
427 2368 744 2422 c0nﬁcitur:
775 2369 910 2423 alius
935 2369 1145 2432 Scribit,
1180 2369 1319 2422 alius
1344 2369 1649 2432 subscribit,
1687 2369 1824 2424 alius

235 2461 510 2530 obsignat.
541 2462 677 2516 alius
719 2463 854 2516 actis
893 2462 1075 2518 refert.
1123 2461 1290 2516 Nemo
1329 2463 1430 2518 sibi
1470 2473 1524 2518 et
1555 2463 1827 2532 professor

235 2564 289 2608 et
320 2553 472 2608 testis
508 2564 612 2608 est.
661 2556 861 2609 I’rzctcr
904 2557 1016 2610 hzec
1057 2556 1239 2624 utique
1267 2555 1441 2625 legisti
1476 2555 1630 2625 (Luc.
1666 2556 1822 2622 XXI,

239 2645 323 2716 8),
357 2648 538 2698 multos
569 2657 804 2700 venturos
832 2648 917 2717 qui
944 2648 1115 2700 dicant
1152 2664 1168 2700 :
1200 2646 1310 2718 Ego
1343 2665 1456 2701 sum
1487 2647 1738 2702 Christus.
1771 2649 1826 2705 Si

237 2747 321 2792 est
347 2739 434 2806 qni
465 2752 522 2791 se
550 2736 822 2792 Christum
868 2741 1176 2804 mentiatur,
1209 2749 1409 2808 quanto
1455 2741 1624 2809 magis
1651 2741 1739 2810 qui
1770 2755 1837 2797 se

238 2831 538 2901 apostolum
589 2831 841 2899 j‘trmdicct
881 2830 1121 2886 Christi?
1172 2831 1359 2885 Adhuc
1387 2847 1486 2901 ego
1516 2833 1567 2885 in
1602 2846 1829 2900 persona

239 2922 488 2992 discipuli
517 2931 570 2976 et
595 2923 924 2991 inquisitoris
954 2937 1266 2986 Conversar,
1312 2932 1369 2976 ut
1391 2923 1500 2991 jam
1531 2923 1655 2977 hinc
1685 2931 1740 2978 et
1765 2922 1828 2976 Ii-

241 3017 365 3070 dem
407 3026 548 3068 tuam
602 3013 891 3069 obtundam
921 3057 935 3080 ,
987 3014 1077 3084 qui
1136 3014 1275 3068 unde
1318 3029 1434 3068 eam
1477 3015 1668 3084 probes
1725 3029 1830 3068 non

246 3109 458 3174 habes;
499 3119 553 3162 et
595 3108 977 3178 impudentiam
1025 3107 1323 3161 suffundam
1357 3149 1371 3172 ,
1413 3109 1502 3177 qui
1555 3105 1825 3173 vindicas,

241 3214 295 3258 et
327 3200 466 3255 unde
506 3202 683 3270 possis
716 3200 990 3254 vindicare
1040 3214 1144 3253 uou
1191 3199 1404 3268 recipis.
1441 3199 1522 3254 Sit
1547 3197 1830 3265 Christus,

1927 2019 1958 2059 a
1981 2017 2088 2074 quo
2115 2003 2231 2058 solo
2258 2001 2512 2072 probatur
2538 2017 2662 2057 esse
2689 2001 2832 2072 quod
2876 2000 3054 2056 credis
3078 1999 3100 2053 ?
3129 1998 3278 2054 Habe
3304 2010 3444 2052 nunc
3467 2004 3524 2051 et

1927 2095 2230 2166 apostolum
2276 2093 2344 2149 de
2373 2108 2528 2160 meo,
2558 2094 2699 2148 sicut
2744 2100 2800 2147 et
2846 2091 3160 2155 Christum;
3193 2098 3298 2144 tam
3343 2103 3521 2143 meum

1926 2187 2228 2258 apostolum
2253 2226 2270 2253 ,
2313 2201 2472 2256 quam
2503 2195 2558 2241 et
2580 2185 2876 2240 Christum.
2911 2181 2984 2254 (c)
3029 2182 3220 2236 Iisdem
3247 2190 3299 2236 et
3327 2179 3413 2235 hic
3439 2180 3520 2234 di-

1930 2280 2244 2336 micabimus
2274 2280 2464 2345 lineis,
2494 2280 2547 2334 in
2580 2280 2697 2349 ipso
2733 2277 2902 2349 gradu
2943 2275 3352 2346 provocabimus
3384 2288 3521 2343 prae.

1927 2373 2264 2442 scriptionis,
2293 2382 2544 2442 Oportere
2569 2371 2774 2427 scilicet
2801 2378 2855 2424 et
2879 2369 3179 2439 apostolum
3231 2368 3318 2436 qui
3350 2367 3514 2420 Crea-

1928 2467 2059 2521 toris
2085 2475 2330 2536 negetur,
2359 2466 2467 2519 imo
2493 2475 2547 2521 et
2577 2465 2833 2520 adversus
2855 2462 3163 2518 Creatorem
3191 2459 3520 2532 proferatur,

1929 2557 2060 2612 nihil
2086 2558 2300 2622 docere,
2327 2557 2458 2612 nihil
2479 2571 2692 2627 sapere,
2717 2554 2847 2610 nihil
2877 2555 3018 2610 velle
3047 2553 3339 2609 secundum
3363 2550 3527 2607 Crea-

1932 2657 2126 2718 torem,
2153 2659 2207 2703 et
2235 2650 2286 2703 in
2317 2649 2502 2715 primis
2527 2658 2668 2702 tanta
2698 2648 2996 2702 constantia
3025 2646 3188 2700 alium
3216 2647 3379 2700 Deum
3409 2645 3526 2700 edi—

1930 2755 2053 2796 cere
2077 2783 2090 2805 .
2141 2750 2338 2810 quanta
2378 2755 2407 2793 a
2453 2739 2568 2808 lege
2592 2739 2860 2794 Creatoris
2888 2737 3118 2806 abrupit.
3163 2735 3344 2806 Neque
3383 2735 3527 2788 enim

1931 2834 2200 2889 versimile
2230 2843 2346 2900 est,
2396 2843 2451 2886 ut
2477 2842 2730 2888 avertens
2769 2847 2798 2886 a
2835 2830 3133 2901 judaismo,
3179 2843 3285 2884 non
3325 2827 3532 2898 pariter

1932 2926 2241 2981 ostenderet
2283 2927 2334 2980 in
2375 2925 2525 2996 cujus
2554 2925 2646 2979 Dei
2688 2924 2846 2979 ﬁdem
2879 2930 3176 2978 averteret:
3220 2923 3340 2992 quia
3372 2936 3531 2976 nemo

1934 3020 2160 3073 transire
2189 3029 2372 3088 posset
2385 3033 2412 3070 a
2427 3016 2706 3083 Creatore,
2725 3016 2971 3070 nesciens
2986 3013 3050 3068 ad
3066 3027 3223 3084 quem
3250 3023 3532 3068 transenn—

1934 3113 2063 3168 dum
2107 3113 2204 3167 sibi
2241 3123 2404 3168 esset.
2439 3111 2563 3168 Sive
2601 3111 2742 3166 enim
2787 3109 3033 3166 Christus
3051 3108 3160 3177 jam
3177 3107 3339 3161 alium
3362 3107 3525 3160 Deum

1935 3205 2297 3270 revelaverat,
2330 3204 2652 3275 sequebatur
2686 3203 2845 3258 etiam
2876 3200 3103 3272 apostoli
3145 3200 3391 3262 testatio;
3439 3199 3521 3253 vel

241 3297 314 3350 sit
341 3295 420 3364 (l)
451 3294 760 3362 Apostolus,
792 3304 848 3348 ut
869 3294 1088 3347 alterius
1109 3293 1235 3346 dum
1279 3309 1384 3348 non
1407 3293 1702 3363 probantur
1733 3292 1833 3347 nisi
1862 3302 1906 3364 ρ
1939 3313 2006 3352 ne
2038 3309 2144 3350 non
2175 3297 2289 3365 ejus
2320 3296 2413 3350 Dei
2437 3295 2712 3366 apostolus
2743 3294 3062 3359 haberetur,
3103 3307 3261 3362 quem
3287 3291 3532 3346 Christus

241 3387 313 3442 de
368 3388 720 3440 instrumento
769 3384 1056 3439 Creatoris.
1109 3383 1240 3438 Nam
1296 3385 1378 3455 (2)
1428 3385 1558 3439 mihi
1614 3385 1837 3438 Paulum

245 3482 408 3534 etiam
441 3477 667 3534 Genesis
715 3478 841 3532 olim
897 3478 1224 3547 repromisit.
1280 3477 1422 3532 Inter
1462 3476 1582 3530 illas
1609 3477 1750 3531 enim
1779 3476 1841 3528 Ii-

244 3587 409 3641 guras
439 3581 493 3626 et
517 3573 854 3640 propheticas
889 3585 1050 3640 super
1081 3568 1220 3624 ﬁlios
1247 3584 1372 3624 suos
1403 3569 1801 3624 benedictiones
1822 3609 1837 3634 ,

246 3664 418 3722 Jacob
465 3680 586 3718 cum
618 3663 684 3717 ad
728 3663 1004 3733 Benjamin
1051 3663 1337 3718 direxisset
1377 3665 1477 3734 (5).
1522 3662 1837 3732 Benjamin,

246 3756 426 3826 inquit
453 3754 602 3825 (Gen.
641 3754 803 3809 XLIX
826 3797 839 3819 ,
867 3755 961 3825 ‘27)
981 3796 994 3821 ,
1025 3755 1175 3823 lupus
1209 3772 1373 3824 rapax
1399 3797 1412 3819 ,
1443 3755 1510 3807 ad
1538 3755 1841 3808 ttmtutinum

249 3851 478 3906 comedet
505 3850 670 3902 adhuc
691 3890 704 3912 ,
735 3859 780 3901 et
807 3852 874 3900 ad
909 3863 1168 3916 vesperam
1210 3847 1350 3901 dabit
1379 3865 1565 3904 escam.
1596 3848 1672 3902 Ex
1703 3849 1839 3903 tribu

249 3945 398 4001 ettim
428 3943 704 4012 Benjamiu
735 3943 995 3996 oriturum
1027 3941 1247 3996 Paulum
1275 3940 1625 4010 providebat,
1659 3943 1840 4010 lupum

249 4050 535 4104 rapacem,
569 4033 633 4087 ad
657 4033 974 4087 matutinum
1014 4032 1384 4088 comedentem
1407 4074 1422 4099 ,
1455 4031 1504 4086 id
1529 4042 1643 4096 est,
1671 4033 1842 4102 prima

252 4137 417 4185 aetate
462 4136 791 4181 vastaturum
835 4140 1027 4195 pecora
1082 4125 1321 4191 Domini,
1354 4133 1409 4178 ut
1448 4134 1842 4194 persecutorem

253 4220 622 4278 Ecclesiarum
648 4235 662 4283 ;
695 4217 892 4272 dehinc
916 4217 984 4271 ad
1015 4231 1291 4287 vesperam
1339 4231 1515 4270 escam
1555 4216 1802 4271 daturum
1827 4259 1844 4283 ,

254 4312 313 4369 id
345 4319 427 4366 est
448 4352 462 4376 ,
493 4310 817 4379 devergente
841 4308 950 4379 jam
993 4317 1151 4363 aetate
1175 4323 1304 4363 oves
1343 4306 1539 4363 Christi
1587 4308 1846 4364 educatu-

254 4418 413 4469 rum,
441 4410 497 4456 ut
539 4402 812 4456 doctorem
869 4401 1168 4456 nationum.
1218 4399 1353 4456 Nam
1381 4412 1436 4456 et
1463 4400 1636 4456 Saulis
1675 4401 1850 4470 primo

257 4497 525 4567 asperitas
568 4492 936 4550 insectationis
963 4508 1086 4564 erga
1125 4493 1328 4563 David,
1357 4493 1552 4549 dehinc
1579 4495 1845 4563 poeniten-

1943 3389 2274 3444 revelaverat
2292 3404 2308 3452 ;
2329 3396 2384 3442 et
2407 3387 2528 3457 quia
2553 3402 2658 3441 non
2681 3385 2873 3440 licebat
2890 3385 3145 3440 abscondi
3167 3384 3234 3437 ab
3263 3384 3527 3454 apostolo,

1942 3481 2032 3551 qui
2059 3481 2168 3551 jam
2199 3481 2466 3536 revelatus
2497 3479 2688 3535 fuisset
2711 3494 2742 3533 a
2763 3477 3001 3534 Christo.
3025 3476 3147 3532 Sive
3174 3476 3306 3530 nihil
3339 3477 3442 3530 tale
3469 3475 3538 3531 de

1944 3573 2058 3629 Deo
2085 3573 2332 3629 Christus
2370 3572 2734 3637 revelaverat,
2781 3579 2930 3626 tanto
2970 3570 3139 3640 magis
3173 3569 3240 3624 ab
3292 3569 3536 3636 apostolo

1943 3665 2200 3720 debuerat
2227 3664 2458 3721 revelari
2481 3705 2494 3728 ,
2535 3664 2626 3734 qui
2658 3663 2769 3733 jam
2803 3677 2906 3718 non
2937 3670 3121 3733 posset
3156 3661 3223 3715 ab
3249 3661 3386 3725 alio;
3433 3675 3537 3716 non

1943 3756 2244 3813 credendus
2283 3757 2400 3811 sine
2428 3755 2613 3819 dubio,
2645 3754 2691 3808 si
2732 3768 2833 3809 nec
2860 3752 2929 3807 ab
2955 3752 3200 3822 apostolo
3236 3751 3527 3807 revelatus.

1945 3847 2096 3914 Quod
2126 3846 2323 3901 idcirco
2355 3845 2794 3914 prmstruximus,
2819 3853 2878 3899 ut
2901 3845 3010 3914 jam
3041 3842 3168 3899 hinc
3191 3842 3538 3914 proﬁteantur

1945 3955 2046 3996 nos
2072 3938 2292 4009 proinde
2325 3937 2664 4008 probaturos,
2693 3937 2894 3992 nullum
2922 3936 3084 3991 alium
3118 3937 3290 3990 Deum
3315 3935 3384 3990 ab
3410 3949 3540 4006 apo-

1947 4032 2088 4087 stolo
2118 4029 2510 4095 circumlatum,
2543 4030 2680 4084 sicut
2710 4028 3073 4099 probavimus,
3108 4041 3206 4082 nec
3233 4042 3262 4080 a
3289 4025 3543 4092 Christo;

1948 4139 2012 4181 ex
2047 4125 2176 4195 ipsis
2205 4125 2388 4193 utique
2415 4122 2671 4192 Epistolis
2697 4121 2880 4188 Pauli,
2908 4135 3042 4192 quas
3073 4119 3299 4189 proinde
3327 4119 3542 4174 mutila-

1951 4227 2033 4272 tas
2061 4217 2223 4272 etiam
2263 4215 2332 4270 de
2359 4229 2612 4280 numero,
2657 4213 2828 4271 forma
2855 4214 2965 4286 jam
3003 4212 3242 4270 hazretici
3268 4211 3544 4283 Evangelii

1951 4307 2329 4381 przejudicasse
2354 4307 2586 4364 debebit.

2575 4401 2804 4458 CAPUT
2842 4399 2909 4456 II.

2023 4493 2105 4566 (ά)
2135 4494 2490 4566 Principalem
2518 4492 2689 4565 (σοι,
2711 4492 2756 4564 1)
2787 4493 3045 4552 adversus
3079 4491 3405 4565 judaismum
3435 4488 3550 4562 epi-

1491 4606 1872 4666 LECTIONES
1909 4606 2322 4665 VARIANTES.

324 4724 401 4852 ὃ)
426 4721 875 4841 ξιξεὴῗιὲιῗάέεηιι.
901 4783 1098 4838 eam.

1871 4730 1928 4792 Ῑ)
2014 4722 2088 4788 (3)
2113 4723 2333 4775 Dixisset
2356 4723 2505 4777 Rhea.
2523 4720 2674 4774 Semt.
2701 4719 2846 4774 Ober.

1637 4890 2187 4951 COMMENTARIUS.

261 5014 350 5064 est
377 5003 689 5070 matricula,
721 5019 815 5059 seu
847 5003 1104 5072 particula
1129 5001 1477 5058 decurionum
1502 5045 1515 5069 ,
1543 5003 1683 5059 unde
1719 5004 1846 5060 alibi

305 5077 590 5145 roscriptio
630 5078 664 5129 I.
716 5075 1016 5130 Ilerennius
1054 5073 1141 5135 I0,
1177 5074 1238 5128 D.
1276 5075 1344 5129 de
1379 5075 1560 5128 decur.
1591 5085 1643 5128 et
1668 5074 1739 5128 ﬁl.
1780 5076 1852 5130 Ea

262 5095 438 5203 Eamne
484 5148 692 5202 ratione
734 5147 913 5199 album
953 5145 1272 5200 Senatorum
1325 5146 1458 5200 dixit
1505 5152 1717 5203 λεύκωμι
1769 5164 1852 5202 τῶν

285 5150 438 5202 ’erme
484 5148 692 5202 ratione
734 5147 913 5199 album
953 5145 1272 5200 Senatorum
1325 5146 1458 5200 dixit
1505 5152 1717 5214 λεύκωμι
1769 5164 1859 5202 τῶν

262 5218 775 5291 βουλευόντωνᾼῡὶοηη
792 5217 886 5271 lib.
904 5215 1015 5291 LX,
1031 5225 1085 5291 e_t
1097 5215 1276 5291 album
1293 5217 1709 5273 citltartndorum
1725 5215 1857 5273 Sue-

265 5286 453 5345 tonius
477 5291 528 5341 iu
554 5289 762 5343 Nerone
789 5303 907 5354 cap.
936 5287 1026 5342 20.
1057 5286 1133 5340 La
1160 5287 1252 5340 Pa.

343 5361 424 5429 (a)
465 5357 532 5412 In
570 5369 740 5414 acutos
782 5369 912 5412 tuas.
957 5359 1154 5412 Acatus
1191 5360 1309 5414 sive
1354 5367 1530 5420 ἄκατος
1569 5367 1622 5412 et
1661 5363 1860 5415 ἀκάτιον

269 5431 470 5500 navigii
499 5445 667 5497 genus
697 5441 809 5496 est,
843 5429 984 5498 quod
1014 5429 1166 5496 velis,
1199 5445 1305 5484 non
1333 5441 1510 5487 autem
1538 5431 1700 5485 remis
1729 5445 1858 5500 age-

268 5503 450 5558 batur.
481 5500 558 5555 LE
588 5500 684 5555 Pu.

347 5573 432 5645 (bj
473 5572 636 5645 Planc
665 5569 891 5642 proﬁteri
921 5579 1078 5645 potest
1115 5573 1551 5645 seipsumAquivis.
1597 5572 1854 5641 Loquitur

347 5588 432 5645 (ο)
473 5588 636 5626 ιίαηε
665 5588 890 5642 propter:
917 5588 1078 5695 potest
1115 5589 1333 5643 seipsum
1373 5588 1551 5638 quivis.
1599 5588 1848 5641 Loquitur

271 5645 344 5699 de
389 5643 718 5715 professione
755 5657 879 5715 qua;
935 5652 976 5695 ιι
1013 5644 1150 5711 apud
1189 5642 1478 5698 acta.Nam
1519 5645 1848 5713 proﬁtemur,

272 5713 644 5781 duni_puhlice
669 5724 721 5767 et
738 5713 882 5784 apud
915 5723 1030 5766 acta
1063 5715 1257 5784 aliquid
1287 5717 1423 5768 ultro
1454 5715 1848 5781 denuntinmus,

272 5786 441 5840 veluti
473 5801 592 5838 cum
622 5783 935 5853 profitemur
991 5783 1196 5840 merces
1238 5802 1305 5839 ne
1345 5788 1396 5839 in
1442 5788 1682 5855 vectigali
1727 5803 1853 5855 peu-

275 5856 462 5912 duudo
480 5856 800 5924 licipublicm
824 5856 967 5909 finus
993 5858 1098 5908 Iiat.
1127 5856 1278 5911 Unde
1300 5873 1503 5912 merces
1530 5859 1855 5926 improfessas

276 5927 581 5986 Marcianus
604 5929 654 5983 in
682 5927 961 5983 Pandectis
982 5939 1156 5994 vocat,
1179 5942 1398 6000 quarmu
1419 5930 1632 5986 nomine
1654 5929 1854 5985 nullum

1954 5005 2182 5077 vectigal
2218 5003 2452 5077 solutum
2482 5011 2583 5058 est.
2629 5001 2758 5059 Item
2799 4999 3189 5072 proﬁtebantur
3218 4999 3356 5055 ﬁlios
3393 5007 3549 5056 natos

1959 5078 2060 5133 sibi
2102 5075 2246 5147 apud
2288 5087 2412 5147 acta
2445 5084 2692 5128 Veteres:
2737 5088 2858 5147 quze
2900 5087 2989 5128 res
3017 5081 3125 5147 tum
3156 5080 3391 5147 certam,
3437 5080 3548 5147 tum

1961 5142 2166 5205 facilem
2193 5148 2367 5203 aetatis
2392 5145 2613 5201 faciebat
2640 5145 3034 5215 probationem,
3059 5144 3103 5197 si
3125 5142 3340 5215 quando
3363 5142 3546 5212 hujus-

1962 5219 2104 5275 modi
2145 5219 2364 5273 dubium
2408 5213 2701 5272 incidisset.
2746 5214 2802 5269 In
2843 5215 2985 5269 hunc
3018 5229 3233 5270 sensum
3278 5213 3550 5282 eleganter

1961 5291 2088 5344 dicit
2116 5291 2338 5352 Seneca,
2371 5286 2608 5356 proﬁteri
2636 5301 2710 5340 tes
2739 5286 2992 5356 alienum.
3029 5284 3082 5338 Id
3108 5284 3249 5356 quod
3280 5283 3550 5356 candidati

1962 5362 2140 5417 facere
2166 5354 2490 5430 cogebantur
2511 5357 2767 5430 etrej_,_de
2782 5354 2968 5430 Benef.
2995 5357 3085 5430 lib.
3107 5354 3190 5430 γι.
3211 5354 3405 5430 Livius
3421 5369 3544 5430 pro-

1965 5433 2100 5488 ﬁteri
2131 5424 2472 5494 frumentum,
2504 5429 2595 5483 lib.
2628 5426 2715 5489 IV.
2738 5427 2857 5482 dec.
2903 5428 2956 5491 I,
2983 5425 3070 5479 ubi
3117 5426 3166 5478 in
3225 5424 3549 5494 pervulgatis

1965 5502 2357 5573 exemplaribus
2388 5500 2642 5554 mendose
2676 5499 2868 5569 legitur
2891 5496 3134 5552 conﬁteri
3163 5495 3404 5567 cogendo
3431 5494 3545 5550 fruo

1957 5572 2214 5630 mentum.
2247 5572 2443 5626 Busa.-

2028 5645 2100 5716 (ε)
2144 5643 2396 5716 lisdentet
2421 5642 2500 5695 hic
2520 5639 2869 5716 dimicabimus
2895 5639 3061 5693 lineis.
3093 5637 3382 5716 Linearum
3411 5651 3540 5706 pro.

1955 5710 2259 5772 verbialiter
2283 5715 2468 5767 lubens
2498 5712 2758 5777 meminit,
2786 5719 2863 5776 ut,
2883 5726 3084 5764 rursum
3110 5710 3178 5762 ad
3203 5710 3385 5776 tineas,
3411 5723 3543 5779 pm-

1957 5790 2136 5842 dttrere
2165 5787 2339 5839 lineas.
2376 5785 2548 5838 RIIEN.

2025 5860 2109 5914 CA
2122 5859 2179 5913 P.
2218 5858 2254 5910 II
2267 5900 2278 5912 .
2293 5855 2442 5926 —(d)
2463 5854 2807 5925 Principalem
2836 5853 3077 5907 adversus
3083 5853 3108 5923 j
3115 5852 3418 5926 udaismum,
3435 5860 3542 5905 etc.

1955 5931 2108 5999 Quod
2136 5945 2204 5986 cx
2231 5923 2467 5998 margine
2496 5927 2547 5983 in
2578 5923 2887 5984 contextum
2915 5926 3226 5997 irrepserat,
3258 5923 3452 5981 iterum
3486 5926 3541 5977 in
