4268 6492
749 404 850 461 HI

2161 392 2622 454 TERTULLIANI

3926 403 4038 462 472

750 519 942 574 stolam
974 529 1073 572 nos
1116 529 1332 588 quoque
1372 514 1725 582 confitemur,
1757 527 1879 584 qua:
1907 510 2127 569 Galatas
2165 512 2339 569 docet.
2370 514 2424 573 Λ
2449 512 2589 565 enim
2620 518 2670 567 et
2698 511 2923 569 Creator
2947 512 3295 585 Evangelium
3336 517 3690 588 repromittit,
3723 518 3909 577 dicens
3941 537 4036 591 per

753 609 1144 681 Amplectimur
1179 607 1380 664 etenim
1406 620 1623 662 omnem
1656 604 1800 661 illam
1839 605 1971 675 legis
1997 605 2190 660 veteris
2216 604 2344 657 abo-

752 701 1015 766 litionem,
1045 708 1102 754 ut
1130 708 1184 754 et
1214 699 1383 769 ipsam
1418 697 1487 753 de
1508 696 1787 753 Creatoris
1824 696 2127 751 venientem
2158 694 2343 765 dispo-

753 792 974 859 sitioue,
998 790 1135 847 sicut
1159 804 1302 861 saepe
1326 789 1439 860 jam
1468 790 1519 845 in
1549 789 1653 843 isto
1675 786 1866 843 ordine
1888 787 2252 853 tractavimus,
2279 784 2346 842 de

755 882 1041 954 prmdicata
1071 882 1355 937 novatione
1385 897 1413 935 a
1447 878 1728 951 prephetis
1756 877 1849 934 Dei
1877 878 2069 934 nostri.
2112 876 2266 947 Quod
2299 878 2345 934 si

753 973 979 1033 Creator
1004 974 1220 1046 quidem
1248 984 1430 1031 vetera
1463 972 1952 1043 cessura‘promisit
1971 1014 1987 1039 ,
2020 970 2173 1027 novis
2198 971 2346 1027 scili-

755 1080 842 1127 cet
864 1070 1083 1127 orituris
1108 1085 1123 1137 ;
1155 1070 1399 1125 Christus
1428 1082 1557 1124 vero
1581 1076 1790 1135 tempus
1813 1065 2171 1121 distinctionis
2196 1064 2347 1120 istius

761 1162 892 1231 (Leu:
931 1172 975 1216 et
1020 1161 1297 1232 Propheta:
1339 1176 1494 1230 usque
1535 1159 1603 1212 ad
1640 1156 1915 1228 Joannem)
1963 1156 2247 1213 terminum
2292 1155 2345 1212 in

754 1254 963 1312 Joanne
1004 1262 1245 1310 statuens
1281 1254 1424 1309 inter
1456 1264 1742 1323 utrumque
1778 1251 2057 1315 ordinem,
2089 1250 2347 1307 desinen-

754 1347 887 1402 tium
920 1346 1112 1402 exinde
1138 1356 1377 1402 veterum
1412 1354 1465 1402 et
1498 1344 1865 1415 incipientium
1910 1358 2204 1409 novorum;
2247 1359 2344 1398 ne-

753 1444 987 1501 cessarie
1016 1453 1071 1499 et
1101 1443 1391 1514 Apostolus
1424 1442 1474 1497 in
1506 1440 1722 1497 Christo
1756 1449 1875 1507 post
1898 1439 2159 1494 Joannem
2191 1452 2346 1494 reve-

755 1539 866 1594 lato
900 1547 1079 1593 vetera
1116 1538 1379 1604 inlirmat,
1414 1550 1548 1591 nova
1590 1549 1722 1588 vero
1747 1532 2057 1595 confirmat,
2088 1539 2247 1602 atque
2275 1531 2347 1585 ita

761 1645 867 1686 non
900 1630 1121 1685 alterius
1154 1630 1247 1684 Dei
1294 1628 1451 1682 fidem
1489 1634 1641 1681 curat
1677 1640 1837 1695 quam
1873 1623 2175 1687 Creatoris.
2207 1622 2349 1693 apud

750 1739 910 1795 quem
932 1731 985 1778 et
996 1731 1173 1778 vetera
1191 1722 1473 1777 decessum
1494 1717 1936 1790 prmdieahantur.
1953 1715 2115 1785 Igitur
2126 1724 2179 1770 et
2194 1714 2350 1785 Legis

756 1814 1052 1872 destructio
1074 1855 1088 1879 ,
1126 1820 1183 1869 et
1221 1812 1493 1884 Evangelii
1516 1809 1821 1875 mdilieatio,
1846 1823 1947 1879 pro
1963 1823 2049 1863 me
2068 1807 2269 1862 faciunt
2295 1806 2349 1860 in

2449 603 2660 660 Esaiam
2698 605 2826 679 (ls.,
2860 606 2987 675 XL,
3030 609 3125 680 9):
3168 611 3394 667 Ascende
3422 612 3475 666 in
3504 623 3723 668 montem
3753 616 4036 684 excelsum,

2447 699 2535 770 qui
2563 700 2878 771 evangelisas
2908 701 3091 767 Sioni;
3131 704 3317 758 cxtolle
3359 720 3529 759 vocent
3566 707 3619 760 in
3660 708 3878 762 valentia
3918 719 4037 777 tua,

2446 790 2535 859 qui
2560 791 2875 862 euangelizas
2901 791 3247 849 Hierusalem.
3265 794 3394 851 Item
3422 794 3549 867 (Is.,
3581 797 3687 862 LII,
3717 800 3774 869 7)
3803 799 3868 854 ad
3907 815 4041 870 apo-

2449 884 2710 941 stolorum
2742 901 3025 956 personam
3051 905 3066 943 :
3099 888 3267 954 Quam
3296 892 3576 960 tempestivi
3604 892 3755 958 pedes
3783 895 4040 965 evangeli-

2449 977 2673 1031 zantium
2705 995 2912 1048 pacem,
2944 982 3397 1052 evangelisantium
3434 984 3563 1037 bona
3581 999 3602 1048 ;
3647 986 3830 1054 utique
3858 995 3913 1041 et
3940 1002 4039 1041 na-

2452 1066 2686 1123 tionibus
2715 1070 3237 1139 evangelizantium;
3280 1073 3531 1143 quoniam
3574 1082 3662 1128 et:
3719 1074 3783 1129 In
3839 1078 4043 1130 nomine

2450 1161 2581 1231 ejus,
2608 1163 2779 1233 inquit
2807 1161 2936 1233 (ls.,
2969 1162 3128 1225 XLII,
3156 1164 3238 1232 4),
3272 1166 3502 1219 nationes
3527 1166 3822 1235 sperabunt,
3840 1165 4042 1223 Christi

2450 1253 2688 1317 scilicet;
2719 1254 2803 1309 cui
2830 1255 2944 1311 ait:
2978 1254 3140 1310 Posui
3165 1266 3213 1311 te
3238 1256 3288 1309 in
3317 1257 3487 1313 lumen
3517 1260 3797 1312 nationum.
3835 1261 3927 1313 Est
3957 1260 4038 1331 (2)

2451 1355 2629 1400 autem
2654 1344 3004 1417 Evangelium
3034 1348 3195 1402 etiam
3222 1347 3315 1402 Dei
3347 1350 3492 1416 novi,
3521 1350 3660 1420 quod
3694 1350 3795 1415 vis,
3829 1359 3954 1404 tunc
3976 1352 4044 1404 ab

2451 1436 2709 1505 Apostolo
2747 1436 3046 1492 defensum.
3103 1438 3221 1494 Jam
3264 1453 3393 1510 ergo
3436 1440 3545 1494 duo
3590 1451 3713 1494 sunt
3758 1440 4043 1509 Evangelia

2451 1526 2592 1596 apud
2631 1527 2768 1581 duos
2802 1527 2976 1595 Deos,
3015 1537 3071 1583 et
3094 1529 3349 1584 mentitus
3376 1530 3480 1584 crit
3507 1531 3821 1600 Apostolus,
3857 1529 4044 1585 dicens

2452 1617 2595 1689 quod
2638 1618 2780 1673 aliud
2821 1620 3044 1674 omnino
3073 1635 3179 1674 non
3210 1629 3322 1688 est,
3365 1634 3486 1677 eum
3517 1623 3587 1676 sit
3614 1632 3666 1677 et
3696 1623 3876 1687 aliud;
3922 1638 4043 1678 cum

2451 1710 2531 1765 sic
2557 1726 2713 1765 suum
2743 1711 3089 1782 Evangelium
3126 1710 3417 1770 defendere
3444 1715 3706 1783 potuisset
3727 1755 3742 1779 ,
3774 1724 3831 1767 ut
3869 1715 4047 1784 potius

2452 1801 2881 1869 demonstraret,
2920 1817 3028 1859 non
3071 1811 3128 1858 ut
3159 1820 3319 1859 unum
3350 1806 3751 1860 (ICICI'IIIIIIIII'CL
3801 1804 3907 1860 Sed
3940 1805 4045 1860 for-

752 1908 855 1965 ista
878 1922 1092 1980 quoque
1115 1906 1459 1977 Epistola,ad
1484 1919 1600 1959 eam
1637 1903 1944 1958 Galatarum
1976 1898 2345 1970 praesumptio-
2376 1902 2425 1965 Β
2456 1902 2596 1949 tasse
2642 1904 2701 1950 ut
2746 1894 2914 1965 fugias
2953 1894 3111 1963 hinc;
3152 1906 3208 1953 et
3250 1895 3370 1951 ideo
3407 1897 3509 1968 (3).
3555 1897 3719 1962 dices,
3770 1897 4043 1951 subtexit:

756 2016 883 2059 nem
916 2002 1266 2072 pertinentes,
1290 2015 1393 2069 qua
1422 1997 1816 2070 prmsumebant
1858 1994 2125 2050 Christum
2167 2003 2351 2064 utpnta

761 2093 1200 2158 Creatoris,sa|va
1223 2089 1495 2146 Creatoris
1510 2089 1628 2159 lege
1640 2085 1968 2143 credendum
1986 2104 1998 2138 τ
2015 2085 2155 2156 quod
2176 2084 2351 2141 adhuc

759 2185 1074 2241 incredibile
1126 2183 1424 2247 videretur,
1470 2179 1638 2250 legem
1678 2195 1706 2233 a
1740 2194 1838 2235 suo
1874 2186 2094 2233 auctore
2131 2177 2346 2247 deponi.

760 2277 952 2343 Porro,
983 2276 1026 2331 si
1055 2274 1273 2330 omnino
1298 2274 1459 2329 alium
1483 2273 1649 2329 Deum
1677 2273 1745 2328 ab
1768 2273 2025 2343 Apostolo
2054 2271 2349 2336 audissent,

762 2368 906 2423 ultro
932 2367 1111 2438 utique
1149 2366 1376 2421 scissent
1415 2364 1812 2421 abscedendum
1856 2365 1957 2418 sibi
1998 2378 2119 2418 esse
2161 2377 2189 2416 a
2235 2362 2352 2433 lege

756 2458 875 2529 ejus
903 2459 996 2514 Dei
1024 2473 1182 2528 quem
1212 2458 1585 2528 reliquissent,
1615 2457 1777 2510 alium
1816 2456 2009 2511 secuti.
2041 2454 2171 2522 Quis
2209 2454 2349 2509 enim

757 2559 1099 2621 exspectaret
1144 2550 1348 2604 diutius
1398 2549 1648 2613 discere,
1698 2545 1840 2617 quod
1889 2560 2085 2600 novam
2130 2544 2353 2600 deberet

755 2644 951 2699 sectari
990 2640 1368 2713 disciplinam,
1408 2640 1500 2710 qui
1566 2653 1759 2693 novum
1826 2637 1991 2692 Deum
2028 2637 2353 2708 recepisset?

761 2734 897 2799 Imo,
929 2735 1052 2805 quia
1080 2733 1267 2789 eadem
1313 2733 1529 2803 quidem
1565 2732 1816 2787 divinitas
1869 2730 2256 2801 praedicabatur
2298 2732 2350 2786 in

765 2825 1072 2896 Evangelio,
1096 2841 1213 2895 quae
1239 2840 1457 2895 semper
1478 2835 1603 2879 nota
1626 2826 1797 2880 fuerat
1822 2825 1872 2879 in
1888 2824 2048 2896 Lege,
2070 2825 2351 2895 disciplina

762 2933 897 2974 vero
924 2932 1028 2972 non
1060 2916 1270 2983 cadent,
1302 2917 1386 2971 hic
1418 2927 1533 2973 erat
1560 2926 1700 2972 totus
1726 2918 2039 2988 qumstionis
2067 2926 2257 2983 status,
2285 2931 2351 2972 an

759 3008 844 3063 lex
868 3009 1137 3064 Creatoris
1167 3009 1235 3063 ab
1258 3008 1547 3079 Evangelio
1574 3008 1796 3064 deberet
1829 3008 2038 3064 excludi
2066 3008 2117 3062 in
2139 3006 2354 3063 Christo

761 3098 1050 3154 Creatoris.
1082 3099 1341 3169 Denique,
1370 3100 1519 3153 aufer
1548 3099 1687 3155 hunc
1707 3107 1927 3161 statum,
1958 3108 2011 3153 et
2031 3108 2184 3153 vacat
2209 3114 2355 3169 quae-

760 3194 884 3248 stio.
913 3193 1148 3248 Vacante
1176 3202 1353 3247 autem
1381 3193 1697 3261 quaestione,
1728 3192 1865 3247 ultro
1886 3193 2136 3248 oumibns
2156 3208 2352 3265 agnos-

2456 1986 2596 2042 Licet
2623 1988 2833 2058 angelus
2869 1988 2934 2043 de
2970 1989 3096 2043 mlo
3134 1988 3283 2043 aliter
3308 1988 3741 2058 euangelizaverit,
3776 1990 4047 2042 anathema

2456 2082 2519 2136 sit
2535 2099 2554 2148 ;
2583 2082 2703 2152 quia
2730 2091 2785 2137 et
2812 2080 3120 2137 Creatorem
3152 2081 3355 2136 sciebat
3374 2082 3883 2151 evangelizatnrum.
3916 2080 4047 2134 Rur-

2455 2187 2549 2229 sus
2577 2188 2705 2244 ergo
2732 2183 2783 2229 te
2829 2174 3090 2243 implicas.
3124 2173 3236 2228 Iloc
3278 2181 3361 2228 est
3405 2174 3547 2229 enim
3578 2188 3686 2244 quo
3712 2173 4044 2244 astringeris.

2456 2265 2572 2321 Duo
2604 2266 2746 2320 enim
2789 2265 3075 2335 Evangelia
3118 2264 3477 2332 confirmare,
3532 2283 3636 2322 non
3683 2275 3766 2321 est
3808 2268 3929 2336 ejus
3963 2268 4049 2338 qui

2456 2356 2598 2411 aliud
2622 2356 2731 2426 jam
2758 2357 2983 2428 negarit.
3012 2357 3214 2413 Tamen
3248 2358 3387 2413 lucet
3412 2373 3604 2414 sensus
3634 2360 3751 2430 ejus
3778 2360 3869 2429 qui
3898 2373 4048 2414 suam

2458 2451 2718 2521 praemisit
2746 2465 3050 2521 personam.
3082 2451 3189 2507 Sed
3213 2461 3258 2506 et
3287 2452 3332 2506 si
3360 2468 3451 2507 nos
3479 2462 3567 2506 aut
3593 2454 3804 2523 angelus
3834 2454 3900 2507 de
3926 2452 4050 2507 ca'lo

2454 2544 2603 2599 aliter
2618 2544 3063 2616 euangelizaverit;
3088 2545 3232 2599 verbi
3250 2544 3390 2599 enim
3408 2546 3577 2615 gratia
3590 2544 3787 2599 dictum
3804 2554 3912 2600 est.
3934 2544 4044 2599 Car-

2457 2642 2653 2700 termn,
2693 2635 2739 2689 si
2767 2650 2866 2690 nec
2898 2636 3010 2707 ipse
3039 2635 3195 2690 aliter
3223 2637 3703 2705 evangelizaturus,
3738 2637 3925 2705 utique
3958 2652 4051 2691 nec

2456 2727 2706 2797 angelus.
2752 2726 2827 2781 Ita
2864 2726 3114 2796 angelum
3146 2725 3211 2781 ad
3244 2726 3345 2781 hoc
3376 2728 3699 2794 nominavit,
3732 2744 3841 2799 quo
3884 2728 4051 2784 multo

2455 2818 2628 2888 magis
2658 2816 2963 2873 hominibus
2990 2832 3098 2872 non
3129 2828 3273 2873 esset
3309 2818 3661 2884 credendmn,
3691 2821 3911 2890 quando
3957 2834 4054 2875 nec

2457 2910 2679 2982 angelo,
2712 2925 2810 2965 nec
2850 2909 3133 2982 apostolo;
3160 2925 3268 2965 non
3298 2916 3547 2982 angelum
3590 2911 3656 2966 ad
3696 2912 4052 2983 Evangelium

2456 3004 2680 3061 referret
2707 3004 2999 3060 Creatoris.
3012 3004 3235 3070 Exinde,
3248 3004 3539 3060 decurrens
3556 3006 3801 3063 ordinem
3821 3022 4056 3062 convcr-

2457 3099 2624 3155 sionis
2688 3113 2798 3154 sua:
2845 3098 2914 3153 de
2952 3110 3299 3169 persecutore
3340 3098 3393 3152 in
3433 3100 3732 3169 apostolum
3761 3117 3776 3164 ;
3810 3101 4046 3171 scriptu-

2457 3205 2571 3246 ram
2590 3192 2842 3247 Actorum
2858 3190 2938 3261 (4)
2956 3190 3384 3260 Apostolicorum
3400 3192 3702 3257 contirmat,
3722 3192 3866 3259 apud
3889 3208 4051 3262 quam

762 3286 1011 3342 ccutihus
1042 3283 1425 3339 discedendum
1463 3283 1564 3339 sibi
1603 3298 1725 3340 esse
1760 3283 1830 3339 ab
1864 3284 2054 3341 ordine
2083 3286 2354 3341 Creatoris
2380 3287 2427 3351 C
2461 3283 2571 3354 ipsa
2600 3284 2761 3338 etiam
2790 3280 3043 3352 Epistolae
3070 3280 3223 3336 istius
3249 3281 3470 3336 materia
3503 3284 3926 3352 recognoscitur,
3970 3285 4054 3339 in-

764 3391 860 3447 per
889 3376 1047 3430 tidem
1081 3376 1172 3431 Dei
1201 3375 1453 3443 alterius,
1488 3374 1627 3429 nulla
1655 3374 1915 3446 Apostolo
1954 3376 2175 3431 materia
2202 3391 2354 3432 com-

766 3470 1019 3539 petisset,
1051 3468 1102 3522 id
1128 3475 1233 3522 tam
1263 3482 1449 3539 presse
1472 3466 1722 3531 docendi,
1743 3466 1885 3538 quod
1916 3467 2058 3522 ultro
2081 3467 2211 3523 fides
2242 3468 2354 3539 ipsa

761 3560 1035 3616 dictasset.
1057 3559 1218 3630 Igitur
1241 3568 1347 3615 tota
1370 3560 1593 3615 intentio
1613 3559 1868 3631 Epistolae
1890 3561 2042 3616 istius
2060 3561 2189 3616 nihil
2211 3561 2355 3617 aliud

761 3651 953 3717 docet,
997 3666 1154 3721 quam
1188 3650 1345 3721 Legis
1390 3650 1778 3706 discessionem
1823 3651 1903 3724 (Ι)
1948 3654 2251 3708 venientem
2290 3652 2358 3707 de

769 3742 1041 3799 Creatoris
1062 3740 1434 3811 dispositione,
1465 3751 1526 3795 ut
1548 3741 1722 3797 adhuc
1750 3757 2121 3813 suggeremus.
2150 3744 2206 3799 Si
2230 3745 2357 3799 item

768 3835 967 3889 nullius
997 3834 1124 3889 novi
1169 3834 1257 3889 Dei
1289 3833 1460 3889 exerit
1499 3836 1865 3903 mentionem,
1913 3836 2057 3907 quod
2097 3852 2357 3909 nusquam

768 3927 939 3999 magis
980 3928 1230 3994 fecisset,
1271 3942 1430 3997 quam
1474 3927 1529 3982 in
1562 3928 1661 3983 ista
1694 3929 1954 3995 materia,
2000 3938 2057 3984 ut
2094 3930 2356 3985 rationem

767 4021 978 4077 scilicet
1002 4018 1312 4089 ableganda:
1334 4018 1494 4089 Legis
1520 4021 1671 4075 unica
1699 4020 1799 4075 hac
1824 4030 1879 4076 et
1905 4020 2357 4078 sufticientissima

760 4112 1074 4169 definitione
1101 4121 1422 4181 proponeret
1449 4126 1602 4167 nova:
1627 4111 1943 4178 divinitatis,
1966 4126 2189 4184 apparet
2215 4130 2356 4185 quo-

763 4205 928 4261 modo
969 4203 1171 4260 scribat
1218 4221 1231 4258 :
1278 4203 1443 4258 Miror
1483 4222 1569 4259 vos
1616 4214 1718 4259 tam
1746 4207 1844 4261 cito
1872 4209 2158 4277 transferri,
2196 4208 2259 4263 ab
2301 4226 2359 4264 eo

763 4299 850 4371 qui
900 4315 990 4352 vos
1028 4298 1219 4352 vocavit
1262 4298 1315 4350 in
1367 4299 1617 4369 gratiam,
1646 4298 1714 4351 ad
1734 4299 1876 4353 aliud
1905 4300 2219 4371 evangelium
2243 4316 2262 4355 :
2292 4314 2360 4356 ex

766 4389 1175 4444 conversatione
1204 4388 1371 4456 aliud,
1401 4404 1504 4444 non
1537 4404 1601 4444 ex
1635 4390 1929 4461 religione;
1963 4405 2028 4446 ex
2049 4391 2352 4461 disciplina,

770 4495 877 4534 non
932 4496 997 4533 ex
1054 4480 1350 4535 divinitate.
1418 4480 1682 4547 Quoniam
1741 4482 1957 4553 quidem
2010 4483 2358 4555 Evangelium

769 4572 965 4629 Christi
1003 4588 1031 4626 a
1058 4571 1200 4643 Lege
1235 4586 1463 4627 evocare
1504 4573 1725 4629 deberet
1766 4575 1830 4629 ad
1878 4576 2137 4646 gratiam,
2183 4592 2289 4632 non
2329 4593 2360 4632 a

2460 3376 2771 3431 tercessisse
2795 3374 3054 3446 quosdam
3070 3374 3167 3444 (a),
3192 3374 3279 3444 qui
3302 3374 3545 3430 dicerent
3564 3376 3877 3432 circumcidi
3893 3393 4055 3449 opor-

2463 3477 2577 3525 tere
2608 3511 2622 3531 .
2650 3478 2704 3523 et
2745 3467 3135 3523 observandam
3162 3482 3284 3522 esse
3318 3467 3486 3539 Moysi
3525 3468 3730 3538 legem:
3768 3478 3901 3527 tunc
3934 3485 4059 3541 apo-

2460 3561 2634 3617 stolos
2671 3558 2741 3615 de
2782 3559 2882 3614 ista
2916 3559 3211 3629 quastione
3260 3560 3572 3625 consultos,
3612 3574 3679 3614 ex
3737 3564 4055 3619 auctoritate

2461 3654 2683 3723 spiritus
2712 3652 3075 3719 renuntiasse,
3109 3666 3216 3706 non
3244 3666 3366 3707 esse
3398 3652 3719 3723 imponenda
3751 3669 3919 3709 onera
3951 3656 4047 3710 ho-

2462 3742 2734 3808 minilms,
2764 3757 2884 3813 qua:
2912 3750 3091 3812 patres
3132 3742 3233 3811 ipsi
3261 3758 3365 3796 non
3408 3742 3713 3813 potuissent
3755 3747 4050 3802 sustinere.

2461 3833 2613 3903 Quod
2635 3834 2679 3889 si
2708 3842 2762 3889 et
2781 3848 2850 3889 ex
2884 3833 2986 3889 hoc
3013 3842 3314 3903 congruunt
3340 3833 3507 3889 Paulo
3555 3835 3925 3905 apostolorum
3949 3840 4055 3893 Ac-

2461 3935 2536 3992 ta,
2569 3940 2667 3982 cur
2705 3941 2769 3982 ea
2807 3925 3075 3995 respuatis
3112 3925 3222 3995 jam
3253 3937 3497 3995 apparet,
3542 3935 3601 3980 ut
3646 3926 3813 3983 Deum
3855 3930 4059 3986 scilicet

2462 4031 2569 4073 neu
2602 4018 2764 4073 alium
2796 4016 3143 4089 prmdicantia
3178 4032 3337 4087 quam
3364 4016 3696 4087 Creatorem,
3735 4036 3833 4075 nec
3871 4022 4058 4077 Chris-

2466 4119 2576 4164 tum
2604 4108 2827 4163 alterius
2854 4122 3017 4179 quam
3061 4107 3356 4176 Creatoris,
3380 4111 3597 4180 quando
3636 4126 3737 4166 nec
3773 4113 4059 4182 promissio

2461 4201 2692 4273 Spiritus
2733 4201 2915 4257 Sancti
2942 4199 3161 4256 aliunde
3190 4201 3451 4271 probetur
3480 4202 3717 4258 exhibita
3744 4244 3760 4269 ,
3791 4220 3953 4275 quam
3992 4205 4059 4261 de

2464 4296 2819 4351 instrumento
2861 4297 3141 4349 Actorum.
3201 4294 3332 4361 Quae
3387 4294 3573 4366 utique
3611 4296 3909 4353 verisimile
3955 4313 4059 4353 non

2463 4397 2566 4451 est,
2592 4403 2659 4444 ex
2686 4396 2836 4458 parte
2868 4386 3083 4457 quidem
3111 4386 3371 4457 Apostolo
3414 4387 3706 4444 convenire
3730 4429 3746 4455 ,
3795 4403 3919 4444 cum
3966 4404 4057 4445 or-

2464 4480 2647 4535 dinem
2678 4479 2799 4550 ejus
2827 4478 3125 4535 secundum
3150 4478 3317 4549 ipsius
3338 4478 3704 4534 testimonium
3734 4480 4056 4545 ostendunt;

2465 4590 2530 4630 ex
2555 4584 2707 4644 parte
2737 4587 2869 4629 vero
2893 4572 3159 4628 dissidere
3180 4613 3194 4638 ,
3227 4587 3346 4628 cum
3377 4571 3712 4627 divinitatem
3757 4572 3810 4627 in
3842 4573 4060 4629 Christo

771 4666 1029 4720 Creatore
1058 4663 1125 4719 ad
1155 4664 1316 4721 alium
1356 4665 1549 4719 Deum.
1591 4664 1760 4721 Nemo
1789 4667 1932 4723 enim
1972 4668 2089 4724 illos
2119 4679 2438 4741 moveratD
2465 4667 2736 4728 Creatoris
2791 4666 3143 4732 annuntiant;
3213 4674 3272 4719 ut
3332 4664 3768 4735 prazdicationem
3835 4664 4054 4735 quidem

768 4772 797 4811 a
838 4755 1125 4822 Creatore,
1163 4765 1222 4810 ut
1260 4756 1572 4812 viderentur
1615 4757 1693 4812 sic
1735 4758 1799 4812 ad
1840 4758 1981 4815 aliud
2007 4760 2354 4833 Evangelium

771 4849 1085 4915 transferri,
1127 4849 1276 4919 quasi
1321 4849 1447 4904 dum
1488 4848 1553 4905 ad
1590 4850 1898 4907 Creatorem
1942 4854 2354 4910 transferuntur.

770 4943 903 4999 Nam
928 4950 982 4999 ct
1004 4940 1283 5011 adjicicns,
1306 4942 1447 5012 quod
1469 4943 1613 4998 aliud
1637 4943 1984 5015 Evangelium
2002 4946 2223 5001 omnino
2250 4962 2355 5003 non

770 5045 934 5105 esset,
964 5032 1235 5091 Creatoris
1267 5034 1551 5092 confirmat
1585 5036 1667 5107 id,
1693 5038 1835 5109 quod
1865 5053 1986 5097 esse
2007 5040 2265 5097 defendit.
2300 5042 2357 5098 Si

2459 4760 2825 4833 apostolorum
2873 4758 3093 4813 omnino
3121 4757 3192 4812 sit
3221 4755 3303 4828 (5)
3336 4765 3551 4813 secutus
3580 4756 3799 4824 Paulus,
3828 4758 3921 4829 qui
3950 4758 4057 4814 for-

2463 4868 2603 4911 mam
2625 4851 2693 4907 ab
2714 4851 2792 4907 eis
2820 4848 3140 4906 dedocendxe
3172 4848 3302 4919 legis
3328 4850 3553 4919 accepit.

3083 4940 3311 4998 CAPUT
3337 4940 3428 4997 III.

2534 5040 2772 5110 Denique
2800 5036 2967 5106 (ϐαι,
2988 5035 3032 5093 ιι
3053 5044 3097 5093 et
3124 5035 3235 5105 Ill),
3263 5034 3329 5091 ad
3348 5034 3705 5107 patrocinium
3724 5034 3872 5094 Petri
3898 5044 4057 5094 caete-

1990 5154 2372 5217 LECTIONES
2408 5155 2816 5217 VARIANTES.

836 5269 851 5328 ί
860 5266 907 5328 1)
932 5266 1292 5328 Decesslonem
1306 5266 1457 5318 Rhea.
1484 5265 1635 5319 Seml.
1656 5267 1849 5322 obertlt.
1869 5270 2191 5325 dicessionem
2212 5276 2357 5328 Pam.

836 5269 879 5317 tl
932 5266 1283 5318 Decesslonem
1306 5266 1457 5318 Rhea.
1484 5266 1635 5319 Seml.
1656 5276 1687 5320 Ο

835 5266 910 5456 (2i
933 5329 1048 5403 Esto
1070 5329 1254 5402 fortem:
1276 5327 1529 5395 legendum
1549 5339 1687 5384 esset.

860 5394 887 5441 3
930 5391 1053 5442 llme
1076 5392 1218 5443 video
1241 5392 1343 5443 Lat.

2550 5270 2600 5322 li
2625 5274 2856 5322 Actorum
2878 5267 3030 5321 omitt.
3056 5270 3180 5321 Jun.

2550 5275 2577 5322 l
2625 5274 2856 5322 Actorum
2878 5270 3030 5321 omitt.
3056 5270 3180 5321 Jun.

2528 5270 2601 5400 i5)
2622 5333 2959 5399 Apostolorum
2984 5346 3078 5383 non
3101 5334 3164 5384 sit
3186 5332 3327 5383 Pam.

2124 5507 2692 5569 COMMENTARIUS.

930 5391 1053 5442 lline
1071 5391 1218 5443 video
1241 5391 1343 5443 Lai.

777 5624 1102 5694 marginem,
1137 5630 1247 5677 tum
1279 5621 1381 5679 hoc
1408 5622 1556 5695 loco,
1595 5630 1704 5679 tum
1740 5622 1937 5695 ubique
1972 5624 2135 5690 infra,
2164 5625 2360 5694 rejeci-

776 5693 917 5752 tuus.
943 5695 1175 5766 'I‘itqum
1207 5708 1397 5763 nempe
1423 5693 1579 5763 hujus
1598 5697 1821 5766 capitis:
1854 5693 2088 5764 Epistula
2112 5698 2181 5750 ad
2202 5693 2358 5753 Caluo

778 5779 874 5832 tas,
904 5767 986 5821 cui
1015 5765 1304 5831 adjecimus
1330 5782 1393 5821 ea:
1418 5782 1532 5833 cap.
1566 5765 1723 5835 Atqui
1751 5768 1874 5821 facit
1900 5768 2159 5824 adversus
2188 5770 2357 5825 haere-

780 5841 915 5894 ticns
943 5835 1229 5909 hodiernus
1260 5837 1389 5892 illud
1422 5839 1747 5906 principalem
1777 5841 2015 5893 adversus
2032 5840 2353 5909 jndaismum

785 5909 1085 5978 Ιίρὶδιοιαηι,
1113 5908 1431 5977 quisensnm
1466 5908 1749 5967 verborum
1776 5913 2014 5984 Apastoli
2034 5908 2352 5983 perverten-

2467 5637 2569 5692 tcs,
2601 5642 2707 5682 non
2732 5623 2991 5682 adversus
3010 5624 3361 5695 judaismum.
3386 5621 3481 5681 sed
3508 5623 3772 5681 adversus
3802 5624 4065 5680 ecclesia-

2462 5700 2623 5754 sticas
2649 5698 2903 5753 festorum
2927 5696 3137 5751 dierum
3163 5698 3585 5757 observationes,
3617 5697 3778 5763 hujus
3803 5696 4061 5766 Epismla:

2460 5770 2618 5825 verba
2644 5784 2762 5838 cap.
2792 5769 2855 5823 IV
2892 5784 2995 5823 non
3025 5778 3276 5823 verentur
3299 5767 3549 5837 allegare.
3578 5767 3784 5822 Panes.

2532 5842 2607 5911 (a)
2641 5840 2989 5894 Intercessisse
3011 5840 3278 5911 quosdam,
3297 5848 3401 5892 etc.
3430 5840 3540 5897 lloc
3562 5849 3644 5895 est
3673 5840 4057 5899 intervenisse.

2458 5913 2773 5986 Opposuisse
2800 5926 2859 5968 se
2884 5910 3165 5983 quosdam.
3196 5911 3368 5967 linea.
