4268 6492
236 432 343 489 473

1335 421 1464 478 LIB.
1508 418 1551 475 ιτ
1590 412 1949 477 ADVERSUS
1987 412 2407 471 MARCIONEM.

3415 415 3518 475 674

236 558 529 616 rorumque
588 540 959 615 apostolorum
1020 535 1330 596 ascendisse
1390 534 1819 607 Ilierosolymam
1856 534 1905 591 ,ι
1937 541 1992 587 ιιι
2019 545 2209 586 omnes
2237 530 2559 587 lucraretur.
2583 531 2637 586 Si
2666 531 2780 588 lucc
2806 545 3019 603 quoque
3058 530 3281 605 intelligi
3312 548 3376 589 ex
3418 532 3521 589 hoc

237 648 357 708 post
386 652 559 692 annos
586 633 1017 707 quatuordecim,
1058 632 1263 696 scribit,
1295 638 1357 686 ut
1398 630 1669 685 conferret
1703 645 1824 685 cum

237 733 345 787 illis
371 731 441 787 de
472 730 742 801 Evangelii
769 728 851 784 sui
882 727 1085 798 regula,
1116 740 1187 783 ne
1216 725 1273 781 in
1294 738 1519 780 vacuum
1550 732 1627 779 tot
1669 726 1827 780 annis

236 826 585 889 cucurrisset,
616 833 705 878 aut
730 828 1013 885 curreret;
1052 818 1097 874 si
1122 818 1251 889 quid
1291 816 1498 873 scilicet
1534 815 1667 872 citra
1709 816 1822 873 for-

237 931 381 972 mam
414 915 623 970 illorum
656 913 1067 984 evangelizaret.
1126 909 1278 965 Adeo
1319 908 1389 964 ab
1437 908 1548 964 illis
1587 908 1824 979 probari,

233 1020 289 1067 et
352 1008 684 1065 consmbiliri
746 1006 1077 1063 dcsiderarat
1142 1002 1244 1076 (l).
1298 1002 1453 1071 Quod
1516 1003 1560 1058 si
1614 1002 1828 1074 quando

233 1104 397 1159 vultis
446 1102 524 1174 (9.)
574 1100 827 1172 judaismi
879 1100 1048 1169 magis
1092 1096 1281 1153 afﬁnes
1320 1096 1643 1168 snbintelligi
1697 1097 1779 1170 (5)
1809 1140 1823 1162 ,

234 1211 356 1252 cum
390 1196 473 1266 (Δ)
493 1211 581 1249 nec
611 1194 691 1265 (ii)
725 1191 897 1247 Titum
926 1192 1056 1247 dicit
1075 1191 1472 1255 circumcisum;
1508 1191 1619 1260 jam
1644 1191 1830 1263 incipit

234 1286 525 1342 ostendere
554 1286 722 1341 solam
778 1284 859 1355 (6)
902 1282 1330 1339 circumcisionis
1357 1283 1710 1352 quaestionem
1759 1297 1825 1339 ex

232 1380 551 1435 defensione
568 1377 740 1433 adhuc
762 1376 920 1447 Legis
944 1389 1264 1431 concussam
1290 1374 1357 1430 ab
1382 1374 1481 1440 eis,
1510 1388 1648 1445 quos
1672 1390 1829 1445 prop-

232 1481 380 1526 terea
431 1470 596 1525 falsos
638 1478 691 1525 et
720 1468 1196 1540 superinductitios
1229 1466 1311 1538 (7)
1339 1466 1529 1521 fratres
1548 1466 1781 1536 appellat
1807 1506 1825 1534 ,

234 1578 341 1618 non
384 1562 531 1618 aliud
578 1571 814 1617 statuere
853 1568 1137 1629 pergentes
1161 1574 1321 1630 quam
1372 1561 1827 1629 persevcrantiam

233 1657 414 1728 Legis,
440 1672 505 1712 ex
538 1656 639 1711 ﬁde
668 1657 785 1711 sine
809 1654 972 1710 dubio
999 1654 1204 1724 integra
1232 1654 1502 1709 Creatoris
1526 1670 1541 1719 ;
1567 1662 1727 1724 atque
1757 1654 1827 1709 ita

235 1758 609 1821 pet-vertentes
654 1748 1025 1818 Evangelium,
1064 1761 1171 1802 non
1204 1746 1617 1817 interpolatione
1647 1744 1827 1816 Scrip-

236 1853 371 1898 tnrm
393 1844 490 1913 (a),
528 1856 630 1914 qua
652 1841 923 1896 Christum
947 1840 1217 1895 Creatoris
1244 1838 1584 1907 eflingerent,
1616 1838 1709 1894 sed
1737 1854 1821 1893 rc-

1930 625 2220 696 postulant,
2251 624 2303 680 id
2330 640 2542 696 quoque
2572 641 2732 681 nemo
2755 626 3018 682 dubitavit
3042 626 3184 698 (ll),
3213 628 3330 698 ejus
3352 628 3443 685 Dei
3465 637 3523 686 et

1928 715 2127 772 Christi
2158 716 2565 787 praedicatorem
2598 716 2820 773 Paulum
2844 758 2860 784 ,
2891 718 3047 788 cujus
3080 718 3250 790 legem
3272 761 3286 785 ,
3328 736 3521 791 qnam-

1929 810 2011 865 vis
2040 808 2353 875 excludens,
2397 808 2613 864 interim
2643 818 2817 865 tamen
2849 824 2948 880 pro
2976 811 3307 882 temporibus
3343 812 3519 870 admi-

1929 914 2092 971 serat,
2113 904 2290 960 statim
2313 904 2672 960 amoliendam
2695 906 2739 960 si
2768 921 2965 961 novum
2994 906 3162 962 Deum
3187 908 3517 977 protulisset.

1930 1000 2077 1055 Bene
2104 998 2267 1070 igitur
2297 998 2441 1070 quod
2471 1008 2525 1055 et
2550 998 2801 1055 dexteras
2837 999 3000 1055 Paulo
3027 1000 3294 1056 dederunt
3324 999 3520 1059 Petrus

1928 1103 1982 1149 et
2008 1092 2238 1149 Iacobus
2265 1101 2320 1147 et
2346 1091 2616 1159 Joannes;
2648 1100 2703 1147 et
2726 1092 2794 1149 de
2820 1092 2984 1148 ofﬁcii
3013 1093 3391 1150 distributione
3419 1109 3519 1165 pe-

1930 1190 2195 1260 pigcrunt,
2226 1196 2283 1242 ut
2322 1187 2517 1241 Paulus
2542 1186 2593 1241 in
2639 1188 2905 1252 nationes,
2940 1188 3017 1242 illi
3054 1188 3106 1242 in
3147 1188 3516 1243 circumcisio-

1931 1296 2095 1347 nem;
2136 1289 2342 1337 tantum
2373 1289 2430 1335 ut
2458 1279 2828 1334 meminissent
2851 1294 3165 1349 egenorum,
3213 1286 3268 1336 ct
3294 1279 3396 1334 hoc
3427 1294 3517 1335 sc-

1929 1373 2163 1429 cundum
2194 1372 2366 1443 legem
2392 1370 2685 1437 Creatoris,
2718 1384 2980 1441 pauperes
3006 1379 3061 1425 et
3089 1386 3288 1443 egenos
3329 1372 3516 1427 foven-

1932 1468 2019 1532 tis,
2054 1468 2191 1522 sicut
2218 1467 2271 1520 in
2301 1465 2579 1537 Evangelii
2605 1464 2770 1520 vestri
2797 1473 3086 1520 retractatu
3109 1466 3388 1536 probatum
3413 1475 3517 1522 est.

1930 1560 2080 1617 Adeo
2108 1570 2318 1616 constat
2343 1561 2410 1615 de
2437 1561 2577 1630 Lege
2621 1559 2733 1613 sola
2773 1560 2935 1614 fuisse
2974 1559 3323 1629 qurcstioncm
3345 1603 3360 1626 ,
3389 1560 3518 1616 dum

1929 1651 2229 1706 ostenditur
2256 1651 2382 1721 quid
2409 1666 2473 1706 ex
2506 1651 2646 1721 Lege
2674 1651 2930 1706 custodiri
2955 1651 3286 1705 convenerit.
3308 1652 3380 1722 (b)
3412 1652 3517 1707 Sed

1928 1743 2250 1813 reprehendit
2302 1742 2533 1810 Petrum,
2587 1760 2687 1796 non
2733 1754 2871 1797 recto
2923 1743 3047 1813 pede
3092 1743 3401 1798 incedentem
3451 1746 3521 1798 ad

1932 1834 2202 1906 Evangelii
2230 1837 2509 1889 veritatem.
2541 1834 2703 1889 Plane
2728 1835 3076 1906 reprehendit
3101 1853 3114 1902 ;
3140 1851 3247 1890 non
3280 1837 3349 1892 ob
3376 1837 3518 1892 aliud

243 1934 485 1989 tentione
511 1933 706 1988 veteris
752 1930 1068 1999 disciplima,
1098 1944 1164 1984 ne
1211 1929 1382 1999 legem
1410 1928 1681 1983 Creatoris
1728 1945 1824 1983 ex-
1856 1928 1904 1988 B
1934 1939 2133 1995 tamen,
2166 1944 2324 1999 quam
2352 1930 2412 1982 ob
2437 1928 2833 1981 inconstantiam
2860 1929 3039 1995 victus,
3071 1943 3231 1998 quem
3261 1943 3355 1999 pro
3397 1942 3521 1999 per-

232 2023 540 2080 cluderent.
562 2024 722 2093 Ergo,
743 2021 962 2091 Propter
980 2019 1444 2090 superinductitios,
1465 2020 1653 2090 inquit,
1671 2020 1827 2090 falsos

231 2121 421 2185 [rutres
446 2156 460 2179 ,
490 2116 577 2185 qni
605 2114 1011 2168 subintraverant
1039 2113 1108 2165 ad
1134 2112 1498 2183 speculandum
1549 2111 1827 2165 libertatem

232 2213 483 2272 nostram,
511 2221 661 2274 quam
682 2205 924 2259 habemus
951 2204 1005 2257 in
1047 2202 1270 2267 Christo,
1304 2211 1359 2255 ut
1396 2218 1489 2255 nos
1542 2200 1828 2271 subigerent

235 2296 499 2359 servituti,
531 2311 620 2348 nec
647 2295 714 2347 ad
741 2296 917 2348 horam
948 2294 1186 2348 cessimus
1217 2292 1538 2363 subjectioni.
1574 2292 1825 2349 lntcnda-

236 2406 355 2443 mns
385 2391 529 2444 enim
557 2398 611 2443 et
638 2389 818 2444 sensui
848 2388 969 2456 ipsi,
1002 2395 1056 2441 et
1079 2400 1288 2441 caussa:
1310 2387 1449 2456 ejus,
1478 2387 1829 2457 etapparebit

232 2484 443 2537 vitiatio
466 2483 769 2553 scripturae,
799 2495 921 2535 cum
950 2480 1227 2549 praemittit
1256 2498 1269 2532 :
1305 2479 1413 2533 Sed
1435 2496 1524 2533 nec
1550 2478 1719 2544 Titus,
1740 2480 1829 2548 qui

231 2591 428 2629 mecum
451 2584 579 2638 erat,
604 2590 719 2626 cum
749 2582 875 2627 esset
896 2588 1091 2643 gra'cus
1111 2612 1127 2639 ,
1159 2580 1361 2625 coactus
1384 2580 1457 2625 est
1486 2571 1780 2625 circumcidi
1810 2590 1823 2627 :

233 2665 433 2721 dehinc
462 2663 735 2733 subjungil
763 2680 779 2720 :
811 2673 1019 2733 propter
1038 2661 1483 2732 superinductitios
1524 2662 1681 2731 falsos
1721 2666 1829 2732 fra-

233 2769 357 2821 tres,
388 2765 444 2811 ct
465 2756 669 2827 reliqua
701 2773 714 2809 :
745 2756 995 2811 contrarii
1031 2755 1213 2825 ntiqnc
1234 2753 1358 2809 facti
1387 2754 1570 2825 incipit
1599 2752 1827 2810 reddere

231 2851 517 2914 rationem,
549 2849 839 2904 ostendens
870 2857 1089 2918 propter
1118 2845 1246 2915 quid
1281 2846 1503 2912 fecerit;
1536 2845 1678 2916 quod
1728 2861 1828 2902 nec

231 2946 468 3009 fecisset,
504 2958 603 2998 nec
630 2942 956 2997 ostendisset
983 2983 998 3007 ,
1026 2942 1069 2995 si
1100 2940 1227 2995 illud
1258 2949 1474 3009 propter
1496 2938 1639 3010 quod
1664 2937 1787 2995 fecit
1809 2981 1825 3007 ,

231 3055 342 3093 non
370 3038 676 3093 accidisset.
722 3038 978 3107 Denique,
1010 3036 1160 3089 dicas
1188 3035 1350 3090 velim
1375 3074 1390 3095 .
1422 3033 1467 3088 si
1506 3032 1828 3088 subintrois—

230 3140 356 3187 sent
386 3131 504 3185 falsi
535 3132 610 3185 illi
640 3129 834 3185 fratres
863 3129 930 3183 ad
960 3125 1343 3199 speculandum
1372 3125 1675 3182 libertatem
1726 3139 1823 3181 co-

230 3239 374 3289 rum,
416 3223 709 3278 cessissent
735 3219 1102 3291 subjectioni?
1139 3233 1246 3273 non
1273 3219 1485 3289 opinor.
1529 3217 1671 3287 Ergo
1708 3230 1825 3272 ces-

1932 2036 2185 2077 sonarum
2213 2022 2467 2091 qualitate
2505 2020 2782 2085 variabat,
2828 2022 3006 2075 timens
3052 2038 3135 2075 eos
3161 2022 3245 2090 qui
3286 2031 3522 2078 erantex

1928 2114 2342 2179 circumcisione;
2375 2128 2480 2168 non
2513 2112 2583 2166 ob
2607 2112 2838 2183 aliquam
2872 2112 3161 2167 divinitatis
3191 2113 3519 2183 perversita-

1933 2216 2079 2271 tem,
2136 2206 2206 2261 de
2258 2221 2359 2278 qua
2409 2216 2464 2261 et
2493 2206 2615 2260 aliis
2642 2206 2693 2260 in
2737 2204 2927 2260 faciem
2972 2205 3277 2271 restitisset,
3326 2208 3414 2277 qui
3452 2206 3521 2262 de

1932 2301 2141 2356 minore
2164 2314 2352 2356 caussa
2387 2297 2810 2357 conversationis
2831 2298 3089 2368 ambigua:
3105 2299 3263 2354 l‘etro
3287 2298 3385 2369 ipsi
3414 2313 3520 2355 non

1931 2392 2193 2461 pepercit.
2228 2391 2334 2447 Sed
2364 2390 2635 2461 quomodo
2666 2390 2993 2445 Marcionita:
3016 2390 3201 2445 volunt
3231 2392 3375 2445 credi
3399 2391 3423 2445 ?
3450 2392 3522 2446 Du

1930 2494 2130 2537 cmtcro
2172 2490 2357 2553 pergat
2403 2482 2711 2551 Apostolus,
2762 2495 2966 2550 negans
3008 2498 3072 2536 ea:
3113 2483 3346 2551 operibus
3372 2470 3521 2554 Le'gis

1922 2574 2205 2643 justi/icari
2232 2574 2507 2639 hominem,
2541 2575 2629 2627 sed
2660 2590 2722 2626 e1:
2752 2574 2889 2642 fide,
2921 2573 3160 2643 ejusdem
3192 2583 3369 2628 tatmn
3402 2576 3515 2640 Dei,

1930 2666 2083 2734 cujus
2108 2676 2159 2720 et
2183 2664 2316 2720 Lex.
2344 2665 2452 2720 Nec
2482 2666 2623 2722 enim
2646 2664 2939 2720 laborasset
2958 2664 3113 2719 ﬁdem
3136 2679 3163 2718 a
3183 2666 3296 2734 lege
3320 2666 3521 2720 discer-

1932 2772 2081 2824 nere,
2108 2772 2268 2827 quam
2307 2757 2597 2813 diversitas
2625 2763 2764 2813 ultro
2795 2758 2963 2828 ipsius
2983 2756 3275 2812 divinitatis
3310 2756 3516 2814 discre-

1932 2851 2115 2915 visset,
2141 2850 2417 2905 sifuisset.
2470 2850 2659 2905 Merito
2710 2865 2815 2905 non
2862 2850 3216 2906 remdiﬁcahat
3257 2866 3377 2922 qua!
3424 2851 3522 2908 de-

1930 2945 2141 2999 struxit.
2173 2944 2571 2999 DcSIruiautcm
2588 2942 2696 2997 Lex
2725 2944 2927 3007 hahuit,
2947 2959 3011 2998 ex
3042 2959 3148 3013 quo
3172 2960 3269 2999 vox
3301 2945 3522 3000 Joamris

1930 3037 2180 3091 clamavit
2220 3035 2379 3105 (Luc.
2418 3036 2478 3090 Ill
2503 3036 2520 3108 )
2549 3036 2600 3090 in
2628 3050 2851 3090 eremo:
2888 3035 3079 3091 Parata
3119 3039 3228 3091 vias
3268 3037 3520 3107 Domini;

1932 3135 1989 3181 ut
2017 3126 2209 3182 ﬁerent
2234 3128 2329 3181 riui
2356 3137 2403 3182 et
2427 3128 2582 3182 colles
2612 3138 2658 3181 et
2683 3136 2877 3182 montes
2902 3128 3080 3199 repleti
3103 3140 3148 3183 et
3171 3129 3445 3197 humiliati,
3474 3141 3522 3185 et

1929 3229 2157 3275 tortuosa
2186 3230 2233 3276 et
2255 3237 2439 3293 aspera
2462 3223 2515 3275 in
2544 3222 2892 3276 rectitudiuem
2920 3223 3036 3276 etin
3069 3238 3296 3295 campos,
3331 3223 3383 3278 id
3414 3233 3519 3292 est,

230 3323 456 3378 serunt,
490 3315 611 3384 quia
657 3312 872 3367 fuerunt
913 3312 990 3383 (8)
1047 3318 1266 3381 propter
1308 3325 1443 3381 quos
1496 3309 1779 3365 cederetur
1802 3349 1818 3377 ,
1852 3320 1895 3381 ρ
1932 3310 2090 3383 Legis
2129 3311 2471 3368 difﬁcultates
2492 3316 2543 3367 in
2575 3314 2846 3384 Evangelii
2881 3313 3180 3369 facilitates.
3209 3315 3523 3371 Meminerat

230 3407 337 3460 hoc
367 3404 508 3459 enim
556 3403 675 3458 rudi
721 3402 842 3457 ﬁdei
874 3413 929 3457 ct
970 3400 1143 3455 adhuc
1166 3400 1234 3456 de
1274 3401 1408 3471 legis
1447 3400 1822 3457 observatione
1923 3404 2033 3475 jam
2074 3412 2129 3460 et
2156 3403 2349 3460 Psalmi
2384 3403 2504 3476 (Ps.
2533 3404 2597 3476 II)
2621 3420 2740 3460 esse
2786 3416 3033 3475 tempus:
3065 3404 3457 3476 Disrumpamus
3488 3424 3520 3460 a

228 3511 510 3566 suspensa:
535 3496 899 3565 compctehat,
932 3494 1048 3565 ipso
1081 3508 1295 3563 quoque
1337 3493 1583 3563 apostolo
1604 3534 1619 3558 ,
1669 3510 1731 3547 ne
1769 3495 1822 3548 in
1928 3496 2071 3552 nobis
2093 3497 2297 3552 vincula
2328 3514 2501 3551 eorum
2527 3539 2541 3563 ,
2569 3508 2615 3552 et
2642 3498 2943 3569 abjiciamus
2964 3514 2995 3551 a
3021 3498 3161 3552 nobis
3174 3499 3358 3570 jugum
3383 3499 3522 3569 ipso-

228 3606 445 3644 vacuum
512 3588 817 3643 cucurrisse!
868 3596 957 3641 aut
1010 3594 1257 3649 curreret.
1311 3594 1583 3655 ειιςρεειοο
1643 3583 1825 3655 Itaque
1925 3593 2182 3649 rnm:Ex
2209 3608 2315 3664 quo
2344 3593 2667 3647 tumultuatur
2687 3602 2803 3647 sunt
2824 3603 3013 3665 gentes,
3044 3593 3279 3663 etpOpuli
3294 3592 3521 3647 meditati

228 3680 525 3737 frnstrandi
556 3691 711 3737 erant
741 3680 859 3734 falsi
888 3679 1105 3745 fratres,
1135 3678 1473 3749 speculantes
1520 3677 1821 3733 libertatem

1928 3697 2046 3743 sunt
2072 3688 2245 3743 inania
2267 3730 2283 3755 ,
2318 3687 2587 3741 astiterunt
2614 3703 2753 3757 reges
2783 3695 2950 3751 terrm,
2975 3696 3021 3740 et
3044 3686 3368 3758 magistratus
3397 3702 3519 3740 cou-

227 3774 603 3841 christianam,
654 3789 719 3829 ne
747 3781 871 3828 ante
894 3786 1012 3827 eam
1042 3770 1094 3825 in
1134 3769 1275 3827 servi
1308 3778 1445 3824 utem
1495 3768 1826 3826 abducerent

1928 3782 2123 3852 grcgati
2162 3792 2279 3836 sunt
2323 3782 2375 3835 in
2419 3796 2577 3834 unum
2609 3780 2850 3833 adversus
2868 3777 3147 3832 Dominum
3190 3788 3236 3833 et
3277 3779 3520 3833 adversus

222 3866 503 3938 judaismi,
541 3880 701 3936 quam
734 3864 932 3920 Paulus
967 3863 1130 3919 sciret
1157 3877 1217 3917 sc
1252 3876 1358 3917 non
1383 3864 1435 3916 in
1462 3877 1687 3918 vacuum
1726 3878 1823 3918 ου·
1928 3871 2184 3925 Christum
2230 3872 2430 3942 ipsius;
2468 3881 2520 3924 ut
2549 3870 2659 3940 jam
2692 3885 2757 3925 ex
2788 3868 2909 3925 ﬁdei
2936 3869 3178 3925 libertate
3200 3869 3521 3939 justiﬁcetur

224 3958 663 4028 eurrisse,quam
694 3957 941 4011 dexteras
972 3955 1019 4008 ei
1050 3954 1823 4026 darentantecessores,quam

223 4066 292 4105 ex
326 4064 494 4104 censu
521 4063 705 4103 eorum
736 4048 789 4103 in
818 4048 1063 4103 nationes
1093 4045 1417 4117 priedicandi
1446 4061 1639 4103 lllllllllS
1670 4048 1818 4103 subi-

222 4152 307 4198 ret
344 4141 451 4214 (9).
507 4138 820 4196 Necessario
872 4139 1033 4210 igitur
1069 4138 1233 4194 cessit
1269 4138 1336 4193 ad
1366 4148 1598 4209 tempus.
1648 4140 1739 4197 Sic
1772 4139 1821 4195 ei

223 4236 369 4291 ratio
396 4242 627 4301 constat,
651 4232 991 4288 Timotheum
1019 4232 1458 4297 circnmcidendi,
1488 4242 1544 4288 ct
1564 4248 1714 4289 rasos
1739 4234 1823 4288 in-

224 4326 546 4383 troduccndi
576 4327 627 4381 in
657 4325 938 4395 templum,
965 4340 1083 4395 qua;
1110 4325 1162 4379 in
1192 4326 1343 4381 Actis
1376 4325 1509 4396 (Act.
1546 4326 1687 4392 XVI,
1727 4326 1820 4397 2i)

222 4419 538 4483 edicuntur,
589 4416 727 4471 adeo
759 4432 905 4483 vero,
939 4426 994 4470 ut
1024 4416 1283 4487 Apostolo
1308 4427 1607 4473 consonent
1654 4421 1822 4489 proli-

223 4510 361 4565 tenti
411 4509 430 4579 (
458 4507 480 4561 I
507 4507 626 4562 Cor.
658 4506 752 4572 IX,
783 4507 856 4563 20
882 4509 938 4579 ):
975 4506 1194 4562 Factum
1249 4525 1303 4563 se
1327 4506 1526 4563 Iudaeis
1570 4510 1821 4579 iudicum,

221 4611 280 4654 ut
323 4599 537 4655 Judteos
565 4599 918 4669 lucrifaceret,
948 4608 996 4655 et
1024 4598 1118 4653 sub
1148 4598 1284 4671 Lege
1303 4608 1572 4671 agentem,
1622 4611 1826 4673 propter

1929 3961 2113 4028 homo,
2146 3976 2248 4016 non
2272 3978 2338 4017 ex
2369 3964 2501 4033 legis
2526 3962 2814 4017 servitute:
2838 3960 2969 4029 Quia
3000 3960 3187 4031 (Hebr.
3213 3960 3383 4030 X558)
3399 3961 3518 4032 jus-

1928 4064 2008 4109 tus
2024 4071 2089 4109 ex
2107 4055 2206 4123 ﬁde
2219 4055 2513 4120 vivit.Qnod
2527 4056 2570 4109 si
2600 4054 2890 4124 prophetes
2911 4052 3178 4121 llahacuc(
3189 4051 3519 4123 Habac.ll,4)

1928 4144 2326 4216 prtenuntiavit,
2358 4145 2519 4199 habes
2547 4154 2599 4198 et
2654 4144 2955 4214 apostolum
2997 4143 3294 4213 Prophetas
3317 4143 3514 4198 conﬁr-

1928 4249 2186 4307 mantem,
2212 4240 2344 4295 sicut
2378 4248 2432 4295 et
2454 4238 2725 4294 Christus.
2751 4237 2881 4308 Ejus
2900 4252 3029 4308 ergo
3065 4237 3159 4291 Dei
3182 4237 3282 4290 erit
3309 4236 3440 4291 ﬁdes
3467 4236 3519 4292 in

1926 4347 2029 4403 qua
2058 4334 2202 4387 vivet
2222 4333 2398 4403 justus
2423 4347 2437 4394 ;
2458 4330 2609 4401 cujus
2632 4340 2689 4387 ct
2718 4332 2824 4397 lex,
2850 4330 2903 4384 in
2932 4344 3034 4399 qna
3068 4343 3173 4383 non
3198 4328 3521 4398 jnstificatnr

1927 4425 2225 4493 Operarius.
2259 4422 2522 4489 Proinde,
2561 4424 2605 4477 si
2636 4424 2687 4477 in
2717 4424 2832 4492 lege
2862 4420 3169 4477 maledictio
3194 4429 3297 4487 est,
3332 4421 3383 4474 in
3416 4420 3520 4477 tide

1926 4532 2054 4574 vero
2078 4517 2414 4583 benedictio;
2462 4527 2749 4587 utrumque
2790 4514 2955 4569 habes
3002 4514 3332 4585 propositum
3376 4514 3517 4585 apud

1925 4609 2235 4665 Creatorem
2268 4627 2280 4663 :
2314 4608 2445 4663 Ecce
2470 4609 2637 4679 posui,
2678 4606 2849 4677 inquit
2879 4605 3058 4677 (Deut.
3092 4604 3193 4669 XI,
3222 4603 3316 4675 26)
3347 4644 3363 4668 ,
3395 4613 3517 4660 ante

220 4710 312 4750 eos
340 4693 429 4762 qui
457 4692 550 4748 sub
580 4690 715 4764 Lege
739 4700 987 4763 agerent:
1016 4692 1096 4747 sic
1120 4702 1175 4749 et
1204 4702 1424 4763 propter
1465 4696 1821 4765 superinduc-
1848 4712 1900 4773 ι)
1928 4711 1976 4756 te
2003 4702 2404 4757 maledictionem
2428 4710 2475 4755 et
2503 4698 2919 4753 benedictionem.
2950 4696 3065 4752 Non
3094 4703 3273 4767 potest
3307 4693 3518 4749 distan-

221 4786 375 4845 titios
408 4784 525 4858 (ιο)
552 4783 693 4851 illos,
721 4793 775 4841 et
799 4784 1049 4843 omnibus
1079 4786 1373 4844 novissime
1393 4788 1572 4844 omnia
1594 4787 1814 4861 factum,

1930 4795 2054 4849 tiam
2086 4793 2396 4861 vindicare;
2455 4806 2576 4865 qua:
2603 4789 2707 4847 etsi
2749 4804 2928 4847 rerum
2959 4800 3064 4858 εει,
3097 4802 3205 4845 non
3236 4786 3358 4843 ideo
3386 4800 3515 4842 auc-

1450 4900 1832 4964 LECTIONES
1870 4906 2286 4966 VARIANTES.

385 5037 711 5089 Desiderabat
734 5037 837 5088 Lat.

312 5097 362 5163 2)
388 5102 529 5163 Quos
540 5113 581 5149 SI
604 5102 797 5163 quando
813 5097 916 5152 vult
940 5100 1045 5153 Lat.

310 5162 364 5225 δ)
392 5162 603 5225 Intelligi
626 5162 727 5212 Lat.

312 5222 364 5279 4)
393 5224 524 5274 Vero
539 5222 660 5275 (illd.
686 5222 837 5276 then.
856 5223 1007 5278 Seml.
1025 5223 1226 5279 Obertlt.

310 5286 363 5339 5i
382 5287 487 5337 Nec
505 5286 655 5337 omitt.
682 5288 786 5339 Lat.

286 5348 364 5414 (ϐ)
390 5348 453 5402 Et
471 5348 589 5401 add.
615 5357 767 5402 Fran.

342 5038 364 5415 ἶ

2011 5099 2062 5168 8)
2087 5099 2361 5158 Cessissent.
2382 5120 2445 5155 ne
2468 5104 2799 5168 subjectioni?
2822 5101 3024 5167 Opinor.
3058 5099 3192 5168 Ergo
3223 5102 3476 5152 cesserant
3497 5135 3513 5159 ,

1923 5168 2250 5229 quia'fuerant
2265 5168 2375 5219 cod.
2403 5169 2588 5221 Wouw.

2010 5232 2073 5345 92.
2087 5232 2257 5283 Obiret
2279 5233 2382 5304 tat.

1987 5231 2094 5419 ibi
2117 5294 2382 5409 ῗῶῗῗιέιῗὲἶέῗ

2017 5356 2061 5407 ιι

2009 5044 2035 5094 ’1
2085 5044 2473 5108 Superductitios
2494 5039 2645 5094 Rhen.
2670 5036 2823 5091 Seml.
2862 5036 3058 5091 Oberth.

2011 5043 2361 5171 BiCessissent
2382 5104 2799 5171 neAsubjectioni?
2822 5101 3024 5167 Opinor.

2117 5294 2500 5366 Superiuductos
2540 5288 2692 5366 liberi:
2733 5290 2891 5366 genti:
2939 5288 3135 5341 Oberlin.

2118 5353 2361 5407 Dubitabit
2376 5353 2527 5409 Rhea.
2552 5353 2703 5407 Semt.
2727 5353 2920 5409 Oberth.

1579 5474 2141 5539 COMMENTARIUS.

293 5589 451 5647 CAP.
484 5588 573 5646 III.
592 5591 751 5665 —-(a)
779 5589 1200 5665 Interpotatione
1224 5589 1531 5665 Scriptum.
1562 5593 1809 5663 Interpoo

214 5664 367 5721 lator
394 5677 493 5734 seu
516 5662 799 5733 corruptor
822 5672 906 5719 est
935 5662 1221 5717 hazreticus
1251 5664 1342 5734 qui
1371 5662 1693 5734 detorquet,
1718 5662 1812 5720 de-

212 5742 453 5797 truncat,
484 5733 767 5797 imminuit,
800 5734 1019 5790 additve
1074 5748 1239 5789 sacra:
1268 5733 1579 5804 Scriptnrze.
1609 5735 1683 5790 Ls:
1714 5735 1806 5790 Pu.

297 5806 377 5874 (ὁ)
396 5804 517 5875 δρα
535 5805 853 5875 reprehendit
882 5804 1092 5859 Petrum
1114 5821 1214 5859 non
1236 5816 1379 5875 recto
1410 5807 1534 5874 pede
1570 5806 1807 5861 inceden-

206 5888 337 5932 tem.
392 5874 445 5929 In
474 5890 650 5946 grzeco
689 5885 772 5931 est
796 5878 1162 5937 ὀρθοπιδοῦντα.
1202 5874 1502 5931 Notandum
1531 5885 1706 5933 tamen
1754 5880 1808 5933 in

202 5950 305 6007 illa
334 5947 777 6018 reprehensione,
806 5948 859 6005 id
888 5948 1029 6019 quod
1056 5949 1215 6004 habet
1247 5947 1513 6006 Eusebius
1539 5948 1665 6006 hist.
1702 5948 1801 6005 lib.

1920 5612 2035 5670 cap.
2060 5598 2164 5670 ili,
2212 5598 2302 5655 ubi
2331 5599 2493 5655 alium
2521 5600 2684 5655 fuisse
2709 5598 2995 5669 Cephama
3025 5597 3087 5653 Β.
3126 5596 3307 5662 Petro,
3341 5595 3416 5652 ait
3444 5610 3512 5652 ex

1919 5669 1997 5725 5.7
2044 5669 2462 5739 Clementeziw’s
2539 5683 2658 5742 φησι
2710 5679 2944 5743 γεγαοιένειι
3031 5686 3120 5726 τῶν
3186 5672 3510 5743 ἑϐδομῇξεςιντα

1915 5745 2162 5815 μεθητῶν,
2208 5747 2448 5810 ὁμώνυμον
2488 5739 2647 5815 Πέτρῳ
2676 5739 2878 5815 saxosus
2920 5752 2993 5815 τῷν
3025 5744 3293 5815 ἀτρεμεὶ-ῳ,
3338 5739 3512 5815 Unum

1914 5809 2071 5883 fuisse
2096 5815 2167 5866 ait
2212 5809 2276 5869 ea:
2305 5809 2634 5885 septuaginta
2655 5809 2920 5885 discipulis
2956 5809 3020 5868 Β.
3070 5810 3230 5867 Petro
3276 5809 3512 5880 apostolo

1912 5885 2285 5955 cognominem.
2320 5883 2394 5939 LF.
2427 5883 2523 5943 Ριι.
