4268 6492
790 381 894 444 475

2215 395 2674 454 TERTULLIANI

3972 404 4079 461 476

786 514 962 560 torum
988 520 1002 570 ;
1035 520 1156 576 quae
1181 506 1249 564 ab
1273 522 1380 565 uno
1399 519 1618 568 auctore
1663 513 2001 584 pr0ponitur.
2052 515 2160 570 Cur
2199 525 2374 571 autem
2405 519 2454 578 A
2482 526 2563 572 est
2590 519 2692 572 hoc
2720 515 3031 575 humanitus
3056 518 3301 576 dictum:
3330 534 3437 576 non
3464 521 3609 578 enim
3629 522 3944 595 exemplum
3968 535 4072 592 est,

698 631 710 640 -
789 595 1036 653 Christus
1066 598 1238 656 factus
1268 603 1338 656 sit
1366 617 1459 671 pro
1485 603 1638 658 nobis
1670 606 1973 661 maledictio
2000 649 2014 671 ,
2049 607 2168 678 ipso
2201 610 2374 678 Apos-

787 692 898 746 tulo
919 692 1181 750 edocente
1210 697 1549 752 manifestum
1575 709 1676 763 est,
1701 713 1859 771 quam
1881 703 2154 758 nobiscum
2188 704 2367 771 faciat,

786 782 841 838 id
871 792 952 839 est
973 825 986 848 ,
1033 787 1326 841 secundum
1361 787 1520 843 ﬁdem
1550 791 1838 846 Creatoris.
1871 793 2054 864 Neque
2080 796 2221 849 enim
2253 798 2376 866 quia

787 872 1017 930 Creator
1045 880 1438 945 pronuntiavit:
1471 881 1773 936 Maledictus
1801 888 1963 940 omnis
1992 888 2042 940 in
2070 889 2207 956 ligno
2250 906 2377 942 sus—

786 982 1013 1035 pensus;
1041 967 1161 1023 ideo
1188 971 1456 1026 videbitur
1485 974 1706 1030 alterius
1735 976 1827 1032 Dei
1868 993 1986 1034 esse
2011 978 2257 1035 Christus
2278 1025 2293 1049 ,
2324 992 2379 1037 et

787 1056 990 1113 idcirco
1031 1075 1061 1114 a
1091 1059 1346 1118 Creatore
1369 1065 1479 1134 jam
1517 1077 1643 1122 tunc
1683 1068 1734 1123 in
1762 1071 1880 1139 lege
1923 1073 2257 1128 maledictus.
2311 1077 2378 1132 Et

785 1152 1056 1219 quomodo
1085 1155 1568 1223 praemaledixisset
1593 1177 1712 1215 cum
1753 1162 1994 1231 Creator,
2026 1183 2182 1237 quem
2226 1170 2376 1240 igno-

786 1241 898 1294 rat?
921 1242 1028 1297 Cur
1057 1256 1232 1301 autem
1264 1264 1368 1303 non
1401 1252 1569 1322 magis
1595 1264 1866 1324 competat
1891 1258 2151 1323 Creatori,
2183 1260 2376 1318 Filium

785 1346 938 1388 suum
985 1336 1196 1393 dedisse
1241 1341 1598 1399 maledictioni
1631 1362 1762 1414 suae,
1795 1365 1954 1420 quam
1995 1353 2067 1406 illi
2116 1354 2223 1408 Deo
2281 1365 2370 1410 tuo

785 1423 1090 1483 subdidisse
1119 1429 1504 1500 maledictioui,
1539 1447 1592 1492 et
1622 1439 1836 1508 quidem
1869 1458 1965 1511 pro
1993 1444 2208 1502 homine
2243 1449 2376 1504 alie-

787 1518 905 1570 no?
935 1519 1193 1591 Denique,
1222 1525 1264 1577 si
1291 1535 1441 1581 atrox
1474 1530 1685 1585 videtur
1714 1532 1814 1588 hoc
1841 1535 1894 1589 in
1935 1535 2194 1596 Creatore
2233 1543 2377 1599 circa

787 1605 998 1671 Filium,
1023 1613 1245 1680 proinde
1265 1625 1355 1671 tuo
1384 1617 1435 1672 in
1461 1620 1588 1675 Deo.
1609 1621 1662 1677 Si
1689 1638 1818 1679 vero
1839 1627 2093 1685 rationale
2111 1642 2164 1685 et
2187 1634 2236 1687 in
2264 1642 2373 1702 tuo,

785 1700 1012 1768 proinde
1050 1713 1104 1757 et
1135 1705 1185 1759 in
1218 1722 1358 1772 meo,
1397 1719 1450 1764 et
1491 1714 1657 1783 magis
1698 1716 1749 1770 in
1778 1733 1916 1773 meo.
1962 1720 2190 1778 Facilius
2234 1700 2374 1780 enim

785 1789 1114 1862 crederetur,
1147 1796 1262 1866 ejus
1291 1814 1412 1856 esse
1442 1818 1535 1871 per
1584 1806 2011 1865 maledictionem
2040 1811 2238 1870 Christi
2278 1816 2373 1873 be-

2480 611 2573 666 sed
2606 613 2824 666 veritas.
2852 612 2985 681 Quis
3013 614 3156 668 enim
3184 613 3456 684 parvulus,
3487 616 3669 685 utique
3699 631 3886 681 sensu,
3931 620 4075 688 quod

2479 714 2605 760 sunt
2647 705 2888 761 nationes
2911 747 2928 773 ,
2973 721 3077 761 non
3105 707 3389 762 elementis
3415 707 3687 777 subjectus
3724 718 3808 764 est
3836 710 4025 766 mundi
4057 754 4072 780 ,

2480 815 2601 870 quae
2647 815 2746 868 pro
2787 801 2899 855 Deo
2939 802 3166 872 suspicit
3205 801 3326 873 (5)?
3380 802 3510 857 Illud
3550 812 3728 858 autem
3769 803 3896 858 facit
3952 805 4072 877 (t),

2481 890 2622 960 quod
2652 905 2774 945 cum
2805 890 3098 946 secundum
3128 893 3398 948 hominem
3422 893 3665 959 dixisset,
3703 904 3879 950 tamen
3914 904 4076 951 testa-

2482 991 2719 1036 mentum
2774 982 3008 1038 hoininis
3060 998 3222 1038 nemo
3267 987 3474 1052 spernit
3531 994 3624 1040 aut
3671 986 4070 1056 superordinat.

2481 1077 2744 1146 Exemplo
2773 1079 2916 1133 enim
2946 1079 3161 1134 humani
3191 1079 3498 1135 testamenti
3522 1082 3908 1149 permanentis,
3936 1079 4074 1135 divi-

2481 1186 2608 1225 num
2635 1171 2899 1225 tuebatur.
2937 1171 3157 1225 Abraltte
3177 1171 3325 1225 dictae
3348 1180 3466 1225 sunt
3489 1173 3850 1241 promissiones
3871 1213 3887 1236 ,
3920 1182 3966 1225 et
3992 1189 4075 1224 se-

2479 1262 2606 1316 mini
2645 1264 2775 1333 ejus.
2811 1262 2934 1316 Non
2962 1263 3091 1316 dixit
3116 1302 3131 1327 ,
3156 1262 3430 1318 seminibus
3452 1303 3465 1327 ,
3497 1263 3646 1332 quasi
3673 1264 3906 1333 pluribus
3929 1279 3950 1328 ,°
3988 1266 4076 1317 sed

2479 1354 2677 1418 semini,
2730 1363 2972 1424 tanquam
3010 1354 3120 1418 uni,
3162 1355 3298 1424 quod
3347 1354 3579 1409 Christus
3625 1364 3716 1409 est.
3775 1355 4077 1410 Erubescat

2479 1446 2702 1516 Spongia
2743 1445 3031 1500 Marcionis
3054 1486 3068 1512 ,
3101 1445 3204 1500 nisi
3234 1445 3376 1516 quod
3407 1461 3474 1501 ex
3503 1446 3794 1502 abundanti
3836 1457 4073 1503 retracto

2480 1553 2600 1608 qua:
2640 1537 2879 1600 abstulit,
2911 1552 3031 1592 cum
3065 1537 3294 1591 validius
3336 1538 3408 1591 sit
3452 1537 3601 1592 illum
3633 1553 3699 1593 ex
3731 1537 3814 1591 his
3861 1540 4064 1594 revinci

2480 1647 2598 1702 qua:
2625 1631 2878 1686 servavit.
2907 1630 3035 1685 Cum
3064 1639 3233 1684 autent
3259 1630 3421 1685 euenit
3449 1630 3650 1700 impleri
3673 1639 3894 1700 tempus,
3931 1631 4067 1684 misit

2480 1724 2618 1780 Deus
2646 1724 2841 1778 Filium
2866 1739 3054 1787 suum;
3085 1723 3264 1794 utique
3282 1723 3349 1788 is,
3371 1722 3464 1792 qui
3486 1724 3648 1778 etiam
3671 1723 3907 1793 ipsorum
3933 1732 4068 1778 tern-

2480 1833 2672 1889 porum
2703 1816 2844 1871 Deus
2869 1824 2970 1878 est,
3002 1815 3196 1886 quibus
3226 1815 3484 1869 saeculum
3510 1825 3754 1880 constat;
3787 1815 3879 1885 qui
3922 1816 4071 1886 signa

787 1883 1143 1943 nedictionem
1179 1895 1521 1963 prospexisse
1552 1896 1791 1965 homini,
1826 1903 1914 1972 qui
1945 1913 1998 1958 et
2041 1906 2375 1965 maledictio-
2405 1912 2452 1970 B
2481 1883 2693 1982 quoque
2723 1883 3033 1979 temporum
3051 1907 3341 1973 ordinavit,
3381 1908 3545 1972 soles,
3570 1918 3624 1962 et
3651 1907 3823 1970 lunas,
3847 1916 3904 1962 et
3932 1908 4074 1962 side-

787 1991 908 2031 nem
960 1979 1246 2049 aliquando
1296 1995 1350 2039 et
1393 1986 1821 2046 benedictionem
1869 2000 2206 2065 proposuerit
2252 2011 2378 2057 ante

791 2065 1096 2137 hominem,
1146 2089 1302 2141 quam
1345 2077 1434 2146 qui
1481 2092 1724 2136 neutrum
1766 2102 1994 2156 unquam
2036 2091 2106 2143 sit
2140 2093 2278 2161 apud
2326 2103 2377 2149 te

785 2161 1075 2228 professus.
1128 2165 1424 2239 Accepitnus
1462 2173 1618 2243 igitur
1663 2176 2054 2234 benedictionem
2099 2185 2375 2252 spiritalem

786 2269 878 2322 per
909 2255 1096 2323 ﬁdem,
1133 2259 1320 2330 inquit,
1350 2278 1416 2316 ex
1452 2280 1554 2333 qua
1584 2268 1790 2323 scilicet
1816 2271 1954 2325 vivet
1983 2273 2153 2340 justus
2182 2291 2370 2334 secun-

787 2342 915 2400 dum
962 2347 1290 2406 Creatorem.
1341 2354 1453 2409 Hoc
1491 2367 1574 2411 est
1603 2374 1732 2430 ergo
1761 2364 1900 2430 quod
1938 2365 2078 2431 dico,
2123 2370 2237 2439 ejus
2279 2373 2372 2429 Dei

789 2436 948 2494 ﬁdem
980 2456 1100 2497 esse
1121 2485 1134 2508 ,
1166 2447 1316 2514 cujus
1345 2460 1426 2502 est
1455 2448 1623 2505 forma
1651 2456 1834 2524 gratiae
1868 2458 2010 2513 ﬁdei.
2043 2436 2228 2518 Sedet
2251 2479 2372 2519 cum

783 2531 999 2600 adjicit:
1034 2535 1220 2590 Omnes
1236 2539 1366 2593 enim
1385 2542 1480 2608 ﬁlii
1505 2547 1621 2598 estis
1635 2548 1756 2612 ﬁdei
1781 2590 1794 2612 ,
1823 2552 2126 2607 ostenditur
2151 2555 2224 2625 (a)
2244 2558 2368 2626 quid

785 2637 944 2692 supra
975 2623 1224 2684 haeretica
1256 2630 1514 2689 industria
1544 2640 1796 2702 eraserit;
1821 2644 2144 2700 mentionem
2161 2623 2373 2704 scilicet

788 2715 1050 2783 Abralite,
1082 2735 1186 2790 qua
1216 2738 1314 2778 nos
1343 2726 1631 2795 Apostolus
1661 2730 1799 2786 ﬁlios
1826 2733 2055 2790 Abrahae
2085 2754 2177 2806 per
2216 2740 2372 2796 ﬁdem

787 2808 1046 2876 afﬁrmat,
1077 2814 1371 2869 secundum
1400 2834 1557 2887 quam
1590 2824 1910 2880 mentionem
1940 2827 2025 2882 hic
2055 2844 2267 2902 quoque
2308 2834 2372 2887 ﬁ-

792 2898 894 2954 lios
933 2900 1055 2956 ﬁdei
1087 2906 1306 2960 notavit.
1342 2907 1603 2966 Carterum
1632 2955 1646 2979 ,
1678 2918 1945 2982 quomodo
1976 2920 2066 2974 ﬁlii
2099 2898 2260 2978 ﬁdei?
2315 2935 2369 2980 et

785 2991 938 3060 cujus
973 2992 1142 3060 ﬁdei,
1173 2998 1217 3051 si
1247 3013 1350 3053 non
1380 3002 1639 3060 Ahrahaa!
1679 3006 1735 3061 Si
1775 3009 1916 3062 cnim
1961 3010 2220 3067 Abraham
2266 3014 2376 3071 Deo

788 3084 1042 3149 credidit,
1071 3097 1116 3139 et
1147 3089 1446 3158 deputatum
1485 3096 1562 3163 (1)
1595 3108 1667 3150 est
1708 3101 1942 3169 justitiw,
1989 3115 2148 3174 atque
2182 3109 2376 3166 exinde

785 3185 940 3245 pater
981 3179 1268 3236 multarum
1327 3187 1600 3242 nationum
1651 3193 1846 3247 meruit
1899 3201 2231 3265 nuncupari;
2279 3218 2376 3257 nos

2481 2019 2560 2069 ra,
2593 2013 2646 2057 et
2671 2003 2892 2066 stellas;
2939 2001 3028 2070 qui
3060 2000 3178 2055 Filii
3201 1999 3433 2069 denique
3461 2001 3540 2054 sui
3586 2000 3973 2055 revelationem
4021 2001 4071 2055 in

2479 2095 2872 2152 extremitatem
2915 2103 3213 2163 temporum
3259 2100 3314 2146 et
3347 2093 3611 2162 disposuit
3669 2103 3720 2148 et
3765 2093 4074 2162 przedicavit

2477 2189 2604 2260 (ls.,
2640 2186 2703 2253 Il,
2729 2184 2786 2258 9.)
2818 2183 2918 2238 :ln
2936 2185 3218 2239 novissimis
3247 2183 3422 2238 diebus
3452 2185 3545 2238 erit
3590 2185 3893 2255 manifestus
3929 2200 4074 2237 mons

2479 2280 2720 2346 Domini,
2749 2289 2803 2333 et
2835 2276 2996 2348 (Joel,
3027 2276 3090 2341 ll,
3123 2275 3215 2346 28)
3242 2293 3254 2327 :
3285 2274 3351 2328 In
3377 2276 3663 2330 novissimis
3685 2276 3860 2328 diebus
3900 2273 4073 2340 e/fun-

2480 2375 2599 2427 dam
2631 2372 2693 2424 de
2716 2371 2902 2440 spiritu
2932 2385 3041 2423 meo
3067 2370 3120 2421 in
3145 2383 3343 2422 onmem
3373 2383 3601 2432 carnem,
3628 2365 3926 2421 secundum
3957 2365 4075 2420 εἰοε-

2481 2466 2606 2521 Ιειη.
2651 2465 2822 2534 Ipsius
2872 2471 2987 2518 erat
3027 2462 3344 2517 sustinuisse
3390 2471 3599 2531 tempus
3643 2461 3874 2531 impleri,
3922 2461 4072 2529 cujus

2477 2571 2594 2616 erat
2620 2560 2781 2615 etiam
2811 2557 2932 2612 ﬁnis
2958 2556 3214 2625 temporis
3233 2556 3370 2610 sicut
3395 2555 3625 2609 initium.
3641 2554 3908 2609 Czeterum
3932 2553 4074 2608 Deus

2478 2654 2567 2708 ille
2598 2653 2837 2716 otiosus,
2889 2664 2986 2705 nec
3030 2647 3384 2717 Operationis,
3423 2661 3522 2701 nec
3561 2645 3963 2716 praedicationis
3993 2645 4073 2696 ul-

2479 2747 2602 2812 lius,
2659 2754 2820 2814 atque
2863 2742 2933 2796 ita
2962 2755 3063 2796 nec
3091 2739 3346 2808 temporis
3386 2736 3634 2805 alicujus,
3683 2734 3808 2806 quid
3853 2735 4073 2790 omnino

2477 2836 2747 2910 egitquod
2782 2834 3023 2890 efﬁceret
3067 2844 3278 2900 tempus
3301 2829 3531 2900 impleri,
3553 2828 3714 2882 etiam
3748 2828 3828 2897 (5)
3849 2827 4074 2896 impleu-

2480 2930 2604 2985 dum
2656 2925 2955 2982 sustineri?
2993 2924 3045 2978 Si
3076 2923 3229 2986 nihil,
3262 2921 3391 2976 satis
3417 2935 3612 2975 vanum
3635 2930 3719 2974 est
3756 2927 3814 2973 ut
3843 2917 4070 2974 Creato-

2479 3023 2554 3078 ris
2581 3031 2818 3089 tempora
2847 3017 3163 3072 sustinuerit
3188 3015 3430 3068 serviens
3455 3009 3722 3067 Creatori.
3753 3009 3854 3064 Cui
3886 3019 4064 3064 autem

2481 3114 2560 3168 rei
2587 3113 2721 3165 misit
2745 3110 2938 3163 Filium
2963 3108 3153 3162 suum?
3187 3104 3255 3160 Ut
3277 3121 3360 3158 eos
3381 3103 3465 3172 qui
3492 3102 3582 3156 sub
3610 3103 3718 3173 lege
3743 3112 3911 3164 erant,
3937 3102 4072 3154 redi-

2481 3217 2630 3262 meret
2657 3222 2675 3260 :
2715 3205 2817 3259 hoc
2842 3213 2946 3269 est,
2987 3211 3046 3257 ut
3076 3201 3315 3255 efﬁceret
3345 3197 3474 3270 (Is.,
3497 3195 3613 3262 XL,
3643 3195 3700 3266 4)
3737 3205 3968 3248 tortuosa
3993 3193 4072 3264 (6)

784 3277 963 3322 autem
1001 3271 1270 3328 credendo
1311 3276 1418 3332 Deo
1455 3283 1643 3352 magis,
1698 3286 1920 3353 proinde
1967 3289 2326 3359 justiﬁcamur
2355 3338 2370 3362 ,
2400 3304 2446 3367 (ζ
2480 3302 2532 3355 in
2554 3301 2685 3353 viam
2713 3306 2920 3362 rectam,
2947 3305 2994 3350 et
3020 3309 3204 3364 aspera
3235 3294 3288 3346 in
3327 3292 3434 3347 vias
3459 3291 3595 3344 lenes
3625 3289 3740 3360 (7),
3775 3287 4070 3343 secundum

785 3356 926 3412 sicut
962 3359 1270 3432 Abraham;
1304 3378 1358 3423 et
1390 3371 1550 3426 vitam
1583 3376 1805 3442 proinde
1834 3356 2234 3454 consequimur,
2262 3390 2368 3444 sic-

785 3457 844 3502 ut
882 3449 1060 3519 justus
1101 3469 1171 3508 ex
1205 3455 1308 3513 ﬁde
1333 3461 1491 3528 vivit;
1526 3465 1602 3519 sic
1627 3465 1684 3520 ﬁt
1713 3480 1768 3521 ut
1797 3479 1848 3524 et
1879 3449 2071 3542 supra,
2105 3449 2246 3532 ﬁlios
2273 3495 2372 3537 nos

785 3541 1016 3600 Abrahtc
1059 3553 1436 3622 pronuntiarit,
1484 3573 1586 3627 qua
1616 3564 1779 3630 patris
1811 3541 1957 3634 ﬁdei,
2003 3579 2056 3625 et
2102 3571 2187 3627 hic
2232 3575 2371 3632 ﬁlios

787 3635 936 3704 ﬁdei,
966 3655 1061 3710 per
1086 3659 1245 3713 quam
1277 3648 1547 3704 Abraham
1581 3666 1732 3722 pater
1759 3660 2031 3715 nationum
2075 3663 2250 3722 fuerat
2281 3685 2369 3724 re-

785 3731 1106 3798 promissus.
1135 3735 1314 3805 Ipsum
1343 3742 1484 3810 quod
1518 3745 1671 3800 tidem
1698 3763 1728 3802 a
1760 3750 2169 3812 circumcisione
2219 3775 2374 3815 revo-

784 3824 965 3893 cabat,
999 3843 1176 3886 nonne
1201 3835 1428 3892 Ahrahzn
1461 3839 1598 3895 ﬁlios
1615 3846 2248 3920 constituerequmrebat,
2279 3859 2369 3926 qui

787 3921 840 4014 in
866 3921 1063 4014 carnis
1094 3924 1396 3996 integritate
1434 3934 1782 3992 crediderat?
1824 3941 2059 4014 Denique
2086 3985 2101 4011 ,
2151 3921 2372 4006 alterius

784 4005 879 4062 Dei
911 4009 1064 4079 ﬁdes,
1094 4015 1160 4069 ad
1193 4017 1414 4075 formam
1438 4023 1529 4080 Dei
1553 4028 1772 4084 alterius
1793 4048 1896 4086 non
1926 4005 2099 4102 potest
2143 4041 2368 4107 admitti,

783 4108 842 4155 ut
869 4105 1150 4162 credentes
1171 4110 1390 4178 justitia:
1417 4116 1637 4187 deputet
1661 4164 1674 4187 ,
1709 4132 1764 4177 ut
1785 4124 1960 4194 justos
1983 4130 2163 4187 vivere
2191 4105 2369 4204 faciat,

783 4203 843 4250 ut
875 4198 1115 4297 nationes
1140 4205 1277 4260 lilios
1302 4209 1420 4264 ﬁdei
1447 4211 1623 4268 dicat:
1656 4226 1822 4272 totum
1854 4220 1954 4276 hoc
1979 4223 2094 4291 ejus
2141 4225 2222 4297 (2)
2265 4198 2370 4296 est,

781 4288 924 4356 apud
962 4309 1119 4360 quem
1148 4309 1271 4354 ante
1298 4299 1404 4369 jam
1439 4317 1621 4361 notum
1650 4318 1734 4363 est
1775 4312 1875 4368 sub
1903 4313 2090 4371 eadem
2138 4288 2370 4377 Abraha:

781 4383 1082 4450 mentione,
1115 4385 1242 4444 dum
1274 4391 1392 4462 ipso
1417 4411 1577 4452 sensu
1607 4402 1939 4460 revincatur.

1409 4486 1635 4546 CAPUT
1667 4494 1753 4549 IV.

850 4561 1061 4661 Adhuc,
1111 4569 1284 4641 inquit
1321 4575 1488 4647 (Gal.,
1532 4580 1616 4648 Ill,
1643 4584 1732 4652 IV,
1770 4586 1810 4641 V
1849 4598 1895 4642 et
1925 4591 2055 4661 Vl),
2095 4597 2373 4652 secundum

2477 3392 2712 3457 Esaiam;
2738 3398 2970 3444 utoetera
2991 3389 3281 3452 transirent,
3305 3393 3491 3438 etnova
3517 3383 3792 3444 orirentur;
3809 3380 3919 3435 Lex
3947 3395 4072 3434 nova

2476 3502 2539 3539 ea:
2568 3485 2716 3548 Sion,
2749 3491 2794 3535 et
2821 3496 2984 3536 sermo
3010 3477 3218 3532 Domini
3267 3491 3329 3530 ea:
3367 3473 3691 3528 Hierusalem
3727 3469 3830 3543 (Is.
3863 3472 3930 3537 II,
3964 3471 4024 3541 3)
4057 3488 4068 3524 :

2474 3588 2530 3633 et
2559 3575 2947 3644 utadoptionem
2969 3572 3191 3641 ﬁliorum
3211 3570 3577 3639 acciperemus,
3596 3568 3778 3636 utique
3801 3565 4068 3627 nationes,

2475 3688 2594 3743 quae
2613 3671 2703 3725 lilii
2723 3685 2828 3724 non
2847 3681 3081 3724 eramus.
3106 3666 3173 3720 Et
3190 3666 3302 3734 ipse
3324 3665 3466 3718 enim
3488 3667 3578 3715 tua:
3599 3661 3694 3714 erit
3714 3659 4008 3723 nationum,
4027 3667 4071 3710 et

2476 3765 2528 3818 in
2552 3762 2770 3818 nomine
2813 3761 2930 3830 ejus
2989 3758 3233 3812 nationes
3280 3753 3593 3825 sperabunt.
3645 3751 3722 3822 (b)
3753 3749 3942 3820 Itaque
3974 3791 3992 3816 ,
4019 3758 4072 3803 ut

2475 3868 2682 3913 eertum
2712 3864 2855 3911 esset
2880 3867 2980 3907 nos
3008 3851 3147 3907 ﬁlios
3167 3849 3261 3904 Dei
3291 3861 3435 3913 esse,
3467 3846 3603 3900 misit
3627 3843 3886 3914 Spiritum
3925 3857 4072 3895 suum

2473 3954 2527 4006 in
2550 3951 2705 4004 corda
2735 3957 2907 4002 nostra
2931 3988 2944 4011 ,
2977 3945 3282 3999 clamantem
3308 3982 3325 4007 ,
3358 3938 3516 4004 Abba,
3544 3936 3721 3991 Pater.
3757 3935 3826 3988 In
3852 3935 4069 3988 nouissi-

2477 4047 2570 4098 mis
2600 4042 2764 4102 enim.
2788 4039 2956 4110 inquit
2992 4036 3148 4106 (Joel,
3177 4035 3244 4103 II,
3264 4033 3382 4102 28),
3399 4031 3572 4086 diebus
3586 4027 3849 4096 effundam
3874 4026 3940 4082 de
3965 4043 4070 4080 meo

2478 4136 2682 4206 Spiritu
2715 4135 2769 4187 in
2794 4147 2992 4186 omnem
3011 4145 3235 4183 carnem.
3279 4124 3445 4194 Cujus
3484 4123 3704 4193 gratiae,
3762 4119 3865 4174 nisi
3919 4118 4071 4188 cujus

2476 4239 2530 4286 et
2561 4226 2845 4298 promissio
2871 4224 3056 4295 gratiae
3083 4224 3106 4273 ‘t
3142 4221 3264 4292 quis
3289 4218 3468 4282 Pater,
3502 4215 3601 4270 nisi
3648 4214 3742 4284 qui
3768 4222 3823 4268 et
3849 4213 4022 4268 iactor
4046 4213 4069 4267 ἲ

2476 4322 2606 4378 Post
2646 4324 2740 4375 has
2769 4320 2945 4387 itaque
2972 4315 3184 4370 divitias
3214 4354 3229 4378 ,
3281 4327 3388 4367 non
3415 4318 3535 4366 erat
3592 4305 3978 4363 revertendum
4006 4305 4067 4359 ad

2474 4414 2679 4482 inﬁrma
2709 4423 2755 4466 et
2779 4410 3008 4464 mendica
3057 4407 3321 4462 elementa.
3376 4403 3659 4458 Elementa
3712 4408 3896 4454 autem
3919 4398 4062 4468 apud

2476 4506 2746 4561 Romanos
2773 4516 2986 4574 quoque
3031 4501 3194 4555 etiam
3244 4497 3429 4567 prima:
3473 4495 3664 4549 litterze
3711 4490 3894 4547 solent
3941 4491 4066 4545 dici.

2474 4597 2593 4655 Non
2621 4612 2749 4666 ergo
2791 4610 2884 4665 per
2931 4590 3282 4647 mundialium
3335 4587 3725 4642 elementorum
3764 4582 4068 4654 derogatio-

780 4650 1034 4709 hominem
1081 4661 1214 4729 dico,
1269 4666 1393 4722 dum
1439 4687 1658 4729 essemus
1705 4681 1925 4747 parvuli,
1972 4650 2065 4738 sub
2112 4688 2368 4745 elementis
2392 4703 2445 4763 D
2475 4706 2597 4746 nem
2621 4704 2648 4742 a
2679 4650 2996 4743 Deo'eorum
3017 4694 3261 4739 avertere
3281 4677 3531 4750 cupieba‘
3551 4693 3567 4743 ἶ
3589 4675 3691 4733 “Si
3711 4673 3950 4731 ἀίωηάο
3974 4688 4060 4729 δα·

780 4750 957 4803 mundi
984 4769 1187 4811 eramus
1215 4763 1386 4833 positi,
1412 4767 1480 4820 ad
1503 4767 1882 4829 deserviendum
1908 4778 1998 4832 eis.
2029 4779 2225 4850 Atquin
2256 4798 2361 4838 non

2473 4797 2604 4854 pra:
2644 4780 2706 4836 Si
2734 4795 2851 4850 ergo
2869 4777 2948 4832 Itis
2972 4776 3056 4846 qui
3078 4791 3180 4830 non
3199 4783 3389 4829 natura
3413 4780 3532 4828 sunt
3562 4767 3656 4826 Dei
3680 4768 3904 4834 servitis;
3938 4763 4066 4838 phy-

2017 4888 2396 4952 LECTIONLS
2433 4892 2847 4951 VARIANTES.

943 5035 1058 5100 Ejus
1080 5041 1210 5095 abest
1230 5035 1352 5100 Pari.

868 5039 895 5080 2
943 5039 1058 5100 Ejus
1080 5041 1238 5096 abest.

868 5039 919 5224 ὄξ
943 5099 1150 5174 Suscipit
1173 5107 1238 5160 al.

868 5160 896 5206 4
944 5161 1058 5216 Fuit
1079 5168 1200 5221 Jun.

872 4972 916 5037 ί)
941 4972 1215 5040 Deputatur
1240 4986 1344 5038 Lat.

866 5036 918 5080 2)
943 5035 1058 5080 Eine
1080 5041 1210 5080 aliaet
1238 5050 1334 5080 Dn.

872 4972 885 5020 Ι

866 5036 895 5080 2

868 5099 894 5143 3

868 5160 896 5206 I»

944 5161 1058 5216 Fuit
1079 5161 1200 5221 Jun.

2556 5067 2608 5118 6)
2627 5067 2913 5118 Torttrosam
2936 5067 3061 5118 viam
3084 5073 3232 5117 Fran.

2555 5007 2607 5068 δ)
2634 5006 2730 5056 Aut
2747 5007 2844 5068 jam
2872 5006 2975 5055 Lat.

2555 5009 2584 5056 5
2634 5006 2730 5056 Aut
2747 5007 2844 5068 jam
2872 5006 2930 5054 La

2556 5070 2585 5116 6
2627 5068 2913 5118 Tortuosam

2531 5006 2610 5196 t7;
2635 5130 2806 5182 Laaves
2818 5138 2930 5180 Jun.

2144 5297 2707 5358 COMMENTARIUS.

856 5389 934 5461 (a)
965 5392 1100 5473 Quid
1123 5414 1182 5452 su
1249 5417 1280 5452 a
1305 5401 1540 5458 haeretica
1573 5407 1824 5463 industria
1852 5413 2096 5476 eraserit;
2144 5417 2357 5469 mentio-

856 5478 900 5513 γη
923 5464 1114 5520 scalicet
1162 5417 1395 5523 [bra/ma.
1431 5474 1740 5523 thimlimi
1764 5483 1996 5523 ρνειςῐρςρ
2036 5484 2356 5523 Μαλι-ρίηωιηι

785 5476 900 5546 nem
923 5464 1130 5546 scilicet
1162 5464 1395 5546 Abrahae.
1431 5474 1741 5534 Subindicat
1764 5464 1996 5539 erasisse

788 5539 1079 5621 tuminitio
1119 5539 1274 5609 hujus
1318 5547 1539 5621 capitis,
1577 5560 1682 5604 tum
1721 5562 1845 5606 ante
1871 5553 2012 5607 dicta
2037 5557 2145 5621 jam
2193 5539 2356 5611 verba

787 5608 1204 5698 aliquot
1227 5608 1589 5698 praecedentes
1615 5638 1631 5698 ;_
1663 5624 1800 5698 quod
1832 5625 2001 5698 ipsum
2021 5608 2213 5692 ἔρροιίί

788 5679 1051 5763 sequenti,
1077 5679 1244 5763 idque
1277 5701 1378 5740 non
1408 5690 1577 5745 solum
1601 5679 1914 5748 de'Aliralia:
1947 5679 2362 5763 inentrione,ﬂs‘5d

789 5743 947 5839 etiam
980 5749 1045 5801 de
1077 5743 1182 5839 ill'o',
1220 5766 1383 5839 tanien
1413 5772 1755 5816 testamentum
1776 5766 1990 5819 hominis
2022 5785 2120 5820 non
2151 5743 2360 5839 spei-nit,

790 5825 876 5866 aut
900 5824 1266 5884 sttpcrordinnt.
1301 5829 1429 5883 Pan.

862 5888 1013 5955 CAP.
1037 5898 1124 5957 IV.
1158 5933 1226 5942 —
1250 5904 1324 5977 (b)
1349 5904 1529 5978 Itaque
1562 5916 1615 5960 ttt
1645 5917 1832 5963 certum
1857 5919 1983 5966 esset
2012 5927 2102 5967 nos
2125 5911 2257 5984 ﬁlios
2281 5911 2372 5969 Dei

2473 5433 2596 5471 esse.
2626 5418 2713 5472 Sic
2738 5417 3110 5487 cxplicatillud
3127 5419 3365 5488 Apostoli
3393 5436 3407 5473 :
3442 5417 3696 5484 Quoniam
3734 5427 3909 5471 autem
3954 5420 4062 5472 estis

2517 5489 2571 5541 lii
2604 5488 2712 5542 Dci.
2747 5491 3107 5544 (lonﬁrmatur
3145 5491 3381 5544 omnium
3432 5489 3718 5544 latinorum
3773 5489 3934 5544 lectio
3977 5490 4059 5555 qui

2520 5560 2806 5639 iri-addunt,
2830 5561 2972 5639 quod
2995 5562 3144 5639 juxta
3171 5569 3504 5639 constantem
3531 5574 3828 5639 grzt-corum
3858 5572 4059 5639 patrum

2467 5630 2772 5695 lectionem,
2803 5630 2941 5699 apud
2971 5647 3063 5686 eos
3080 5631 3432 5692 desideratur.
3463 5641 3517 5685 at
3547 5631 3780 5686 vicissim
3807 5630 3934 5699 legit
3963 5633 4060 5684 Au-

2469 5712 2585 5754 ctur
2611 5705 2766 5754 corda
2804 5714 2973 5756 nostra
2998 5747 3012 5768 ,
3039 5704 3186 5772 juxta
3211 5703 3352 5772 quod
3405 5718 3579 5773 grurce
3601 5714 3682 5755 est
3721 5711 3849 5769 ἡμῶν
3875 5744 3894 5773 _,
3932 5718 4058 5757 cou-

2472 5773 2827 5828 senlicntibus
2856 5777 3013 5826 etiam
3044 5771 3173 5828 ’BB.
3203 5771 3384 5827 Anthr.
3415 5771 3468 5827 et
3515 5773 3735 5827 Hieron.
3769 5774 3819 5826 iu
3849 5771 4053 5826 Comm.

2512 5857 2570 5895 ro
2600 5859 2664 5898 eo
2689 5844 2828 5914 quod
2856 5846 2944 5898 alii
2976 5856 3157 5902 vestra.
3203 5845 3366 5899 Porro
3411 5856 3555 5899 recte
3610 5846 3681 5899 ibi
3714 5844 4055 5914 subintelligit

2512 5859 2570 5895 ro
2600 5859 2664 5898 CO
2689 5859 2828 5914 (11100
2856 5859 2944 5898 ίιιιι
2976 5859 3157 5902 vestra.
3203 5859 3366 5899 I’OI‘I'I)
3411 5859 3555 5899 reete
3610 5859 3681 5899 IUI
3714 5859 3980 5899 ευυιιιιειιι

2475 5859 2787 5985 Rhenanus,
2810 5925 2901 5986 est,
2917 5933 3039 5975 cum
3056 5917 3186 5975 dicit
3209 5919 3430 5989 Auctor,
3461 5918 3610 5989 cujus
3634 5916 3821 5990 gratia.
3841 5913 3981 5973 Pu.
