4268 6492
232 397 338 455 477

1322 393 1447 450 LIB.
1487 394 1533 451 ν
1571 392 1935 451 ADVERSUS
1961 392 2387 451 MARCIONEM.

3420 391 3527 447 478

233 516 382 581 sicae,
440 512 491 569 id
522 522 637 582 est,
684 512 943 568 naturalis
1001 510 1398 581 superstitionis
1434 510 1700 565 elementa
1730 523 1829 578 pro
1855 512 1905 570 Α
1932 510 2413 579 rcpromissioncm;
2456 523 2565 581 qua
2602 515 2719 563 sunt
2762 505 3037 578 allegorica
3061 546 3077 572 ,
3107 504 3160 561 id
3206 509 3328 571 est,
3382 503 3529 560 aliud

234 605 346 661 Deo
370 605 617 661 habentis
640 605 919 675 sugillabat
942 602 1023 675 (l)
1040 618 1300 664 errorem,
1324 616 1422 656 nec
1437 601 1515 654 sic
1538 611 1712 654 tamen
1732 600 1833 653 elc-

234 709 544 754 mentorum
570 700 731 753 Deum
752 708 960 751 laxans.
1004 695 1111 750 Sed
1140 712 1258 765 qu:c
1289 694 1421 747 velit
1446 692 1670 763 intelligi
1721 692 1832 747 ele-

235 800 419 846 menta
433 834 445 855 ,
466 792 666 861 primas
687 789 892 844 scilicet
911 788 1115 842 litteras
1132 786 1404 856 legis,ipse
1424 783 1689 839 declarat:
1710 782 1832 838 Dies

234 885 531 949 observatis,
562 893 605 937 et
628 900 818 937 menses
839 924 851 945 ,
884 890 929 935 et
956 891 1200 949 tempora,
1227 889 1273 933 et
1302 894 1485 937 annos.
1510 886 1564 932 et
1590 877 1830 941 sabbata,

234 987 291 1030 ut
313 976 508 1045 Opinor
531 1017 546 1041 ,
580 982 635 1030 et
656 976 732 1044 (a)
752 988 937 1028 cmuas
959 987 1140 1042 puras,
1172 980 1226 1025 et
1250 971 1451 1040 jejunia
1471 980 1523 1023 ct
1549 968 1664 1023 dies
1686 983 1833 1037 mag-

234 1082 355 1124 nos.
387 1067 614 1122 Cessare
642 1066 782 1121 enim
814 1066 882 1119 ah
911 1066 993 1120 his
1021 1079 1232 1135 quoque
1280 1066 1419 1117 sicut
1441 1071 1495 1118 et
1538 1062 1828 1116 circumci-

233 1160 389 1213 sione
417 1159 701 1226 oportebat
756 1172 822 1211 ex
868 1155 1101 1211 decretis
1148 1154 1460 1218 Creatoris,
1493 1154 1583 1223 qui
1631 1162 1686 1207 et
1739 1168 1834 1223 per

236 1250 451 1304 Esaiam
481 1249 594 1318 (Is.
626 1247 667 1314 1,
695 1249 785 1316 Η)
823 1264 835 1300 :
868 1246 1177 1301 Neomenias
1229 1257 1418 1299 vestras
1467 1244 1739 1299 etsabbala
1786 1255 1835 1299 et

233 1345 369 1397 diem
398 1360 639 1413 magnum
663 1360 763 1396 non
786 1342 1041 1396 sustinebo
1057 1342 1336 1410 :jeiunium
1362 1351 1407 1395 et
1433 1342 1585 1410 ferias
1612 1352 1656 1395 et
1683 1357 1834 1394 ca're-

233 1436 434 1489 manias
459 1445 644 1488 vestras
673 1434 778 1487 odit
808 1434 979 1486 anima
1004 1448 1155 1497 mea;
1195 1442 1248 1487 ct
1286 1447 1379 1502 per
1411 1434 1575 1486 Amos
1602 1433 1741 1499 (Am.
1766 1432 1831 1499 V,

232 1527 329 1597 2|)
359 1548 370 1582 :
405 1527 529 1593 Udi,
573 1528 725 1589 reieci
767 1526 1095 1580 ca'remonias
1145 1534 1363 1592 vestras,
1410 1535 1457 1579 et
1506 1541 1607 1578 non
1650 1525 1837 1578 odora-

234 1621 487 1689 bor(2)in
504 1622 793 1691 frequentiis
808 1620 1147 1676 vestrithem
1176 1636 1268 1691 per
1281 1620 1420 1676 Osee
1449 1621 1566 1693 (0s.
1592 1619 1665 1686 Il,
1695 1622 1783 1691 Η)
1818 1638 1831 1675 :

234 1716 471 1769 Avertam
496 1716 754 1769 universas
774 1714 1121 1785 jucunditates
1134 1718 1263 1787 ejus,
1280 1725 1326 1769 et
1350 1717 1677 1771 cwremouias
1698 1718 1831 1787 ejus,

233 1819 280 1862 et
307 1808 539 1873 sabbata,
563 1819 607 1861 et
628 1809 915 1863 neontenias
946 1810 1075 1879 ejus,
1101 1820 1147 1863 et
1173 1826 1343 1863 omnes
1372 1811 1679 1881 frequentias
1705 1813 1833 1877 eius.

1937 601 2310 672 portendentia
2334 619 2346 653 :
2372 604 2479 656 lucc
2496 612 2613 655 sunt
2644 601 2777 656 enim
2799 600 2899 654 duo
2921 607 3239 665 testamenta,
3264 599 3376 653 sive
3406 596 3529 652 dum

1934 696 2289 753 ostensiones,
2318 694 2456 748 sicut
2482 694 2779 748 invenimus
2809 694 3213 761 interpretatum
3248 707 3259 742 :
3286 706 3443 743 unum
3494 707 3526 744 a

1936 799 2103 841 monte
2148 788 2317 851 Sina,
2362 787 2415 839 in
2478 803 2789 857 synagogam
2846 783 3148 838 Iudaeorum
3176 824 3193 849 ,
3250 783 3527 837 secundum

1936 881 2093 949 legem
2122 923 2135 944 ,
2163 896 2409 949 generous
2453 881 2505 933 in
2535 882 2859 944 servitutem;
2915 879 3056 931 aliud
3096 878 3180 948 (7)
3227 891 3391 947 super
3414 892 3528 931 ont-

1938 988 2061 1027 ucm
2097 972 2450 1043 principatum
2475 1014 2487 1035 ,
2512 987 2757 1041 generatis
2784 972 2889 1024 vim
2919 1010 2931 1033 ,
2980 968 3402 1023 dominationem
3433 1009 3446 1031 ,
3474 975 3529 1023 et

1935 1079 2095 1118 omne
2141 1081 2336 1118 nomen
2376 1063 2519 1134 quod
2573 1064 2916 1129 nominatur,
2967 1076 3071 1115 non
3106 1069 3307 1115 tantum
3350 1062 3401 1115 in
3428 1059 3529 1115 hoc

1934 1170 2072 1219 (evo,
2102 1155 2194 1208 sed
2225 1156 2274 1209 in
2306 1154 2485 1209 laturo
2511 1172 2523 1217 ;
2547 1172 2659 1218 qua?
2678 1164 2750 1208 est
2779 1166 2939 1207 mater
2964 1163 3161 1218 nostra,
3184 1153 3235 1207 in
3258 1168 3415 1222 quam
3441 1168 3527 1205 re-

1938 1249 2283 1317 promisimus
2329 1259 2567 1302 Sancmm
2624 1247 2966 1311 Ecclesium;
3016 1246 3243 1314 ideoque
3298 1244 3524 1313 adjicit:

1941 1341 2158 1411 Propter
2195 1344 2347 1410 quod,
2375 1343 2579 1412 fratres,
2612 1359 2711 1395 non
2743 1356 2914 1395 sumus
2934 1341 3139 1394 ancilla:
3165 1338 3261 1408 ﬁlii
3293 1381 3307 1405 ,
3341 1339 3429 1392 sed
3458 1338 3525 1389 li-

1937 1436 2087 1491 berar.
2122 1435 2317 1504 Utique
2351 1434 2785 1489 manifestavitet
2829 1431 3207 1488 christianismi
3250 1430 3529 1499 generosi-

1939 1536 2099 1582 tatem
2126 1528 2176 1582 in
2207 1527 2318 1581 lilio
2346 1526 2574 1581 Abrahaz
2604 1542 2668 1581 ex
2700 1526 2863 1581 libera
2892 1535 3016 1579 nato
3047 1525 3310 1593 allegorice
3359 1522 3528 1576 hahe-

1938 1634 1996 1674 rc
2022 1630 2437 1682 sacramentum,
2498 1620 2636 1674 sicut
2666 1628 2721 1672 et
2744 1618 2997 1686 judaisrni
3039 1616 3349 1672 servitutem
3380 1615 3528 1684 lega-

1940 1711 2044 1766 lem
2073 1712 2124 1765 in
2149 1711 2476 1765 lilioancillze
2506 1727 2520 1775 ;
2556 1710 2801 1780 atqueita
2820 1709 2937 1778 ejus
2981 1708 3072 1764 Dei
3094 1723 3213 1763 esse
3250 1716 3528 1777 utramque

1938 1805 2370 1874 diSpositionem,
2425 1804 2565 1874 apud
2583 1820 2741 1874 quem
2767 1804 3070 1857 invenimus
3097 1802 3375 1871 utriusque
3418 1801 3528 1854 dis-

233 1899 365 1967 Qua:
387 1900 1829 1972 ipseconstitnerat,inquis,erasitMlagisquamalios:
1864 1909 1911 1968 Β
1941 1899 2220 1968 positionis
2250 1898 2659 1954 delineatiouem
2713 1897 2816 1970 (8).
2866 1896 3041 1967 lpsunt
3090 1896 3233 1966 quod
3264 1896 3339 1949 ait
3369 1936 3385 1962 ,
3416 1894 3528 1961 Qua

234 2001 325 2044 aut
344 1992 424 2060 (5)
451 1991 669 2056 sialius,
693 2007 821 2063 ergo
842 1992 929 2047 ille
956 1992 1164 2061 adjuvit
1191 1994 1513 2048 sententiam
1531 1992 1823 2060 Creatoris,

233 2082 486 2138 auferens
504 2099 621 2153 qua:
651 2096 704 2139 et
726 2086 817 2139 ille
864 2085 1233 2140 damnaverat.
1265 2084 1370 2141 Sed
1426 2102 1531 2140 non
1567 2086 1723 2153 hujus
1751 2086 1829 2139 lo-

232 2175 279 2228 ci
313 2178 558 2243 qua-stic,
590 2191 687 2231 cur
715 2177 861 2248 leges
892 2193 1016 2232 snas
1044 2178 1266 2233 Creator
1296 2177 1592 2249 infregerit.
1621 2178 1830 2233 Sufﬁcit

238 2269 384 2337 quod
413 2269 761 2325 infracturum
809 2271 1181 2341 probavimus,
1214 2274 1641 2327 utconiirmetur
1696 2272 1829 2328 nihil

230 2360 556 2428 Apostolum
610 2362 866 2416 adversus
893 2363 1207 2418 Creatorem
1236 2364 1628 2419 determinasse
1657 2405 1671 2429 ,
1705 2380 1825 2418 cum

230 2459 285 2504 ct
316 2452 430 2520 ipsa
481 2454 720 2507 amolitio
756 2454 839 2525 (ξ)
868 2454 1023 2524 Legis
1050 2470 1080 2509 a
1122 2455 1378 2510 Creatorc
1409 2458 1499 2511 sit.
1532 2456 1636 2511 Sed
1667 2466 1722 2510 ut
1746 2456 1826 2528 (ὅ)

228 2542 438 2597 furibus
466 2544 608 2599 solet
631 2545 828 2616 aliquid
849 2546 1099 2601 excidere
1123 2548 1190 2602 de
1224 2548 1399 2618 prarda
1433 2549 1483 2602 in
1519 2548 1775 2604 iudicium
1807 2591 1822 2617 ,

230 2634 303 2689 ita
328 2636 494 2692 credo
522 2647 579 2693 et
606 2637 929 2695 MarciOncm
959 2641 1303 2695 novissimam
1335 2641 1565 2696 Abrahae
1595 2642 1826 2697 mentio-

226 2743 353 2782 nem
381 2729 759 2800 dereliquisse.
790 2731 992 2785 nullam
1026 2732 1195 2802 magis
1226 2732 1599 2797 auferendam,
1626 2735 1727 2790 etsi
1760 2750 1827 2789 cx

225 2828 379 2888 parte
404 2822 668 2875 convertit
711 2821 817 2894 (6).
866 2821 923 2877 Si
960 2826 1104 2878 enim
1158 2823 1421 2878 Abraham
1461 2825 1587 2879 duos
1645 2826 1827 2880 liberos

240 2913 417 2966 habuit
442 2956 455 2978 ,
478 2930 632 2967 unum
659 2931 720 2968 ea:
741 2915 930 2970 ancilla
951 2957 964 2981 ,
989 2925 1035 2970 et
1065 2917 1222 2970 alium
1266 2934 1329 2971 ex
1386 2919 1541 2971 libera
1570 2934 1589 2972 :
1612 2920 1699 2973 sed
1742 2919 1828 2989 qui

1934 1993 2161 2047 libertate
2198 1993 2427 2046 Christus
2465 2008 2557 2045 nos
2584 1991 2914 2056 manumisit,
2950 2003 3125 2044 nonne
3158 2004 3278 2043 eum
3324 1988 3528 2042 consti-

1934 2086 2033 2140 tuit
2062 2088 2504 2140 manumissorum
2536 2126 2550 2149 ,
2594 2086 2683 2155 qui
2735 2084 2832 2139 fuit
2864 2083 3118 2137 Domitnts
3144 2083 3166 2135 ’ἶ
3200 2082 3276 2153 (b)
3308 2081 3526 2135 Alienus

1934 2180 2077 2233 enim
2107 2193 2371 2233 servosne
2387 2178 2554 2233 Galba
2596 2177 2809 2247 quidem
2843 2177 2923 2247 (9)
2967 2176 3298 2238 mamunisit,
3323 2172 3529 2228 facilius

1934 2270 2131 2324 liberm
2164 2271 2457 2324 soluturus.
2485 2270 2566 2323 Ab
2598 2285 2664 2324 eo
2695 2269 2853 2338 igitur
2899 2266 3239 2337 praestabitur
3260 2266 3479 2321 libertas
3509 2307 3524 2330 ,

1932 2363 2071 2432 apud
2094 2378 2250 2432 quem
2276 2363 2369 2417 luit
2399 2363 2624 2415 servitus
2657 2361 2807 2430 legis.
2840 2360 2908 2414 Et
2941 2360 3152 2415 merito.
3188 2359 3259 2429 (ε)
3298 2358 3413 2413 Non
3443 2358 3531 2412 dc-

1930 2456 2085 2509 cebat
2107 2457 2466 2509 manumissos
2488 2469 2673 2509 rursus
2703 2453 2830 2522 jugo
2869 2454 3143 2505 servitutis
3167 2491 3181 2513 ,
3223 2451 3272 2505 id
3299 2459 3383 2504 est
3406 2491 3421 2515 ,
3449 2451 3525 2504 |e«

1928 2547 2009 2617 gis
2037 2546 2316 2616 adstringi,
2341 2547 2449 2615 jam
2481 2546 2690 2600 l’salmo
2716 2544 2836 2617 (Ps.
2865 2544 2929 2613 ll)
2960 2544 3284 2612 adimpleto:
3320 2543 3527 2596 Dirum-

1928 2655 2110 2708 pamus
2140 2638 2338 2691 vincula
2362 2654 2534 2691 eorum
2561 2679 2575 2701 ,
2608 2647 2653 2691 et
2680 2637 2982 2707 abjiciamus
3024 2652 3054 2688 a
3082 2635 3222 2689 nobis
3243 2636 3426 2705 jugum
3448 2636 3528 2705 ip-

1928 2747 2140 2795 sorum;
2185 2740 2461 2801 postquam
2489 2730 2753 2784 are/tantes
2775 2728 3062 2799 congregati
3102 2736 3215 2781 sunt
3264 2729 3317 2780 in
3361 2742 3518 2780 unum

1932 2825 2173 2878 adversus
2201 2823 2509 2888 Dominum,
2557 2832 2604 2876 et
2643 2823 2885 2877 adversus
2925 2821 3183 2876 Christum
3232 2820 3413 2890 ipsius.
3449 2821 3523 2875 lle

1933 2918 2188 2971 servitute
2214 2917 2374 2985 igitur
2427 2925 2726 2983 exemptos,
2793 2915 2959 2983 ipsam
3015 2911 3291 2967 servitutis
3342 2924 3522 2966 notant

228 3020 295 3059 ex
316 3005 511 3059 ancilla
537 3045 553 3070 ,
584 3006 858 3061 carnaliter
884 3017 1033 3061 natus
1052 3018 1127 3064 est
1151 3026 1169 3074 ;
1196 3010 1281 3078 qui
1306 3024 1421 3063 vero
1452 3026 1514 3064 ea:
1535 3010 1712 3076 libera,
1746 3026 1835 3079 per
1860 3000 1905 3062 C
1938 3008 2159 3065 eradere
2174 3010 2546 3079 perseverabat
2579 3048 2594 3074 ,
2630 3006 3127 3073 circumcisionem;
3170 3020 3236 3060 ex
3267 3004 3522 3076 praedica-

1445 3126 1830 3184 LECTIONES
1868 3122 2282 3181 VAlll.\NTES.

384 3238 624 3301 Suggillat
642 3238 791 3290 Rhea.
812 3239 961 3292 Seml.
990 3240 1187 3292 Oberth.

380 3302 630 3350 Adorabor
653 3302 803 3354 Rhea.
831 3303 984 3356 Seml.
1014 3303 1205 3357 Obcrtlt.

387 3363 450 3411 At
473 3366 597 3413 Par.

378 3425 590 3475 Abolitio
612 3424 678 3476 al.

383 3486 443 3537 Et
465 3490 588 3538 Par.

310 3300 337 3347 τὶ

305 3379 337 3409 ι)

314 3238 327 3286 i

310 3300 333 3347 ,ἑ

305 3379 333 3409 .1

279 3236 333 3549 ἕξ

304 3504 333 3534 δ

304 3504 335 3534 ἡ)

340 3236 360 3550 l

1980 3239 2053 3299 (6)
2075 3240 2327 3291 Converrit
2355 3239 2455 3287 Lat.

1980 3240 2031 3299 (6
2075 3240 2327 3291 Converrit
2355 3239 2455 3287 Lat.

1980 3239 2055 3427 (7%
2081 3305 2240 3373 Alium
2271 3300 2417 3374 Rhea.
2442 3297 2592 3351 Seml.
2625 3298 2785 3368 Obcrt.
2811 3297 3019 3369 alterum
3048 3297 3150 3348 Lat.

2003 3369 2031 3409 κ
2080 3365 2466 3427 lii-lineationeni
2491 3366 2630 3427 Pam.
2648 3358 3023 3427 declinationem
3037 3367 3150 3410 Jun.

2003 3358 2054 3414 ﬁl
2080 3365 2466 3414 lli-lineationem
2491 3366 2630 3411 Pam.
2648 3358 3023 3410 declinationem
3037 3367 3150 3410 Jun.

1980 3422 2053 3491 (9)
2078 3426 2179 3477 Nec
2201 3426 2341 3490 galba
2363 3434 2476 3475 Jun.
2499 3423 2601 3474 sine
2624 3422 2841 3486 quidem.

1588 3574 2150 3636 COMMENTARIUS.

258 3680 370 3763 .(a)
398 3680 582 3763 Crenas
615 3700 793 3763 puras.
824 3684 1165 3763 Parascevas.
1198 3693 1243 3743 tv
1270 3703 1329 3757 τῇ
1356 3696 1585 3763 famem
1612 3698 1813 3763 ἦμεξῶν.

212 3749 307 3807 Sic
330 3749 712 3823 interpretatur
744 3756 996 3829 Irenznus,
1021 3758 1113 3813 lib.
1137 3759 1178 3826 Ι,
1202 3751 1321 3829 cap;
1352 3749 1817 3827 10,'Closs;e,Cae-

214 3838 281 3876 na
318 3840 471 3887 pura,
506 3833 846 3893 πρσσᾶιϐεατθν.
876 3826 995 3882 ille.

288 3895 369 3965 (b)
395 3895 598 3968 .lltenos
626 3898 756 3950 enim
774 3915 941 3953 servos
964 3916 1027 3953 ne
1072 3898 1235 3953 Galba
1251 3900 1451 3968 quidem
1494 3904 1809 3957 manumisit.

212 3962 307 4041 Sic
351 3962 580 4041 cumino
626 3968 807 4041 legunt
857 3970 1223 4038 exetnplaria,
1263 3962 1448 4041 'neque
1500 3974 1812 4030 inritandam

210 4037 522 4106 quicquam.
550 4038 602 4092 lu
632 4037 694 4093 ea
720 4038 816 4094 fuit
840 4037 1028 4098 lueresi
1056 4041 1308 4107 Marcion,
1329 4037 1385 4096 ut
1413 4042 1614 4097 diceret
1635 4044 1815 4099 Chris-

212 4115 326 4182 tum
360 4125 466 4182 ΠΨ]
516 4109 876 4182 essc_Filium
907 4112 998 4167 Dei
1029 4114 1333 4180 Creatoris;
1363 4114 1631 4182 aliumque
1685 4130 1806 4172 esse

212 4177 384 4253 Deum
418 4178 626 4253 Veteris
644 4180 990 4253 Testamenti,
1021 4184 1132 4237 sive
1154 4177 1329 4253 Legis,
1358 4186 1517 4239 alium
1547 4177 1805 4243 Novisivc

210 4248 515 4319 Evangelii.
550 4251 712 4305 Deum
734 4251 891 4321 Legis
909 4268 1027 4307 esse
1049 4248 1379 4316 Creatorem,
1413 4264 1612 4309 trucem
1632 4268 1683 4309 et
1712 4276 1802 4311 Sil)-

207 4335 334 4373 vmn
372 4338 386 4384 ;
417 4321 691 4387 Evangelii
720 4338 846 4377 vero
889 4324 1073 4389 Deum,
1104 4325 1236 4378 nihil
1269 4341 1517 4390 creaSsc;
1568 4336 1800 4381 tantum-

207 4391 377 4468 modo
408 4408 528 4447 csse
552 4393 745 4447 bonum
768 4406 821 4448 ct
850 4396 1367 4468 indulgentissimum
1391 4438 1406 4461 ,
1461 4398 1547 4461 qui
1577 4414 1672 4451 nos
1704 4415 1797 4468 per

204 4462 483 4539 Christum
510 4479 665 4539 suum
695 4466 977 4520 truculenti
1004 4462 1147 4539 iﬂius
1172 4483 1237 4539 ac
1266 4469 1524 4539 tyrannici
1552 4469 1641 4524 Dei
1664 4462 1795 4539 jugo

204 4532 476 4609 liberarit.
501 4534 655 4609 lianc
684 4540 998 4590 sententiam
1023 4532 1382 4593 Tertullianus
1408 4540 1586 4592 inultis
1627 4532 1788 4609 argu-

1920 3693 2168 3749 Servicha
2177 3709 2291 3748 mus
2305 3693 2441 3763 apud
2458 3692 2767 3747 Creatorem
2786 3708 2798 3745 ε
2816 3690 3053 3759 Oportuit
3073 3703 3201 3761 ergo
3214 3689 3505 3763 manumisg

1920 3779 2139 3819 sorema
2172 3762 2422 3819 Creatore
2449 3764 2678 3819 venisse.
2731 3764 2946 3818 Alienus
2990 3764 3132 3817 enim
3175 3776 3357 3816 servos
3414 3762 3503 3830 qui

1921 3838 2279 3900 manumittit,
2305 3836 2430 3890 nihil
2465 3836 2589 3904 agit.
2620 3834 2716 3888 llic
2744 3851 2870 3888 vero
2920 3850 3067 3887 more
3092 3849 3191 3887 suo
3216 3832 3502 3887 Tertulliao

1920 3923 2018 3960 nus
2043 3908 2237 3976 aliquid
2271 3907 2394 3959 salis
2421 3905 2707 3974 adspergit.
2762 3906 2963 3958 Alienus
2991 3909 3122 3957 enim
3164 3920 3331 3957 servos
3358 3944 3371 3963 ,
3418 3903 3499 3956 in-

1927 3978 2062 4047 quit,
2097 3995 2159 4031 ne
2191 3977 2354 4031 Galba
2383 3978 2581 4047 quidem
2617 3976 2909 4029 manumisit
2934 4016 2971 4047 L
2987 3976 3389 4047 faciliusliberos
3417 3990 3501 4027 so-

1921 4045 2137 4103 luturus.
2170 4045 2555 4114 Legeratapud
2585 4047 2898 4102 Suetonium
2932 4045 3295 4114 Tranquillum
3318 4087 3332 4111 ,
3366 4060 3495 4099 auc-

1921 4128 2087 4174 torem
2118 4122 2215 4174 sibi
2247 4120 2559 4174 l'aniiliarem
2583 4161 2597 4185 ,
2632 4134 2730 4173 nec
2786 4116 2949 4171 semel
2978 4119 3074 4170 abs
3131 4131 3188 4170 se
3230 4116 3448 4170 citatum
3476 4159 3491 4183 ,

1913 4192 2113 4245 eaedem
2146 4191 2369 4245 Neronis
2403 4200 2601 4244 tanttun
2633 4190 2879 4257 gaudium
2910 4188 3115 4259 publice
3155 4187 3447 4259 praebuisse
3476 4229 3491 4251 .

1908 4271 1965 4313 ut
1999 4263 2145 4328 plebs
2174 4264 2364 4331 pilcata
2393 4270 2500 4314 tota
2527 4261 2657 4314 urbe
2689 4258 3037 4331 discurrtn'et,
3088 4259 3235 4331 quasi
3269 4258 3491 4313 liberata

1906 4332 2042 4384 tristi
2074 4330 2341 4387 servitutis
2364 4332 2491 4401 jugo
2518 4348 2529 4383 :
2562 4332 2782 4384 Galliam
2812 4346 2938 4385 vero
2967 4330 3190 4383 Neronis
3216 4344 3489 4383 successo-

1901 4416 2012 4455 rem
2046 4402 2157 4457 li:ec
2175 4405 2255 4457 sui
2280 4404 2603 4473 principatus
2624 4404 2853 4471 auSpieia
2876 4403 3316 4473 sumpsisse,cum
3338 4401 3485 4468 quasi

1903 4472 2309 4529 tnanumisstoni
2341 4472 2626 4528 vacaturus
2654 4474 2882 4527 trilnmal
2930 4472 3330 4527 conscendisset
3362 4512 3375 4526 .
3424 4487 3486 4523 ac

1898 4546 2191 4614 propositis
2220 4556 2343 4600 ante
2374 4562 2431 4599 se
2460 4546 2825 4599 damnatorum
2846 4545 3247 4612 occisorumque
3268 4558 3294 4592 a
3320 4540 3484 4614 Nero-

204 4605 406 4691 tncntis
433 4606 836 4691 refellitgatque
862 4608 1133 4691 hoe_iuter_
1160 4620 1350 4663 ctetcra
1378 4652 1392 4675 ,
1420 4610 1581 4691 quod.
1604 4605 1787 4665 Claris-
1823 4632 1875 4691 Ι)
1900 4605 1970 4669 ne
1997 4605 2153 4684 quam
2190 4617 2424 4683 plurimis
2454 4616 2776 4691 imaginibus
2796 4623 3090 4691 temporum
3146 4605 3342 4691 statum
3384 4612 3481 4691 de-

204 4686 319 4729 tum
350 4676 577 4741 Paulus,
636 4677 869 4745 Epistnla
915 4679 981 4731 ad
1039 4678 1253 4734 Galatas
1282 4722 1297 4743 ,
1352 4676 1794 4737 rnauumissorem

202 4757 451 4801 nostrum
484 4763 603 4803 csse
647 4748 806 4803 dicit.
838 4751 1007 4816 Quam
1065 4750 1357 4819 Epistulam
1412 4767 1509 4806 nec
1562 4752 1794 4809 Marcion

199 4819 682 4891 quideiurejecit.
736 4819 862 4876 lude
904 4833 1081 4876 autem
1114 4824 1415 4877 necessario
1465 4824 1635 4891 sequi,
1698 4839 1797 4880 nos

199 4888 497 4961 aliquando
520 4889 682 4946 fuisse
709 4892 762 4945 iu
787 4893 1042 4947 servitute
1086 4893 1224 4961 apud
1256 4894 1403 4947 illum
1436 4888 1600 4947 Deum
1627 4892 1791 4948 Crea-

200 4967 401 5022 torem,
427 4959 809 5031 Cltristmnque
834 4978 953 5018 esse
984 4963 1075 5017 Dei
1099 4959 1523 5020 illiusCrcatoris
1552 4963 1741 5019 Filium
1772 4986 1785 5021 :

198 5032 582 5106 entn_nee_dici
615 5047 859 5106 necesse
906 5034 1073 5101 possit
1121 5035 1496 5106 manumissor,
1552 5036 1652 5090 nisi
1698 5040 1788 5106 qui

197 5101 301 5155 fuit
333 5102 623 5176 Dominus;
656 5119 756 5176 nec
786 5105 1024 5169 libertus,
1055 5105 1155 5160 nisi
1210 5106 1300 5176 qui
1333 5105 1531 5175 justam
1561 5101 1787 5161 servitu-

196 5181 311 5247 tem
342 5172 567 5247 serjivit
594 5174 733 5247 apud
767 5172 1243 5231 manumissoremf
1278 5172 1385 5230 Nos
1420 5179 1611 5245 igitur,
1642 5180 1782 5247 quod

195 5242 656 5316 eaden_i_Epistol_a
680 5247 857 5310 docet,
886 5262 1067 5301 servos
1118 5242 1628 5316 aliquauuliuluissc
1660 5242 1783 5305 'sub

194 5312 581 5387 [.egeqﬁfetcris
601 5314 924 5371 Testamenti
952 5334 965 5382 ;
1001 5328 1183 5387 postea
1211 5312 1357 5373 'vcro
1396 5319 1588 5373 Christi
1621 5319 1783 5376 benc-

193 5384 324 5438 t'ieio
355 5384 606 5439 liberatos
631 5402 694 5461 ea
710 5391 974 5461 servitute
1003 5384 1181 5461 Legis,
1218 5405 1318 5445 nec
1339 5389 1447 5459 jam
1498 5391 1596 5444 sub
1641 5390 1780 5461 Lege

191 5468 340 5529 esse,
367 5469 559 5529 verum
572 5457 678 5529 (sub
708 5459 1014 5529 Evangelia.
1044 5457 1245 5529 Itaque,
1274 5457 1352 5514 sic
1403 5461 1601 5528 colligit
1643 5457 1776 5518 'l‘er-

195 5526 497 5602 tullianus.
528 5526 583 5582 Si
606 5526 1048 5602 manumissorem
1080 5526 1422 5601 agnoscimus
1470 5526 1736 5587 Christum
1770 5576 1786 5602 ,

190 5597 505 5669 necessario
525 5614 813 5669 agnoscere
828 5600 1081 5655 debemus
1097 5597 1342 5659 einudem
1363 5618 1481 5659 esse
1518 5597 1785 5660 Christum

189 5668 472 5744 creatoris
498 5669 666 5736 illius,
692 5671 861 5744 cujus,
896 5670 991 5727 fuit
1031 5690 1090 5727 ea
1119 5673 1228 5728 Lex
1260 5690 1361 5744 qua
1391 5676 1546 5729 soluti
1576 5690 1782 5742 sumus,

191 5741 392 5808 adepta
420 5740 681 5796 libertate.
714 5743 921 5797 Etenim
964 5744 1062 5798 nisi
1094 5740 1339 5799 Christus
1372 5755 1515 5799 esset
1558 5740 1782 5800 Creatoé

192 5814 269 5884 ris
297 5854 312 5873 ,
336 5826 445 5864 non
481 5811 603 5881 jure
632 5830 728 5884 nos
749 5830 810 5868 ea
839 5815 1095 5869 St‘.l‘\l!lll0
1122 5816 1419 5875 liberasset,
1451 5830 1608 5884 quam
1659 5833 1777 5872 scr—

189 5883 477 5940 viebamus
530 5883 670 5954 apud
711 5884 1054 5957 Creatorem,
1108 5888 1209 5945 sub
1236 5887 1377 5945 illius
1405 5886 1537 5959 legis
1563 5887 1774 5946 duritia.

1905 4687 2113 4754 plorare
2143 4689 2392 4754 empisset
2425 4705 2438 4751 ;
2471 4689 2521 4741 in
2550 4702 2719 4756 eoque
2763 4686 2945 4739 habitu
2972 4686 3083 4739 sive
3110 4696 3251 4749 actu,
3284 4684 3351 4737 ab
3380 4686 3485 4738 cir-

1900 4758 2290 4811 cumstantibus
2316 4759 2702 4812 consalutatum
2734 4757 2893 4810 fuisse
2935 4756 3331 4822 Imperatorem.
3392 4756 3482 4810 Ait

1900 4828 2061 4897 igitur
2086 4829 2466 4892 Tertullianus,
2503 4846 2567 4883 ne
2597 4830 2816 4883 Galbam
2848 4826 3083 4897 quidem,
3114 4840 3380 4897 caret-um
3406 4828 3481 4877 la-

1898 4895 1981 4953 cie
2007 4941 2019 4961 ,
2050 4914 2233 4953 servos
2265 4900 2470 4953 alienos
2500 4901 2889 4953 manmnisisse.
2922 4896 3115 4958 Addit,
3157 4895 3381 4948 Facilius
3411 4898 3477 4950 li-

1894 4968 2037 5023 beros
2062 4971 2366 5033 soluturum,
2400 4971 2597 5022 reddita
2617 4971 2858 5024 videlicet
2885 4968 3126 5021 libertate
3144 4967 3345 5021 civibus
3368 4967 3476 5020 lio-

1894 5042 2068 5095 mauis
2091 5082 2107 5108 ,
2131 5043 2217 5111 qui
2243 5040 2437 5096 lmdam
2461 5041 2558 5093 sub
2584 5039 2793 5096 Nerone
2809 5039 3117 5095 servitutem
3134 5038 3473 5163 [s‘crviebauL

3185 5124 3257 5163 rc.

3185 5124 3257 5165 ιο.

1966 5183 2043 5252 (c)
2069 5182 2189 5237 Non
2241 5184 2446 5238 decebat
2468 5183 2803 5236 manumissos
2838 5197 3011 5235 rursus
3027 5182 3157 5251 jago
3198 5179 3468 5252 servitutis.

1891 5250 2063 5307 Verba
2117 5256 2227 5309 lucc
2276 5272 2343 5309 ex
2394 5270 2444 5309 e.
2510 5254 2572 5320 V,
2638 5254 2701 5306 ad
2747 5252 2956 5308 Galatas
3003 5250 3151 5321 jux’ta
3210 5250 3472 5305 editiones

1885 5338 2075 5378 omnes
2101 5326 2378 5395 desumpta
2410 5335 2551 5380 sunt.
2607 5325 2763 5393 Atqui
2823 5332 2964 5376 recte
3012 5322 3261 5391 adstringi
3315 5322 3473 5395 vertit

1883 5395 2023 5464 (μιηά
2038 5412 2207 5466 graece
2238 5393 2315 5451 est
2340 5402 2598 5465 elixis-91¢.
2627 5397 2695 5450 lbi
2726 5406 2901 5449 autem
2923 5395 3081 5459 ipsam
3101 5393 3352 5466 servitutis
3375 5409 3472 5466 quo:

1882 5463 1989 5519 tam
2020 5463 2226 5522 eradere
2253 5463 2596 5536 perseverabat
2625 5466 3044 5536 circumcisionent
3068 5505 3081 5526 ,
3105 5463 3294 5517 alludit
3322 5464 3386 5517 ad
3417 5465 3467 5519 id

1891 5538 2030 5606 quod
2058 5533 2296 5608 Sequitur
2324 5539 2517 5593 ibidem
2553 5558 2565 5592 :
2600 5538 2727 5590 Ecce
2753 5554 2841 5608 ego
2873 5533 3073 5608 Paulus
3115 5536 3244 5608 (lico
3282 5536 3417 5608 vobis
3446 5575 3463 5598 ,

1888 5605 2196 5677 quoniant'si
2225 5612 2659 5664 cimtmcidumini
2684 5652 2697 5673 ,
2724 5605 2945 5661 Christus
2966 5605 3099 5658 vobis
3117 5605 3245 5658 nihil
3284 5606 3467 5677 prode-

1887 5676 1991 5746 rit,
2022 5693 2125 5735 etc.
2158 5698 2324 5749 usque.
2353 5683 2416 5735 ad
2445 5700 2582 5737 vers.
2620 5685 2670 5733 6.
2706 5678 3026 5748 l-Zpiphanius
3051 5678 3235 5749 ,φημι
3264 5686 3348 5729 est
3379 5676 3459 5729 in-

1889 5754 2202 5806 termedium
2237 5748 2249 5806 ἑ
2284 5754 2457 5808 Ταινιον
2478 5768 2641 5805 llltlt'ttl
2668 5768 2860 5813 rursus,
2891 5750 3025 5815 quod
3066 5748 3211 5799 homo
3241 5748 3462 5801 circum-

1885 5824 2017 5892 cisus
2070 5824 2263 5878 debitor
2295 5836 2364 5877 cst
2408 5836 2457 5877 ut
2488 5837 2640 5878 totum
2693 5825 2850 5892 legem
2903 5819 3126 5892 impleat,
3153 5819 3369 5877 adducit
3407 5820 3463 5874 in

1882 5890 2201 5953 Marcioncm
2228 5897 2431 5953 conlut.
2454 5899 2508 5967 5,
2532 5912 2597 5953 cx
2618 5896 2717 5969 Ep.
2739 5888 2805 5951 ad
2833 5891 2951 5948 Gal.
2984 5888 3271 5947 Psittacus.
