4268 6492
739 363 846 423 479

2178 360 2639 420 TEltTULLIA-Nl

3942 370 4049 427 ‘80

743 481 905 536 tionis
934 478 1140 537 scilicet
1186 477 1511 551 prophetica:
1553 477 1874 535 auctoritate
1908 497 1922 544 ;
1992 492 2206 535 memor
2250 479 2333 533 di—
2362 482 2412 541 Λ
2440 481 2647 535 bonum.
2674 480 2813 552 Nega
2834 482 3144 538 Creatorem
3168 480 3365 537 bonum
3394 481 3569 542 facere
3593 486 3921 559 przecepisse
3944 528 3959 552 ,
3992 494 4050 541 et

743 582 890 629 ctum
921 587 1016 643 per
1045 572 1365 627 llieremiam
1392 570 1607 643 (Jerem.
1630 570 1717 637 IV,
1748 570 1829 644 4):
1861 570 1927 624 Et
1953 571 2345 625 circumcidimi-

744 665 801 719 ni
842 664 1093 735 prteputia
1139 663 1218 735 (Ι)
1247 662 1414 717 cordis
1453 663 1622 717 vestri.
1645 660 1779 729 Quia
1806 672 1861 718 et
1907 661 2115 731 Moyses
2162 661 2338 734 (Deut.

746 754 819 821 Χ,
846 755 935 826 16)
974 772 987 809 :
1024 754 1407 809 Circumeidetis
1434 754 1783 808 durieordiam
1839 763 2054 807 vestram
2078 795 2092 819 ,
2142 755 2192 807 id
2235 764 2340 821 est,

746 862 855 902 non
882 862 1122 903 carnem.
1170 847 1430 918 Denique,
1457 848 1503 901 si
1549 846 1961 902 circumcisione
1982 847 2049 902 ab
2086 847 2193 903 alio
2234 848 2343 903 Deo

746 941 971 997 veniens
993 941 1313 996 excludehat
1343 982 1360 1007 ,
1388 956 1485 997 cur
1501 942 1661 997 etiam
1691 942 2152 1012 prmputiatiouem
2186 952 2345 1012 negat

749 1035 1041 1106 quidquam
1075 1035 1254 1089 valere
1281 1036 1331 1089 in
1383 1035 1599 1090 Christo
1632 1077 1646 1100 ,
1706 1037 1921 1091 sicutet
1972 1036 2342 1091 circumcisio-

748 1129 906 1184 nem?
938 1125 1192 1198 prtelerre
1217 1127 1359 1182 enim
1382 1125 1611 1183 debebat
1632 1128 1877 1182 :emulam
1902 1129 2212 1198 ejus,quam
2243 1143 2341 1183 ex-

747 1222 1063 1293 pugnabat,
1094 1222 1137 1276 si
1173 1221 1241 1275 ab
1298 1222 1494 1275 :emulo
1537 1221 1963 1277 circmneisionis
2020 1222 2129 1277 Deo
2176 1230 2339 1277 esset.

757 1313 949 1379 Porro,
983 1314 1105 1382 quia
1144 1321 1198 1367 et
1244 1312 1584 1367 circumcisio
1623 1320 1679 1366 et
1719 1312 2053 1381 praeputiatio
2099 1313 2187 1367 uni
2237 1313 2344 1367 Deo

750 1403 1168 1475 deputabantur,
1202 1404 1322 1458 ideo
1346 1414 1568 1474 utraque
1594 1405 1644 1457 in
1664 1404 1881 1458 Christo
1930 1404 2173 1470 vacabat,
2226 1419 2347 1475 pro-

750 1506 873 1569 pter
894 1497 1016 1552 lidei
1047 1498 1413 1567 praelationem
1440 1514 1454 1564 ;
1487 1497 1630 1552 illius
1658 1498 1801 1562 ﬁdei,
1830 1499 1897 1552 de
1927 1514 2028 1569 qua
2052 1501 2346 1569 eratscrip-

755 1598 866 1646 ttttu
923 1588 1025 1664 (Is.
1059 1590 1221 1657 XLII,
1246 1591 1303 1661 4)
1331 1608 1343 1644 :
1375 1590 1441 1644 Et
1473 1591 1526 1645 in
1556 1593 1760 1647 noutine
1806 1594 1915 1663 ejus
1969 1594 2194 1647 nationes
2234 1610 2346 1649 cre-

753 1687 874 1740 dent
901 1702 917 1750 ;
947 1685 1088 1740 illius
1114 1684 1233 1740 lidei
1266 1726 1281 1750 ,
1302 1700 1459 1756 quam
1490 1684 1718 1740 dicendo
1760 1702 1849 1755 per
1892 1684 2211 1739 dilectionem
2234 1703 2347 1755 per—

755 1777 842 1847 ﬁci
863 1817 878 1843 ,
906 1775 985 1831 sic
1010 1790 1223 1847 quoque
1250 1776 1519 1831 Creatoris
1546 1776 1800 1831 ostendit.
1838 1775 1962 1831 Sive
1992 1778 2134 1832 enim
2163 1777 2349 1834 dilec—

754 1868 956 1923 tionem
1005 1867 1134 1921 dicit
1181 1881 1301 1936 qute
1358 1867 1408 1921 in
1456 1866 1621 1924 Deum
1652 1910 1665 1931 ,
1714 1875 1767 1921 et
1798 1866 1901 1922 hoc
1944 1866 2216 1923 Creatoris
2265 1878 2347 1923 est
2377 1876 2423 1935 Β

764 1958 942 2030 (Deut.
968 1958 1076 2030 νη)
1110 1977 1122 2014 :
1153 1958 1348 2030 Diliges
1366 1958 1528 2013 Deum
1551 1976 1614 2014 ea:
1640 1968 1741 2013 toto
1762 1960 1913 2013 corde
1932 1970 2037 2025 tuo,
2071 1971 2115 2014 et
2158 1978 2219 2015 ex
2242 1971 2345 2017 tota

756 2052 932 2104 anima
956 2060 1066 2112 tua,
1098 2060 1146 2105 et
1167 2066 1229 2105 ex
1252 2052 1366 2105 lotis
1388 2051 1571 2105 viribus
1595 2051 1693 2105 tuis
1718 2066 1736 2115 ;
1767 2051 1878 2106 sive
1912 2068 2031 2121 qua:
2058 2053 2109 2106 in
2162 2055 2342 2123 proxi-

758 2159 905 2199 mum
938 2162 950 2197 :
980 2153 1027 2199 et
1074 2145 1359 2213 proximum
1400 2154 1540 2198 tuum
1570 2154 1809 2212 tanquam
1840 2155 1887 2198 te
1906 2187 1919 2210 ,
1943 2145 2216 2200 Creatoris
2244 2155 2344 2201 est.

760 2237 866 2304 Qui
886 2249 1052 2292 autem
1072 2238 1237 2292 turbat
1258 2256 1365 2304 vos,
1393 2239 1646 2309 judicium
1669 2244 1812 2309 feret.
1835 2241 1875 2293 A
1909 2254 2015 2309 quo
2069 2240 2213 2295 Deo?
2267 2241 2348 2295 Ab

755 2333 958 2401 Optimo
983 2331 1005 2385 ?
1032 2331 1139 2385 Sed
1169 2332 1257 2386 ille
1284 2347 1389 2386 non
1414 2331 1635 2401 judieat.
1668 2332 1705 2385 A
1752 2330 2012 2386 Creatorc
2044 2335 2065 2386 ?
2121 2334 2225 2388 Sed
2252 2350 2351 2389 uec

758 2423 848 2479 ille
874 2422 1146 2479 damnabit
1175 2434 1498 2479 assertorem
1532 2423 1977 2480 circumcisionis.
2002 2426 2153 2492 Quod
2179 2427 2221 2481 si
2242 2442 2347 2480 non

761 2515 1031 2570 eritalius
1060 2516 1150 2587 qui
1200 2515 1405 2585 jutlicet
1460 2516 1560 2570 nisi
1612 2515 1834 2571 Creator
1865 2557 1879 2581 ,
1934 2518 2043 2586 jam
2090 2535 2217 2589 ergo
2242 2536 2348 2574 non

760 2604 1034 2661 damnabit
1061 2605 1217 2675 Legis
1241 2605 1553 2661 defensores
1578 2647 1591 2669 ,
1624 2606 1723 2660 nisi
1748 2609 1836 2675 qui
1862 2607 1974 2677 ipse
1996 2624 2112 2663 eam
2138 2625 2352 2666 cessare

758 2695 1056 2750 constituit.
1091 2696 1224 2763 Quid
1266 2712 1427 2763 nunc,
1453 2698 1496 2749 si
1526 2705 1578 2751 et
1604 2697 1887 2751 continuat
1915 2699 2149 2754 illam-cx
2205 2710 2353 2769 parte

758 2802 862 2860 qua
905 2789 1111 2844 debet?
1169 2789 1301 2843 Tota
1343 2790 1485 2844 enim
1517 2831 1532 2855 ,
1583 2790 1796 2859 inquit,
1856 2789 1963 2845 Lex
1993 2793 2042 2844 in
2085 2792 2164 2863 ('2)
2214 2794 2351 2847 vobis

763 2880 1041 2950 adimpleta
1073 2880 1413 2953 est:Diliges
1462 2882 1747 2951 proximum
1795 2892 1936 2935 tuum
1987 2892 2226 2953 tauquam
2280 2894 2346 2940 te.

765 2974 929 3030 Autsi
958 2974 1034 3027 sic
1058 2974 1168 3029 vult
1192 2974 1438 3045 intelligi,
1472 2974 1763 3044 Adimpteta
1794 2984 1866 3029 est
1895 3016 1909 3040 ,
1941 2977 2090 3046 quasi
2114 2976 2224 3046 jam
2250 2992 2353 3032 non

762 3064 1100 3135 adimplenda
1120 3108 1134 3133 ,
1161 3082 1291 3137 ergo
1313 3081 1417 3121 non
1443 3068 1555 3121 vult
1583 3074 1640 3121 ut
1658 3067 1873 3137 diligam
1902 3069 2204 3138 proximum
2232 3080 2353 3125 tan-

762 3171 922 3228 quam
955 3172 1061 3225 me,
1095 3166 1225 3213 utet
1253 3158 1354 3213 hoc
1382 3173 1504 3213 eum
1536 3158 1650 3227 lege
1680 3160 2006 3225 cessaverit;
2040 3161 2134 3215 sed
2168 3177 2353 3231 persc-

2447 575 2658 632 dirersa
2689 576 2930 631 doctrina
2953 576 3269 632 sitdiversa:
3290 577 3611 633 divinitatis.
3666 579 3857 643 Porro,
3889 580 3933 633 si
3960 594 4049 634 re-

2448 668 2789 724 tributionem
2820 667 3078 739 prtedicat
3106 710 3120 734 ,
3149 669 3218 723 ab
3244 668 3433 723 eodem
3460 670 3562 724 erit
3586 680 3639 725 et
3672 671 4049 741 corruptionis

2445 764 2637 816 messis
2658 770 2712 816 et
2750 762 2892 816 vitaz.
2925 760 3174 831 Tempore
3207 771 3375 816 autem
3407 779 3498 816 suo
3524 772 3762 817 metemus
3789 781 3808 828 ;
3836 765 3967 834 quia
3995 772 4050 819 et

2445 854 2796 910 Ecclesiastes
2846 853 2949 926 (6),
2982 854 3240 925 Tempus,
3284 856 3454 925 inquit
3496 855 3692 927 (Eecl.,
3742 856 3832 919 Ill,
3886 857 3984 928 17)
4018 898 4036 921 ,

2445 946 2538 999 erit
2564 945 2702 1009 omni
2727 946 2820 999 rei.
2848 944 2951 1000 Sed
2981 953 3034 999 et
3083 946 3207 998 mihi
3250 945 3450 999 famulo
3492 946 3764 1001 Creatoris
3814 948 4045 1000 mundus

2445 1039 2724 1107 cruci/imus
2753 1048 2826 1091 est
2854 1053 2873 1102 ,°
2904 1052 3011 1092 non
3062 1047 3242 1094 tamen
3276 1039 3419 1093 Deus
3446 1039 3629 1094 numdi
3657 1057 3671 1101 ;
3702 1049 3748 1093 et
3774 1056 3869 1111 ego
3896 1057 4046 1093 man-

2447 1132 2533 1197 do,
2568 1145 2672 1184 non
2707 1141 2884 1185 tamen
2903 1130 3013 1185 Deo
3038 1131 3509 1186 mundi.Mundum
3547 1132 3689 1187 enim
3719 1174 3734 1197 ,
3779 1143 4045 1202 quantum

2446 1224 2511 1278 ad
2538 1224 2997 1279 conversationem
3017 1224 3132 1294 ejus
3159 1224 3336 1293 posuit
3355 1225 3438 1280 cui
3470 1225 3824 1280 renuntiando
3852 1236 4047 1279 mutuo

2448 1316 2843 1384 transtigimur,
2893 1324 2949 1371 et
3003 1317 3231 1370 invicem
3294 1317 3590 1381 morimur,
3665 1329 4048 1387 persecutores

2449 1406 2853 1471 voeatChristi;
2886 1421 3006 1461 cum
3052 1422 3179 1462 vero
3224 1407 3426 1477 adjicit,
3470 1410 3549 1479 (a)
3576 1408 3829 1479 Stigmata
3860 1408 4051 1462 Christi

2448 1501 2501 1553 in
2532 1515 2743 1569 corpore
2774 1516 2866 1553 suo
2890 1510 3087 1570 gestare
3108 1517 3160 1554 se
3205 1500 3415 1571 (utique
3469 1502 3770 1571 corporalia
3826 1516 4050 1571 compe-

2452 1594 2614 1664 tunt),
2642 1594 2749 1662 jam
2782 1609 2887 1647 non
2916 1594 3228 1663 putativam,
3262 1594 3355 1649 sed
3384 1608 3562 1649 veram
3595 1602 3648 1648 et
3673 1592 3906 1647 solidam
3934 1610 4052 1649 car-

2450 1702 2573 1742 nem
2602 1685 2875 1755 professus
2897 1697 2978 1741 cst
3016 1685 3257 1754 Christi,
3308 1686 3462 1757 cujus
3509 1687 3758 1757 stigmata
3796 1700 4052 1756 corpora-

2452 1779 2520 1834 lia
2548 1778 2799 1834 ostendit.

3089 1868 3319 1926 CAPUT
3373 1868 3439 1923 ν.

2521 1962 2864 2018 Pra-slructio
2893 1962 3187 2032 superioris
3212 1962 3467 2032 Epistohe
3490 1962 3561 2017 ita
3591 1961 3763 2026 duxit,
3800 1968 3863 2016 ut
3882 1960 3953 2017 de
3986 1962 4051 2017 ti.

2450 2054 2561 2109 tulo
2591 2056 2708 2125 ejus
2738 2070 2841 2109 non
2866 2057 3293 2122 retractaverim,
3320 2064 3500 2110 certus
3527 2064 3581 2110 ct
3606 2056 3730 2110 alibi
3760 2058 4046 2110 retractari

2449 2162 2577 2201 cum
2603 2161 2779 2215 posse;
2804 2161 3142 2201 conuuunem
3172 2146 3379 2201 scilicet
3409 2188 3423 2211 ,
3449 2155 3505 2200 et
3532 2146 3781 2201 eumdem
3806 2146 3859 2199 in
3896 2146 4054 2217 Epis-

2454 2238 2888 2293 tolisomnilms:
2925 2237 3062 2308 quod
3087 2254 3192 2291 non
3235 2240 3416 2306 utique
3463 2238 3691 2292 salutem
3750 2238 4054 2307 pratscribit

2452 2329 2530 2384 eis
2562 2328 2759 2398 quibus
2789 2330 2977 2383 scribit
3002 2370 3015 2393 ,
3049 2329 3141 2384 sed
3173 2330 3392 2399 gratiam
3439 2340 3485 2383 ct
3533 2346 3733 2399 parem.
3767 2329 3885 2383 Non
3918 2329 4045 2383 dico

2454 2422 2577 2490 quid
2604 2422 2678 2475 illi
2708 2437 2829 2475 eum
2850 2421 3066 2489 jndaico
3090 2422 3265 2476 adhuc
3287 2436 3456 2487 more,
3486 2421 3811 2475 destructori
3839 2421 4045 2491 judais-

2454 2515 2547 2575 lui;
2574 2530 2694 2568 nam
2712 2523 2765 2569 et
2789 2515 2945 2570 hodie
2964 2514 3135 2570 Judaei
3170 2516 3218 2569 in
3251 2515 3398 2585 pacis
3426 2516 3641 2569 nomine
3672 2514 3973 2584 appellant,
4000 2522 4052 2567 et

2456 2616 2606 2661 retro
2638 2606 2687 2657 in
2708 2604 3000 2675 Scripturis
3027 2608 3104 2661 sic
3131 2606 3449 2661 salutabant.
3486 2607 3592 2661 Sed
3625 2608 3864 2676 intelligo
3896 2606 4050 2660 illum

2455 2698 2761 2754 defendisse
2786 2697 2964 2753 ofticio
2992 2714 3091 2753 suo
3120 2698 3554 2767 prmdicationetn
3603 2698 3880 2753 Creatoris
3937 2697 4043 2768 (Is.

2458 2791 2569 2862 LII)
2601 2809 2613 2845 :
2649 2792 2812 2857 Quam
2837 2792 3017 2844 maturi
3048 2791 3199 2860 pedes
3218 2792 3677 2861 euangelizandum
3694 2791 3824 2844 bona
3857 2831 3874 2855 ,
3904 2806 4057 2844 eran-

2458 2886 2785 2955 gelizantium
2818 2901 2989 2953 pacem
3020 2885 3039 2936 .'
3091 2883 3498 2953 Evangelizator
3525 2885 3668 2938 enim
3691 2884 3985 2949 honorum,
4009 2882 4057 2937 id

2458 2987 2586 3043 est,
2631 2977 2815 3047 gratia:
2868 2977 2981 3040 Dei,
3036 2975 3153 3047 paci
3200 2991 3317 3031 eam
3388 2975 3775 3045 pratlerendam
3832 2974 4057 3031 sciebat.

2463 3068 2586 3122 lla-c
2614 3083 2733 3121 cum
2759 3083 2788 3121 a
2822 3068 2929 3122 Deo
2944 3067 3103 3122 Patre
3126 3076 3332 3131 nostro,
3364 3076 3417 3121 et
3446 3067 3674 3121 Domino
3694 3065 3820 3121 Jesu
3845 3081 4057 3120 annun-

2462 3160 2621 3224 tians,
2654 3160 3026 3213 communibus
3059 3158 3369 3213 nominibus
3407 3167 3605 3225 utatur,
3634 3157 4064 3227 competentibus

766 3249 1057 3305 veramlum
1101 3251 1203 3305 erit
1246 3265 1460 3321 semper
1506 3250 1558 3305 in
1586 3250 1688 3304 isto
1752 3260 2041 3320 prmcepto.
2094 3252 2233 3322 Ergo
2274 3254 2357 3309 lex
2391 3264 2435 3325 ρ
2469 3260 2883 3319 nostroquoque
2914 3259 3252 3304 sacramento
3282 3290 3297 3314 ,
3348 3264 3452 3303 non
3496 3257 3624 3319 puto
3669 3248 3860 3318 dispiei
3907 3260 4063 3317 posse

764 3340 1039 3398 Creatoris
1065 3342 1226 3397 etiam
1249 3342 1316 3397 ab
1339 3341 1649 3397 adversario
1681 3341 1899 3411 probata
1923 3351 2005 3396 est
2036 3358 2050 3406 ;
2106 3358 2206 3399 nec
2232 3343 2347 3398 dis-

766 3433 1042 3503 pendium,
1075 3432 1169 3489 sed
1196 3432 1570 3503 compendium
1598 3432 1664 3487 ab
1686 3448 1749 3487 eo
1775 3442 2061 3489 consecuta
2090 3444 2192 3500 est,
2229 3437 2355 3491 red-

768 3535 885 3583 acta
913 3542 1120 3582 summa
1169 3528 1222 3581 iu
1272 3527 1559 3597 mmmjam
1588 3538 1931 3597 prreeeptum.
1982 3529 2087 3585 Sed
2118 3546 2215 3585 nec
2253 3531 2355 3586 hoc

769 3618 858 3673 alii
888 3619 1055 3689 magis
1083 3623 1359 3689 competit,
1392 3634 1550 3689 quam
1583 3620 1808 3673 auctori.
1841 3622 2015 3690 Atque
2069 3620 2203 3675 adeo
2243 3637 2363 3677 cum

772 3713 933 3769 dicit:
960 3711 1128 3766 Onera
1158 3721 1319 3766 vestra
1357 3712 1571 3766 invicem
1610 3713 1847 3767 sustinete
1874 3753 1889 3775 ,
1922 3723 1969 3766 et
1993 3713 2065 3768 sic
2113 3715 2365 3784 adimple—

774 3804 887 3859 bilis
906 3804 1064 3875 legem
1093 3804 1282 3858 Christi
1306 3821 1325 3869 ;
1347 3804 1391 3857 si
1426 3803 1527 3858 hoc
1556 3819 1659 3857 non
1686 3812 1857 3874 potest
1880 3802 1994 3859 ﬁeri
2026 3846 2040 3870 ,
2094 3806 2196 3859 nisi
2249 3806 2367 3876 quis

774 3895 962 3967 diligat
1001 3897 1300 3967 proximum
1340 3912 1493 3952 sumn
1545 3895 1626 3968 (5)
1686 3906 1933 3966 tanquam
1977 3913 2075 3964 se,
2125 3909 2367 3969 apparet,

776 3986 972 4058 Diliges
1021 3988 1306 4057 proximum
1352 3998 1493 4041 tuum
1537 3987 1637 4060 (τι)
1689 3997 1928 4058 tauquam
1976 3999 2045 4055 te,
2087 4004 2185 4060 per
2230 3991 2369 4059 quod

778 4079 993 4135 auditur
1028 4098 1039 4133 :
1074 4079 1298 4134 Invicem
1325 4095 1478 4133 onera
1509 4091 1671 4134 vestra
1718 4088 1920 4148 portate
1950 4122 1965 4147 ,
1996 4079 2198 4134 Christi
2252 4096 2373 4137 esse

779 4174 952 4245 legem
976 4215 993 4241 ,
1027 4189 1145 4244 qua:
1170 4176 1240 4228 sit
1264 4174 1533 4229 Creatoris
1563 4191 1576 4229 :
1600 4182 1760 4243 atque
1824 4173 1893 4227 ita
1920 4172 2187 4229 Christum
2215 4172 2376 4228 Crea-

780 4266 913 4321 toris
934 4281 1086 4332 essc,
1142 4265 1266 4321 dum
1320 4266 1517 4322 Christi
1549 4273 1633 4321 est
1679 4265 1762 4320 lex
1808 4264 2098 4321 Creatoris.
2152 4265 2372 4335 Erratis,

784 4358 924 4415 Deus
955 4376 1055 4414 non
1085 4360 1359 4415 deridetur.
1394 4360 1590 4431 Atquin
1621 4359 1854 4415 derideri
1882 4368 2057 4430 potest
2084 4361 2221 4416 Deus
2239 4360 2376 4415 Mar-

784 4452 978 4519 cionis,
1008 4450 1097 4522 qui
1122 4467 1221 4506 nec
1248 4452 1405 4506 irasci
1456 4452 1604 4505 norit
1635 4493 1651 4518 ,
1704 4466 1802 4506 nec
1833 4451 2038 4505 ulcisci.
2074 4452 2224 4516 Quod
2245 4454 2401 4506 enim

785 4546 1099 4600 seminaverit
1142 4546 1221 4618 (5)
1267 4546 1434 4611 homo,
1467 4544 1561 4598 hoc
1587 4556 1631 4599 et
1662 4553 1827 4598 metet.
1876 4542 2017 4613 Ergo
2062 4544 2377 4599 retributio-

787 4638 872 4693 nis
898 4637 1149 4708 etjudicii
1197 4639 1337 4693 Deus
1381 4638 1626 4693 intentat.
1676 4636 1875 4690 Bonum
1927 4647 2095 4690 autem
2138 4636 2380 4706 facientes

787 4748 890 4786 non
921 4732 1351 4803 fatigentur;et:
1384 4729 1522 4785 Dum
1569 4730 1806 4784 habemus
1852 4737 2068 4799 tempus,
2114 4744 2383 4799 operemur

2466 3344 2586 3413 quis
2643 3340 2724 3413 (7)
2769 3342 2909 3395 Deus
2932 3341 3085 3396 Pater
3112 3382 3125 3407 ,
3152 3351 3207 3395 et
3235 3341 3490 3395 Dominus
3514 3339 3672 3396 Jcsus
3699 3338 4029 3410 praedicetur
4050 3378 4062 3399 ,

2468 3436 2569 3490 nisi
2598 3450 2661 3488 ex
2683 3433 3050 3489 accidentibus
3079 3473 3093 3497 ,
3138 3433 3221 3488 cui
3274 3434 3444 3503 magis
3505 3441 3835 3503 competant.
3888 3430 4066 3485 Primo

2467 3526 2679 3597 quidem
2715 3524 2925 3579 Patrem
2955 3524 3237 3579 Dominum
3296 3524 3736 3594 prxcscribo,non
3787 3524 3955 3577 alium
3978 3539 4065 3594 ag-

2470 3617 2802 3675 noscendum
2837 3660 2850 3683 ,
2874 3634 3032 3687 quam
3064 3626 3119 3672 et
3147 3618 3380 3672 hominis
3405 3627 3460 3673 et
3504 3616 3872 3671 universitatis
3899 3617 4064 3671 Crea-

2471 3721 2643 3767 torem
2674 3721 2728 3766 et
2778 3711 3164 3765 institutorem.
3200 3709 3369 3765 Porro
3399 3751 3413 3774 ,
3460 3709 3605 3763 Patri
3636 3710 3797 3764 etiam
3856 3708 4069 3763 Domini

2473 3820 2667 3859 nomen
2700 3802 2958 3857 accedere
2984 3803 3053 3857 ob
3074 3812 3391 3871 potestatem
3425 3842 3439 3867 ,
3487 3800 3630 3871 quod
3691 3808 3747 3855 ct
3785 3799 3962 3855 Filius
3982 3814 4072 3870 per

2474 3897 2686 3952 Patrem
2718 3895 2913 3965 capiat.
2950 3894 3169 3958 Dehine,
3194 3896 3417 3964 gratiam
3465 3902 3519 3949 et
3541 3907 3728 3962 pacem
3758 3906 3867 3946 non
3901 3892 4070 3946 soluat

2475 3988 2592 4058 ejus
2624 4003 2745 4042 esse
2774 4027 2789 4053 ,
2817 4002 2846 4040 a
2876 4003 2978 4055 quo
3010 3986 3438 4056 prtedieabantnr
3465 4025 3479 4049 ,
3524 3983 3619 4037 sed
3650 3984 3768 4050 ejus
3795 3982 3887 4052 qui
3921 3980 4077 4036 fuerit

2476 4082 2731 4137 ollensus.
2757 4080 2866 4135 Nec
2883 4082 3050 4150 gratia
3080 4080 3224 4134 enim
3274 4078 3453 4132 ﬁtnisi
3501 4075 3723 4131 olleusm
3750 4091 3765 4137 ;
3793 4090 3896 4130 nec
3937 4090 4072 4145 pax,

2478 4171 2579 4227 nisi
2612 4170 2737 4225 belli
2761 4188 2775 4224 :
2800 4179 2850 4223 ct
2877 4170 3106 4240 pOptlItts
3132 4178 3310 4222 autem
3335 4182 3432 4237 per
3450 4166 3749 4237 disciplinac
3770 4172 4076 4236 transgres-

2481 4262 2708 4327 sionem,
2739 4269 2792 4315 et
2814 4276 2973 4315 onmc
3001 4259 3278 4315 hominum
3329 4273 3499 4330 genus
3545 4273 3641 4328 per
3681 4266 3894 4313 natura:
3915 4255 4071 4311 dissi-

2480 4356 2829 4412 mulationem
2860 4366 2914 4411 et
2938 4354 3272 4425 deliquerat,
3301 4363 3355 4408 et
3407 4351 3765 4407 rebellaverat
3814 4349 4075 4405 adversus

2480 4449 2811 4505 Creatorem.
2859 4448 2999 4503 Deus
3043 4456 3221 4501 autem
3244 4445 3525 4501 Marcionis
3571 4452 3626 4497 ct
3648 4443 3770 4513 quia
3823 4442 3907 4516 (8)
3938 4443 4077 4513 igno-

2486 4552 2567 4596 tus
2597 4584 2609 4607 ,
2644 4557 2750 4595 non
2786 4542 2959 4612 potuit
3011 4538 3207 4594 oll‘cndi
3235 4580 3249 4602 ,
3290 4549 3349 4593 et
3395 4537 3519 4609 quia
3546 4536 3624 4609 (il)
3678 4535 3851 4591 nescit
3908 4535 4075 4590 irasci.

2406 4669 2459 4729 Ι)
2486 4634 2615 4704 Qum,
2641 4651 2769 4706 ergo
2794 4636 2962 4706 gratia
2994 4649 3022 4688 a
3050 4649 3155 4689 non
3185 4632 3427 4688 ollenso?
3457 4646 3575 4699 qua:
3594 4645 3693 4701 pax
3715 4646 3745 4683 a
3776 4644 3889 4686 non
3912 4630 4079 4685 rebel—

2492 4730 2633 4785 lato?
2668 4728 2745 4801 (b)
2776 4729 2867 4784 Ait
2886 4744 3085 4782 crucem
3135 4726 3326 4783 Christi
3372 4726 3639 4781 stultitiam
3687 4740 3798 4781 esse
3824 4723 4075 4795 perituris,

2031 4841 2323 4899 LECTION
2332 4843 2410 4900 ES
2449 4842 2859 4901 VARIANTES.

853 4962 931 5094 (ξ)
952 4961 1288 5076 tam

879 5026 931 5076 2i
959 5026 1013 5075 la
1036 5026 1165 5075 abest
1188 5026 1339 5076 Frau.

878 5082 929 5154 5)
954 5090 1061 5165 Sibi
1083 5086 1232 5139 Rhea.
1254 5082 1404 5138 Semt.
1441 5083 1636 5137 Oberth.

884 5153 932 5216 i)
964 5150 1064 5216 Itbi
1088 5149 1238 5216 Rhea.
1257 5147 1408 5201 Seml.
1442 5146 1636 5216 Oberth.

882 5210 933 5277 £5)
957 5212 1153 5265 Sererit
1173 5212 1325 5266 Rhea.
1351 5210 1503 5265 Semt.
1532 5210 1675 5263 Uber.

2578 5021 2629 5071 7)
2654 5021 2747 5070 Cur
2776 5029 2924 5070 Frau.

2553 5018 2631 5210 (7i
2654 5021 2747 5070 Cur
2776 5029 2924 5091 Frau.

2579 5088 2609 5131 8
2649 5084 2754 5142 Qua
2775 5084 2932 5134 Latm.

2579 5148 2609 5197 9
2656 5148 2761 5208 Qua
2778 5145 2932 5197 Latin.

2550 4958 2624 5017 (6)
2649 4957 3019 5009 Ecelesiasticus
3041 4954 3191 5009 Rhea.
3219 4954 3372 5009 Semt.
3417 4952 3610 5008 Oberth.

2579 4961 2603 5010 Β
2649 4959 2929 5009 Ecelesiasti

2579 5024 2602 5071 7
2654 5021 2747 5070 Cur
2776 5029 2924 5070 Frau.

2579 5088 2609 5131 8
2649 5084 2754 5142 Qua
2775 5081 2932 5134 Latin.

2579 5148 2609 5197 9
2656 5148 2761 5208 Qua
2778 5145 2932 5197 Latin.

2155 5312 2711 5371 COMMENTARIUS.

873 5436 950 5511 (ξι)
981 5436 1235 5511 Stigmata
1247 5434 1433 5511 Christi
1452 5436 1506 5490 in
1532 5448 1859 5511 corporesuo
1882 5438 2081 5503 portare
2097 5429 2378 5511 se,nc_te.E_x

798 5501 1135 5579 co'qitod,'ut
1160 5508 1348 5578 probet
1365 5522 1546 5562 veram
1578 5501 1633 5562 et
1661 5501 1889 5579 solidam
1918 5518 2134 5579 carnem
2156 5501 2378 5579 Christi,

800 5572 1072 5650 suhjungit
1092 5621 1106 5645 ,
1136 5572 1287 5647 cujus
1313 5579 1557 5649 stigmata
1584 5577 1880 5647 corporalia
1902 5575 2136 5650 ostendit
2168 5591 2182 5638 ;
2231 5572 2379 5650 vide-

805 5645 1152 5725 tur-accipere
1179 5645 1829 5725 Auctoristigmatapnon
1866 5662 1959 5718 pro
1985 5645 2331 5725 ntulisunotis
2364 5685 2378 5708 ,

804 5716 1048 5795 qualibus
1080 5722 1225 5777 servi
1252 5737 1278 5774 a
1303 5716 1915 5795 dominisnotabantur
1946 5728 1998 5772 ot
2026 5718 2092 5795 ab
2131 5716 2382 5795 illis_tlig-

807 5787 1195 5868 tioscereutur;
1224 5793 1316 5848 sed
1346 5808 1441 5863 pro
1466 5794 1678 5868 talibus,
1705 5807 1838 5861 quas
1851 5792 2009 5868 etiam
2033 5788 2083 5841 in
2117 5802 2175 5841 se
2195 5787 2385 5868 Chris-

812 5876 895 5922 tus
915 5865 1260 5936 corporaliter
1285 5858 1537 5933 portavit,
1570 5858 1819 5932 tanquam
1848 5862 2078 5929 diceret,
2108 5873 2167 5917 se
2195 5858 2383 5915 iisdem

2487 5428 2823 5502 passionilnts
2853 5425 3115 5502 allectum
3158 5422 3321 5502 fuisse
3353 5422 3561 5502 quibus
3591 5420 3972 5502 Christus.__ln
3998 5419 4084 5502 hoc

2490 5492 2892 5626 altlell'l'tlillcqt,
2924 5498 3062 5569 quod
3102 5497 3314 5568 legebat
3342 5492 3531 5552 Christi
3558 5510 3655 5567 pro
3685 5509 3792 5565 quo
3839 5495 3951 5561 alii,
3987 5492 4084 5546 Do-

2490 5590 2610 5626 Ιηιηι
2690 5590 2796 5626 εςιι.
2850 5587 2968 5625 ‘AN.

2486 5576 2610 5627 mini
2650 5574 2796 5626 Jesa.
2833 5574 2968 5626 Pw.

2556 5644 2709 5700 CAP.
2757 5643 2819 5697 ν.
2851 5672 2922 5681 -
2952 5640 3031 5713 (b)
3063 5640 3143 5695 Ait
3175 5639 3426 5695 :Crucem
3452 5638 3641 5713 Christi
3665 5636 3952 5713 stultitiam
3997 5648 4089 5690 esse

2489 5717 2727 5786 perituris
2761 5757 2776 5779 ,
2801 5708 3033 5786 virtutem
3061 5721 3231 5786 autem
3262 5721 3431 5786 ,“etc.
3466 5710 3640 5764 Etiam
3665 5710 3752 5764 hic
3771 5708 3840 5761 ab
3866 5711 4085 5786 Aposto:

2489 5774 2541 5842 Io
2569 5788 2733 5840 variat
2762 5774 2961 5857 Auctor
2989 5782 3243 5857 tortassis
3274 5782 3595 5857 Marcionem
3647 5774 4083 5857 secutus.__'t\_pud

2486 5859 2635 5915 illum
2659 5857 2804 5913 enim
2834 5855 3059 5913 habetur
3091 5853 3384 5928 imprimis:
3427 5851 3643 5908 Verbum
3669 5852 3837 5907 erucis
3858 5851 4032 5907 Christi
4063 5887 4076 5912 ,
