4268 6492
213 383 310 440 481

1343 377 1471 432 LIB.
1508 377 1544 431 κ·
1585 371 1950 432 ,Χυνίίῐῖδυὸ
1985 369 2407 428 ΜΛΙιΩΙΟΝΕΜ.

3403 358 3510 418 482

212 502 440 554 virtutem
459 505 630 552 autem
659 505 705 552 et
731 496 1034 566 sapientiam
1059 493 1172 563 Dei,
1203 495 1419 550 salutem
1448 493 1810 549 eousecuturis.
1842 493 1889 552 Λ
1919 489 2081 545 etiam
2121 487 2264 558 quod
2307 482 2618 540 scandalum
2664 481 2865 539 Judzeis
2910 479 3166 552 pr-xdieat
3207 477 3510 543 Christum,

213 590 282 646 Et
302 600 363 646 ut
382 589 694 646 ostenderet
714 588 853 644 unde
882 589 984 644 hoc
1004 587 1265 651 eveniret,
1297 585 1483 655 adjicit
1523 584 1604 655 (1)
1629 601 1642 637 :
1665 583 1808 638 Scri-

213 691 350 751 ptunt
376 691 451 735 est
475 681 610 735 enim
635 696 653 735 :
682 679 903 735 Perdant
932 679 1236 750 sapientiam
1255 678 1582 746 sapientium,
1617 686 1660 729 ct
1689 690 1810 743 pru-

212 771 437 828 dentiam
462 772 788 844 prudentium
819 773 1015 825 irritam
1036 772 1248 842 faciam.
1272 770 1329 825 Si
1376 768 1491 824 hare
1534 764 1812 823 Creatoris

212 874 358 932 sunt,
385 874 440 921 et
468 881 588 936 qua:
619 865 704 936 (2)
730 865 797 919 ad
817 880 1061 919 caussam
1093 862 1266 918 crucis
1288 863 1555 933 pertinent
1574 857 1813 916 stultitiae

213 959 483 1030 deputata:
514 960 624 1029 (5);
662 975 790 1030 ergo
819 968 873 1014 et
906 973 1034 1014 crux
1054 1000 1069 1024 ,
1112 965 1167 1011 et
1199 972 1293 1026 per
1322 970 1537 1010 crucem
1567 952 1814 1007 Christus

212 1052 280 1106 ad
305 1050 616 1107 Creatorem
647 1049 952 1120 pertinebit,
996 1063 1026 1102 a
1055 1063 1162 1117 quo
1192 1046 1535 1115 prtedicatum
1567 1055 1650 1099 est
1671 1040 1815 1112 quod

215 1143 283 1198 ad
312 1157 526 1198 crucem
559 1141 810 1212 pertinet.
846 1142 951 1194 Aut
973 1139 1017 1192 si
1042 1139 1287 1203 Creator,
1319 1152 1423 1207 qua
1452 1135 1701 1198 :emulus,
1732 1132 1815 1187 id—

215 1235 362 1291 circo
411 1235 728 1305 Sapientiam
773 1232 1013 1297 abstulit,
1066 1240 1122 1285 ιιι
1166 1246 1297 1285 crux
1347 1229 1566 1293 Christi,
1613 1227 1818 1283 scilicet

216 1327 534 1396 adversarii,
585 1325 810 1383 stultitia
857 1326 1174 1396 deputetur;
1227 1335 1281 1380 et
1323 1321 1594 1393 quomodo
1639 1328 1817 1390 potest

217 1422 418 1493 aliquid
433 1422 499 1478 ad
519 1437 730 1478 crucem
749 1420 946 1476 Christi
966 1436 1068 1474 non
1085 1418 1166 1474 sui
1183 1417 1404 1474 Creator
1421 1416 1818 1488 pronuntiaSsc,

218 1531 376 1586 quem
418 1514 696 1585 ignorabat
734 1529 857 1568 cum
901 1511 1258 1582 praedicabat?
1298 1510 1402 1567 Sed
1453 1518 1508 1564 et
1546 1523 1642 1562 cur
1681 1504 1820 1576 apud

221 1607 509 1663 Dominum
563 1606 847 1676 Optimum,
897 1615 951 1661 et
997 1604 1230 1675 profusae
1277 1600 1684 1664 misericordite,
1733 1599 1824 1654 alii

222 1701 452 1757 salutem
493 1700 748 1765 referunt,
781 1697 1067 1754 credentes
1094 1711 1310 1752 crucem
1334 1696 1589 1776 yirtutem
1636 1703 1688 1747 et
1733 1707 1822 1747 sa-

225 1791 480 1860 pientiam
512 1791 605 1845 Dei
645 1805 801 1854 esse;
843 1789 930 1842 alii
978 1788 1354 1858 perditionem,
1388 1786 1582 1856 quibus
1624 1784 1824 1840 Christi

1917 579 2251 650 pr0phetiam
2275 592 2436 648 super
2455 576 2546 630 illo
2574 575 2852 642 eonsiguat
2869 573 3143 628 Creatoris
3167 571 3398 627 dicentis
3419 584 3516 640 per

1915 671 2125 728 Esaiam
2155 669 2278 742 (ls.,
2309 667 2542 731 XXVIII,
2568 668 2658 736 I5)
2683 684 2696 720 :
2729 664 2860 719 Ecce
2882 665 3027 735 posui
3055 664 3107 718 in
3142 663 3268 718 Sion
3295 661 3518 732 lapidem

1915 765 2240 833 o/I'cnsionis,
2299 773 2344 817 et
2402 772 2598 832 petram
2667 759 2898 813 scautlali
2931 773 2950 812 :
2985 767 3130 826 petra
3187 766 3366 811 autem
3423 755 3522 809 fuit

1914 859 2184 924 Christus,
2215 858 2379 914 etiam
2406 856 2640 911 Marcion
2671 864 2870 910 servat.
2905 853 3043 922 Quid
3073 861 3157 908 est
3182 863 3359 908 autem
3386 852 3521 906 stul-

1919 963 2024 1006 tum
2075 952 2168 1004 Dei
2224 949 2507 1018 sapientius
2555 946 2874 1012 hominibus,
2932 946 3032 1001 nisi
3087 960 3216 1000 crux
3267 954 3322 1000 et
3375 960 3523 1001 mors

1919 1043 2156 1098 Christi?
2199 1041 2339 1108 Quid
2368 1041 2630 1108 inﬁrmum
2660 1038 2758 1093 Dei
2789 1040 2972 1109 fortius
2997 1039 3219 1103 Itomine,
3253 1038 3356 1093 nisi
3382 1038 3524 1092 nati-

1921 1139 2056 1193 vitas
2087 1145 2141 1191 et
2183 1151 2309 1192 caro
2338 1135 2473 1190 Dei?
2503 1133 2772 1189 Cancrum
2803 1133 2846 1186 si
2891 1123 3185 1187 nec'natus
3214 1146 3278 1186 ex
3318 1129 3527 1201 virgine

1921 1232 2187 1297 Christus,
2221 1245 2320 1285 nec
2359 1243 2521 1283 carne
2565 1234 2926 1292 constructus,
2975 1240 3038 1279 ac
3069 1240 3164 1294 per
3209 1224 3310 1279 hoc
3352 1238 3528 1294 neque

1922 1339 2161 1389 erucem,
2196 1338 2370 1392 neque
2411 1330 2642 1375 mortem
2671 1334 2799 1374 vere
2831 1333 3120 1389 perpessus
3159 1328 3262 1385 est,
3297 1317 3430 1372 nihil
3472 1318 3526 1373 in

1926 1420 2018 1474 illo
2038 1420 2106 1474 sit
2127 1419 2206 1490 (6)
2232 1418 2453 1472 stultum
2475 1427 2526 1472 et
2552 1417 2841 1479 iulirmum;
2887 1428 2986 1469 nec
3031 1413 3140 1484 jam
3167 1415 3326 1467 stulta
3352 1413 3527 1467 mundi

1926 1509 2074 1581 elegit
2105 1510 2263 1573 Deus,
2297 1519 2352 1564 ut
2390 1509 2672 1580 confundat
2703 1506 3005 1576 sapientiam
3043 1505 3156 1578 ('7);
3200 1519 3298 1560 nec
3325 1507 3532 1574 infirma

1928 1604 2108 1657 mutuli
2137 1604 2283 1673 elegit
2311 1602 2470 1668 Deus,
2503 1612 2556 1655 ut
2600 1601 2880 1671 canfundat
2911 1601 3102 1671 fortia;
3130 1614 3227 1655 nec
3267 1600 3533 1655 inhonesta

1929 1705 1975 1750 et
2004 1695 2211 1749 miniata
2241 1705 2288 1749 et
2319 1694 2735 1765 contemptibilia,
2763 1709 2880 1764 qua:
2906 1709 3004 1748 non
3031 1703 3166 1762 sunt,
3201 1693 3251 1748 id
3281 1702 3381 1761 est,
3414 1710 3533 1766 qua:

1931 1801 2038 1841 non
2076 1800 2206 1841 vere
2245 1794 2393 1850 sunt,
2445 1795 2498 1838 ut
2546 1784 2830 1853 confundat
2871 1800 2984 1853 qtae
3025 1796 3162 1852 sunt,
3197 1784 3246 1839 id
3287 1795 3390 1850 est,
3418 1803 3534 1855 qua:

223 1897 354 1940 crus
386 1882 610 1937 stultitia
637 1889 936 1952 reputatur,
967 1879 1014 1935 si
1045 1896 1149 1934 non
1179 1879 1452 1934 Creatoris
1478 1886 1560 1932 est
1587 1877 1820 1946 aliquam
1852 1887 1900 1946 Β
1929 1893 2057 1934 vere
2073 1887 2221 1932 sunt.
2247 1877 2390 1931 Nihil
2416 1877 2558 1931 enim
2581 1892 2611 1930 a
2641 1876 2751 1931 Deo
2767 1875 3085 1944 dispositum
3108 1887 3190 1931 est
3216 1875 3298 1946 (8)
3327 1885 3380 1932 et
3408 1894 3538 1934 vere

227 1984 282 2031 et
313 1975 490 2044 populi
521 1984 575 2028 et
611 1973 829 2027 humani
859 1972 1074 2042 generis
1101 1969 1359 2025 oll'cnsam
1386 1968 1710 2023 detrimento
1739 1981 1828 2021 sa-

229 2065 447 2136 pientia:
492 2075 654 2135 atque
705 2063 1002 2134 prudentia:
1061 2061 1354 2116 multasse?
1399 2059 1510 2114 lloc
1552 2058 1829 2127 sequentia

229 2157 648 2223 contirmabunt,
680 2170 804 2211 cum
850 2154 1010 2210 dicit:
1049 2152 1236 2206 Nonne
1273 2152 1543 2222 infamavit
1576 2150 1715 2206 Deus
1743 2167 1830 2204 sa-

233 2248 480 2317 pientiam
511 2248 687 2301 mundi
705 2249 730 2301 ἶ)
755 2246 997 2316 Cumque
1022 2255 1078 2300 ct
1108 2244 1193 2299 hic
1219 2245 1423 2314 adjicit,
1451 2259 1649 2314 quare:
1687 2242 1832 2310 Quo-

235 2341 376 2395 niam
399 2341 453 2394 in
482 2340 578 2395 Dei
599 2339 847 2411 sapientia
869 2354 970 2393 non
998 2337 1245 2392 intellexit
1275 2336 1494 2390 numdus
1521 2353 1610 2406 per
1633 2338 1838 2404 sapien-

237 2431 363 2483 tiam
411 2430 575 2484 l)eum
631 2429 734 2499 (4),
781 2428 858 2498 (a)
908 2428 1025 2481 boni
1063 2427 1206 2482 (luxit
1257 2426 1396 2482 Deus
1439 2444 1526 2495 per
1571 2427 1837 2481 stultitiam

236 2520 617 2592 pra'tlicationis
663 2518 829 2573 salvos
874 2519 1043 2588 facere
1087 2517 1366 2571 credentes.
1413 2518 1518 2572 Sed
1575 2518 1724 2587 prius
1770 2517 1838 2573 de

237 2611 444 2667 mundo
463 2611 794 2682 disceptabo,
829 2619 1096 2681 quatenus
1131 2610 1461 2665 subtilissimi
1495 2609 1730 2666 lueretici
1754 2609 1840 2665 hic

239 2704 326 2759 vel
356 2705 587 2758 maxime
618 2702 876 2758 mundum
902 2719 999 2774 per
1032 2704 1318 2759 Dominum
1341 2702 1525 2758 mundi
1568 2703 1838 2772 interpre-

243 2804 453 2862 tantur;
484 2811 584 2852 nos
609 2806 787 2852 autem
820 2794 1092 2850 hominem
1122 2795 1212 2866 qtti
1245 2795 1315 2849 sit
1345 2795 1396 2849 in
1424 2794 1624 2850 mundo
1650 2795 1842 2851 intelli-

241 2891 418 2960 gimus
485 2905 553 2945 ex
617 2889 787 2946 forma
841 2889 1070 2959 simplici
1128 2888 1358 2959 loquela:
1415 2887 1685 2953 humana),
1739 2903 1842 2957 qua

245 2982 562 3052 plerumque
609 2981 659 3036 id
701 2979 845 3050 quod
887 2981 1144 3046 continet,
1197 2979 1443 3048 ponimus
1471 2994 1568 3048 pro
1602 2996 1667 3034 eo
1703 2977 1844 3048 quod

243 3073 575 3127 continetur.
599 3070 790 3126 Circus
820 3070 1070 3125 clamavit
1097 3078 1150 3123 ct
1177 3069 1375 3123 Forum
1407 3070 1640 3125 locutum
1662 3079 1764 3137 est,
1793 3077 1848 3123 et

242 3163 479 3218 Basilica
508 3163 756 3227 tremuit;
783 3161 834 3216 id
857 3171 958 3228 est,
989 3161 1080 3231 qui
1111 3161 1164 3216 in
1196 3159 1281 3215 his
1303 3160 1433 3216 locis
1466 3177 1575 3215 rem
1599 3168 1844 3231 egerunt.

1936 1969 2231 2035 modicum,
2266 1979 2320 2025 et
2347 1967 2599 2038 ignobile,
2628 1977 2684 2022 et
2707 1967 3134 2038 contemptibile,
3162 1968 3255 2023 sed
3287 1969 3428 2039 quod
3469 1969 3538 2024 ab

1938 2061 2187 2116 homine:
2229 2061 2369 2131 apud
2398 2061 2710 2115 Creatorem
2760 2070 2938 2115 autem
2988 2060 3148 2115 etiam
3180 2069 3360 2116 vetera
3409 2060 3536 2132 (9),

1935 2152 2206 2218 stultitiae,
2239 2161 2294 2207 et
2325 2150 2644 2216 iutirmitati,
2688 2160 2744 2205 et
2775 2151 3124 2219 iuhonestati,
3155 2162 3207 2208 et
3237 2153 3539 2225 pusillitati,

1938 2256 1993 2302 et
2035 2245 2364 2316 contemptui
2395 2244 2641 2315 deputari
2671 2253 2918 2314 possunt.
2951 2246 3085 2312 Quid
3135 2247 3370 2314 stultius,
3413 2250 3542 2319 quid

1941 2337 2227 2403 inlirmius,
2259 2351 2416 2407 quam
2449 2335 2837 2391 sacrificiorum
2879 2347 3248 2403 cruentorum,
3292 2350 3346 2394 et
3393 2339 3547 2395 holo-

1942 2439 2307 2484 cautomatum
2339 2429 2718 2484 nidorosorum
2769 2445 2799 2484 a
2830 2430 2939 2485 Deo
2960 2431 3203 2486 exactio?
3228 2431 3367 2500 Quid
3397 2433 3546 2488 intir-

1944 2520 2103 2586 mius,
2135 2537 2294 2590 quam
2323 2522 2663 2577 vasculorum
2684 2529 2740 2577 et
2766 2521 3107 2592 grabatorum
3133 2524 3250 2595 (10)
3281 2527 3546 2596 purgatio?

1943 2611 2077 2679 Quid
2118 2610 2477 2678 inhonestius,
2511 2627 2668 2682 quam
2701 2613 2879 2668 carnis
2909 2613 3020 2683 jam
3048 2615 3421 2673 crubeseenlis
3445 2618 3546 2672 alia

1945 2704 2326 2760 dedceoratio?
2352 2705 2489 2773 Quid
2518 2716 2624 2762 tam
2647 2704 2872 2775 humile,
2895 2723 3053 2776 quam
3080 2708 3288 2764 talionis
3307 2709 3549 2766 indictio?

1946 2796 2082 2864 Quid
2135 2807 2242 2852 tam
2295 2799 2722 2870 contemptibile,
2774 2814 2932 2869 quam
2977 2801 3220 2858 ciborum
3265 2805 3550 2875 exceptio?

1947 2889 2168 2955 Totum,
2201 2889 2341 2959 quod
2382 2891 2570 2954 sciam,
2597 2890 2765 2947 Vetus
2791 2891 3191 2949 Testamentum
3232 2898 3408 2953 omnis
3440 2898 3554 2954 ha:-

1955 2981 2155 3035 reticus
2187 2980 2397 3035 irridet.
2425 2982 2596 3036 Stulta
2621 2983 2764 3036 enim
2793 2985 2971 3038 mutuli
2999 2986 3144 3056 elegit
3170 2985 3323 3054 Deus,
3359 2999 3411 3043 ut
3432 3006 3554 3044 con-

1949 3071 2135 3142 fundat
2185 3072 2487 3140 sapientiam
2541 3073 2680 3144 (ll).
2733 3073 3016 3132 Marcionis
3067 3077 3204 3134 Deus
3253 3079 3382 3134 nihil
3424 3081 3549 3137 tale.

1951 3162 2086 3229 Quia
2132 3178 2231 3217 ncc
2263 3164 2542 3220 annulatur
2587 3167 2855 3222 contraria
2886 3170 3171 3225 contrariis
3205 3171 3552 3244 redarguere,

245 3257 437 3325 Igitur,
471 3256 593 3325 quia
622 3255 804 3322 homo,
837 3270 942 3309 non
972 3254 1114 3309 Deus
1142 3255 1347 3320 mttndi,
1379 3254 1428 3308 in
1450 3254 1711 3324 sapientia
1742 3270 1846 3308 non
1875 3276 1919 3338 ρ
1956 3270 2020 3309 ne
2047 3255 2290 3325 glorietur
2316 3256 2478 3310 omnis
2507 3273 2660 3324 caro;
2705 3269 2782 3325 ut,
2832 3261 3258 3330 quemadmodum
3307 3267 3554 3336 scriptum

243 3351 501 3424 cognovit
521 3350 706 3413 Deum,
732 3364 888 3418 quem
911 3363 1237 3416 cognoscere
1254 3347 1534 3411 debuerat,
1558 3357 1612 3402 et
1631 3346 1849 3403 Judaeus

248 3445 304 3499 in
333 3442 595 3513 sapientia
620 3440 1042 3510 Scripturarum,
1066 3449 1121 3495 et
1149 3440 1326 3494 omnis
1352 3455 1483 3510 gens
1510 3440 1561 3493 iu
1585 3439 1849 3509 sapientia

247 3551 514 3609 Operum:
557 3533 676 3590 ideo
721 3533 861 3588 Deus
906 3533 1069 3599 idem,
1101 3533 1188 3603 qui
1231 3533 1282 3588 in
1314 3533 1572 3603 sapientia
1599 3549 1694 3588 sua
1743 3551 1847 3590 non

247 3641 368 3688 erat
401 3628 613 3699 agnitus
638 3627 742 3697 (5),
765 3627 950 3681 statuit
975 3627 1288 3696 sapientiam
1321 3627 1595 3682 hominum
1623 3629 1851 3686 stultitia

248 3728 622 3792 repercutere,
670 3719 848 3774 salvos
889 3717 1137 3774 Iaciendo
1179 3717 1462 3775 credentes
1508 3735 1750 3791 quosque
1799 3722 1852 3776 in

249 3813 475 3868 stultam
515 3812 689 3868 crucis
732 3809 1189 3880 praedicationem.
1221 3811 1473 3878 Quoniam
1506 3812 1676 3867 Ιιιιιίυί
1707 3814 1853 3885 signa

251 3908 566 3973 desiderant,
610 3906 700 3976 qui
738 3908 848 3979 jam
887 3906 955 3961 de
986 3908 1096 3964 Deo
1130 3906 1265 3961 certi
1294 3921 1412 3962 esse
1450 3905 1775 3972 debuerant;
1806 3917 1854 3963 et

255 4001 428 4058 (ἔνωοὶ
449 4001 752 4070 sapientiam
779 4011 1048 4068 qttwrttttl;
1075 3999 1163 4070 qui
1196 4014 1346 4053 suam
1369 3999 1593 4067 scilicet,
1627 4014 1734 4054 non
1759 4000 1850 4056 l)ei

251 4091 578 4163 sapientiam
609 4092 826 4149 sistam.
867 4091 1158 4152 Caeterum.
1187 4089 1232 4146 si
1265 4106 1434 4145 novus
1476 4091 1615 4146 Dens
1662 4091 1853 4160 prtedi-

254 4193 497 4258 carettn,
543 4183 668 4253 quid
713 4183 1048 4255 deliquerant
1086 4182 1256 4238 ιιιᾱωὶ
1301 4183 1449 4253 signa
1488 4181 1856 4239 desiderantes

255 4291 454 4349 gamus
495 4275 819 4332 crederent?
857 4285 949 4331 aut
991 4274 1165 4330 Graeci
1210 4275 1525 4344 sapientiam
1565 4285 1852 4345 sectantes,

256 4369 348 4426 cui
375 4369 549 4440 magis
587 4369 902 4424 crederent?
941 4369 1012 4423 ita
1056 4378 1110 4424 et
1135 4370 1494 4424 remuneratio
1535 4369 1648 4438 ipsa
1681 4370 1732 4423 in
1758 4371 1856 4425 Ju-

257 4462 410 4518 αωοβ
440 4471 496 4516 et
525 4462 762 4528 Graecos,
794 4471 848 4516 ct
875 4462 1100 4517 zelotem
1137 4462 1299 4515 Deum
1331 4461 1612 4516 conlirmat
1641 4470 1695 4516 et
1717 4463 1857 4530 judi-

257 4566 402 4618 eem,
433 4553 524 4623 qui
553 4567 618 4608 ex
646 4553 997 4608 retributione
1020 4551 1212 4606 tantula
1240 4559 1292 4605 et
1310 4551 1490 4620 judice
1518 4552 1859 4609 infatuaverit

1957 3357 2051 3413 est,
2084 3349 2170 3416 qui
2202 3345 2473 3417 gloriatur,
2502 3349 2553 3402 iu
2588 3349 2801 3405 Domino
2826 3352 3090 3423 glorietur.
3119 3355 3174 3410 lu
3200 3361 3344 3426 quo?
3373 3361 3556 3430 utique

1955 3439 2010 3492 in
2043 3453 2110 3493 eo
2140 3439 2229 3508 qui
2257 3441 2358 3493 hoc
2388 3442 2681 3511 princepit:
2717 3443 2818 3498 nisi
2849 3444 3076 3503 Creator
3102 3453 3375 3523 praecepit,
3409 3463 3466 3510 ut
3502 3455 3555 3512 in

1959 3533 2066 3588 Deo
2099 3532 2218 3604 (l2)
2249 3532 2538 3590 Marcionis
2564 3537 2844 3606 glorietur.

2573 3627 2804 3686 CAPUT
2843 3632 2931 3688 γι.

2026 3716 2189 3788 lgitttr
2219 3717 2259 3789 (l
2299 3718 2417 3774 Cor.
2440 3763 2454 3788 ,
2488 3720 2528 3776 ll
2560 3731 2606 3776 et
2642 3722 2731 3795 Ill)
2777 3740 2872 3794 per
2902 3727 3017 3782 lucc
3061 3733 3240 3788 omnia
3288 3739 3556 3809 ostendit,

1956 3810 2110 3881 cujus
2156 3813 2604 3883 lleisapientiant
2650 3815 2900 3887 loquatur
2927 3820 3066 3878 inter
3093 3825 3399 3895 perfectos:
3444 3832 3562 3901 ejus

1951 3903 2164 3959 scilicet
2194 3904 2280 3974 qui
2307 3905 2609 3974 sapientiam
2629 3909 2936 3977 sapientium
2963 3915 3246 3985 abstulerit,
3270 3929 3318 3972 et
3339 3927 3563 3990 pruden-

1957 3998 2080 4050 tiam
2139 3996 2465 4067 prudentium
2528 3999 2726 4054 irritam
2797 4005 3008 4071 fecerit;
3071 4011 3160 4080 qui
3229 4011 3566 4072 infatuaverit

1957 4089 2271 4158 sapientiam
2313 4090 2518 4156 mundi,
2552 4093 2714 4147 stulta
2746 4094 2951 4163 eligens
3006 4099 3146 4168 ejus,
3191 4112 3246 4158 et
3275 4105 3564 4175 disponens

1958 4179 2010 4232 in
2041 4179 2287 4235 salutem.
2323 4180 2471 4236 Ilanc
2501 4182 2631 4239 dicit
2676 4186 2995 4255 sapientiam
3036 4191 3091 4245 in
3142 4195 3342 4250 occulto
3370 4197 3558 4266 fuisse,

1958 4286 2076 4341 qua:
2109 4272 2268 4328 luerit
2297 4274 2347 4328 in
2388 4275 2566 4330 stultis
2594 4286 2648 4330 et
2677 4277 2730 4332 in
2766 4281 2973 4348 pusillis
3012 4291 3065 4338 et
3099 4284 3416 4356 inhonestis;
3444 4307 3565 4361 qua:

1959 4363 2174 4420 latuerit
2214 4367 2372 4422 etiam
2403 4369 2503 4423 sub
2547 4369 2748 4438 liguris,
2777 4372 3050 4443 allegoriis
3079 4385 3136 4432 et
3163 4380 3558 4451 :enigmatibus,

1961 4457 2248 4511 revelanda
2294 4460 2636 4528 postmodum
2685 4463 2738 4516 in
2790 4464 3026 4532 Christo,
3075 4470 3253 4538 posito
3299 4471 3350 4526 in
3385 4474 3564 4530 lumen

1962 4546 2236 4602 nationum
2283 4564 2313 4603 a
2351 4548 2607 4607 Creatore
2647 4555 2988 4622 promittente
3030 4572 3126 4627 per
3156 4562 3327 4616 Esaia:
3357 4579 3567 4631 vocent,

260 4644 584 4714 sapientiam
609 4643 812 4698 mundi.
837 4642 991 4710 Quod
1020 4643 1064 4696 si
1089 4643 1205 4712 ejus
1221 4651 1345 4697 sunt
1369 4652 1424 4698 et
1448 4658 1672 4712 caussm,
1706 4645 1858 4715 cujus
1883 4666 1936 4726 Ι)
1962 4639 2350 4711 patefacturum
2414 4658 2474 4698 se
2527 4645 2805 4701 thesauros
2854 4647 3150 4707 invisibiles
3194 4663 3250 4708 et
3301 4657 3568 4713 occultos.

260 4736 592 4792 adhibentur
613 4735 922 4805 Scripturie,
946 4750 1075 4805 ergo
1094 4735 1161 4790 de
1191 4735 1296 4790 Deo
1319 4743 1554 4790 tractans
1573 4738 1858 4805 Apostolus

263 4843 376 4886 non
393 4826 690 4895 intellecto,
704 4826 772 4883 de
787 4824 1042 4884 Creatore
1058 4826 1238 4896 utique
1252 4825 1410 4882 docet
1433 4825 1856 4896 intelligendum,

1960 4735 2092 4790 Nam
2143 4749 2200 4792 ut
2247 4736 2588 4793 absconderit
2623 4741 2822 4811 aliquid
2873 4745 2917 4798 is
2952 4745 3110 4812 Deus,
3153 4747 3244 4817 qui
3291 4750 3425 4806 nihil
3457 4755 3567 4824 egit

1964 4829 2184 4884 omnino
2231 4831 2284 4884 in
2313 4830 2455 4900 quod
2500 4831 2701 4903 aliquid
2747 4834 3094 4895 abscondisse
3141 4841 3567 4911 existimaretur.

1509 4939 1890 5002 LECTIONES
1933 4942 2341 5000 VARIANTES.

334 5058 413 5123 (1)
440 5059 633 5123 Aliquid
665 5056 822 5123 _Rhen_.
849 5053 1001 5123 Seml.
1029 5052 1224 5123 Qltcl'llt.

360 5117 415 5182 2)
442 5117 561 5182 Quae
583 5119 731 5172 omitt.
752 5118 903 5171 Rhea.
928 5117 1080 5168 Seml.
1107 5118 1252 5171 Ober.

357 5183 413 5245 3)
440 5183 700 5234 Stultitiam
721 5183 925 5245 deputat
947 5183 1090 5245 Pam.

362 5240 414 5298 ll
439 5247 698 5296 Dominum
719 5240 871 5296 Rhea.
893 5240 1043 5295 Seml.
1080 5240 1277 5297 Oberth.

335 5256 390 5308 1-1
439 5256 698 5296 Dominum
719 5256 792 5296 ult

334 5256 415 5438 liii
435 5303 793 5426 “s’;

2031 5055 2106 5121 (7)
2133 5057 2381 5121 Sapientia
2405 5060 2528 5109 Par.

2060 5122 2112 5185 8)
2140 5119 2224 5185 list
2248 5119 2379 5172 abest
2401 5121 2452 5172 in
2475 5120 2701 5185 quibusd.

2060 5122 2090 5166 8
2140 5117 2224 5170 list
2248 5119 2379 5172 abest

2062 5183 2091 5230 9
2141 5181 2267 5232 Vera
2288 5185 2387 5233 Lat.

2065 5247 2079 5292 1
2161 5245 2387 5296 Gabatart

2064 5307 2109 5356 Il
2168 5307 2387 5372 Sapienti

2065 5367 2120 5417 12
2165 5367 2387 5424 ηθιιωιι

2065 5245 2140 5305 10)
2161 5245 2452 5296 Gabalarum
2503 5245 2723 5302 Ciaccou.
2759 5253 2881 5305 Jun.

2065 5244 2119 5294 10
2161 5245 2452 5296 Gabatarum
2503 5245 2564 5297 Cit

2064 5307 2109 5356 11
2168 5307 2418 5372 Sapientia
2443 5311 2564 5360 Par.

2065 5244 2142 5433 12$
2165 5367 2326 5422 Deum
2341 5369 2495 5424 Men;
2529 5374 2564 5425 S

2065 5367 2142 5431 12)
2165 5367 2326 5422 Deum
2341 5369 2495 5424 Rhea;
2529 5371 2680 5426 Seml.
2706 5375 2852 5431 Ober.

1627 5476 2188 5537 COMMENTARIUS.

439 5365 566 5422 Fuit'
563 5367 716 5426 Rhea.
738 5365 890 5423 Seml.
929 5365 1124 5423 Obertlt.

264 5597 478 5657 deinde
505 5613 520 5651 :
554 5597 897 5667 pereuntibus,
926 5607 974 5653 et
1003 5598 1066 5668 iis
1093 5596 1180 5668 qui
1214 5595 1342 5650 salvi
1390 5594 1523 5668 ﬁunt
1548 5595 1730 5668 nobis;
1783 5611 1877 5651 ne-

265 5686 387 5741 que
419 5666 595 5736 habet,
627 5679 671 5724 et
694 5670 1014 5741 sapientiam.
1047 5666 1146 5741 Ubi
1175 5677 1351 5741 autem
1372 5666 1551 5735 adjicit
1574 5667 1775 5720 Auctor
1811 5683 1878 5722 ex

267 5689 290 5727 ί
317 5688 387 5726 uc
419 5688 595 5736 tumet,
627 5688 671 5724 et
694 5688 1014 5741 sapientiam.
1048 5688 1146 5723 UDI
1175 5688 1351 5720 alllClll
1372 5688 1551 5735 υυιιιξιι
1574 5688 1775 5720 [111οιοΓ
1811 5688 1878 5722 ex

267 5688 545 5811 Apostolo
564 5781 578 5805 ,
611 5741 930 5811 prudentiam
975 5740 1174 5811 irritam
1205 5739 1615 5811 faciatit,_gt':cce
1646 5748 1735 5811 est
1762 5744 1878 5792 r20:-

266 5808 439 5880 τήσω,
470 5827 567 5883 pro
585 5808 691 5883 quo
719 5812 983 5883 interpres
1009 5809 1252 5883 vulgatus
1275 5850 1289 5872 ,
1318 5819 1368 5883 et
1396 5808 1877 5883 Epiphaniusquo-

270 5899 392 5954 que
417 5878 436 5954 ,
471 5878 780 5957 'reprobabo.
811 5881 943 5938 Nam
971 5878 1133 5938 etiam
1165 5879 1266 5936 hoc
1295 5878 1464 5936 vibrat
1487 5880 1574 5940 illo
1602 5880 1656 5938 in
1680 5879 1879 5936 Marcio

1981 5610 2105 5652 nem
2137 5593 2340 5668 confut.
2376 5598 2426 5663 1,
2461 5614 2525 5654 ex
2551 5599 2650 5668 Ep.
2677 5601 2743 5657 ad
2773 5603 2900 5660 Cor.
2929 5605 3065 5662 PM].

2057 5667 2137 5752 (να)
2187 5667 2509 5752 [laniatuth
2551 5667 2708 5752 Deus:
2751 5675 2840 5752 Sic
2885 5678 3042 5752 vertit
3091 5679 3232 5748 quod
3276 5697 3448 5752 grmee
3494 5697 3578 5742 est

1981 5741 2226 5819 eseam...
2264 5741 2286 5788 ὃ
2316 5745 2436 5819 ρεὸς.
2465 5741 2924 5819 Qucmadnunlmn
2954 5741 3364 5809 enimaucto'res
3394 5741 3577 5813 dicunt

1985 5811 2116 5902 291'}.
2148 5811 2764 5902 cateruis:Amnes!“
2807 5818 3038 5892 bonique
3087 5820 3290 5896 facere,
3339 5827 3415 5883 sic
3460 5811 3576 5902 ηιειέ

1979 5879 2137 5948 dixit,
2172 5879 2306 5938 Boni
2333 5880 2549 5939 ducere.
2580 5879 2754 5943 Rue'a.
