  <div class='ocr_page' id='page_1' title='image "/cluster/home/n/w/nwhite01/storage/ocr_20150623/2/hvd.32044015466741/267.png"; bbox 0 0 2134 3246; ppageno 0'>
   <div class='ocr_carea' id='block_1_1' title="bbox 360 204 416 233">
    <p class='ocr_par' dir='ltr' id='par_1_1' title="bbox 360 204 416 233">
     <span class='ocr_line' id='line_1_1' title="bbox 360 204 416 233; baseline 0.018 -1"><span class='ocrx_word' id='word_1_1' title='bbox 360 204 416 233; x_wconf 76' lang='grc'><strong>485</strong></span> 
     </span>
    </p>
   </div>
   <div class='ocr_carea' id='block_1_2' title="bbox 1052 199 1282 229">
    <p class='ocr_par' dir='ltr' id='par_1_2' title="bbox 1052 199 1282 229">
     <span class='ocr_line' id='line_1_2' title="bbox 1052 199 1282 229; baseline 0 -1"><span class='ocrx_word' id='word_1_2' title='bbox 1052 199 1282 229; x_wconf 79' lang='lat' dir='ltr'><strong>TERTULLIANI</strong></span> 
     </span>
    </p>
   </div>
   <div class='ocr_carea' id='block_1_3' title="bbox 1958 201 2012 231">
    <p class='ocr_par' dir='ltr' id='par_1_3' title="bbox 1958 201 2012 231">
     <span class='ocr_line' id='line_1_3' title="bbox 1958 201 2012 231; baseline 0.019 -1"><span class='ocrx_word' id='word_1_3' title='bbox 1958 201 2012 231; x_wconf 72' lang='grc'><strong>484</strong></span> 
     </span>
    </p>
   </div>
   <div class='ocr_carea' id='block_1_4' title="bbox 362 258 2013 297">
    <p class='ocr_par' dir='ltr' id='par_1_4' title="bbox 362 258 2013 297">
     <span class='ocr_line' id='line_1_4' title="bbox 362 258 2013 297; baseline -0.002 -7"><span class='ocrx_word' id='word_1_4' title='bbox 362 262 427 290; x_wconf 89' lang='lat' dir='ltr'><strong>satis</strong></span> <span class='ocrx_word' id='word_1_5' title='bbox 448 261 614 290; x_wconf 88' lang='lat' dir='ltr'><strong>incredibile.</strong></span> <span class='ocrx_word' id='word_1_6' title='bbox 638 261 700 297; x_wconf 91' lang='lat' dir='ltr'><strong>lpse</strong></span> <span class='ocrx_word' id='word_1_7' title='bbox 722 260 745 289; x_wconf 91' lang='lat' dir='ltr'><strong>si</strong></span> <span class='ocrx_word' id='word_1_8' title='bbox 767 264 850 294; x_wconf 88' lang='lat' dir='ltr'><strong>esset,</strong></span> <span class='ocrx_word' id='word_1_9' title='bbox 871 259 954 288; x_wconf 85' lang='lat' dir='ltr'><strong>latere</strong></span> <span class='ocrx_word' id='word_1_10' title='bbox 976 265 1030 287; x_wconf 91' lang='lat' dir='ltr'><strong>non</strong></span> <span class='ocrx_word' id='word_1_11' title='bbox 1055 263 1157 294; x_wconf 85' lang='lat' dir='ltr'><strong>posset,</strong></span> <span class='ocrx_word' id='word_1_12' title='bbox 1172 258 1197 288; x_wconf 85' lang='lat' dir='ltr'><strong>A</strong></span> <span class='ocrx_word' id='word_1_13' title='bbox 1211 258 1303 286; x_wconf 86' lang='lat' dir='ltr'><strong>Jcsum</strong></span> <span class='ocrx_word' id='word_1_14' title='bbox 1320 262 1408 287; x_wconf 86' lang='lat' dir='ltr'><strong>autem</strong></span> <span class='ocrx_word' id='word_1_15' title='bbox 1430 263 1456 287; x_wconf 88' lang='lat' dir='ltr'><strong>ct</strong></span> <span class='ocrx_word' id='word_1_16' title='bbox 1471 258 1510 295; x_wconf 77' lang='grc' dir='ltr'><strong>(ό)</strong></span> <span class='ocrx_word' id='word_1_17' title='bbox 1530 258 1678 287; x_wconf 84' lang='lat' dir='ltr'><strong>secundum</strong></span> <span class='ocrx_word' id='word_1_18' title='bbox 1700 263 1821 287; x_wconf 86' lang='lat' dir='ltr'><strong>nostrum</strong></span> <span class='ocrx_word' id='word_1_19' title='bbox 1837 258 2013 295; x_wconf 82' lang='lat' dir='ltr'><strong>Evangelium</strong></span> 
     </span>
    </p>
   </div>
   <div class='ocr_carea' id='block_1_5' title="bbox 362 307 1163 345">
    <p class='ocr_par' dir='ltr' id='par_1_5' title="bbox 362 307 1163 345">
     <span class='ocr_line' id='line_1_5' title="bbox 362 307 1163 345; baseline -0.007 -7"><span class='ocrx_word' id='word_1_20' title='bbox 362 309 461 338; x_wconf 85' lang='lat' dir='ltr'><strong>nedum</strong></span> <span class='ocrx_word' id='word_1_21' title='bbox 483 309 571 345; x_wconf 88' lang='lat' dir='ltr'><strong>aliqua</strong></span> <span class='ocrx_word' id='word_1_22' title='bbox 591 309 651 344; x_wconf 87' lang='lat' dir='ltr'><strong>ejus</strong></span> <span class='ocrx_word' id='word_1_23' title='bbox 668 312 848 336; x_wconf 82' lang='lat' dir='ltr'><strong>sacramenta.</strong></span> <span class='ocrx_word' id='word_1_24' title='bbox 871 307 982 335; x_wconf 85' lang='lat' dir='ltr'><strong>Creator</strong></span> <span class='ocrx_word' id='word_1_25' title='bbox 996 310 1085 333; x_wconf 86' lang='lat' dir='ltr'><strong>autem</strong></span> <span class='ocrx_word' id='word_1_26' title='bbox 1109 311 1163 333; x_wconf 89' lang='lat' dir='ltr'><strong>tam</strong></span> 
     </span>
    </p>
   </div>
   <div class='ocr_carea' id='block_1_6' title="bbox 363 351 1164 391">
    <p class='ocr_par' dir='ltr' id='par_1_6' title="bbox 363 351 1164 391">
     <span class='ocr_line' id='line_1_6' title="bbox 363 351 1164 391; baseline -0.005 -8"><span class='ocrx_word' id='word_1_27' title='bbox 363 356 421 391; x_wconf 88' lang='lat' dir='ltr'><strong>ipse</strong></span> <span class='ocrx_word' id='word_1_28' title='bbox 435 360 523 389; x_wconf 89' lang='lat' dir='ltr'><strong>notus,</strong></span> <span class='ocrx_word' id='word_1_29' title='bbox 540 363 620 391; x_wconf 90' lang='lat' dir='ltr'><strong>quam</strong></span> <span class='ocrx_word' id='word_1_30' title='bbox 640 359 667 383; x_wconf 92' lang='lat' dir='ltr'><strong>et</strong></span> <span class='ocrx_word' id='word_1_31' title='bbox 680 358 849 382; x_wconf 87' lang='lat' dir='ltr'><strong>sacramenta</strong></span> <span class='ocrx_word' id='word_1_32' title='bbox 863 353 940 389; x_wconf 85' lang='lat' dir='ltr'><strong>ejus;</strong></span> <span class='ocrx_word' id='word_1_33' title='bbox 956 352 1044 388; x_wconf 84' lang='lat' dir='ltr'><strong>palam</strong></span> <span class='ocrx_word' id='word_1_34' title='bbox 1060 351 1164 380; x_wconf 89' lang='lat' dir='ltr'><strong>scilicet</strong></span> 
     </span>
    </p>
   </div>
   <div class='ocr_carea' id='block_1_7' title="bbox 362 398 1161 438">
    <p class='ocr_par' dir='ltr' id='par_1_7' title="bbox 362 398 1161 438">
     <span class='ocr_line' id='line_1_7' title="bbox 362 398 1161 438; baseline -0.004 -8"><span class='ocrx_word' id='word_1_35' title='bbox 362 401 533 431; x_wconf 71' lang='lat' dir='ltr'><strong>decurrentia</strong></span> <span class='ocrx_word' id='word_1_36' title='bbox 553 402 622 438; x_wconf 91' lang='lat' dir='ltr'><strong>apud</strong></span> <span class='ocrx_word' id='word_1_37' title='bbox 636 402 734 434; x_wconf 86' lang='lat' dir='ltr'><strong>Israel;</strong></span> <span class='ocrx_word' id='word_1_38' title='bbox 754 401 801 431; x_wconf 86' lang='lat' dir='ltr'><strong>sed</strong></span> <span class='ocrx_word' id='word_1_39' title='bbox 822 400 856 429; x_wconf 86' lang='lat' dir='ltr'><strong>de</strong></span> <span class='ocrx_word' id='word_1_40' title='bbox 868 398 1052 436; x_wconf 79' lang='lat' dir='ltr'><strong>significantiis</strong></span> <span class='ocrx_word' id='word_1_41' title='bbox 1064 399 1161 427; x_wconf 89' lang='lat' dir='ltr'><strong>obum-</strong></span> 
     </span>
    </p>
   </div>
   <div class='ocr_carea' id='block_1_8' title="bbox 363 446 1162 484">
    <p class='ocr_par' dir='ltr' id='par_1_8' title="bbox 363 446 1162 484">
     <span class='ocr_line' id='line_1_8' title="bbox 363 446 1162 484; baseline -0.005 -8"><span class='ocrx_word' id='word_1_42' title='bbox 363 448 450 483; x_wconf 83' lang='lat' dir='ltr'><strong>brata,</strong></span> <span class='ocrx_word' id='word_1_43' title='bbox 471 448 496 476; x_wconf 92' lang='lat' dir='ltr'><strong>in</strong></span> <span class='ocrx_word' id='word_1_44' title='bbox 512 448 609 484; x_wconf 80' lang='lat' dir='ltr'><strong>quibus</strong></span> <span class='ocrx_word' id='word_1_45' title='bbox 624 447 755 484; x_wconf 74' lang='lat' dir='ltr'><strong>sapientia</strong></span> <span class='ocrx_word' id='word_1_46' title='bbox 772 447 819 475; x_wconf 88' lang='lat' dir='ltr'><strong>Dei</strong></span> <span class='ocrx_word' id='word_1_47' title='bbox 833 446 1010 475; x_wconf 88' lang='lat' dir='ltr'><strong>delitescebat</strong></span> <span class='ocrx_word' id='word_1_48' title='bbox 1023 446 1088 473; x_wconf 89' lang='lat' dir='ltr'><strong>inter</strong></span> <span class='ocrx_word' id='word_1_49' title='bbox 1102 453 1162 480; x_wconf 84' lang='lat' dir='ltr'><strong>per-</strong></span> 
     </span>
    </p>
   </div>
   <div class='ocr_carea' id='block_1_9' title="bbox 364 491 1162 531">
    <p class='ocr_par' dir='ltr' id='par_1_9' title="bbox 364 491 1162 531">
     <span class='ocr_line' id='line_1_9' title="bbox 364 491 1162 531; baseline -0.005 -9"><span class='ocrx_word' id='word_1_50' title='bbox 364 496 454 531; x_wconf 82' lang='lat' dir='ltr'><strong>fectos,</strong></span> <span class='ocrx_word' id='word_1_51' title='bbox 482 494 618 522; x_wconf 89' lang='lat' dir='ltr'><strong>narranda</strong></span> <span class='ocrx_word' id='word_1_52' title='bbox 642 502 691 522; x_wconf 90' lang='lat' dir='ltr'><strong>suo</strong></span> <span class='ocrx_word' id='word_1_53' title='bbox 709 494 735 521; x_wconf 93' lang='lat' dir='ltr'><strong>in</strong></span> <span class='ocrx_word' id='word_1_54' title='bbox 758 498 888 528; x_wconf 85' lang='lat' dir='ltr'><strong>tempore,</strong></span> <span class='ocrx_word' id='word_1_55' title='bbox 909 492 1039 528; x_wconf 80' lang='lat' dir='ltr'><strong>proposita</strong></span> <span class='ocrx_word' id='word_1_56' title='bbox 1057 499 1115 519; x_wconf 80' lang='lat' dir='ltr'><strong>vero</strong></span> <span class='ocrx_word' id='word_1_57' title='bbox 1135 491 1162 518; x_wconf 86' lang='lat' dir='ltr'><strong>in</strong></span> 
     </span>
    </p>
   </div>
   <div class='ocr_carea' id='block_1_10' title="bbox 362 536 1162 576">
    <p class='ocr_par' dir='ltr' id='par_1_10' title="bbox 362 536 1162 576">
     <span class='ocr_line' id='line_1_10' title="bbox 362 536 1162 576; baseline -0.006 -8"><span class='ocrx_word' id='word_1_58' title='bbox 362 540 492 576; x_wconf 83' lang='lat' dir='ltr'><strong>proposito</strong></span> <span class='ocrx_word' id='word_1_59' title='bbox 506 539 554 568; x_wconf 81' lang='lat' dir='ltr'><strong>Dei</strong></span> <span class='ocrx_word' id='word_1_60' title='bbox 563 545 622 567; x_wconf 87' lang='lat' dir='ltr'><strong>ante</strong></span> <span class='ocrx_word' id='word_1_61' title='bbox 637 538 741 567; x_wconf 70' lang='lat' dir='ltr'><strong>sarcula.</strong></span> <span class='ocrx_word' id='word_1_62' title='bbox 756 539 837 574; x_wconf 83' lang='lat' dir='ltr'><strong>Cujus</strong></span> <span class='ocrx_word' id='word_1_63' title='bbox 851 543 879 566; x_wconf 91' lang='lat' dir='ltr'><strong>et</strong></span> <span class='ocrx_word' id='word_1_64' title='bbox 891 537 1000 570; x_wconf 76' lang='lat' dir='ltr'><strong>saecula,</strong></span> <span class='ocrx_word' id='word_1_65' title='bbox 1015 537 1067 564; x_wconf 91' lang='lat' dir='ltr'><strong>nisi</strong></span> <span class='ocrx_word' id='word_1_66' title='bbox 1081 536 1162 565; x_wconf 88' lang='lat' dir='ltr'><strong>Crea-</strong></span> 
     </span>
    </p>
   </div>
   <div class='ocr_carea' id='block_1_11' title="bbox 362 584 1160 620">
    <p class='ocr_par' dir='ltr' id='par_1_11' title="bbox 362 584 1160 620">
     <span class='ocr_line' id='line_1_11' title="bbox 362 584 1160 620; baseline -0.004 -8"><span class='ocrx_word' id='word_1_67' title='bbox 362 586 447 614; x_wconf 73' lang='lat' dir='ltr'><strong>toris?</strong></span> <span class='ocrx_word' id='word_1_68' title='bbox 466 585 494 614; x_wconf 88' lang='lat' dir='ltr'><strong>Si</strong></span> <span class='ocrx_word' id='word_1_69' title='bbox 516 587 589 614; x_wconf 87' lang='lat' dir='ltr'><strong>enim</strong></span> <span class='ocrx_word' id='word_1_70' title='bbox 615 590 642 613; x_wconf 89' lang='lat' dir='ltr'><strong>et</strong></span> <span class='ocrx_word' id='word_1_71' title='bbox 663 585 761 613; x_wconf 73' lang='lat' dir='ltr'><strong>sa3cula</strong></span> <span class='ocrx_word' id='word_1_72' title='bbox 782 584 947 620; x_wconf 88' lang='lat' dir='ltr'><strong>temporibus</strong></span> <span class='ocrx_word' id='word_1_73' title='bbox 968 587 1069 611; x_wconf 87' lang='lat' dir='ltr'><strong>structa</strong></span> <span class='ocrx_word' id='word_1_74' title='bbox 1083 587 1160 615; x_wconf 90' lang='lat' dir='ltr'><strong>sunt;</strong></span> 
     </span>
    </p>
   </div>
   <div class='ocr_carea' id='block_1_12' title="bbox 363 628 1163 667">
    <p class='ocr_par' dir='ltr' id='par_1_12' title="bbox 363 628 1163 667">
     <span class='ocr_line' id='line_1_12' title="bbox 363 628 1163 667; baseline -0.005 -7"><span class='ocrx_word' id='word_1_75' title='bbox 363 637 484 667; x_wconf 84' lang='lat' dir='ltr'><strong>tempora</strong></span> <span class='ocrx_word' id='word_1_76' title='bbox 499 637 590 660; x_wconf 87' lang='lat' dir='ltr'><strong>autem</strong></span> <span class='ocrx_word' id='word_1_77' title='bbox 606 631 701 659; x_wconf 89' lang='lat' dir='ltr'><strong>diebus</strong></span> <span class='ocrx_word' id='word_1_78' title='bbox 715 636 742 659; x_wconf 89' lang='lat' dir='ltr'><strong>et</strong></span> <span class='ocrx_word' id='word_1_79' title='bbox 755 630 893 658; x_wconf 81' lang='lat' dir='ltr'><strong>mensibus</strong></span> <span class='ocrx_word' id='word_1_80' title='bbox 909 635 937 658; x_wconf 91' lang='lat' dir='ltr'><strong>et</strong></span> <span class='ocrx_word' id='word_1_81' title='bbox 950 629 1028 657; x_wconf 90' lang='lat' dir='ltr'><strong>annis</strong></span> <span class='ocrx_word' id='word_1_82' title='bbox 1041 628 1163 664; x_wconf 86' lang='lat' dir='ltr'><strong>compin-</strong></span> 
     </span>
    </p>
   </div>
   <div class='ocr_carea' id='block_1_13' title="bbox 360 675 1162 715">
    <p class='ocr_par' dir='ltr' id='par_1_13' title="bbox 360 675 1162 715">
     <span class='ocr_line' id='line_1_13' title="bbox 360 675 1162 715; baseline -0.005 -9"><span class='ocrx_word' id='word_1_83' title='bbox 360 684 477 715; x_wconf 84' lang='lat' dir='ltr'><strong>guntur;</strong></span> <span class='ocrx_word' id='word_1_84' title='bbox 491 677 550 706; x_wconf 90' lang='lat' dir='ltr'><strong>dies</strong></span> <span class='ocrx_word' id='word_1_85' title='bbox 561 685 643 714; x_wconf 90' lang='lat' dir='ltr'><strong>porro</strong></span> <span class='ocrx_word' id='word_1_86' title='bbox 656 681 684 706; x_wconf 87' lang='lat' dir='ltr'><strong>et</strong></span> <span class='ocrx_word' id='word_1_87' title='bbox 697 685 815 710; x_wconf 88' lang='lat' dir='ltr'><strong>menses,</strong></span> <span class='ocrx_word' id='word_1_88' title='bbox 826 682 853 704; x_wconf 88' lang='lat' dir='ltr'><strong>et</strong></span> <span class='ocrx_word' id='word_1_89' title='bbox 866 676 929 703; x_wconf 88' lang='lat' dir='ltr'><strong>anni</strong></span> <span class='ocrx_word' id='word_1_90' title='bbox 942 676 1043 703; x_wconf 90' lang='lat' dir='ltr'><strong>solibus</strong></span> <span class='ocrx_word' id='word_1_91' title='bbox 1054 680 1081 702; x_wconf 90' lang='lat' dir='ltr'><strong>et</strong></span> <span class='ocrx_word' id='word_1_92' title='bbox 1092 675 1162 703; x_wconf 90' lang='lat' dir='ltr'><strong>lunis</strong></span> 
     </span>
    </p>
   </div>
   <div class='ocr_carea' id='block_1_14' title="bbox 361 720 1160 759">
    <p class='ocr_par' dir='ltr' id='par_1_14' title="bbox 361 720 1160 759">
     <span class='ocr_line' id='line_1_14' title="bbox 361 720 1160 759; baseline -0.005 -7"><span class='ocrx_word' id='word_1_93' title='bbox 361 729 390 753; x_wconf 92' lang='lat' dir='ltr'><strong>et</strong></span> <span class='ocrx_word' id='word_1_94' title='bbox 401 723 687 756; x_wconf 85' lang='lat' dir='ltr'><strong>sideribusCreatoris,</strong></span> <span class='ocrx_word' id='word_1_95' title='bbox 695 724 845 759; x_wconf 88' lang='lat' dir='ltr'><strong>signantur,</strong></span> <span class='ocrx_word' id='word_1_96' title='bbox 857 723 883 750; x_wconf 94' lang='lat' dir='ltr'><strong>iu</strong></span> <span class='ocrx_word' id='word_1_97' title='bbox 895 721 947 750; x_wconf 88' lang='lat' dir='ltr'><strong>hoc</strong></span> <span class='ocrx_word' id='word_1_98' title='bbox 961 721 994 749; x_wconf 90' lang='lat' dir='ltr'><strong>ab</strong></span> <span class='ocrx_word' id='word_1_99' title='bbox 1003 729 1036 749; x_wconf 90' lang='lat' dir='ltr'><strong>eo</strong></span> <span class='ocrx_word' id='word_1_100' title='bbox 1049 720 1160 756; x_wconf 89' lang='lat' dir='ltr'><strong>positis:</strong></span> 
     </span>
    </p>
   </div>
   <div class='ocr_carea' id='block_1_15' title="bbox 364 764 1160 803">
    <p class='ocr_par' dir='ltr' id='par_1_15' title="bbox 364 764 1160 803">
     <span class='ocr_line' id='line_1_15' title="bbox 364 764 1160 803; baseline -0.003 -10"><span class='ocrx_word' id='word_1_101' title='bbox 364 766 402 803; x_wconf 78' lang='grc' dir='ltr'><strong>(α)</strong></span> <span class='ocrx_word' id='word_1_102' title='bbox 420 766 453 794; x_wconf 85' lang='lat' dir='ltr'><strong>Et</strong></span> <span class='ocrx_word' id='word_1_103' title='bbox 471 771 546 795; x_wconf 84' lang='lat' dir='ltr'><strong>erunt</strong></span> <span class='ocrx_word' id='word_1_104' title='bbox 573 766 656 799; x_wconf 90' lang='lat' dir='ltr'><strong>enim,</strong></span> <span class='ocrx_word' id='word_1_105' title='bbox 671 766 758 802; x_wconf 78' lang='lat' dir='ltr'><strong>inquit</strong></span> <span class='ocrx_word' id='word_1_106' title='bbox 773 765 889 802; x_wconf 80' lang='lat' dir='ltr'><strong>(Genes.,</strong></span> <span class='ocrx_word' id='word_1_107' title='bbox 901 765 935 800; x_wconf 91' lang='lat' dir='ltr'><strong>I),</strong></span> <span class='ocrx_word' id='word_1_108' title='bbox 955 765 983 792; x_wconf 87' lang='lat' dir='ltr'><strong>in</strong></span> <span class='ocrx_word' id='word_1_109' title='bbox 997 764 1070 800; x_wconf 80' lang='lat' dir='ltr'><strong>signa</strong></span> <span class='ocrx_word' id='word_1_110' title='bbox 1088 772 1160 791; x_wconf 87' lang='lat' dir='ltr'><strong>men-</strong></span> 
     </span>
    </p>
   </div>
   <div class='ocr_carea' id='block_1_16' title="bbox 360 810 1160 848">
    <p class='ocr_par' dir='ltr' id='par_1_16' title="bbox 360 810 1160 848">
     <span class='ocr_line' id='line_1_16' title="bbox 360 810 1160 848; baseline -0.004 -8"><span class='ocrx_word' id='word_1_111' title='bbox 360 813 427 841; x_wconf 88' lang='lat' dir='ltr'><strong>sium</strong></span> <span class='ocrx_word' id='word_1_112' title='bbox 447 816 470 840; x_wconf 90' lang='lat' dir='ltr'><strong>et</strong></span> <span class='ocrx_word' id='word_1_113' title='bbox 483 820 626 840; x_wconf 83' lang='lat' dir='ltr'><strong>annorum:</strong></span> <span class='ocrx_word' id='word_1_114' title='bbox 646 817 758 848; x_wconf 86' lang='lat' dir='ltr'><strong>apparet</strong></span> <span class='ocrx_word' id='word_1_115' title='bbox 770 816 798 839; x_wconf 90' lang='lat' dir='ltr'><strong>et</strong></span> <span class='ocrx_word' id='word_1_116' title='bbox 819 811 916 839; x_wconf 78' lang='lat' dir='ltr'><strong>saecula</strong></span> <span class='ocrx_word' id='word_1_117' title='bbox 935 810 1072 839; x_wconf 85' lang='lat' dir='ltr'><strong>Creatoris</strong></span> <span class='ocrx_word' id='word_1_118' title='bbox 1084 816 1160 843; x_wconf 82' lang='lat' dir='ltr'><strong>esse;</strong></span> 
     </span>
    </p>
   </div>
   <div class='ocr_carea' id='block_1_17' title="bbox 360 857 1160 895">
    <p class='ocr_par' dir='ltr' id='par_1_17' title="bbox 360 857 1160 895">
     <span class='ocr_line' id='line_1_17' title="bbox 360 857 1160 895; baseline -0.003 -9"><span class='ocrx_word' id='word_1_119' title='bbox 360 864 388 887; x_wconf 93' lang='lat' dir='ltr'><strong>et</strong></span> <span class='ocrx_word' id='word_1_120' title='bbox 401 866 482 887; x_wconf 82' lang='lat' dir='ltr'><strong>omne</strong></span> <span class='ocrx_word' id='word_1_121' title='bbox 502 859 575 895; x_wconf 88' lang='lat' dir='ltr'><strong>quod</strong></span> <span class='ocrx_word' id='word_1_122' title='bbox 597 863 659 886; x_wconf 84' lang='lat' dir='ltr'><strong>ante</strong></span> <span class='ocrx_word' id='word_1_123' title='bbox 671 859 769 887; x_wconf 56' lang='lat' dir='ltr'><strong>saecula</strong></span> <span class='ocrx_word' id='word_1_124' title='bbox 790 858 957 894; x_wconf 88' lang='lat' dir='ltr'><strong>propositum</strong></span> <span class='ocrx_word' id='word_1_125' title='bbox 976 857 1092 889; x_wconf 85' lang='lat' dir='ltr'><strong>dicatur,</strong></span> <span class='ocrx_word' id='word_1_126' title='bbox 1107 864 1160 884; x_wconf 93' lang='lat' dir='ltr'><strong>non</strong></span> 
     </span>
    </p>
   </div>
   <div class='ocr_carea' id='block_1_18' title="bbox 359 901 1160 939">
    <p class='ocr_par' dir='ltr' id='par_1_18' title="bbox 359 901 1160 939">
     <span class='ocr_line' id='line_1_18' title="bbox 359 901 1160 939; baseline -0.004 -7"><span class='ocrx_word' id='word_1_127' title='bbox 359 905 472 932; x_wconf 78' lang='lat' dir='ltr'><strong>alterius</strong></span> <span class='ocrx_word' id='word_1_128' title='bbox 486 911 558 938; x_wconf 84' lang='lat' dir='ltr'><strong>esse,</strong></span> <span class='ocrx_word' id='word_1_129' title='bbox 572 912 652 939; x_wconf 83' lang='lat' dir='ltr'><strong>quam</strong></span> <span class='ocrx_word' id='word_1_130' title='bbox 671 903 749 939; x_wconf 89' lang='lat' dir='ltr'><strong>cujus</strong></span> <span class='ocrx_word' id='word_1_131' title='bbox 768 908 796 931; x_wconf 90' lang='lat' dir='ltr'><strong>et</strong></span> <span class='ocrx_word' id='word_1_132' title='bbox 814 903 922 931; x_wconf 63' lang='lat' dir='ltr'><strong>secula.</strong></span> <span class='ocrx_word' id='word_1_133' title='bbox 937 903 991 930; x_wconf 93' lang='lat' dir='ltr'><strong>Aut</strong></span> <span class='ocrx_word' id='word_1_134' title='bbox 1004 902 1099 937; x_wconf 90' lang='lat' dir='ltr'><strong>probet</strong></span> <span class='ocrx_word' id='word_1_135' title='bbox 1114 901 1160 929; x_wconf 89' lang='lat' dir='ltr'><strong>Dei</strong></span> 
     </span>
    </p>
   </div>
   <div class='ocr_carea' id='block_1_19' title="bbox 1215 305 2015 342">
    <p class='ocr_par' dir='ltr' id='par_1_19' title="bbox 1215 305 2015 342">
     <span class='ocr_line' id='line_1_19' title="bbox 1215 305 2015 342; baseline 0.003 -10"><span class='ocrx_word' id='word_1_136' title='bbox 1215 305 1334 339; x_wconf 54' lang='lat' dir='ltr'><strong>(Mutila,</strong></span> <span class='ocrx_word' id='word_1_137' title='bbox 1344 305 1388 341; x_wconf 82' lang='lat' dir='ltr'><strong>IV)</strong></span> <span class='ocrx_word' id='word_1_138' title='bbox 1397 305 1519 334; x_wconf 84' lang='lat' dir='ltr'><strong>diabolus</strong></span> <span class='ocrx_word' id='word_1_139' title='bbox 1528 313 1635 342; x_wconf 89' lang='lat' dir='ltr'><strong>quoque</strong></span> <span class='ocrx_word' id='word_1_140' title='bbox 1643 306 1670 333; x_wconf 92' lang='lat' dir='ltr'><strong>in</strong></span> <span class='ocrx_word' id='word_1_141' title='bbox 1681 307 1829 334; x_wconf 89' lang='lat' dir='ltr'><strong>tentatione</strong></span> <span class='ocrx_word' id='word_1_142' title='bbox 1839 307 1976 342; x_wconf 77' lang='lat' dir='ltr'><strong>cognovit;</strong></span> <span class='ocrx_word' id='word_1_143' title='bbox 1987 311 2015 334; x_wconf 90' lang='lat' dir='ltr'><strong>et</strong></span> 
     </span>
    </p>
   </div>
   <div class='ocr_carea' id='block_1_20' title="bbox 1214 351 2013 390">
    <p class='ocr_par' dir='ltr' id='par_1_20' title="bbox 1214 351 2013 390">
     <span class='ocr_line' id='line_1_20' title="bbox 1214 351 2013 390; baseline 0.001 -11"><span class='ocrx_word' id='word_1_144' title='bbox 1214 351 1362 380; x_wconf 89' lang='lat' dir='ltr'><strong>secundum</strong></span> <span class='ocrx_word' id='word_1_145' title='bbox 1384 359 1528 380; x_wconf 85' lang='lat' dir='ltr'><strong>commune</strong></span> <span class='ocrx_word' id='word_1_146' title='bbox 1552 353 1761 380; x_wconf 91' lang='lat' dir='ltr'><strong>instrumentum</strong></span> <span class='ocrx_word' id='word_1_147' title='bbox 1783 352 1859 390; x_wconf 87' lang='lat' dir='ltr'><strong>(Luc.</strong></span> <span class='ocrx_word' id='word_1_148' title='bbox 1885 353 1929 386; x_wconf 78' lang='lat' dir='ltr'><strong>IV,</strong></span> <span class='ocrx_word' id='word_1_149' title='bbox 1954 352 2013 388; x_wconf 74' lang='grc'><strong>34),</strong></span> 
     </span>
    </p>
   </div>
   <div class='ocr_carea' id='block_1_21' title="bbox 1214 398 2017 434">
    <p class='ocr_par' dir='ltr' id='par_1_21' title="bbox 1214 398 2017 434">
     <span class='ocr_line' id='line_1_21' title="bbox 1214 398 2017 434; baseline 0.002 -9"><span class='ocrx_word' id='word_1_150' title='bbox 1214 398 1323 433; x_wconf 83' lang='lat' dir='ltr'><strong>spiritus</strong></span> <span class='ocrx_word' id='word_1_151' title='bbox 1338 403 1456 434; x_wconf 80' lang='lat' dir='ltr'><strong>nequam</strong></span> <span class='ocrx_word' id='word_1_152' title='bbox 1476 398 1580 427; x_wconf 86' lang='lat' dir='ltr'><strong>sciebat</strong></span> <span class='ocrx_word' id='word_1_153' title='bbox 1602 406 1664 427; x_wconf 90' lang='lat' dir='ltr'><strong>eum</strong></span> <span class='ocrx_word' id='word_1_154' title='bbox 1685 404 1807 427; x_wconf 88' lang='lat' dir='ltr'><strong>sanctum</strong></span> <span class='ocrx_word' id='word_1_155' title='bbox 1822 399 1869 427; x_wconf 86' lang='lat' dir='ltr'><strong>Dei</strong></span> <span class='ocrx_word' id='word_1_156' title='bbox 1893 407 1965 432; x_wconf 79' lang='lat' dir='ltr'><strong>eSse,</strong></span> <span class='ocrx_word' id='word_1_157' title='bbox 1989 403 2017 427; x_wconf 85' lang='lat' dir='ltr'><strong>et</strong></span> 
     </span>
    </p>
   </div>
   <div class='ocr_carea' id='block_1_22' title="bbox 1213 444 2016 481">
    <p class='ocr_par' dir='ltr' id='par_1_22' title="bbox 1213 444 2016 481">
     <span class='ocr_line' id='line_1_22' title="bbox 1213 444 2016 481; baseline 0.002 -9"><span class='ocrx_word' id='word_1_158' title='bbox 1213 444 1303 472; x_wconf 76' lang='lat' dir='ltr'><strong>Iesum</strong></span> <span class='ocrx_word' id='word_1_159' title='bbox 1314 445 1415 479; x_wconf 89' lang='lat' dir='ltr'><strong>vocari,</strong></span> <span class='ocrx_word' id='word_1_160' title='bbox 1426 450 1454 473; x_wconf 87' lang='lat' dir='ltr'><strong>et</strong></span> <span class='ocrx_word' id='word_1_161' title='bbox 1465 445 1493 473; x_wconf 87' lang='lat' dir='ltr'><strong>in</strong></span> <span class='ocrx_word' id='word_1_162' title='bbox 1505 445 1683 481; x_wconf 87' lang='lat' dir='ltr'><strong>perditionem</strong></span> <span class='ocrx_word' id='word_1_163' title='bbox 1693 454 1787 474; x_wconf 92' lang='lat' dir='ltr'><strong>eorum</strong></span> <span class='ocrx_word' id='word_1_164' title='bbox 1799 447 1916 475; x_wconf 77' lang='lat' dir='ltr'><strong>venisse.</strong></span> <span class='ocrx_word' id='word_1_165' title='bbox 1927 446 2016 474; x_wconf 85' lang='lat' dir='ltr'><strong>Etiam</strong></span> 
     </span>
    </p>
   </div>
   <div class='ocr_carea' id='block_1_23' title="bbox 1213 492 2017 529">
    <p class='ocr_par' dir='ltr' id='par_1_23' title="bbox 1213 492 2017 529">
     <span class='ocr_line' id='line_1_23' title="bbox 1213 492 2017 529; baseline 0.002 -10"><span class='ocrx_word' id='word_1_166' title='bbox 1213 492 1339 527; x_wconf 88' lang='lat' dir='ltr'><strong>parabola</strong></span> <span class='ocrx_word' id='word_1_167' title='bbox 1353 492 1431 520; x_wconf 82' lang='lat' dir='ltr'><strong>fortis</strong></span> <span class='ocrx_word' id='word_1_168' title='bbox 1449 492 1522 520; x_wconf 91' lang='lat' dir='ltr'><strong>illius</strong></span> <span class='ocrx_word' id='word_1_169' title='bbox 1535 493 1643 526; x_wconf 89' lang='lat' dir='ltr'><strong>armati,</strong></span> <span class='ocrx_word' id='word_1_170' title='bbox 1658 501 1738 529; x_wconf 90' lang='lat' dir='ltr'><strong>quem</strong></span> <span class='ocrx_word' id='word_1_171' title='bbox 1751 493 1821 521; x_wconf 91' lang='lat' dir='ltr'><strong>alius</strong></span> <span class='ocrx_word' id='word_1_172' title='bbox 1834 493 1951 522; x_wconf 83' lang='lat' dir='ltr'><strong>validior</strong></span> <span class='ocrx_word' id='word_1_173' title='bbox 1964 501 2017 529; x_wconf 77' lang='lat' dir='ltr'><strong>op-</strong></span> 
     </span>
    </p>
   </div>
   <div class='ocr_carea' id='block_1_24' title="bbox 1215 538 2014 575">
    <p class='ocr_par' dir='ltr' id='par_1_24' title="bbox 1215 538 2014 575">
     <span class='ocr_line' id='line_1_24' title="bbox 1215 538 2014 575; baseline 0.003 -10"><span class='ocrx_word' id='word_1_174' title='bbox 1215 538 1323 573; x_wconf 83' lang='lat' dir='ltr'><strong>pressit,</strong></span> <span class='ocrx_word' id='word_1_175' title='bbox 1337 543 1365 566; x_wconf 91' lang='lat' dir='ltr'><strong>et</strong></span> <span class='ocrx_word' id='word_1_176' title='bbox 1380 546 1442 566; x_wconf 88' lang='lat' dir='ltr'><strong>vasa</strong></span> <span class='ocrx_word' id='word_1_177' title='bbox 1457 538 1515 574; x_wconf 86' lang='lat' dir='ltr'><strong>ejus</strong></span> <span class='ocrx_word' id='word_1_178' title='bbox 1529 539 1670 574; x_wconf 84' lang='lat' dir='ltr'><strong>occupavit</strong></span> <span class='ocrx_word' id='word_1_179' title='bbox 1685 538 1761 575; x_wconf 88' lang='lat' dir='ltr'><strong>(Luc.</strong></span> <span class='ocrx_word' id='word_1_180' title='bbox 1776 538 1837 575; x_wconf 80' lang='lat' dir='ltr'><strong>XI),</strong></span> <span class='ocrx_word' id='word_1_181' title='bbox 1849 539 1871 567; x_wconf 90' lang='lat' dir='ltr'><strong>si</strong></span> <span class='ocrx_word' id='word_1_182' title='bbox 1887 540 1914 567; x_wconf 91' lang='lat' dir='ltr'><strong>in</strong></span> <span class='ocrx_word' id='word_1_183' title='bbox 1928 539 2014 567; x_wconf 89' lang='lat' dir='ltr'><strong>Crea-</strong></span> 
     </span>
    </p>
   </div>
   <div class='ocr_carea' id='block_1_25' title="bbox 1214 584 2017 621">
    <p class='ocr_par' dir='ltr' id='par_1_25' title="bbox 1214 584 2017 621">
     <span class='ocr_line' id='line_1_25' title="bbox 1214 584 2017 621; baseline 0.002 -10"><span class='ocrx_word' id='word_1_184' title='bbox 1214 588 1298 611; x_wconf 87' lang='lat' dir='ltr'><strong>torem</strong></span> <span class='ocrx_word' id='word_1_185' title='bbox 1313 584 1445 619; x_wconf 85' lang='lat' dir='ltr'><strong>accipitur</strong></span> <span class='ocrx_word' id='word_1_186' title='bbox 1457 585 1528 620; x_wconf 91' lang='lat' dir='ltr'><strong>apud</strong></span> <span class='ocrx_word' id='word_1_187' title='bbox 1542 584 1718 619; x_wconf 80' lang='lat' dir='ltr'><strong>Marcionem,</strong></span> <span class='ocrx_word' id='word_1_188' title='bbox 1732 585 1788 620; x_wconf 87' lang='lat' dir='ltr'><strong>jam</strong></span> <span class='ocrx_word' id='word_1_189' title='bbox 1812 593 1861 613; x_wconf 93' lang='lat' dir='ltr'><strong>nec</strong></span> <span class='ocrx_word' id='word_1_190' title='bbox 1875 585 2017 621; x_wconf 74' lang='lat' dir='ltr'><strong>ignorasse</strong></span> 
     </span>
    </p>
   </div>
   <div class='ocr_carea' id='block_1_26' title="bbox 1214 630 2018 668">
    <p class='ocr_par' dir='ltr' id='par_1_26' title="bbox 1214 630 2018 668">
     <span class='ocr_line' id='line_1_26' title="bbox 1214 630 2018 668; baseline 0.002 -10"><span class='ocrx_word' id='word_1_191' title='bbox 1214 630 1283 658; x_wconf 89' lang='lat' dir='ltr'><strong>ultra</strong></span> <span class='ocrx_word' id='word_1_192' title='bbox 1299 632 1385 666; x_wconf 90' lang='lat' dir='ltr'><strong>potttit</strong></span> <span class='ocrx_word' id='word_1_193' title='bbox 1402 630 1514 659; x_wconf 90' lang='lat' dir='ltr'><strong>Creator</strong></span> <span class='ocrx_word' id='word_1_194' title='bbox 1527 632 1610 659; x_wconf 89' lang='lat' dir='ltr'><strong>Deum</strong></span> <span class='ocrx_word' id='word_1_195' title='bbox 1630 632 1733 667; x_wconf 65' lang='lat' dir='ltr'><strong>glorias,</strong></span> <span class='ocrx_word' id='word_1_196' title='bbox 1751 631 1815 660; x_wconf 91' lang='lat' dir='ltr'><strong>dum</strong></span> <span class='ocrx_word' id='word_1_197' title='bbox 1829 632 1864 660; x_wconf 92' lang='lat' dir='ltr'><strong>ab</strong></span> <span class='ocrx_word' id='word_1_198' title='bbox 1878 640 1911 660; x_wconf 85' lang='lat' dir='ltr'><strong>eo</strong></span> <span class='ocrx_word' id='word_1_199' title='bbox 1925 632 2018 668; x_wconf 88' lang='lat' dir='ltr'><strong>oppri-</strong></span> 
     </span>
    </p>
   </div>
   <div class='ocr_carea' id='block_1_27' title="bbox 1213 677 2018 713">
    <p class='ocr_par' dir='ltr' id='par_1_27' title="bbox 1213 677 2018 713">
     <span class='ocr_line' id='line_1_27' title="bbox 1213 677 2018 713; baseline 0.001 -9"><span class='ocrx_word' id='word_1_200' title='bbox 1213 677 1310 709; x_wconf 87' lang='lat' dir='ltr'><strong>mitur;</strong></span> <span class='ocrx_word' id='word_1_201' title='bbox 1327 684 1378 705; x_wconf 91' lang='lat' dir='ltr'><strong>nec</strong></span> <span class='ocrx_word' id='word_1_202' title='bbox 1390 677 1415 704; x_wconf 94' lang='lat' dir='ltr'><strong>in</strong></span> <span class='ocrx_word' id='word_1_203' title='bbox 1431 685 1538 705; x_wconf 89' lang='lat' dir='ltr'><strong>crucem</strong></span> <span class='ocrx_word' id='word_1_204' title='bbox 1552 685 1614 706; x_wconf 88' lang='lat' dir='ltr'><strong>cum</strong></span> <span class='ocrx_word' id='word_1_205' title='bbox 1629 678 1720 713; x_wconf 84' lang='lat' dir='ltr'><strong>ﬁgere,</strong></span> <span class='ocrx_word' id='word_1_206' title='bbox 1734 677 1864 705; x_wconf 84' lang='lat' dir='ltr'><strong>adversus</strong></span> <span class='ocrx_word' id='word_1_207' title='bbox 1876 686 1957 713; x_wconf 85' lang='lat' dir='ltr'><strong>quem</strong></span> <span class='ocrx_word' id='word_1_208' title='bbox 1970 685 2018 705; x_wconf 84' lang='lat' dir='ltr'><strong>va-</strong></span> 
     </span>
    </p>
   </div>
   <div class='ocr_carea' id='block_1_28' title="bbox 1213 723 2017 760">
    <p class='ocr_par' dir='ltr' id='par_1_28' title="bbox 1213 723 2017 760">
     <span class='ocr_line' id='line_1_28' title="bbox 1213 723 2017 760; baseline 0 -8"><span class='ocrx_word' id='word_1_209' title='bbox 1213 723 1270 752; x_wconf 90' lang='lat' dir='ltr'><strong>lere</strong></span> <span class='ocrx_word' id='word_1_210' title='bbox 1284 731 1338 752; x_wconf 93' lang='lat' dir='ltr'><strong>non</strong></span> <span class='ocrx_word' id='word_1_211' title='bbox 1351 725 1450 759; x_wconf 87' lang='lat' dir='ltr'><strong>potuit;</strong></span> <span class='ocrx_word' id='word_1_212' title='bbox 1467 729 1495 752; x_wconf 92' lang='lat' dir='ltr'><strong>et</strong></span> <span class='ocrx_word' id='word_1_213' title='bbox 1504 729 1630 758; x_wconf 86' lang='lat' dir='ltr'><strong>superest</strong></span> <span class='ocrx_word' id='word_1_214' title='bbox 1644 728 1672 752; x_wconf 89' lang='lat' dir='ltr'><strong>ut</strong></span> <span class='ocrx_word' id='word_1_215' title='bbox 1685 725 1833 753; x_wconf 88' lang='lat' dir='ltr'><strong>secundum</strong></span> <span class='ocrx_word' id='word_1_216' title='bbox 1849 731 1893 752; x_wconf 90' lang='lat' dir='ltr'><strong>me</strong></span> <span class='ocrx_word' id='word_1_217' title='bbox 1905 724 2017 760; x_wconf 88' lang='lat' dir='ltr'><strong>quidem</strong></span> 
     </span>
    </p>
   </div>
   <div class='ocr_carea' id='block_1_29' title="bbox 1212 769 2019 805">
    <p class='ocr_par' dir='ltr' id='par_1_29' title="bbox 1212 769 2019 805">
     <span class='ocr_line' id='line_1_29' title="bbox 1212 769 2019 805; baseline 0.001 -8"><span class='ocrx_word' id='word_1_218' title='bbox 1212 769 1340 797; x_wconf 86' lang='lat' dir='ltr'><strong>credibile</strong></span> <span class='ocrx_word' id='word_1_219' title='bbox 1360 771 1395 797; x_wconf 85' lang='lat' dir='ltr'><strong>sit</strong></span> <span class='ocrx_word' id='word_1_220' title='bbox 1410 769 1527 798; x_wconf 77' lang='lat' dir='ltr'><strong>scientes</strong></span> <span class='ocrx_word' id='word_1_221' title='bbox 1541 769 1655 798; x_wconf 79' lang='lat' dir='ltr'><strong>virtutes</strong></span> <span class='ocrx_word' id='word_1_222' title='bbox 1676 774 1704 797; x_wconf 92' lang='lat' dir='ltr'><strong>et</strong></span> <span class='ocrx_word' id='word_1_223' title='bbox 1719 774 1867 805; x_wconf 83' lang='lat' dir='ltr'><strong>potestates</strong></span> <span class='ocrx_word' id='word_1_224' title='bbox 1880 770 2019 799; x_wconf 85' lang='lat' dir='ltr'><strong>Creatoris</strong></span> 
     </span>
    </p>
   </div>
   <div class='ocr_carea' id='block_1_30' title="bbox 1214 814 2018 852">
    <p class='ocr_par' dir='ltr' id='par_1_30' title="bbox 1214 814 2018 852">
     <span class='ocr_line' id='line_1_30' title="bbox 1214 814 2018 852; baseline 0.001 -10"><span class='ocrx_word' id='word_1_225' title='bbox 1214 814 1297 843; x_wconf 89' lang='lat' dir='ltr'><strong>Deum</strong></span> <span class='ocrx_word' id='word_1_226' title='bbox 1311 815 1403 851; x_wconf 78' lang='lat' dir='ltr'><strong>gloria:</strong></span> <span class='ocrx_word' id='word_1_227' title='bbox 1416 815 1554 843; x_wconf 88' lang='lat' dir='ltr'><strong>Christum</strong></span> <span class='ocrx_word' id='word_1_228' title='bbox 1569 822 1649 843; x_wconf 90' lang='lat' dir='ltr'><strong>suum</strong></span> <span class='ocrx_word' id='word_1_229' title='bbox 1662 815 1839 849; x_wconf 74' lang='lat' dir='ltr'><strong>crucifixisse,</strong></span> <span class='ocrx_word' id='word_1_230' title='bbox 1853 824 1904 851; x_wconf 87' lang='lat' dir='ltr'><strong>qua</strong></span> <span class='ocrx_word' id='word_1_231' title='bbox 1918 817 2018 852; x_wconf 85' lang='lat' dir='ltr'><strong>despe-</strong></span> 
     </span>
    </p>
   </div>
   <div class='ocr_carea' id='block_1_31' title="bbox 1212 860 2019 896">
    <p class='ocr_par' dir='ltr' id='par_1_31' title="bbox 1212 860 2019 896">
     <span class='ocr_line' id='line_1_31' title="bbox 1212 860 2019 896; baseline 0.001 -8"><span class='ocrx_word' id='word_1_232' title='bbox 1212 861 1316 888; x_wconf 87' lang='lat' dir='ltr'><strong>ratione</strong></span> <span class='ocrx_word' id='word_1_233' title='bbox 1330 866 1357 889; x_wconf 91' lang='lat' dir='ltr'><strong>et</strong></span> <span class='ocrx_word' id='word_1_234' title='bbox 1371 861 1480 889; x_wconf 75' lang='lat' dir='ltr'><strong>malitias</strong></span> <span class='ocrx_word' id='word_1_235' title='bbox 1494 860 1669 889; x_wconf 85' lang='lat' dir='ltr'><strong>redundantia</strong></span> <span class='ocrx_word' id='word_1_236' title='bbox 1681 862 1752 889; x_wconf 82' lang='lat' dir='ltr'><strong>servi</strong></span> <span class='ocrx_word' id='word_1_237' title='bbox 1767 868 1874 896; x_wconf 88' lang='lat' dir='ltr'><strong>quoque</strong></span> <span class='ocrx_word' id='word_1_238' title='bbox 1886 861 2019 890; x_wconf 86' lang='lat' dir='ltr'><strong>scelestis-</strong></span> 
     </span>
    </p>
   </div>
   <div class='ocr_carea' id='block_1_32' title="bbox 1212 907 2017 944">
    <p class='ocr_par' dir='ltr' id='par_1_32' title="bbox 1212 907 2017 944">
     <span class='ocr_line' id='line_1_32' title="bbox 1212 907 2017 944; baseline 0 -9"><span class='ocrx_word' id='word_1_239' title='bbox 1212 908 1273 935; x_wconf 88' lang='lat' dir='ltr'><strong>simi</strong></span> <span class='ocrx_word' id='word_1_240' title='bbox 1287 907 1411 935; x_wconf 89' lang='lat' dir='ltr'><strong>dominos</strong></span> <span class='ocrx_word' id='word_1_241' title='bbox 1426 915 1490 935; x_wconf 86' lang='lat' dir='ltr'><strong>suos</strong></span> <span class='ocrx_word' id='word_1_242' title='bbox 1503 908 1654 936; x_wconf 75' lang='lat' dir='ltr'><strong>interficere</strong></span> <span class='ocrx_word' id='word_1_243' title='bbox 1667 916 1721 935; x_wconf 92' lang='lat' dir='ltr'><strong>non</strong></span> <span class='ocrx_word' id='word_1_244' title='bbox 1731 908 1865 936; x_wconf 85' lang='lat' dir='ltr'><strong>dubitant.</strong></span> <span class='ocrx_word' id='word_1_245' title='bbox 1879 908 2017 944; x_wconf 85' lang='lat' dir='ltr'><strong>Scriptum</strong></span> 
     </span>
    </p>
   </div>
   <div class='ocr_carea' id='block_1_33' title="bbox 360 948 2017 990">
    <p class='ocr_par' dir='ltr' id='par_1_33' title="bbox 360 948 2017 990">
     <span class='ocr_line' id='line_1_33' title="bbox 360 948 2017 990; baseline 0.002 -12"><span class='ocrx_word' id='word_1_246' title='bbox 360 951 401 978; x_wconf 84' lang='lat' dir='ltr'><strong>sui</strong></span> <span class='ocrx_word' id='word_1_247' title='bbox 416 950 516 978; x_wconf 69' lang='lat' dir='ltr'><strong>saecula</strong></span> <span class='ocrx_word' id='word_1_248' title='bbox 535 949 665 983; x_wconf 79' lang='lat' dir='ltr'><strong>Marcion,</strong></span> <span class='ocrx_word' id='word_1_249' title='bbox 688 948 813 977; x_wconf 86' lang='lat' dir='ltr'><strong>ostendat</strong></span> <span class='ocrx_word' id='word_1_250' title='bbox 830 953 859 977; x_wconf 88' lang='lat' dir='ltr'><strong>et</strong></span> <span class='ocrx_word' id='word_1_251' title='bbox 879 948 1007 975; x_wconf 91' lang='lat' dir='ltr'><strong>mundum</strong></span> <span class='ocrx_word' id='word_1_252' title='bbox 1021 948 1120 983; x_wconf 87' lang='lat' dir='ltr'><strong>ipsum,</strong></span> <span class='ocrx_word' id='word_1_253' title='bbox 1134 948 1160 975; x_wconf 89' lang='lat' dir='ltr'><strong>in</strong></span> <span class='ocrx_word' id='word_1_254' title='bbox 1175 955 1200 986; x_wconf 79' lang='grc' dir='ltr'><strong>Β</strong></span> <span class='ocrx_word' id='word_1_255' title='bbox 1213 958 1253 981; x_wconf 65' lang='grc' dir='ltr'><strong>εει</strong></span> <span class='ocrx_word' id='word_1_256' title='bbox 1266 954 1337 982; x_wconf 85' lang='lat' dir='ltr'><strong>enim</strong></span> <span class='ocrx_word' id='word_1_257' title='bbox 1350 954 1420 989; x_wconf 87' lang='lat' dir='ltr'><strong>apud</strong></span> <span class='ocrx_word' id='word_1_258' title='bbox 1434 962 1478 982; x_wconf 91' lang='lat' dir='ltr'><strong>me</strong></span> <span class='ocrx_word' id='word_1_259' title='bbox 1494 953 1569 990; x_wconf 82' lang='lat' dir='ltr'><strong>(Luc.</strong></span> <span class='ocrx_word' id='word_1_260' title='bbox 1585 953 1667 987; x_wconf 81' lang='lat' dir='ltr'>XXII,</span> <span class='ocrx_word' id='word_1_261' title='bbox 1683 955 1723 990; x_wconf 74' lang='grc' dir='ltr'><strong>ὃ),</strong></span> <span class='ocrx_word' id='word_1_262' title='bbox 1739 954 1864 982; x_wconf 80' lang='lat' dir='ltr'><strong>Satanam</strong></span> <span class='ocrx_word' id='word_1_263' title='bbox 1878 955 1905 982; x_wconf 87' lang='lat' dir='ltr'><strong>in</strong></span> <span class='ocrx_word' id='word_1_264' title='bbox 1918 954 2017 982; x_wconf 75' lang='lat' dir='ltr'><strong>ludam</strong></span> 
     </span>
    </p>
   </div>
   <div class='ocr_carea' id='block_1_34' title="bbox 360 994 1160 1032">
    <p class='ocr_par' dir='ltr' id='par_1_34' title="bbox 360 994 1160 1032">
     <span class='ocr_line' id='line_1_34' title="bbox 360 994 1160 1032; baseline 0 -10"><span class='ocrx_word' id='word_1_265' title='bbox 360 1003 414 1031; x_wconf 91' lang='lat' dir='ltr'><strong>quo</strong></span> <span class='ocrx_word' id='word_1_266' title='bbox 428 996 524 1024; x_wconf 57' lang='lat' dir='ltr'><strong>sarcula</strong></span> <span class='ocrx_word' id='word_1_267' title='bbox 537 995 711 1032; x_wconf 86' lang='lat' dir='ltr'><strong>deputentur,</strong></span> <span class='ocrx_word' id='word_1_268' title='bbox 726 1003 772 1023; x_wconf 87' lang='lat' dir='ltr'><strong>vas</strong></span> <span class='ocrx_word' id='word_1_269' title='bbox 784 994 983 1031; x_wconf 88' lang='lat' dir='ltr'><strong>quodammodo</strong></span> <span class='ocrx_word' id='word_1_270' title='bbox 998 999 1160 1030; x_wconf 91' lang='lat' dir='ltr'><strong>temporum,</strong></span> 
     </span>
    </p>
   </div>
   <div class='ocr_carea' id='block_1_35' title="bbox 360 1041 1161 1078">
    <p class='ocr_par' dir='ltr' id='par_1_35' title="bbox 360 1041 1161 1078">
     <span class='ocr_line' id='line_1_35' title="bbox 360 1041 1161 1078; baseline 0.001 -8"><span class='ocrx_word' id='word_1_271' title='bbox 360 1047 387 1070; x_wconf 89' lang='lat' dir='ltr'><strong>et</strong></span> <span class='ocrx_word' id='word_1_272' title='bbox 408 1042 484 1078; x_wconf 85' lang='lat' dir='ltr'><strong>signa</strong></span> <span class='ocrx_word' id='word_1_273' title='bbox 499 1042 605 1078; x_wconf 87' lang='lat' dir='ltr'><strong>aliqua,</strong></span> <span class='ocrx_word' id='word_1_274' title='bbox 621 1043 664 1071; x_wconf 91' lang='lat' dir='ltr'><strong>vel</strong></span> <span class='ocrx_word' id='word_1_275' title='bbox 691 1048 781 1071; x_wconf 88' lang='lat' dir='ltr'><strong>ortum</strong></span> <span class='ocrx_word' id='word_1_276' title='bbox 805 1050 899 1070; x_wconf 90' lang='lat' dir='ltr'><strong>eorum</strong></span> <span class='ocrx_word' id='word_1_277' title='bbox 917 1041 967 1078; x_wconf 83' lang='grc' dir='ltr'><strong>(Ι).</strong></span> <span class='ocrx_word' id='word_1_278' title='bbox 982 1042 1010 1070; x_wconf 90' lang='lat' dir='ltr'><strong>Si</strong></span> <span class='ocrx_word' id='word_1_279' title='bbox 1034 1042 1099 1070; x_wconf 86' lang='lat' dir='ltr'><strong>nihil</strong></span> <span class='ocrx_word' id='word_1_280' title='bbox 1112 1042 1161 1071; x_wconf 91' lang='lat' dir='ltr'><strong>de-</strong></span> 
     </span>
    </p>
   </div>
   <div class='ocr_carea' id='block_1_36' title="bbox 360 1088 1161 1123">
    <p class='ocr_par' dir='ltr' id='par_1_36' title="bbox 360 1088 1161 1123">
     <span class='ocr_line' id='line_1_36' title="bbox 360 1088 1161 1123; baseline 0 -6"><span class='ocrx_word' id='word_1_281' title='bbox 360 1094 503 1123; x_wconf 85' lang='lat' dir='ltr'><strong>monstrat,</strong></span> <span class='ocrx_word' id='word_1_282' title='bbox 518 1094 640 1117; x_wconf 88' lang='lat' dir='ltr'><strong>revertor</strong></span> <span class='ocrx_word' id='word_1_283' title='bbox 653 1093 722 1117; x_wconf 91' lang='lat' dir='ltr'><strong>utet</strong></span> <span class='ocrx_word' id='word_1_284' title='bbox 737 1089 801 1117; x_wconf 89' lang='lat' dir='ltr'><strong>illud</strong></span> <span class='ocrx_word' id='word_1_285' title='bbox 816 1088 915 1117; x_wconf 82' lang='lat' dir='ltr'><strong>dicam.</strong></span> <span class='ocrx_word' id='word_1_286' title='bbox 929 1088 984 1116; x_wconf 91' lang='lat' dir='ltr'><strong>Cur</strong></span> <span class='ocrx_word' id='word_1_287' title='bbox 995 1093 1083 1116; x_wconf 81' lang='lat' dir='ltr'><strong>autem</strong></span> <span class='ocrx_word' id='word_1_288' title='bbox 1099 1093 1161 1117; x_wconf 85' lang='lat' dir='ltr'><strong>ante</strong></span> 
     </span>
    </p>
   </div>
   <div class='ocr_carea' id='block_1_37' title="bbox 360 1135 1162 1171">
    <p class='ocr_par' dir='ltr' id='par_1_37' title="bbox 360 1135 1162 1171">
     <span class='ocr_line' id='line_1_37' title="bbox 360 1135 1162 1171; baseline 0.001 -9"><span class='ocrx_word' id='word_1_289' title='bbox 360 1135 458 1163; x_wconf 67' lang='lat' dir='ltr'><strong>saecula</strong></span> <span class='ocrx_word' id='word_1_290' title='bbox 477 1135 613 1163; x_wconf 87' lang='lat' dir='ltr'><strong>Creatoris</strong></span> <span class='ocrx_word' id='word_1_291' title='bbox 629 1135 768 1171; x_wconf 91' lang='lat' dir='ltr'><strong>proposuit</strong></span> <span class='ocrx_word' id='word_1_292' title='bbox 779 1135 893 1170; x_wconf 75' lang='lat' dir='ltr'><strong>gloriam</strong></span> <span class='ocrx_word' id='word_1_293' title='bbox 909 1136 1050 1164; x_wconf 81' lang='lat' dir='ltr'><strong>nostram?</strong></span> <span class='ocrx_word' id='word_1_294' title='bbox 1070 1139 1162 1170; x_wconf 88' lang='lat' dir='ltr'><strong>posset</strong></span> 
     </span>
    </p>
   </div>
   <div class='ocr_carea' id='block_1_38' title="bbox 360 1180 1160 1216">
    <p class='ocr_par' dir='ltr' id='par_1_38' title="bbox 360 1180 1160 1216">
     <span class='ocr_line' id='line_1_38' title="bbox 360 1180 1160 1216; baseline 0.001 -9"><span class='ocrx_word' id='word_1_295' title='bbox 360 1180 446 1208; x_wconf 81' lang='lat' dir='ltr'><strong>videri</strong></span> <span class='ocrx_word' id='word_1_296' title='bbox 462 1188 521 1209; x_wconf 86' lang='lat' dir='ltr'><strong>eam</strong></span> <span class='ocrx_word' id='word_1_297' title='bbox 534 1185 598 1208; x_wconf 86' lang='lat' dir='ltr'><strong>ante</strong></span> <span class='ocrx_word' id='word_1_298' title='bbox 612 1181 710 1208; x_wconf 70' lang='lat' dir='ltr'><strong>saecula</strong></span> <span class='ocrx_word' id='word_1_299' title='bbox 729 1181 914 1216; x_wconf 85' lang='lat' dir='ltr'><strong>proposuisse,</strong></span> <span class='ocrx_word' id='word_1_300' title='bbox 927 1188 1007 1216; x_wconf 88' lang='lat' dir='ltr'><strong>qttam</strong></span> <span class='ocrx_word' id='word_1_301' title='bbox 1022 1180 1160 1208; x_wconf 92' lang='lat' dir='ltr'><strong>introduc-</strong></span> 
     </span>
    </p>
   </div>
   <div class='ocr_carea' id='block_1_39' title="bbox 361 1228 1161 1263">
    <p class='ocr_par' dir='ltr' id='par_1_39' title="bbox 361 1228 1161 1263">
     <span class='ocr_line' id='line_1_39' title="bbox 361 1228 1161 1263; baseline 0.001 -8"><span class='ocrx_word' id='word_1_302' title='bbox 361 1228 433 1255; x_wconf 89' lang='lat' dir='ltr'><strong>tiouc</strong></span> <span class='ocrx_word' id='word_1_303' title='bbox 444 1228 535 1256; x_wconf 65' lang='lat' dir='ltr'><strong>saeculi</strong></span> <span class='ocrx_word' id='word_1_304' title='bbox 547 1228 705 1256; x_wconf 88' lang='lat' dir='ltr'><strong>revelassct.</strong></span> <span class='ocrx_word' id='word_1_305' title='bbox 717 1228 752 1256; x_wconf 92' lang='lat' dir='ltr'><strong>At</strong></span> <span class='ocrx_word' id='word_1_306' title='bbox 766 1235 827 1256; x_wconf 92' lang='lat' dir='ltr'><strong>cum</strong></span> <span class='ocrx_word' id='word_1_307' title='bbox 842 1228 868 1255; x_wconf 89' lang='lat' dir='ltr'><strong>id</strong></span> <span class='ocrx_word' id='word_1_308' title='bbox 883 1228 945 1256; x_wconf 89' lang='lat' dir='ltr'><strong>facit</strong></span> <span class='ocrx_word' id='word_1_309' title='bbox 955 1235 1025 1263; x_wconf 90' lang='lat' dir='ltr'><strong>pene</strong></span> <span class='ocrx_word' id='word_1_310' title='bbox 1033 1228 1089 1263; x_wconf 86' lang='lat' dir='ltr'><strong>jam</strong></span> <span class='ocrx_word' id='word_1_311' title='bbox 1099 1229 1161 1257; x_wconf 83' lang='lat' dir='ltr'><strong>totis</strong></span> 
     </span>
    </p>
   </div>
   <div class='ocr_carea' id='block_1_40' title="bbox 359 1273 1161 1310">
    <p class='ocr_par' dir='ltr' id='par_1_40' title="bbox 359 1273 1161 1310">
     <span class='ocr_line' id='line_1_40' title="bbox 359 1273 1161 1310; baseline 0.001 -9"><span class='ocrx_word' id='word_1_312' title='bbox 359 1273 466 1302; x_wconf 71' lang='lat' dir='ltr'><strong>smculis</strong></span> <span class='ocrx_word' id='word_1_313' title='bbox 483 1273 621 1302; x_wconf 88' lang='lat' dir='ltr'><strong>Creatoris</strong></span> <span class='ocrx_word' id='word_1_314' title='bbox 644 1273 779 1309; x_wconf 89' lang='lat' dir='ltr'><strong>prodactis</strong></span> <span class='ocrx_word' id='word_1_315' title='bbox 801 1273 853 1310; x_wconf 79' lang='lat'><strong>(&#39;2),</strong></span> <span class='ocrx_word' id='word_1_316' title='bbox 879 1282 947 1302; x_wconf 88' lang='lat' dir='ltr'><strong>vane</strong></span> <span class='ocrx_word' id='word_1_317' title='bbox 967 1278 1032 1302; x_wconf 90' lang='lat' dir='ltr'><strong>ante</strong></span> <span class='ocrx_word' id='word_1_318' title='bbox 1063 1275 1161 1302; x_wconf 73' lang='lat' dir='ltr'><strong>smcula</strong></span> 
     </span>
    </p>
   </div>
   <div class='ocr_carea' id='block_1_41' title="bbox 359 1321 1161 1357">
    <p class='ocr_par' dir='ltr' id='par_1_41' title="bbox 359 1321 1161 1357">
     <span class='ocr_line' id='line_1_41' title="bbox 359 1321 1161 1357; baseline 0.001 -9"><span class='ocrx_word' id='word_1_319' title='bbox 359 1321 511 1357; x_wconf 76' lang='lat' dir='ltr'><strong>praposuit,</strong></span> <span class='ocrx_word' id='word_1_320' title='bbox 525 1326 553 1349; x_wconf 95' lang='lat' dir='ltr'><strong>et</strong></span> <span class='ocrx_word' id='word_1_321' title='bbox 575 1328 629 1349; x_wconf 91' lang='lat' dir='ltr'><strong>non</strong></span> <span class='ocrx_word' id='word_1_322' title='bbox 645 1321 730 1356; x_wconf 87' lang='lat' dir='ltr'><strong>magis</strong></span> <span class='ocrx_word' id='word_1_323' title='bbox 752 1321 820 1349; x_wconf 89' lang='lat' dir='ltr'><strong>intra</strong></span> <span class='ocrx_word' id='word_1_324' title='bbox 840 1321 948 1355; x_wconf 67' lang='lat' dir='ltr'><strong>sarcula,</strong></span> <span class='ocrx_word' id='word_1_325' title='bbox 972 1321 1043 1357; x_wconf 91' lang='lat' dir='ltr'><strong>quod</strong></span> <span class='ocrx_word' id='word_1_326' title='bbox 1058 1321 1161 1350; x_wconf 64' lang='lat' dir='ltr'><strong>revrla-</strong></span> 
     </span>
    </p>
   </div>
   <div class='ocr_carea' id='block_1_42' title="bbox 359 1366 1160 1402">
    <p class='ocr_par' dir='ltr' id='par_1_42' title="bbox 359 1366 1160 1402">
     <span class='ocr_line' id='line_1_42' title="bbox 359 1366 1160 1402; baseline 0.001 -8"><span class='ocrx_word' id='word_1_327' title='bbox 359 1373 435 1395; x_wconf 86' lang='lat' dir='ltr'><strong>turus</strong></span> <span class='ocrx_word' id='word_1_328' title='bbox 448 1371 507 1395; x_wconf 89' lang='lat' dir='ltr'><strong>erat</strong></span> <span class='ocrx_word' id='word_1_329' title='bbox 522 1374 590 1402; x_wconf 89' lang='lat' dir='ltr'><strong>pene</strong></span> <span class='ocrx_word' id='word_1_330' title='bbox 605 1371 664 1402; x_wconf 89' lang='lat' dir='ltr'><strong>post</strong></span> <span class='ocrx_word' id='word_1_331' title='bbox 677 1367 786 1395; x_wconf 72' lang='lat' dir='ltr'><strong>saecula.</strong></span> <span class='ocrx_word' id='word_1_332' title='bbox 802 1366 860 1395; x_wconf 87' lang='lat' dir='ltr'><strong>Non</strong></span> <span class='ocrx_word' id='word_1_333' title='bbox 873 1367 946 1395; x_wconf 91' lang='lat' dir='ltr'><strong>enim</strong></span> <span class='ocrx_word' id='word_1_334' title='bbox 957 1368 1017 1402; x_wconf 89' lang='lat' dir='ltr'><strong>ejus</strong></span> <span class='ocrx_word' id='word_1_335' title='bbox 1030 1372 1073 1396; x_wconf 91' lang='lat' dir='ltr'><strong>est</strong></span> <span class='ocrx_word' id='word_1_336' title='bbox 1088 1367 1160 1396; x_wconf 86' lang='lat' dir='ltr'><strong>festi-</strong></span> 
     </span>
    </p>
   </div>
   <div class='ocr_carea' id='block_1_43' title="bbox 359 1414 1157 1450">
    <p class='ocr_par' dir='ltr' id='par_1_43' title="bbox 359 1414 1157 1450">
     <span class='ocr_line' id='line_1_43' title="bbox 359 1414 1157 1450; baseline 0.001 -8"><span class='ocrx_word' id='word_1_337' title='bbox 359 1422 438 1442; x_wconf 82' lang='lat' dir='ltr'><strong>nasse</strong></span> <span class='ocrx_word' id='word_1_338' title='bbox 450 1414 475 1442; x_wconf 93' lang='lat' dir='ltr'><strong>in</strong></span> <span class='ocrx_word' id='word_1_339' title='bbox 485 1414 670 1450; x_wconf 82' lang='lat' dir='ltr'><strong>proponendo.</strong></span> <span class='ocrx_word' id='word_1_340' title='bbox 681 1415 758 1449; x_wconf 88' lang='lat' dir='ltr'><strong>cujus</strong></span> <span class='ocrx_word' id='word_1_341' title='bbox 767 1419 794 1442; x_wconf 88' lang='lat' dir='ltr'><strong>et</strong></span> <span class='ocrx_word' id='word_1_342' title='bbox 801 1415 953 1443; x_wconf 84' lang='lat' dir='ltr'><strong>retardasse</strong></span> <span class='ocrx_word' id='word_1_343' title='bbox 961 1416 987 1443; x_wconf 91' lang='lat' dir='ltr'><strong>in</strong></span> <span class='ocrx_word' id='word_1_344' title='bbox 1000 1415 1157 1443; x_wconf 89' lang='lat' dir='ltr'><strong>revelando.</strong></span> 
     </span>
    </p>
   </div>
   <div class='ocr_carea' id='block_1_44' title="bbox 357 1459 1160 1496">
    <p class='ocr_par' dir='ltr' id='par_1_44' title="bbox 357 1459 1160 1496">
     <span class='ocr_line' id='line_1_44' title="bbox 357 1459 1160 1496; baseline 0.002 -9"><span class='ocrx_word' id='word_1_345' title='bbox 357 1459 479 1488; x_wconf 84' lang='lat' dir='ltr'><strong>Creatori</strong></span> <span class='ocrx_word' id='word_1_346' title='bbox 499 1464 588 1488; x_wconf 89' lang='lat' dir='ltr'><strong>autem</strong></span> <span class='ocrx_word' id='word_1_347' title='bbox 610 1460 740 1496; x_wconf 88' lang='lat' dir='ltr'><strong>competit</strong></span> <span class='ocrx_word' id='word_1_348' title='bbox 762 1465 915 1496; x_wconf 89' lang='lat' dir='ltr'><strong>utrumque,</strong></span> <span class='ocrx_word' id='word_1_349' title='bbox 938 1466 965 1488; x_wconf 91' lang='lat' dir='ltr'><strong>et</strong></span> <span class='ocrx_word' id='word_1_350' title='bbox 986 1466 1048 1489; x_wconf 89' lang='lat' dir='ltr'><strong>ante</strong></span> <span class='ocrx_word' id='word_1_351' title='bbox 1061 1461 1160 1489; x_wconf 71' lang='lat' dir='ltr'><strong>saecula</strong></span> 
     </span>
    </p>
   </div>
   <div class='ocr_carea' id='block_1_45' title="bbox 359 1506 1161 1543">
    <p class='ocr_par' dir='ltr' id='par_1_45' title="bbox 359 1506 1161 1543">
     <span class='ocr_line' id='line_1_45' title="bbox 359 1506 1161 1543; baseline 0.004 -10"><span class='ocrx_word' id='word_1_352' title='bbox 359 1507 539 1542; x_wconf 80' lang='lat' dir='ltr'><strong>proposuisse,</strong></span> <span class='ocrx_word' id='word_1_353' title='bbox 556 1511 583 1534; x_wconf 91' lang='lat' dir='ltr'><strong>et</strong></span> <span class='ocrx_word' id='word_1_354' title='bbox 604 1506 631 1534; x_wconf 91' lang='lat' dir='ltr'><strong>in</strong></span> <span class='ocrx_word' id='word_1_355' title='bbox 646 1507 699 1534; x_wconf 84' lang='lat' dir='ltr'><strong>line</strong></span> <span class='ocrx_word' id='word_1_356' title='bbox 711 1507 872 1534; x_wconf 68' lang='lat' dir='ltr'><strong>saeculorum</strong></span> <span class='ocrx_word' id='word_1_357' title='bbox 885 1507 1038 1539; x_wconf 87' lang='lat' dir='ltr'><strong>revelasse;</strong></span> <span class='ocrx_word' id='word_1_358' title='bbox 1052 1508 1114 1543; x_wconf 85' lang='lat' dir='ltr'><strong>quia</strong></span> <span class='ocrx_word' id='word_1_359' title='bbox 1133 1512 1161 1536; x_wconf 89' lang='lat' dir='ltr'><strong>et</strong></span> 
     </span>
    </p>
   </div>
   <div class='ocr_carea' id='block_1_46' title="bbox 358 1553 1158 1589">
    <p class='ocr_par' dir='ltr' id='par_1_46' title="bbox 358 1553 1158 1589">
     <span class='ocr_line' id='line_1_46' title="bbox 358 1553 1158 1589; baseline 0.003 -9"><span class='ocrx_word' id='word_1_360' title='bbox 358 1553 429 1588; x_wconf 88' lang='lat' dir='ltr'><strong>quod</strong></span> <span class='ocrx_word' id='word_1_361' title='bbox 443 1553 584 1589; x_wconf 88' lang='lat' dir='ltr'><strong>proposuit</strong></span> <span class='ocrx_word' id='word_1_362' title='bbox 597 1557 626 1581; x_wconf 91' lang='lat' dir='ltr'><strong>et</strong></span> <span class='ocrx_word' id='word_1_363' title='bbox 635 1554 777 1586; x_wconf 90' lang='lat' dir='ltr'><strong>revelavit,</strong></span> <span class='ocrx_word' id='word_1_364' title='bbox 791 1554 883 1581; x_wconf 90' lang='lat' dir='ltr'><strong>medio</strong></span> <span class='ocrx_word' id='word_1_365' title='bbox 896 1554 983 1589; x_wconf 90' lang='lat' dir='ltr'><strong>spatio</strong></span> <span class='ocrx_word' id='word_1_366' title='bbox 996 1555 1158 1583; x_wconf 61' lang='lat' dir='ltr'><strong>saculorum</strong></span> 
     </span>
    </p>
   </div>
   <div class='ocr_carea' id='block_1_47' title="bbox 359 1598 1158 1636">
    <p class='ocr_par' dir='ltr' id='par_1_47' title="bbox 359 1598 1158 1636">
     <span class='ocr_line' id='line_1_47' title="bbox 359 1598 1158 1636; baseline 0.001 -9"><span class='ocrx_word' id='word_1_367' title='bbox 359 1598 388 1627; x_wconf 88' lang='lat' dir='ltr'><strong>in</strong></span> <span class='ocrx_word' id='word_1_368' title='bbox 417 1599 508 1635; x_wconf 81' lang='lat' dir='ltr'><strong>figuris</strong></span> <span class='ocrx_word' id='word_1_369' title='bbox 533 1603 561 1627; x_wconf 91' lang='lat' dir='ltr'><strong>et</strong></span> <span class='ocrx_word' id='word_1_370' title='bbox 584 1599 771 1634; x_wconf 78' lang='lat' dir='ltr'><strong>aenigmatibus</strong></span> <span class='ocrx_word' id='word_1_371' title='bbox 793 1603 821 1627; x_wconf 88' lang='lat' dir='ltr'><strong>et</strong></span> <span class='ocrx_word' id='word_1_372' title='bbox 844 1599 979 1636; x_wconf 88' lang='lat' dir='ltr'><strong>allegoriis</strong></span> <span class='ocrx_word' id='word_1_373' title='bbox 1006 1600 1158 1636; x_wconf 70' lang='lat' dir='ltr'><strong>prtcminis-</strong></span> 
     </span>
    </p>
   </div>
   <div class='ocr_carea' id='block_1_48' title="bbox 1213 999 2017 1036">
    <p class='ocr_par' dir='ltr' id='par_1_48' title="bbox 1213 999 2017 1036">
     <span class='ocr_line' id='line_1_48' title="bbox 1213 999 2017 1036; baseline 0.001 -9"><span class='ocrx_word' id='word_1_374' title='bbox 1213 1000 1341 1028; x_wconf 71' lang='lat' dir='ltr'><strong>introisse.</strong></span> <span class='ocrx_word' id='word_1_375' title='bbox 1352 999 1505 1028; x_wconf 88' lang='lat' dir='ltr'><strong>Secundum</strong></span> <span class='ocrx_word' id='word_1_376' title='bbox 1517 1006 1606 1028; x_wconf 87' lang='lat' dir='ltr'><strong>autem</strong></span> <span class='ocrx_word' id='word_1_377' title='bbox 1622 1000 1797 1034; x_wconf 80' lang='lat' dir='ltr'><strong>Marcionem,</strong></span> <span class='ocrx_word' id='word_1_378' title='bbox 1809 1008 1859 1028; x_wconf 88' lang='lat' dir='ltr'><strong>nec</strong></span> <span class='ocrx_word' id='word_1_379' title='bbox 1871 1000 2017 1036; x_wconf 85' lang='lat' dir='ltr'><strong>Apostolus</strong></span> 
     </span>
    </p>
   </div>
   <div class='ocr_carea' id='block_1_49' title="bbox 1213 1046 2018 1084">
    <p class='ocr_par' dir='ltr' id='par_1_49' title="bbox 1213 1046 2018 1084">
     <span class='ocr_line' id='line_1_49' title="bbox 1213 1046 2018 1084; baseline 0.001 -10"><span class='ocrx_word' id='word_1_380' title='bbox 1213 1046 1265 1075; x_wconf 88' lang='lat' dir='ltr'><strong>hoc</strong></span> <span class='ocrx_word' id='word_1_381' title='bbox 1279 1048 1339 1075; x_wconf 91' lang='lat' dir='ltr'><strong>loco</strong></span> <span class='ocrx_word' id='word_1_382' title='bbox 1349 1047 1449 1084; x_wconf 91' lang='lat' dir='ltr'><strong>patitur</strong></span> <span class='ocrx_word' id='word_1_383' title='bbox 1458 1047 1636 1082; x_wconf 86' lang='lat' dir='ltr'><strong>ignorantiam</strong></span> <span class='ocrx_word' id='word_1_384' title='bbox 1649 1046 1764 1075; x_wconf 88' lang='lat' dir='ltr'><strong>adscribi</strong></span> <span class='ocrx_word' id='word_1_385' title='bbox 1778 1047 1922 1075; x_wconf 88' lang='lat' dir='ltr'><strong>virtutibus</strong></span> <span class='ocrx_word' id='word_1_386' title='bbox 1935 1046 2018 1075; x_wconf 88' lang='lat' dir='ltr'><strong>Crea-</strong></span> 
     </span>
    </p>
   </div>
   <div class='ocr_carea' id='block_1_50' title="bbox 1212 1091 2017 1129">
    <p class='ocr_par' dir='ltr' id='par_1_50' title="bbox 1212 1091 2017 1129">
     <span class='ocr_line' id='line_1_50' title="bbox 1212 1091 2017 1129; baseline 0 -9"><span class='ocrx_word' id='word_1_387' title='bbox 1212 1093 1279 1120; x_wconf 88' lang='lat' dir='ltr'><strong>toris</strong></span> <span class='ocrx_word' id='word_1_388' title='bbox 1295 1093 1320 1120; x_wconf 91' lang='lat' dir='ltr'><strong>iu</strong></span> <span class='ocrx_word' id='word_1_389' title='bbox 1335 1093 1429 1129; x_wconf 74' lang='lat' dir='ltr'><strong>gloria:</strong></span> <span class='ocrx_word' id='word_1_390' title='bbox 1444 1093 1594 1125; x_wconf 87' lang='lat' dir='ltr'><strong>dominum,</strong></span> <span class='ocrx_word' id='word_1_391' title='bbox 1618 1093 1680 1127; x_wconf 89' lang='lat' dir='ltr'><strong>quia</strong></span> <span class='ocrx_word' id='word_1_392' title='bbox 1698 1092 1802 1119; x_wconf 87' lang='lat' dir='ltr'><strong>scilicet</strong></span> <span class='ocrx_word' id='word_1_393' title='bbox 1817 1100 1871 1119; x_wconf 94' lang='lat' dir='ltr'><strong>non</strong></span> <span class='ocrx_word' id='word_1_394' title='bbox 1887 1092 1948 1120; x_wconf 87' lang='lat' dir='ltr'><strong>illas</strong></span> <span class='ocrx_word' id='word_1_395' title='bbox 1961 1091 2017 1120; x_wconf 83' lang='lat' dir='ltr'><strong>vult</strong></span> 
     </span>
    </p>
   </div>
   <div class='ocr_carea' id='block_1_51' title="bbox 1212 1137 2016 1174">
    <p class='ocr_par' dir='ltr' id='par_1_51' title="bbox 1212 1137 2016 1174">
     <span class='ocr_line' id='line_1_51' title="bbox 1212 1137 2016 1174; baseline -0.001 -8"><span class='ocrx_word' id='word_1_396' title='bbox 1212 1138 1323 1174; x_wconf 80' lang='lat' dir='ltr'><strong>intelligi</strong></span> <span class='ocrx_word' id='word_1_397' title='bbox 1339 1139 1475 1174; x_wconf 87' lang='lat' dir='ltr'><strong>principes</strong></span> <span class='ocrx_word' id='word_1_398' title='bbox 1488 1138 1569 1174; x_wconf 87' lang='lat' dir='ltr'><strong>hujus</strong></span> <span class='ocrx_word' id='word_1_399' title='bbox 1581 1139 1643 1166; x_wconf 83' lang='lat' dir='ltr'><strong>:cvi.</strong></span> <span class='ocrx_word' id='word_1_400' title='bbox 1659 1138 1734 1172; x_wconf 86' lang='lat' dir='ltr'><strong>Quod</strong></span> <span class='ocrx_word' id='word_1_401' title='bbox 1756 1138 1779 1165; x_wconf 83' lang='lat' dir='ltr'><strong>si</strong></span> <span class='ocrx_word' id='word_1_402' title='bbox 1795 1145 1848 1165; x_wconf 92' lang='lat' dir='ltr'><strong>non</strong></span> <span class='ocrx_word' id='word_1_403' title='bbox 1862 1138 1970 1166; x_wconf 85' lang='lat' dir='ltr'><strong>videtur</strong></span> <span class='ocrx_word' id='word_1_404' title='bbox 1982 1137 2016 1165; x_wconf 88' lang='lat' dir='ltr'><strong>de</strong></span> 
     </span>
    </p>
   </div>
   <div class='ocr_carea' id='block_1_52' title="bbox 1211 1184 2015 1221">
    <p class='ocr_par' dir='ltr' id='par_1_52' title="bbox 1211 1184 2015 1221">
     <span class='ocr_line' id='line_1_52' title="bbox 1211 1184 2015 1221; baseline -0.002 -7"><span class='ocrx_word' id='word_1_405' title='bbox 1211 1185 1379 1221; x_wconf 86' lang='lat' dir='ltr'><strong>spiritalibus</strong></span> <span class='ocrx_word' id='word_1_406' title='bbox 1399 1185 1500 1213; x_wconf 79' lang='lat' dir='ltr'><strong>dixisse</strong></span> <span class='ocrx_word' id='word_1_407' title='bbox 1516 1184 1693 1220; x_wconf 87' lang='lat' dir='ltr'><strong>principibus,</strong></span> <span class='ocrx_word' id='word_1_408' title='bbox 1707 1192 1772 1219; x_wconf 84' lang='lat' dir='ltr'><strong>ergo</strong></span> <span class='ocrx_word' id='word_1_409' title='bbox 1791 1184 1826 1213; x_wconf 89' lang='lat' dir='ltr'><strong>de</strong></span> <span class='ocrx_word' id='word_1_410' title='bbox 1839 1185 2015 1213; x_wconf 76' lang='lat' dir='ltr'><strong>saecularibus</strong></span> 
     </span>
    </p>
   </div>
   <div class='ocr_carea' id='block_1_53' title="bbox 1212 1230 2014 1267">
    <p class='ocr_par' dir='ltr' id='par_1_53' title="bbox 1212 1230 2014 1267">
     <span class='ocr_line' id='line_1_53' title="bbox 1212 1230 2014 1267; baseline -0.001 -7"><span class='ocrx_word' id='word_1_411' title='bbox 1212 1233 1298 1265; x_wconf 81' lang='lat' dir='ltr'><strong>dixit;</strong></span> <span class='ocrx_word' id='word_1_412' title='bbox 1313 1232 1347 1260; x_wconf 92' lang='lat' dir='ltr'><strong>de</strong></span> <span class='ocrx_word' id='word_1_413' title='bbox 1361 1231 1460 1267; x_wconf 87' lang='lat' dir='ltr'><strong>popqu</strong></span> <span class='ocrx_word' id='word_1_414' title='bbox 1471 1230 1611 1267; x_wconf 92' lang='lat' dir='ltr'><strong>principali</strong></span> <span class='ocrx_word' id='word_1_415' title='bbox 1625 1230 1717 1266; x_wconf 89' lang='lat' dir='ltr'><strong>utique</strong></span> <span class='ocrx_word' id='word_1_416' title='bbox 1731 1238 1784 1258; x_wconf 94' lang='lat' dir='ltr'><strong>non</strong></span> <span class='ocrx_word' id='word_1_417' title='bbox 1799 1230 1870 1258; x_wconf 90' lang='lat' dir='ltr'><strong>inter</strong></span> <span class='ocrx_word' id='word_1_418' title='bbox 1880 1230 2014 1264; x_wconf 82' lang='lat' dir='ltr'><strong>nationes,</strong></span> 
     </span>
    </p>
   </div>
   <div class='ocr_carea' id='block_1_54' title="bbox 1211 1275 2015 1315">
    <p class='ocr_par' dir='ltr' id='par_1_54' title="bbox 1211 1275 2015 1315">
     <span class='ocr_line' id='line_1_54' title="bbox 1211 1275 2015 1315; baseline -0.005 -8"><span class='ocrx_word' id='word_1_419' title='bbox 1211 1280 1246 1308; x_wconf 91' lang='lat' dir='ltr'><strong>de</strong></span> <span class='ocrx_word' id='word_1_420' title='bbox 1260 1280 1325 1315; x_wconf 91' lang='lat' dir='ltr'><strong>ipsis</strong></span> <span class='ocrx_word' id='word_1_421' title='bbox 1339 1278 1512 1306; x_wconf 84' lang='lat' dir='ltr'><strong>archontibus</strong></span> <span class='ocrx_word' id='word_1_422' title='bbox 1530 1278 1599 1313; x_wconf 87' lang='lat' dir='ltr'><strong>ejus,</strong></span> <span class='ocrx_word' id='word_1_423' title='bbox 1615 1277 1649 1305; x_wconf 92' lang='lat' dir='ltr'><strong>de</strong></span> <span class='ocrx_word' id='word_1_424' title='bbox 1668 1284 1732 1312; x_wconf 87' lang='lat' dir='ltr'><strong>rege</strong></span> <span class='ocrx_word' id='word_1_425' title='bbox 1751 1276 1870 1309; x_wconf 81' lang='lat' dir='ltr'><strong>Herode,</strong></span> <span class='ocrx_word' id='word_1_426' title='bbox 1884 1276 1966 1304; x_wconf 87' lang='lat' dir='ltr'><strong>etiam</strong></span> <span class='ocrx_word' id='word_1_427' title='bbox 1981 1275 2015 1304; x_wconf 88' lang='lat' dir='ltr'><strong>de</strong></span> 
     </span>
    </p>
   </div>
   <div class='ocr_carea' id='block_1_55' title="bbox 1212 1321 2015 1361">
    <p class='ocr_par' dir='ltr' id='par_1_55' title="bbox 1212 1321 2015 1361">
     <span class='ocr_line' id='line_1_55' title="bbox 1212 1321 2015 1361; baseline -0.005 -8"><span class='ocrx_word' id='word_1_428' title='bbox 1212 1326 1340 1358; x_wconf 88' lang='lat' dir='ltr'><strong>Pilato,et</strong></span> <span class='ocrx_word' id='word_1_429' title='bbox 1351 1332 1405 1361; x_wconf 92' lang='lat' dir='ltr'><strong>quo</strong></span> <span class='ocrx_word' id='word_1_430' title='bbox 1417 1324 1503 1359; x_wconf 83' lang='lat' dir='ltr'><strong>major</strong></span> <span class='ocrx_word' id='word_1_431' title='bbox 1516 1324 1681 1359; x_wconf 87' lang='lat' dir='ltr'><strong>principatus</strong></span> <span class='ocrx_word' id='word_1_432' title='bbox 1693 1322 1772 1358; x_wconf 88' lang='lat' dir='ltr'><strong>hujus</strong></span> <span class='ocrx_word' id='word_1_433' title='bbox 1784 1322 1836 1350; x_wconf 77' lang='lat' dir='ltr'><strong>aevi</strong></span> <span class='ocrx_word' id='word_1_434' title='bbox 1849 1329 1962 1350; x_wconf 90' lang='lat' dir='ltr'><strong>romana</strong></span> <span class='ocrx_word' id='word_1_435' title='bbox 1975 1321 2015 1349; x_wconf 80' lang='lat' dir='ltr'><strong>di—</strong></span> 
     </span>
    </p>
   </div>
   <div class='ocr_carea' id='block_1_56' title="bbox 1214 1369 2014 1409">
    <p class='ocr_par' dir='ltr' id='par_1_56' title="bbox 1214 1369 2014 1409">
     <span class='ocr_line' id='line_1_56' title="bbox 1214 1369 2014 1409; baseline -0.005 -9"><span class='ocrx_word' id='word_1_436' title='bbox 1214 1372 1302 1409; x_wconf 86' lang='lat' dir='ltr'><strong>gnitas</strong></span> <span class='ocrx_word' id='word_1_437' title='bbox 1315 1371 1488 1407; x_wconf 69' lang='lat' dir='ltr'><strong>praesidebat.</strong></span> <span class='ocrx_word' id='word_1_438' title='bbox 1508 1369 1547 1397; x_wconf 90' lang='lat' dir='ltr'><strong>Ita</strong></span> <span class='ocrx_word' id='word_1_439' title='bbox 1560 1375 1659 1398; x_wconf 89' lang='lat' dir='ltr'><strong>etcum</strong></span> <span class='ocrx_word' id='word_1_440' title='bbox 1682 1369 1855 1396; x_wconf 88' lang='lat' dir='ltr'><strong>destruuntur</strong></span> <span class='ocrx_word' id='word_1_441' title='bbox 1867 1376 2014 1404; x_wconf 85' lang='lat' dir='ltr'><strong>argumen-</strong></span> 
     </span>
    </p>
   </div>
   <div class='ocr_carea' id='block_1_57' title="bbox 1211 1414 2015 1450">
    <p class='ocr_par' dir='ltr' id='par_1_57' title="bbox 1211 1414 2015 1450">
     <span class='ocr_line' id='line_1_57' title="bbox 1211 1414 2015 1450; baseline -0.005 -5"><span class='ocrx_word' id='word_1_442' title='bbox 1211 1419 1326 1446; x_wconf 78' lang='lat' dir='ltr'><strong>tationes</strong></span> <span class='ocrx_word' id='word_1_443' title='bbox 1344 1417 1458 1445; x_wconf 67' lang='lat' dir='ltr'><strong>diversas</strong></span> <span class='ocrx_word' id='word_1_444' title='bbox 1481 1416 1575 1450; x_wconf 86' lang='lat' dir='ltr'><strong>partis,</strong></span> <span class='ocrx_word' id='word_1_445' title='bbox 1597 1420 1697 1442; x_wconf 56' lang='lat' dir='ltr'><strong>nostra;</strong></span> <span class='ocrx_word' id='word_1_446' title='bbox 1718 1415 1903 1450; x_wconf 80' lang='lat' dir='ltr'><strong>expositiones</strong></span> <span class='ocrx_word' id='word_1_447' title='bbox 1927 1414 2015 1442; x_wconf 68' lang='lat' dir='ltr'><strong>aedili-</strong></span> 
     </span>
    </p>
   </div>
   <div class='ocr_carea' id='block_1_58' title="bbox 1211 1460 2012 1497">
    <p class='ocr_par' dir='ltr' id='par_1_58' title="bbox 1211 1460 2012 1497">
     <span class='ocr_line' id='line_1_58' title="bbox 1211 1460 2012 1497; baseline -0.005 -6"><span class='ocrx_word' id='word_1_448' title='bbox 1211 1468 1316 1492; x_wconf 88' lang='lat' dir='ltr'><strong>cantur.</strong></span> <span class='ocrx_word' id='word_1_449' title='bbox 1332 1462 1385 1491; x_wconf 88' lang='lat' dir='ltr'><strong>Scd</strong></span> <span class='ocrx_word' id='word_1_450' title='bbox 1397 1462 1437 1490; x_wconf 87' lang='lat' dir='ltr'><strong>vis</strong></span> <span class='ocrx_word' id='word_1_451' title='bbox 1452 1461 1541 1490; x_wconf 89' lang='lat' dir='ltr'><strong>adhuc</strong></span> <span class='ocrx_word' id='word_1_452' title='bbox 1554 1461 1668 1497; x_wconf 86' lang='lat' dir='ltr'><strong>gloriam</strong></span> <span class='ocrx_word' id='word_1_453' title='bbox 1684 1465 1804 1488; x_wconf 86' lang='lat' dir='ltr'><strong>nostram</strong></span> <span class='ocrx_word' id='word_1_454' title='bbox 1820 1460 1867 1488; x_wconf 90' lang='lat' dir='ltr'><strong>Dei</strong></span> <span class='ocrx_word' id='word_1_455' title='bbox 1883 1460 1921 1488; x_wconf 90' lang='lat' dir='ltr'><strong>tui</strong></span> <span class='ocrx_word' id='word_1_456' title='bbox 1935 1468 2012 1494; x_wconf 85' lang='lat' dir='ltr'><strong>esse,</strong></span> 
     </span>
    </p>
   </div>
   <div class='ocr_carea' id='block_1_59' title="bbox 1211 1506 2014 1545">
    <p class='ocr_par' dir='ltr' id='par_1_59' title="bbox 1211 1506 2014 1545">
     <span class='ocr_line' id='line_1_59' title="bbox 1211 1506 2014 1545; baseline -0.005 -7"><span class='ocrx_word' id='word_1_457' title='bbox 1211 1515 1237 1539; x_wconf 90' lang='lat' dir='ltr'><strong>et</strong></span> <span class='ocrx_word' id='word_1_458' title='bbox 1252 1509 1321 1545; x_wconf 92' lang='lat' dir='ltr'><strong>apud</strong></span> <span class='ocrx_word' id='word_1_459' title='bbox 1336 1517 1397 1537; x_wconf 92' lang='lat' dir='ltr'><strong>eum</strong></span> <span class='ocrx_word' id='word_1_460' title='bbox 1412 1509 1439 1537; x_wconf 94' lang='lat' dir='ltr'><strong>in</strong></span> <span class='ocrx_word' id='word_1_461' title='bbox 1450 1508 1557 1536; x_wconf 85' lang='lat' dir='ltr'><strong>occulto</strong></span> <span class='ocrx_word' id='word_1_462' title='bbox 1569 1507 1662 1541; x_wconf 88' lang='lat' dir='ltr'><strong>fuisse,</strong></span> <span class='ocrx_word' id='word_1_463' title='bbox 1680 1513 1707 1535; x_wconf 90' lang='lat' dir='ltr'><strong>et</strong></span> <span class='ocrx_word' id='word_1_464' title='bbox 1719 1515 1804 1542; x_wconf 84' lang='lat' dir='ltr'><strong>quare</strong></span> <span class='ocrx_word' id='word_1_465' title='bbox 1816 1506 1905 1535; x_wconf 87' lang='lat' dir='ltr'><strong>adhuc</strong></span> <span class='ocrx_word' id='word_1_466' title='bbox 1917 1506 2014 1535; x_wconf 89' lang='lat' dir='ltr'><strong>eodem</strong></span> 
     </span>
    </p>
   </div>
   <div class='ocr_carea' id='block_1_60' title="bbox 1210 1553 2011 1591">
    <p class='ocr_par' dir='ltr' id='par_1_60' title="bbox 1210 1553 2011 1591">
     <span class='ocr_line' id='line_1_60' title="bbox 1210 1553 2011 1591; baseline -0.005 -6"><span class='ocrx_word' id='word_1_467' title='bbox 1210 1561 1239 1586; x_wconf 94' lang='lat' dir='ltr'><strong>et</strong></span> <span class='ocrx_word' id='word_1_468' title='bbox 1253 1557 1323 1585; x_wconf 90' lang='lat' dir='ltr'><strong>Deus</strong></span> <span class='ocrx_word' id='word_1_469' title='bbox 1337 1557 1516 1585; x_wconf 88' lang='lat' dir='ltr'><strong>instrumento</strong></span> <span class='ocrx_word' id='word_1_470' title='bbox 1533 1560 1561 1584; x_wconf 92' lang='lat' dir='ltr'><strong>et</strong></span> <span class='ocrx_word' id='word_1_471' title='bbox 1579 1555 1726 1591; x_wconf 84' lang='lat' dir='ltr'><strong>Apostolus</strong></span> <span class='ocrx_word' id='word_1_472' title='bbox 1747 1555 1840 1583; x_wconf 88' lang='lat' dir='ltr'><strong>nititur</strong></span> <span class='ocrx_word' id='word_1_473' title='bbox 1863 1553 1926 1591; x_wconf 80' lang='lat'><strong>(7)?</strong></span> <span class='ocrx_word' id='word_1_474' title='bbox 1938 1553 2011 1589; x_wconf 85' lang='lat' dir='ltr'><strong>Quid</strong></span> 
     </span>
    </p>
   </div>
   <div class='ocr_carea' id='block_1_61' title="bbox 1211 1601 2015 1637">
    <p class='ocr_par' dir='ltr' id='par_1_61' title="bbox 1211 1601 2015 1637">
     <span class='ocr_line' id='line_1_61' title="bbox 1211 1601 2015 1637; baseline -0.005 -6"><span class='ocrx_word' id='word_1_475' title='bbox 1211 1603 1250 1631; x_wconf 93' lang='lat' dir='ltr'><strong>illi</strong></span> <span class='ocrx_word' id='word_1_476' title='bbox 1268 1610 1330 1631; x_wconf 88' lang='lat' dir='ltr'><strong>cum</strong></span> <span class='ocrx_word' id='word_1_477' title='bbox 1352 1601 1495 1631; x_wconf 88' lang='lat' dir='ltr'><strong>sententiis</strong></span> <span class='ocrx_word' id='word_1_478' title='bbox 1515 1601 1711 1637; x_wconf 87' lang='lat' dir='ltr'><strong>Prophetarum</strong></span> <span class='ocrx_word' id='word_1_479' title='bbox 1725 1601 1842 1637; x_wconf 70' lang='lat' dir='ltr'><strong>ubique?</strong></span> <span class='ocrx_word' id='word_1_480' title='bbox 1863 1601 1928 1634; x_wconf 82' lang='lat' dir='ltr'><strong>Quis</strong></span> <span class='ocrx_word' id='word_1_481' title='bbox 1946 1601 2015 1628; x_wconf 85' lang='lat' dir='ltr'><strong>enim</strong></span> 
     </span>
    </p>
   </div>
   <div class='ocr_carea' id='block_1_62' title="bbox 359 1646 2016 1685">
    <p class='ocr_par' dir='ltr' id='par_1_62' title="bbox 359 1646 2016 1685">
     <span class='ocr_line' id='line_1_62' title="bbox 359 1646 2016 1685; baseline 0 -12"><span class='ocrx_word' id='word_1_482' title='bbox 359 1647 439 1674; x_wconf 87' lang='lat' dir='ltr'><strong>travit</strong></span> <span class='ocrx_word' id='word_1_483' title='bbox 454 1646 507 1682; x_wconf 78' lang='lat'><strong>(5).</strong></span> <span class='ocrx_word' id='word_1_484' title='bbox 532 1646 585 1675; x_wconf 88' lang='lat' dir='ltr'><strong>Sed</strong></span> <span class='ocrx_word' id='word_1_485' title='bbox 598 1647 660 1682; x_wconf 90' lang='lat' dir='ltr'><strong>quia</strong></span> <span class='ocrx_word' id='word_1_486' title='bbox 680 1646 788 1682; x_wconf 86' lang='lat' dir='ltr'><strong>subjicit</strong></span> <span class='ocrx_word' id='word_1_487' title='bbox 805 1646 840 1674; x_wconf 88' lang='lat' dir='ltr'><strong>de</strong></span> <span class='ocrx_word' id='word_1_488' title='bbox 866 1647 950 1682; x_wconf 83' lang='lat' dir='ltr'><strong>gloria</strong></span> <span class='ocrx_word' id='word_1_489' title='bbox 964 1652 1066 1679; x_wconf 88' lang='lat' dir='ltr'><strong>nostra,</strong></span> <span class='ocrx_word' id='word_1_490' title='bbox 1086 1647 1157 1683; x_wconf 92' lang='lat' dir='ltr'><strong>quod</strong></span> <span class='ocrx_word' id='word_1_491' title='bbox 1170 1651 1194 1684; x_wconf 76' lang='grc' dir='ltr'>α</span> <span class='ocrx_word' id='word_1_492' title='bbox 1210 1649 1325 1685; x_wconf 81' lang='lat' dir='ltr'><strong>cognouit</strong></span> <span class='ocrx_word' id='word_1_493' title='bbox 1338 1656 1441 1676; x_wconf 81' lang='lat' dir='ltr'><strong>sensum</strong></span> <span class='ocrx_word' id='word_1_494' title='bbox 1460 1647 1583 1675; x_wconf 74' lang='lat' dir='ltr'><strong>Domini!</strong></span> <span class='ocrx_word' id='word_1_495' title='bbox 1598 1652 1621 1674; x_wconf 87' lang='lat' dir='ltr'><strong>et</strong></span> <span class='ocrx_word' id='word_1_496' title='bbox 1637 1647 1694 1683; x_wconf 74' lang='lat' dir='ltr'><strong>quis</strong></span> <span class='ocrx_word' id='word_1_497' title='bbox 1711 1646 1752 1674; x_wconf 90' lang='lat' dir='ltr'><strong>illi</strong></span> <span class='ocrx_word' id='word_1_498' title='bbox 1766 1647 1929 1674; x_wconf 71' lang='lat' dir='ltr'><strong>consiliarius</strong></span> <span class='ocrx_word' id='word_1_499' title='bbox 1945 1646 2016 1682; x_wconf 68' lang='lat' dir='ltr'><strong>fuit?</strong></span> 
     </span>
    </p>
   </div>
   <div class='ocr_carea' id='block_1_63' title="bbox 358 1693 1161 1729">
    <p class='ocr_par' dir='ltr' id='par_1_63' title="bbox 358 1693 1161 1729">
     <span class='ocr_line' id='line_1_63' title="bbox 358 1693 1161 1729; baseline 0.001 -9"><span class='ocrx_word' id='word_1_500' title='bbox 358 1700 413 1720; x_wconf 86' lang='lat' dir='ltr'><strong>eam</strong></span> <span class='ocrx_word' id='word_1_501' title='bbox 425 1700 498 1720; x_wconf 85' lang='lat' dir='ltr'><strong>nemo</strong></span> <span class='ocrx_word' id='word_1_502' title='bbox 513 1700 544 1720; x_wconf 77' lang='lat' dir='ltr'><strong>ea:</strong></span> <span class='ocrx_word' id='word_1_503' title='bbox 558 1693 715 1729; x_wconf 83' lang='lat' dir='ltr'><strong>principibus</strong></span> <span class='ocrx_word' id='word_1_504' title='bbox 728 1693 806 1729; x_wconf 82' lang='lat' dir='ltr'><strong>hujus</strong></span> <span class='ocrx_word' id='word_1_505' title='bbox 820 1693 867 1720; x_wconf 72' lang='lat' dir='ltr'><strong>tetri</strong></span> <span class='ocrx_word' id='word_1_506' title='bbox 881 1693 986 1721; x_wconf 81' lang='lat' dir='ltr'><strong>scierit:</strong></span> <span class='ocrx_word' id='word_1_507' title='bbox 1000 1699 1128 1727; x_wconf 69' lang='lat' dir='ltr'><strong>ceterum,</strong></span> <span class='ocrx_word' id='word_1_508' title='bbox 1139 1695 1161 1722; x_wconf 85' lang='lat' dir='ltr'><strong>si</strong></span> 
     </span>
    </p>
   </div>
   <div class='ocr_carea' id='block_1_64' title="bbox 357 1738 1161 1776">
    <p class='ocr_par' dir='ltr' id='par_1_64' title="bbox 357 1738 1161 1776">
     <span class='ocr_line' id='line_1_64' title="bbox 357 1738 1161 1776; baseline 0.002 -10"><span class='ocrx_word' id='word_1_509' title='bbox 357 1739 473 1773; x_wconf 77' lang='lat' dir='ltr'><strong>scissent,</strong></span> <span class='ocrx_word' id='word_1_510' title='bbox 483 1747 612 1773; x_wconf 76' lang='lat' dir='ltr'><strong>nunquam</strong></span> <span class='ocrx_word' id='word_1_511' title='bbox 623 1738 762 1767; x_wconf 85' lang='lat' dir='ltr'><strong>Dominum</strong></span> <span class='ocrx_word' id='word_1_512' title='bbox 772 1739 862 1775; x_wconf 70' lang='lat' dir='ltr'><strong>gloria</strong></span> <span class='ocrx_word' id='word_1_513' title='bbox 873 1740 1056 1775; x_wconf 70' lang='lat' dir='ltr'><strong>cruciﬁaa&#39;ssent</strong></span> <span class='ocrx_word' id='word_1_514' title='bbox 1062 1748 1073 1773; x_wconf 87' lang='lat'><strong>;</strong></span> <span class='ocrx_word' id='word_1_515' title='bbox 1083 1748 1161 1776; x_wconf 86' lang='lat' dir='ltr'><strong>argu-</strong></span> 
     </span>
    </p>
   </div>
   <div class='ocr_carea' id='block_1_65' title="bbox 358 1786 1160 1824">
    <p class='ocr_par' dir='ltr' id='par_1_65' title="bbox 358 1786 1160 1824">
     <span class='ocr_line' id='line_1_65' title="bbox 358 1786 1160 1824; baseline 0.004 -10"><span class='ocrx_word' id='word_1_516' title='bbox 358 1790 493 1815; x_wconf 89' lang='lat' dir='ltr'><strong>mentatur</strong></span> <span class='ocrx_word' id='word_1_517' title='bbox 505 1786 660 1821; x_wconf 66' lang='lat' dir='ltr'><strong>hereticus,</strong></span> <span class='ocrx_word' id='word_1_518' title='bbox 672 1787 744 1823; x_wconf 88' lang='lat' dir='ltr'><strong>quod</strong></span> <span class='ocrx_word' id='word_1_519' title='bbox 757 1787 893 1823; x_wconf 90' lang='lat' dir='ltr'><strong>principes</strong></span> <span class='ocrx_word' id='word_1_520' title='bbox 908 1787 987 1824; x_wconf 87' lang='lat' dir='ltr'><strong>hujus</strong></span> <span class='ocrx_word' id='word_1_521' title='bbox 999 1788 1051 1816; x_wconf 69' lang='grc' dir='ltr'><strong>τρνί</strong></span> <span class='ocrx_word' id='word_1_522' title='bbox 1068 1788 1160 1817; x_wconf 93' lang='lat' dir='ltr'><strong>Domi-</strong></span> 
     </span>
    </p>
   </div>
   <div class='ocr_carea' id='block_1_66' title="bbox 358 1832 1159 1869">
    <p class='ocr_par' dir='ltr' id='par_1_66' title="bbox 358 1832 1159 1869">
     <span class='ocr_line' id='line_1_66' title="bbox 358 1832 1159 1869; baseline 0.002 -8"><span class='ocrx_word' id='word_1_523' title='bbox 358 1840 434 1866; x_wconf 92' lang='lat' dir='ltr'><strong>num,</strong></span> <span class='ocrx_word' id='word_1_524' title='bbox 446 1833 558 1861; x_wconf 88' lang='lat' dir='ltr'><strong>alterius</strong></span> <span class='ocrx_word' id='word_1_525' title='bbox 572 1833 675 1861; x_wconf 84' lang='lat' dir='ltr'><strong>scilicet</strong></span> <span class='ocrx_word' id='word_1_526' title='bbox 690 1833 735 1862; x_wconf 91' lang='lat' dir='ltr'><strong>Dei</strong></span> <span class='ocrx_word' id='word_1_527' title='bbox 749 1832 897 1867; x_wconf 83' lang='lat' dir='ltr'><strong>Christum,</strong></span> <span class='ocrx_word' id='word_1_528' title='bbox 908 1835 981 1862; x_wconf 90' lang='lat' dir='ltr'><strong>cruci</strong></span> <span class='ocrx_word' id='word_1_529' title='bbox 989 1834 1159 1869; x_wconf 81' lang='lat' dir='ltr'><strong>conﬂxerint,</strong></span> 
     </span>
    </p>
   </div>
   <div class='ocr_carea' id='block_1_67' title="bbox 359 1879 1159 1915">
    <p class='ocr_par' dir='ltr' id='par_1_67' title="bbox 359 1879 1159 1915">
     <span class='ocr_line' id='line_1_67' title="bbox 359 1879 1159 1915; baseline 0.004 -9"><span class='ocrx_word' id='word_1_530' title='bbox 359 1885 388 1907; x_wconf 84' lang='lat' dir='ltr'><strong>ut</strong></span> <span class='ocrx_word' id='word_1_531' title='bbox 406 1883 435 1907; x_wconf 93' lang='lat' dir='ltr'><strong>et</strong></span> <span class='ocrx_word' id='word_1_532' title='bbox 454 1879 549 1907; x_wconf 87' lang='lat' dir='ltr'><strong>hocin</strong></span> <span class='ocrx_word' id='word_1_533' title='bbox 569 1879 656 1915; x_wconf 90' lang='lat' dir='ltr'><strong>ipsum</strong></span> <span class='ocrx_word' id='word_1_534' title='bbox 675 1880 779 1908; x_wconf 85' lang='lat' dir='ltr'><strong>recidat</strong></span> <span class='ocrx_word' id='word_1_535' title='bbox 809 1879 849 1915; x_wconf 76' lang='grc'><strong>(4)</strong></span> <span class='ocrx_word' id='word_1_536' title='bbox 870 1880 1038 1910; x_wconf 87' lang='lat' dir='ltr'><strong>Creatorem.</strong></span> <span class='ocrx_word' id='word_1_537' title='bbox 1063 1881 1159 1915; x_wconf 89' lang='lat' dir='ltr'><strong>Porro,</strong></span> 
     </span>
    </p>
   </div>
   <div class='ocr_carea' id='block_1_68' title="bbox 358 1924 1161 1963">
    <p class='ocr_par' dir='ltr' id='par_1_68' title="bbox 358 1924 1161 1963">
     <span class='ocr_line' id='line_1_68' title="bbox 358 1924 1161 1963; baseline 0.002 -10"><span class='ocrx_word' id='word_1_538' title='bbox 358 1925 402 1953; x_wconf 92' lang='lat' dir='ltr'><strong>cui</strong></span> <span class='ocrx_word' id='word_1_539' title='bbox 412 1932 494 1960; x_wconf 89' lang='lat' dir='ltr'><strong>supra</strong></span> <span class='ocrx_word' id='word_1_540' title='bbox 504 1924 672 1953; x_wconf 89' lang='lat' dir='ltr'><strong>ostendimus</strong></span> <span class='ocrx_word' id='word_1_541' title='bbox 690 1924 747 1962; x_wconf 87' lang='lat'><strong>(5),</strong></span> <span class='ocrx_word' id='word_1_542' title='bbox 765 1926 863 1961; x_wconf 88' lang='lat' dir='ltr'><strong>quibus</strong></span> <span class='ocrx_word' id='word_1_543' title='bbox 876 1926 963 1954; x_wconf 90' lang='lat' dir='ltr'><strong>modis</strong></span> <span class='ocrx_word' id='word_1_544' title='bbox 972 1927 1058 1963; x_wconf 81' lang='lat' dir='ltr'><strong>gloria</strong></span> <span class='ocrx_word' id='word_1_545' title='bbox 1069 1932 1161 1955; x_wconf 87' lang='lat' dir='ltr'><strong>nostra</strong></span> 
     </span>
    </p>
   </div>
   <div class='ocr_carea' id='block_1_69' title="bbox 359 1969 1159 2009">
    <p class='ocr_par' dir='ltr' id='par_1_69' title="bbox 359 1969 1159 2009">
     <span class='ocr_line' id='line_1_69' title="bbox 359 1969 1159 2009; baseline 0.006 -11"><span class='ocrx_word' id='word_1_546' title='bbox 359 1978 374 1998; x_wconf 88' lang='lat' dir='ltr'><strong>a</strong></span> <span class='ocrx_word' id='word_1_547' title='bbox 388 1969 516 1999; x_wconf 87' lang='lat' dir='ltr'><strong>Creatore</strong></span> <span class='ocrx_word' id='word_1_548' title='bbox 527 1971 562 1999; x_wconf 88' lang='lat' dir='ltr'><strong>sit</strong></span> <span class='ocrx_word' id='word_1_549' title='bbox 574 1971 737 2007; x_wconf 80' lang='lat' dir='ltr'><strong>deputanda,</strong></span> <span class='ocrx_word' id='word_1_550' title='bbox 751 1972 954 2008; x_wconf 69' lang='lat' dir='ltr'><strong>praajudicatum</strong></span> <span class='ocrx_word' id='word_1_551' title='bbox 965 1981 1028 2002; x_wconf 88' lang='lat' dir='ltr'><strong>esse</strong></span> <span class='ocrx_word' id='word_1_552' title='bbox 1039 1974 1159 2009; x_wconf 88' lang='lat' dir='ltr'><strong>debebit,</strong></span> 
     </span>
    </p>
   </div>
   <div class='ocr_carea' id='block_1_70' title="bbox 359 2017 1161 2055">
    <p class='ocr_par' dir='ltr' id='par_1_70' title="bbox 359 2017 1161 2055">
     <span class='ocr_line' id='line_1_70' title="bbox 359 2017 1161 2055; baseline 0.005 -10"><span class='ocrx_word' id='word_1_553' title='bbox 359 2025 419 2045; x_wconf 88' lang='lat' dir='ltr'><strong>eam</strong></span> <span class='ocrx_word' id='word_1_554' title='bbox 440 2025 500 2053; x_wconf 66' lang='lat' dir='ltr'><strong>qua</strong></span> <span class='ocrx_word' id='word_1_555' title='bbox 523 2017 549 2045; x_wconf 89' lang='lat' dir='ltr'><strong>in</strong></span> <span class='ocrx_word' id='word_1_556' title='bbox 567 2018 676 2046; x_wconf 88' lang='lat' dir='ltr'><strong>occulto</strong></span> <span class='ocrx_word' id='word_1_557' title='bbox 691 2018 772 2047; x_wconf 90' lang='lat' dir='ltr'><strong>fuerit</strong></span> <span class='ocrx_word' id='word_1_558' title='bbox 784 2019 855 2055; x_wconf 91' lang='lat' dir='ltr'><strong>apud</strong></span> <span class='ocrx_word' id='word_1_559' title='bbox 877 2019 1043 2055; x_wconf 90' lang='lat' dir='ltr'><strong>Creatorem,</strong></span> <span class='ocrx_word' id='word_1_560' title='bbox 1064 2022 1161 2050; x_wconf 89' lang='lat' dir='ltr'><strong>merito</strong></span> 
     </span>
    </p>
   </div>
   <div class='ocr_carea' id='block_1_71' title="bbox 359 2062 1159 2103">
    <p class='ocr_par' dir='ltr' id='par_1_71' title="bbox 359 2062 1159 2103">
     <span class='ocr_line' id='line_1_71' title="bbox 359 2062 1159 2103; baseline 0.008 -13"><span class='ocrx_word' id='word_1_561' title='bbox 359 2062 478 2098; x_wconf 86' lang='lat' dir='ltr'><strong>ignotam</strong></span> <span class='ocrx_word' id='word_1_562' title='bbox 493 2064 575 2091; x_wconf 89' lang='lat' dir='ltr'><strong>etiam</strong></span> <span class='ocrx_word' id='word_1_563' title='bbox 597 2065 633 2092; x_wconf 85' lang='lat' dir='ltr'><strong>ab</strong></span> <span class='ocrx_word' id='word_1_564' title='bbox 658 2065 784 2093; x_wconf 87' lang='lat' dir='ltr'><strong>omnibus</strong></span> <span class='ocrx_word' id='word_1_565' title='bbox 799 2064 840 2102; x_wconf 83' lang='lat'><strong>(6)</strong></span> <span class='ocrx_word' id='word_1_566' title='bbox 860 2066 1002 2095; x_wconf 88' lang='lat' dir='ltr'><strong>virttttibus</strong></span> <span class='ocrx_word' id='word_1_567' title='bbox 1020 2072 1047 2095; x_wconf 81' lang='lat' dir='ltr'><strong>et</strong></span> <span class='ocrx_word' id='word_1_568' title='bbox 1068 2073 1159 2103; x_wconf 87' lang='lat' dir='ltr'><strong>potos-</strong></span> 
     </span>
    </p>
   </div>
   <div class='ocr_carea' id='block_1_72' title="bbox 360 2108 1161 2147">
    <p class='ocr_par' dir='ltr' id='par_1_72' title="bbox 360 2108 1161 2147">
     <span class='ocr_line' id='line_1_72' title="bbox 360 2108 1161 2147; baseline 0.007 -10"><span class='ocrx_word' id='word_1_569' title='bbox 360 2110 460 2137; x_wconf 83' lang='lat' dir='ltr'><strong>tatibus</strong></span> <span class='ocrx_word' id='word_1_570' title='bbox 468 2108 614 2144; x_wconf 88' lang='lat' dir='ltr'><strong>Creatoris;</strong></span> <span class='ocrx_word' id='word_1_571' title='bbox 624 2112 685 2147; x_wconf 93' lang='lat' dir='ltr'><strong>quia</strong></span> <span class='ocrx_word' id='word_1_572' title='bbox 696 2119 746 2140; x_wconf 91' lang='lat' dir='ltr'><strong>nec</strong></span> <span class='ocrx_word' id='word_1_573' title='bbox 753 2111 860 2140; x_wconf 79' lang='lat' dir='ltr'><strong>famulis</strong></span> <span class='ocrx_word' id='word_1_574' title='bbox 870 2113 949 2141; x_wconf 88' lang='lat' dir='ltr'><strong>liceat</strong></span> <span class='ocrx_word' id='word_1_575' title='bbox 960 2114 1070 2142; x_wconf 90' lang='lat' dir='ltr'><strong>consilia</strong></span> <span class='ocrx_word' id='word_1_576' title='bbox 1080 2122 1161 2144; x_wconf 87' lang='lat' dir='ltr'><strong>nosse</strong></span> 
     </span>
    </p>
   </div>
   <div class='ocr_carea' id='block_1_73' title="bbox 360 2155 1161 2196">
    <p class='ocr_par' dir='ltr' id='par_1_73' title="bbox 360 2155 1161 2196">
     <span class='ocr_line' id='line_1_73' title="bbox 360 2155 1161 2196; baseline 0.009 -14"><span class='ocrx_word' id='word_1_577' title='bbox 360 2155 543 2190; x_wconf 87' lang='lat' dir='ltr'><strong>dominorum,</strong></span> <span class='ocrx_word' id='word_1_578' title='bbox 569 2157 668 2185; x_wconf 89' lang='lat' dir='ltr'><strong>nedum</strong></span> <span class='ocrx_word' id='word_1_579' title='bbox 693 2157 747 2185; x_wconf 90' lang='lat' dir='ltr'><strong>illis</strong></span> <span class='ocrx_word' id='word_1_580' title='bbox 766 2161 896 2193; x_wconf 89' lang='lat' dir='ltr'><strong>apostatis</strong></span> <span class='ocrx_word' id='word_1_581' title='bbox 920 2160 1034 2195; x_wconf 86' lang='lat' dir='ltr'><strong>angelis,</strong></span> <span class='ocrx_word' id='word_1_582' title='bbox 1056 2160 1161 2196; x_wconf 89' lang='lat' dir='ltr'><strong>ipsique</strong></span> 
     </span>
    </p>
   </div>
   <div class='ocr_carea' id='block_1_74' title="bbox 361 2202 1160 2241">
    <p class='ocr_par' dir='ltr' id='par_1_74' title="bbox 361 2202 1160 2241">
     <span class='ocr_line' id='line_1_74' title="bbox 361 2202 1160 2241; baseline 0.008 -12"><span class='ocrx_word' id='word_1_583' title='bbox 361 2202 473 2237; x_wconf 88' lang='lat' dir='ltr'><strong>principi</strong></span> <span class='ocrx_word' id='word_1_584' title='bbox 490 2203 712 2238; x_wconf 85' lang='lat' dir='ltr'><strong>transgressionis</strong></span> <span class='ocrx_word' id='word_1_585' title='bbox 723 2203 841 2236; x_wconf 86' lang='lat' dir='ltr'><strong>diabolo,</strong></span> <span class='ocrx_word' id='word_1_586' title='bbox 852 2212 907 2240; x_wconf 93' lang='lat' dir='ltr'><strong>quo</strong></span> <span class='ocrx_word' id='word_1_587' title='bbox 923 2206 1008 2241; x_wconf 84' lang='lat' dir='ltr'><strong>magis</strong></span> <span class='ocrx_word' id='word_1_588' title='bbox 1018 2211 1160 2235; x_wconf 83' lang='lat' dir='ltr'><strong>extraneos</strong></span> 
     </span>
    </p>
   </div>
   <div class='ocr_carea' id='block_1_75' title="bbox 360 2247 1159 2285">
    <p class='ocr_par' dir='ltr' id='par_1_75' title="bbox 360 2247 1159 2285">
     <span class='ocr_line' id='line_1_75' title="bbox 360 2247 1159 2285; baseline 0.009 -11"><span class='ocrx_word' id='word_1_589' title='bbox 360 2247 443 2275; x_wconf 87' lang='lat' dir='ltr'><strong>fuisse</strong></span> <span class='ocrx_word' id='word_1_590' title='bbox 461 2248 648 2277; x_wconf 88' lang='lat' dir='ltr'><strong>contenderim</strong></span> <span class='ocrx_word' id='word_1_591' title='bbox 670 2249 706 2277; x_wconf 88' lang='lat' dir='ltr'><strong>ob</strong></span> <span class='ocrx_word' id='word_1_592' title='bbox 717 2250 823 2285; x_wconf 87' lang='lat' dir='ltr'><strong>culpam</strong></span> <span class='ocrx_word' id='word_1_593' title='bbox 846 2250 881 2279; x_wconf 90' lang='lat' dir='ltr'><strong>ab</strong></span> <span class='ocrx_word' id='word_1_594' title='bbox 898 2251 974 2279; x_wconf 81' lang='lat' dir='ltr'><strong>omni</strong></span> <span class='ocrx_word' id='word_1_595' title='bbox 997 2252 1159 2281; x_wconf 86' lang='lat' dir='ltr'><strong>conscientia</strong></span> 
     </span>
    </p>
   </div>
   <div class='ocr_carea' id='block_1_76' title="bbox 360 2295 1160 2334">
    <p class='ocr_par' dir='ltr' id='par_1_76' title="bbox 360 2295 1160 2334">
     <span class='ocr_line' id='line_1_76' title="bbox 360 2295 1160 2334; baseline 0.005 -10"><span class='ocrx_word' id='word_1_596' title='bbox 360 2295 568 2332; x_wconf 87' lang='lat' dir='ltr'><strong>dispositionum</strong></span> <span class='ocrx_word' id='word_1_597' title='bbox 581 2295 728 2324; x_wconf 88' lang='lat' dir='ltr'><strong>Creatoris.</strong></span> <span class='ocrx_word' id='word_1_598' title='bbox 745 2296 799 2324; x_wconf 90' lang='lat' dir='ltr'><strong>Sed</strong></span> <span class='ocrx_word' id='word_1_599' title='bbox 811 2296 867 2332; x_wconf 86' lang='lat' dir='ltr'><strong>jam</strong></span> <span class='ocrx_word' id='word_1_600' title='bbox 887 2305 937 2325; x_wconf 90' lang='lat' dir='ltr'><strong>nec</strong></span> <span class='ocrx_word' id='word_1_601' title='bbox 951 2297 1016 2326; x_wconf 90' lang='lat' dir='ltr'><strong>mihi</strong></span> <span class='ocrx_word' id='word_1_602' title='bbox 1031 2300 1160 2334; x_wconf 67' lang='lat' dir='ltr'><strong>competit</strong></span> 
     </span>
    </p>
   </div>
   <div class='ocr_carea' id='block_1_77' title="bbox 1213 1692 2016 1731">
    <p class='ocr_par' dir='ltr' id='par_1_77' title="bbox 1213 1692 2016 1731">
     <span class='ocr_line' id='line_1_77' title="bbox 1213 1692 2016 1731; baseline -0.006 -7"><span class='ocrx_word' id='word_1_603' title='bbox 1213 1696 1308 1724; x_wconf 86' lang='lat' dir='ltr'><strong>Esaias</strong></span> <span class='ocrx_word' id='word_1_604' title='bbox 1320 1701 1361 1723; x_wconf 90' lang='lat' dir='ltr'><strong>est</strong></span> <span class='ocrx_word' id='word_1_605' title='bbox 1372 1694 1435 1731; x_wconf 88' lang='lat' dir='ltr'><strong>(Is.,</strong></span> <span class='ocrx_word' id='word_1_606' title='bbox 1448 1694 1504 1728; x_wconf 82' lang='lat' dir='ltr'><strong>XL,</strong></span> <span class='ocrx_word' id='word_1_607' title='bbox 1519 1692 1577 1729; x_wconf 77' lang='grc'><strong>15).</strong></span> <span class='ocrx_word' id='word_1_608' title='bbox 1588 1693 1657 1728; x_wconf 88' lang='lat' dir='ltr'><strong>Quid</strong></span> <span class='ocrx_word' id='word_1_609' title='bbox 1669 1693 1708 1721; x_wconf 91' lang='lat' dir='ltr'><strong>illi</strong></span> <span class='ocrx_word' id='word_1_610' title='bbox 1718 1692 1800 1721; x_wconf 88' lang='lat' dir='ltr'><strong>etiam</strong></span> <span class='ocrx_word' id='word_1_611' title='bbox 1809 1700 1871 1720; x_wconf 89' lang='lat' dir='ltr'><strong>cum</strong></span> <span class='ocrx_word' id='word_1_612' title='bbox 1882 1692 2016 1728; x_wconf 84' lang='lat' dir='ltr'><strong>exemplis</strong></span> 
     </span>
    </p>
   </div>
   <div class='ocr_carea' id='block_1_78' title="bbox 1213 1738 2016 1777">
    <p class='ocr_par' dir='ltr' id='par_1_78' title="bbox 1213 1738 2016 1777">
     <span class='ocr_line' id='line_1_78' title="bbox 1213 1738 2016 1777; baseline -0.004 -7"><span class='ocrx_word' id='word_1_613' title='bbox 1213 1742 1260 1771; x_wconf 90' lang='lat' dir='ltr'><strong>Dei</strong></span> <span class='ocrx_word' id='word_1_614' title='bbox 1275 1742 1377 1770; x_wconf 71' lang='lat' dir='ltr'><strong>nostri?</strong></span> <span class='ocrx_word' id='word_1_615' title='bbox 1392 1741 1460 1769; x_wconf 82' lang='lat' dir='ltr'><strong>Nam</strong></span> <span class='ocrx_word' id='word_1_616' title='bbox 1471 1740 1543 1777; x_wconf 87' lang='lat' dir='ltr'><strong>quod</strong></span> <span class='ocrx_word' id='word_1_617' title='bbox 1554 1740 1721 1768; x_wconf 80' lang='lat' dir='ltr'><strong>architectum</strong></span> <span class='ocrx_word' id='word_1_618' title='bbox 1735 1748 1766 1768; x_wconf 83' lang='lat' dir='ltr'><strong>se</strong></span> <span class='ocrx_word' id='word_1_619' title='bbox 1778 1740 1927 1777; x_wconf 71' lang='lat' dir='ltr'><strong>prudentem</strong></span> <span class='ocrx_word' id='word_1_620' title='bbox 1938 1738 2016 1767; x_wconf 84' lang='lat' dir='ltr'><strong>afﬁr-</strong></span> 
     </span>
    </p>
   </div>
   <div class='ocr_carea' id='block_1_79' title="bbox 1212 1785 2017 1823">
    <p class='ocr_par' dir='ltr' id='par_1_79' title="bbox 1212 1785 2017 1823">
     <span class='ocr_line' id='line_1_79' title="bbox 1212 1785 2017 1823; baseline -0.006 -5"><span class='ocrx_word' id='word_1_621' title='bbox 1212 1793 1278 1823; x_wconf 87' lang='lat' dir='ltr'><strong>mat,</strong></span> <span class='ocrx_word' id='word_1_622' title='bbox 1290 1789 1342 1817; x_wconf 88' lang='lat' dir='ltr'><strong>hoc</strong></span> <span class='ocrx_word' id='word_1_623' title='bbox 1352 1788 1504 1817; x_wconf 88' lang='lat' dir='ltr'><strong>invenimus</strong></span> <span class='ocrx_word' id='word_1_624' title='bbox 1514 1787 1659 1822; x_wconf 83' lang='lat' dir='ltr'><strong>significari</strong></span> <span class='ocrx_word' id='word_1_625' title='bbox 1669 1786 1853 1822; x_wconf 86' lang='lat' dir='ltr'><strong>depalatorem</strong></span> <span class='ocrx_word' id='word_1_626' title='bbox 1864 1785 2017 1821; x_wconf 71' lang='lat' dir='ltr'><strong>disciplina</strong></span> 
     </span>
    </p>
   </div>
   <div class='ocr_carea' id='block_1_80' title="bbox 1211 1831 2017 1870">
    <p class='ocr_par' dir='ltr' id='par_1_80' title="bbox 1211 1831 2017 1870">
     <span class='ocr_line' id='line_1_80' title="bbox 1211 1831 2017 1870; baseline -0.009 -5"><span class='ocrx_word' id='word_1_627' title='bbox 1211 1837 1310 1865; x_wconf 66' lang='lat' dir='ltr'><strong>divinae</strong></span> <span class='ocrx_word' id='word_1_628' title='bbox 1324 1844 1340 1864; x_wconf 92' lang='lat' dir='ltr'><strong>a</strong></span> <span class='ocrx_word' id='word_1_629' title='bbox 1354 1835 1492 1869; x_wconf 89' lang='lat' dir='ltr'><strong>Creatore,</strong></span> <span class='ocrx_word' id='word_1_630' title='bbox 1501 1841 1550 1870; x_wconf 93' lang='lat' dir='ltr'><strong>per</strong></span> <span class='ocrx_word' id='word_1_631' title='bbox 1563 1833 1668 1862; x_wconf 87' lang='lat' dir='ltr'><strong>Esaiam</strong></span> <span class='ocrx_word' id='word_1_632' title='bbox 1690 1832 1755 1870; x_wconf 85' lang='lat' dir='ltr'><strong>(ls.,</strong></span> <span class='ocrx_word' id='word_1_633' title='bbox 1769 1832 1816 1866; x_wconf 88' lang='lat' dir='ltr'>III,</span> <span class='ocrx_word' id='word_1_634' title='bbox 1828 1831 1875 1868; x_wconf 73' lang='lat'><strong>2):</strong></span> <span class='ocrx_word' id='word_1_635' title='bbox 1891 1831 2017 1868; x_wconf 71' lang='lat' dir='ltr'><strong>Auferat»</strong></span> 
     </span>
    </p>
   </div>
   <div class='ocr_carea' id='block_1_81' title="bbox 1215 1878 2017 1918">
    <p class='ocr_par' dir='ltr' id='par_1_81' title="bbox 1215 1878 2017 1918">
     <span class='ocr_line' id='line_1_81' title="bbox 1215 1878 2017 1918; baseline -0.006 -8"><span class='ocrx_word' id='word_1_636' title='bbox 1215 1883 1281 1911; x_wconf 88' lang='lat' dir='ltr'><strong>enim</strong></span> <span class='ocrx_word' id='word_1_637' title='bbox 1298 1882 1356 1918; x_wconf 87' lang='lat'><strong>(8),</strong></span> <span class='ocrx_word' id='word_1_638' title='bbox 1372 1881 1467 1917; x_wconf 90' lang='lat' dir='ltr'><strong>inquit,</strong></span> <span class='ocrx_word' id='word_1_639' title='bbox 1490 1889 1507 1907; x_wconf 90' lang='lat' dir='ltr'><strong>a</strong></span> <span class='ocrx_word' id='word_1_640' title='bbox 1525 1879 1619 1907; x_wconf 69' lang='lat' dir='ltr'><strong>Iudaea</strong></span> <span class='ocrx_word' id='word_1_641' title='bbox 1634 1879 1703 1907; x_wconf 91' lang='lat' dir='ltr'><strong>inter</strong></span> <span class='ocrx_word' id='word_1_642' title='bbox 1715 1883 1813 1907; x_wconf 61' lang='lat' dir='ltr'><strong>caetera</strong></span> <span class='ocrx_word' id='word_1_643' title='bbox 1832 1883 1856 1905; x_wconf 83' lang='lat' dir='ltr'><strong>et</strong></span> <span class='ocrx_word' id='word_1_644' title='bbox 1874 1878 2017 1913; x_wconf 77' lang='lat' dir='ltr'><strong>sapientem</strong></span> 
     </span>
    </p>
   </div>
   <div class='ocr_carea' id='block_1_82' title="bbox 1211 1923 2018 1962">
    <p class='ocr_par' dir='ltr' id='par_1_82' title="bbox 1211 1923 2018 1962">
     <span class='ocr_line' id='line_1_82' title="bbox 1211 1923 2018 1962; baseline -0.006 -6"><span class='ocrx_word' id='word_1_645' title='bbox 1211 1929 1388 1956; x_wconf 80' lang='lat' dir='ltr'><strong>architectum.</strong></span> <span class='ocrx_word' id='word_1_646' title='bbox 1402 1927 1437 1954; x_wconf 84' lang='lat' dir='ltr'><strong>Et</strong></span> <span class='ocrx_word' id='word_1_647' title='bbox 1455 1925 1584 1962; x_wconf 87' lang='lat' dir='ltr'><strong>numquid</strong></span> <span class='ocrx_word' id='word_1_648' title='bbox 1604 1924 1644 1961; x_wconf 92' lang='lat'><strong>(9)</strong></span> <span class='ocrx_word' id='word_1_649' title='bbox 1664 1925 1720 1960; x_wconf 91' lang='lat' dir='ltr'><strong>ipse</strong></span> <span class='ocrx_word' id='word_1_650' title='bbox 1734 1928 1796 1952; x_wconf 90' lang='lat' dir='ltr'><strong>tunc</strong></span> <span class='ocrx_word' id='word_1_651' title='bbox 1815 1923 1915 1952; x_wconf 86' lang='lat' dir='ltr'><strong>Paulus</strong></span> <span class='ocrx_word' id='word_1_652' title='bbox 1931 1923 2018 1951; x_wconf 83' lang='lat' dir='ltr'><strong>desti-</strong></span> 
     </span>
    </p>
   </div>
   <div class='ocr_carea' id='block_1_83' title="bbox 1212 1969 2016 2009">
    <p class='ocr_par' dir='ltr' id='par_1_83' title="bbox 1212 1969 2016 2009">
     <span class='ocr_line' id='line_1_83' title="bbox 1212 1969 2016 2009; baseline -0.007 -6"><span class='ocrx_word' id='word_1_653' title='bbox 1212 1976 1337 2009; x_wconf 87' lang='lat' dir='ltr'><strong>nabatur,</strong></span> <span class='ocrx_word' id='word_1_654' title='bbox 1351 1974 1385 2002; x_wconf 90' lang='lat' dir='ltr'><strong>de</strong></span> <span class='ocrx_word' id='word_1_655' title='bbox 1398 1973 1502 2007; x_wconf 67' lang='lat' dir='ltr'><strong>Iudaea,</strong></span> <span class='ocrx_word' id='word_1_656' title='bbox 1518 1972 1544 2000; x_wconf 92' lang='lat' dir='ltr'><strong>id</strong></span> <span class='ocrx_word' id='word_1_657' title='bbox 1558 1976 1610 2005; x_wconf 85' lang='lat' dir='ltr'><strong>est,</strong></span> <span class='ocrx_word' id='word_1_658' title='bbox 1624 1972 1658 2000; x_wconf 92' lang='lat' dir='ltr'><strong>de</strong></span> <span class='ocrx_word' id='word_1_659' title='bbox 1680 1970 1825 2007; x_wconf 84' lang='lat' dir='ltr'><strong>judaismo,</strong></span> <span class='ocrx_word' id='word_1_660' title='bbox 1841 1969 1943 1998; x_wconf 91' lang='lat' dir='ltr'><strong>auferri</strong></span> <span class='ocrx_word' id='word_1_661' title='bbox 1966 1969 2016 1997; x_wconf 85' lang='lat' dir='ltr'><strong>ha-</strong></span> 
     </span>
    </p>
   </div>
   <div class='ocr_carea' id='block_1_84' title="bbox 1212 2016 2017 2053">
    <p class='ocr_par' dir='ltr' id='par_1_84' title="bbox 1212 2016 2017 2053">
     <span class='ocr_line' id='line_1_84' title="bbox 1212 2016 2017 2053; baseline -0.007 -3"><span class='ocrx_word' id='word_1_662' title='bbox 1212 2022 1279 2050; x_wconf 84' lang='lat' dir='ltr'><strong>bens</strong></span> <span class='ocrx_word' id='word_1_663' title='bbox 1288 2021 1314 2049; x_wconf 91' lang='lat' dir='ltr'><strong>in</strong></span> <span class='ocrx_word' id='word_1_664' title='bbox 1324 2020 1531 2048; x_wconf 82' lang='lat' dir='ltr'><strong>:ediﬁcationem</strong></span> <span class='ocrx_word' id='word_1_665' title='bbox 1547 2017 1751 2052; x_wconf 88' lang='lat' dir='ltr'><strong>christianismi,</strong></span> <span class='ocrx_word' id='word_1_666' title='bbox 1761 2016 1896 2053; x_wconf 78' lang='lat' dir='ltr'><strong>positurus</strong></span> <span class='ocrx_word' id='word_1_667' title='bbox 1905 2016 2017 2047; x_wconf 89' lang='lat' dir='ltr'><strong>unicum</strong></span> 
     </span>
    </p>
   </div>
   <div class='ocr_carea' id='block_1_85' title="bbox 1212 2062 2018 2101">
    <p class='ocr_par' dir='ltr' id='par_1_85' title="bbox 1212 2062 2018 2101">
     <span class='ocr_line' id='line_1_85' title="bbox 1212 2062 2018 2101; baseline -0.007 -6"><span class='ocrx_word' id='word_1_668' title='bbox 1212 2067 1423 2099; x_wconf 82' lang='lat' dir='ltr'><strong>fundamentum,</strong></span> <span class='ocrx_word' id='word_1_669' title='bbox 1442 2064 1514 2101; x_wconf 85' lang='lat' dir='ltr'><strong>quod</strong></span> <span class='ocrx_word' id='word_1_670' title='bbox 1528 2068 1571 2093; x_wconf 88' lang='lat' dir='ltr'><strong>est</strong></span> <span class='ocrx_word' id='word_1_671' title='bbox 1581 2063 1726 2092; x_wconf 73' lang='lat' dir='ltr'><strong>Christus?</strong></span> <span class='ocrx_word' id='word_1_672' title='bbox 1737 2063 1798 2099; x_wconf 89' lang='lat' dir='ltr'><strong>quia</strong></span> <span class='ocrx_word' id='word_1_673' title='bbox 1810 2067 1839 2091; x_wconf 92' lang='lat' dir='ltr'><strong>et</strong></span> <span class='ocrx_word' id='word_1_674' title='bbox 1853 2062 1887 2090; x_wconf 90' lang='lat' dir='ltr'><strong>de</strong></span> <span class='ocrx_word' id='word_1_675' title='bbox 1903 2062 1956 2090; x_wconf 89' lang='lat' dir='ltr'><strong>hoc</strong></span> <span class='ocrx_word' id='word_1_676' title='bbox 1968 2069 2018 2098; x_wconf 89' lang='lat' dir='ltr'><strong>per</strong></span> 
     </span>
    </p>
   </div>
   <div class='ocr_carea' id='block_1_86' title="bbox 1213 2107 2016 2148">
    <p class='ocr_par' dir='ltr' id='par_1_86' title="bbox 1213 2107 2016 2148">
     <span class='ocr_line' id='line_1_86' title="bbox 1213 2107 2016 2148; baseline -0.01 -6"><span class='ocrx_word' id='word_1_677' title='bbox 1213 2113 1338 2142; x_wconf 91' lang='lat' dir='ltr'><strong>eumdem</strong></span> <span class='ocrx_word' id='word_1_678' title='bbox 1359 2111 1520 2148; x_wconf 86' lang='lat' dir='ltr'><strong>prophetam</strong></span> <span class='ocrx_word' id='word_1_679' title='bbox 1539 2109 1652 2138; x_wconf 88' lang='lat' dir='ltr'><strong>Creator</strong></span> <span class='ocrx_word' id='word_1_680' title='bbox 1670 2117 1678 2137; x_wconf 89' lang='lat'>:</span> <span class='ocrx_word' id='word_1_681' title='bbox 1695 2108 1761 2136; x_wconf 78' lang='lat' dir='ltr'><strong>Ecce</strong></span> <span class='ocrx_word' id='word_1_682' title='bbox 1772 2117 1830 2144; x_wconf 78' lang='lat' dir='ltr'><strong>ego,</strong></span> <span class='ocrx_word' id='word_1_683' title='bbox 1845 2108 1933 2143; x_wconf 89' lang='lat' dir='ltr'><strong>inquit</strong></span> <span class='ocrx_word' id='word_1_684' title='bbox 1953 2107 2016 2144; x_wconf 85' lang='lat' dir='ltr'><strong>(ls.,</strong></span> 
     </span>
    </p>
   </div>
   <div class='ocr_carea' id='block_1_87' title="bbox 1212 2153 2018 2194">
    <p class='ocr_par' dir='ltr' id='par_1_87' title="bbox 1212 2153 2018 2194">
     <span class='ocr_line' id='line_1_87' title="bbox 1212 2153 2018 2194; baseline -0.009 -6"><span class='ocrx_word' id='word_1_685' title='bbox 1212 2159 1333 2193; x_wconf 82' lang='lat' dir='ltr'><strong>XXVIII,</strong></span> <span class='ocrx_word' id='word_1_686' title='bbox 1358 2157 1417 2194; x_wconf 76' lang='grc'><strong>15).</strong></span> <span class='ocrx_word' id='word_1_687' title='bbox 1439 2157 1528 2193; x_wconf 71' lang='lat' dir='ltr'><strong>injicit:</strong></span> <span class='ocrx_word' id='word_1_688' title='bbox 1551 2156 1578 2184; x_wconf 88' lang='lat' dir='ltr'><strong>in</strong></span> <span class='ocrx_word' id='word_1_689' title='bbox 1598 2155 1767 2192; x_wconf 76' lang='lat' dir='ltr'><strong>fundamenta</strong></span> <span class='ocrx_word' id='word_1_690' title='bbox 1790 2153 1880 2183; x_wconf 68' lang='lat' dir='ltr'><strong>Sinnio</strong></span> <span class='ocrx_word' id='word_1_691' title='bbox 1902 2154 2018 2190; x_wconf 77' lang='lat' dir='ltr'><strong>lapidem</strong></span> 
     </span>
    </p>
   </div>
   <div class='ocr_carea' id='block_1_88' title="bbox 1212 2201 2018 2244">
    <p class='ocr_par' dir='ltr' id='par_1_88' title="bbox 1212 2201 2018 2244">
     <span class='ocr_line' id='line_1_88' title="bbox 1212 2201 2018 2244; baseline -0.009 -10"><span class='ocrx_word' id='word_1_692' title='bbox 1212 2207 1360 2244; x_wconf 78' lang='lat' dir='ltr'><strong>pretiosum,</strong></span> <span class='ocrx_word' id='word_1_693' title='bbox 1373 2204 1565 2237; x_wconf 77' lang='lat' dir='ltr'><strong>honorabilem;</strong></span> <span class='ocrx_word' id='word_1_694' title='bbox 1591 2207 1615 2230; x_wconf 89' lang='lat' dir='ltr'><strong>et</strong></span> <span class='ocrx_word' id='word_1_695' title='bbox 1630 2202 1673 2238; x_wconf 81' lang='lat' dir='ltr'><strong>qui</strong></span> <span class='ocrx_word' id='word_1_696' title='bbox 1686 2202 1714 2230; x_wconf 88' lang='lat' dir='ltr'><strong>in</strong></span> <span class='ocrx_word' id='word_1_697' title='bbox 1726 2209 1783 2229; x_wconf 85' lang='lat' dir='ltr'><strong>eum</strong></span> <span class='ocrx_word' id='word_1_698' title='bbox 1797 2201 1945 2234; x_wconf 76' lang='lat' dir='ltr'><strong>crediderit,</strong></span> <span class='ocrx_word' id='word_1_699' title='bbox 1966 2208 2018 2228; x_wconf 73' lang='lat' dir='ltr'><strong>non</strong></span> 
     </span>
    </p>
   </div>
   <div class='ocr_carea' id='block_1_89' title="bbox 1211 2245 2018 2287">
    <p class='ocr_par' dir='ltr' id='par_1_89' title="bbox 1211 2245 2018 2287">
     <span class='ocr_line' id='line_1_89' title="bbox 1211 2245 2018 2287; baseline -0.007 -7"><span class='ocrx_word' id='word_1_700' title='bbox 1211 2252 1391 2287; x_wconf 79' lang='lat' dir='ltr'><strong>confundetur.</strong></span> <span class='ocrx_word' id='word_1_701' title='bbox 1407 2250 1463 2278; x_wconf 86' lang='lat' dir='ltr'><strong>Nisi</strong></span> <span class='ocrx_word' id='word_1_702' title='bbox 1477 2250 1499 2277; x_wconf 87' lang='lat' dir='ltr'><strong>si</strong></span> <span class='ocrx_word' id='word_1_703' title='bbox 1515 2248 1575 2285; x_wconf 80' lang='lat' dir='ltr'><strong>(l0)</strong></span> <span class='ocrx_word' id='word_1_704' title='bbox 1589 2253 1752 2277; x_wconf 77' lang='lat' dir='ltr'><strong>structuram</strong></span> <span class='ocrx_word' id='word_1_705' title='bbox 1763 2255 1793 2276; x_wconf 83' lang='lat' dir='ltr'><strong>se</strong></span> <span class='ocrx_word' id='word_1_706' title='bbox 1807 2248 1908 2275; x_wconf 88' lang='lat' dir='ltr'><strong>terreni</strong></span> <span class='ocrx_word' id='word_1_707' title='bbox 1925 2245 2018 2282; x_wconf 86' lang='lat' dir='ltr'><strong>operis</strong></span> 
     </span>
    </p>
   </div>
   <div class='ocr_carea' id='block_1_90' title="bbox 1213 2294 2017 2334">
    <p class='ocr_par' dir='ltr' id='par_1_90' title="bbox 1213 2294 2017 2334">
     <span class='ocr_line' id='line_1_90' title="bbox 1213 2294 2017 2334; baseline -0.007 -7"><span class='ocrx_word' id='word_1_708' title='bbox 1213 2300 1282 2328; x_wconf 90' lang='lat' dir='ltr'><strong>Deus</strong></span> <span class='ocrx_word' id='word_1_709' title='bbox 1295 2298 1480 2334; x_wconf 78' lang='lat' dir='ltr'><strong>proﬁtebatur,</strong></span> <span class='ocrx_word' id='word_1_710' title='bbox 1495 2301 1525 2323; x_wconf 91' lang='lat' dir='ltr'><strong>ut</strong></span> <span class='ocrx_word' id='word_1_711' title='bbox 1537 2304 1591 2323; x_wconf 92' lang='lat' dir='ltr'><strong>non</strong></span> <span class='ocrx_word' id='word_1_712' title='bbox 1603 2294 1638 2323; x_wconf 90' lang='lat' dir='ltr'><strong>de</strong></span> <span class='ocrx_word' id='word_1_713' title='bbox 1649 2294 1758 2323; x_wconf 89' lang='lat' dir='ltr'><strong>Christo</strong></span> <span class='ocrx_word' id='word_1_714' title='bbox 1773 2302 1823 2322; x_wconf 83' lang='lat' dir='ltr'><strong>suo</strong></span> <span class='ocrx_word' id='word_1_715' title='bbox 1836 2294 2017 2329; x_wconf 83' lang='lat' dir='ltr'><strong>signiﬁcaret,</strong></span> 
     </span>
    </p>
   </div>
   <div class='ocr_carea' id='block_1_91' title="bbox 361 2340 2015 2382">
    <p class='ocr_par' dir='ltr' id='par_1_91' title="bbox 361 2340 2015 2382">
     <span class='ocr_line' id='line_1_91' title="bbox 361 2340 2015 2382; baseline -0.002 -11"><span class='ocrx_word' id='word_1_716' title='bbox 361 2343 496 2379; x_wconf 83' lang='lat' dir='ltr'><strong>principes</strong></span> <span class='ocrx_word' id='word_1_717' title='bbox 509 2343 590 2378; x_wconf 89' lang='lat' dir='ltr'><strong>hujus</strong></span> <span class='ocrx_word' id='word_1_718' title='bbox 604 2343 653 2370; x_wconf 69' lang='grc' dir='ltr'><strong>ωνί</strong></span> <span class='ocrx_word' id='word_1_719' title='bbox 665 2343 779 2372; x_wconf 83' lang='lat' dir='ltr'><strong>virtutes</strong></span> <span class='ocrx_word' id='word_1_720' title='bbox 792 2347 819 2372; x_wconf 86' lang='lat' dir='ltr'><strong>et</strong></span> <span class='ocrx_word' id='word_1_721' title='bbox 830 2348 978 2379; x_wconf 88' lang='lat' dir='ltr'><strong>potestates</strong></span> <span class='ocrx_word' id='word_1_722' title='bbox 991 2345 1160 2382; x_wconf 86' lang='lat' dir='ltr'><strong>interpretari</strong></span> <span class='ocrx_word' id='word_1_723' title='bbox 1174 2349 1201 2380; x_wconf 84' lang='grc' dir='ltr'><strong>Ῑ)</strong></span> <span class='ocrx_word' id='word_1_724' title='bbox 1214 2346 1260 2382; x_wconf 90' lang='lat' dir='ltr'><strong>qui</strong></span> <span class='ocrx_word' id='word_1_725' title='bbox 1274 2344 1380 2372; x_wconf 90' lang='lat' dir='ltr'><strong>futurus</strong></span> <span class='ocrx_word' id='word_1_726' title='bbox 1398 2348 1471 2371; x_wconf 88' lang='lat' dir='ltr'><strong>esset</strong></span> <span class='ocrx_word' id='word_1_727' title='bbox 1486 2342 1691 2370; x_wconf 87' lang='lat' dir='ltr'><strong>fundamentum</strong></span> <span class='ocrx_word' id='word_1_728' title='bbox 1709 2340 1877 2369; x_wconf 87' lang='lat' dir='ltr'><strong>credentium</strong></span> <span class='ocrx_word' id='word_1_729' title='bbox 1899 2341 1928 2368; x_wconf 91' lang='lat' dir='ltr'><strong>in</strong></span> <span class='ocrx_word' id='word_1_730' title='bbox 1942 2348 2015 2373; x_wconf 85' lang='lat' dir='ltr'><strong>eum,</strong></span> 
     </span>
    </p>
   </div>
   <div class='ocr_carea' id='block_1_92' title="bbox 360 2389 1158 2427">
    <p class='ocr_par' dir='ltr' id='par_1_92' title="bbox 360 2389 1158 2427">
     <span class='ocr_line' id='line_1_92' title="bbox 360 2389 1158 2427; baseline 0.003 -8"><span class='ocrx_word' id='word_1_731' title='bbox 360 2389 507 2422; x_wconf 87' lang='lat' dir='ltr'><strong>Creatoris.</strong></span> <span class='ocrx_word' id='word_1_732' title='bbox 522 2389 584 2426; x_wconf 88' lang='lat' dir='ltr'><strong>quia</strong></span> <span class='ocrx_word' id='word_1_733' title='bbox 599 2389 775 2425; x_wconf 87' lang='lat' dir='ltr'><strong>ignorantiam</strong></span> <span class='ocrx_word' id='word_1_734' title='bbox 789 2389 843 2418; x_wconf 84' lang='lat' dir='ltr'><strong>illis</strong></span> <span class='ocrx_word' id='word_1_735' title='bbox 856 2389 986 2419; x_wconf 89' lang='lat' dir='ltr'><strong>adscribit</strong></span> <span class='ocrx_word' id='word_1_736' title='bbox 998 2391 1158 2427; x_wconf 86' lang='lat' dir='ltr'><strong>Apostolus:</strong></span> 
     </span>
    </p>
   </div>
   <div class='ocr_carea' id='block_1_93' title="bbox 1209 2387 2017 2429">
    <p class='ocr_par' dir='ltr' id='par_1_93' title="bbox 1209 2387 2017 2429">
     <span class='ocr_line' id='line_1_93' title="bbox 1209 2387 2017 2429; baseline -0.005 -8"><span class='ocrx_word' id='word_1_737' title='bbox 1209 2400 1286 2429; x_wconf 84' lang='lat' dir='ltr'><strong>super</strong></span> <span class='ocrx_word' id='word_1_738' title='bbox 1296 2391 1364 2428; x_wconf 89' lang='lat' dir='ltr'><strong>quod</strong></span> <span class='ocrx_word' id='word_1_739' title='bbox 1372 2394 1449 2427; x_wconf 82' lang='lat' dir='ltr'><strong>prout</strong></span> <span class='ocrx_word' id='word_1_740' title='bbox 1458 2390 1563 2426; x_wconf 77' lang='lat' dir='ltr'><strong>quisque</strong></span> <span class='ocrx_word' id='word_1_741' title='bbox 1571 2387 1781 2425; x_wconf 67' lang='lat' dir='ltr'><strong>superstruxerit,</strong></span> <span class='ocrx_word' id='word_1_742' title='bbox 1791 2388 1901 2424; x_wconf 81' lang='lat' dir='ltr'><strong>dignam</strong></span> <span class='ocrx_word' id='word_1_743' title='bbox 1913 2387 2017 2417; x_wconf 83' lang='lat' dir='ltr'><strong>scilicet</strong></span> 
     </span>
    </p>
   </div>
   <div class='ocr_carea' id='block_1_94' title="bbox 988 2457 1405 2490">
    <p class='ocr_par' dir='ltr' id='par_1_94' title="bbox 988 2457 1405 2490">
     <span class='ocr_line' id='line_1_94' title="bbox 988 2457 1405 2490; baseline -0.005 -3"><span class='ocrx_word' id='word_1_744' title='bbox 988 2458 1177 2490; x_wconf 81' lang='lat' dir='ltr'><strong>LECTIONES</strong></span> <span class='ocrx_word' id='word_1_745' title='bbox 1195 2457 1405 2490; x_wconf 69' lang='lat' dir='ltr'><strong>VARIANTES.</strong></span> 
     </span>
    </p>
   </div>
   <div class='ocr_carea' id='block_1_95' title="bbox 393 2526 1164 2561">
    <p class='ocr_par' dir='ltr' id='par_1_95' title="bbox 393 2526 1164 2561">
     <span class='ocr_line' id='line_1_95' title="bbox 393 2526 1164 2561; baseline 0.004 -7"><span class='ocrx_word' id='word_1_746' title='bbox 393 2528 431 2561; x_wconf 87' lang='grc'><strong>(1)</strong></span> <span class='ocrx_word' id='word_1_747' title='bbox 451 2528 612 2554; x_wconf 79' lang='lat' dir='ltr'><strong>Omneorum</strong></span> <span class='ocrx_word' id='word_1_748' title='bbox 624 2528 701 2555; x_wconf 73' lang='lat' dir='ltr'><strong>alien.</strong></span> <span class='ocrx_word' id='word_1_749' title='bbox 710 2526 785 2555; x_wconf 88' lang='lat' dir='ltr'><strong>Seml.</strong></span> <span class='ocrx_word' id='word_1_750' title='bbox 799 2528 882 2555; x_wconf 84' lang='lat' dir='ltr'><strong>Obert.</strong></span> <span class='ocrx_word' id='word_1_751' title='bbox 893 2532 962 2555; x_wconf 82' lang='lat' dir='ltr'><strong>notas</strong></span> <span class='ocrx_word' id='word_1_752' title='bbox 970 2535 1054 2555; x_wconf 89' lang='lat' dir='ltr'><strong>eorum</strong></span> <span class='ocrx_word' id='word_1_753' title='bbox 1070 2531 1164 2557; x_wconf 64' lang='grc' dir='ltr'><strong>ποίαν.</strong></span> 
     </span>
    </p>
   </div>
   <div class='ocr_carea' id='block_1_96' title="bbox 362 2564 620 2616">
    <p class='ocr_par' dir='ltr' id='par_1_96' title="bbox 362 2564 620 2616">
     <span class='ocr_line' id='line_1_96' title="bbox 362 2564 617 2586; baseline -0.012 0"><span class='ocrx_word' id='word_1_754' title='bbox 362 2566 440 2586; x_wconf 87' lang='lat' dir='ltr'><strong>ortam</strong></span> <span class='ocrx_word' id='word_1_755' title='bbox 453 2567 547 2585; x_wconf 88' lang='lat' dir='ltr'><strong>eorum.</strong></span> <span class='ocrx_word' id='word_1_756' title='bbox 562 2564 617 2584; x_wconf 85' lang='lat' dir='ltr'><strong>Jun.</strong></span> 
     </span>
     <span class='ocr_line' id='line_1_97' title="bbox 401 2589 620 2616; baseline -0.005 0"><span class='ocrx_word' id='word_1_757' title='bbox 401 2590 438 2616; x_wconf 66' lang='grc' dir='ltr'><strong>(Ξ)</strong></span> <span class='ocrx_word' id='word_1_758' title='bbox 450 2592 577 2616; x_wconf 80' lang='lat' dir='ltr'><strong>Productis</strong></span> <span class='ocrx_word' id='word_1_759' title='bbox 587 2589 620 2615; x_wconf 83' lang='lat' dir='ltr'><strong>al.</strong></span> 
     </span>
    </p>
   </div>
   <div class='ocr_carea' id='block_1_97' title="bbox 393 2590 712 2718">
    <p class='ocr_par' dir='ltr' id='par_1_97' title="bbox 401 2590 620 2625">
     <span class='ocr_line' id='line_1_98' title="bbox 401 2590 620 2625; baseline -0.005 -9"><span class='ocrx_word' id='word_1_760' title='bbox 401 2590 438 2625; x_wconf 67' lang='grc' dir='ltr'><strong>(Ξ)</strong></span> <span class='ocrx_word' id='word_1_761' title='bbox 450 2592 577 2616; x_wconf 80' lang='lat' dir='ltr'><strong>Productis</strong></span> <span class='ocrx_word' id='word_1_762' title='bbox 587 2590 620 2615; x_wconf 85' lang='lat' dir='ltr'><strong>al.</strong></span> 
     </span>
    </p>

    <p class='ocr_par' dir='ltr' id='par_1_98' title="bbox 406 2623 712 2711">
     <span class='ocr_line' id='line_1_99' title="bbox 406 2623 712 2647; baseline -0.007 0"><span class='ocrx_word' id='word_1_763' title='bbox 406 2624 421 2647; x_wconf 72' lang='grc' dir='ltr'>ὅ</span> <span class='ocrx_word' id='word_1_764' title='bbox 446 2623 644 2647; x_wconf 69' lang='lat' dir='ltr'><strong>Prtemonstravit</strong></span> <span class='ocrx_word' id='word_1_765' title='bbox 655 2624 712 2646; x_wconf 80' lang='lat' dir='ltr'><strong>Jun.</strong></span> 
     </span>
     <span class='ocr_line' id='line_1_100' title="bbox 406 2652 712 2685; baseline 0 -7"><span class='ocrx_word' id='word_1_766' title='bbox 406 2654 418 2678; x_wconf 69' lang='grc'>6</span> <span class='ocrx_word' id='word_1_767' title='bbox 444 2654 547 2685; x_wconf 80' lang='lat' dir='ltr'><strong>Redigat</strong></span> <span class='ocrx_word' id='word_1_768' title='bbox 567 2652 641 2679; x_wconf 80' lang='lat' dir='ltr'><strong>Rhcn.</strong></span> <span class='ocrx_word' id='word_1_769' title='bbox 661 2653 712 2678; x_wconf 67' lang='lat' dir='ltr'><strong>Serm</strong></span> 
     </span>
     <span class='ocr_line' id='line_1_101' title="bbox 406 2683 712 2711; baseline -0.007 0"><span class='ocrx_word' id='word_1_770' title='bbox 406 2686 421 2710; x_wconf 79' lang='lat'><strong>5</strong></span> <span class='ocrx_word' id='word_1_771' title='bbox 444 2686 630 2711; x_wconf 84' lang='lat' dir='ltr'><strong>Ostenderitnus</strong></span> <span class='ocrx_word' id='word_1_772' title='bbox 645 2683 712 2710; x_wconf 68' lang='lat' dir='ltr'><strong>Rhea</strong></span> 
     </span>
    </p>
   </div>
   <div class='ocr_carea' id='block_1_98' title="bbox 406 2624 851 2718">
    <p class='ocr_par' dir='ltr' id='par_1_99' title="bbox 406 2624 851 2718">
     <span class='ocr_line' id='line_1_102' title="bbox 406 2624 712 2647; baseline -0.007 0"><span class='ocrx_word' id='word_1_773' title='bbox 406 2624 421 2647; x_wconf 72' lang='grc' dir='ltr'>ὅ</span> <span class='ocrx_word' id='word_1_774' title='bbox 446 2624 644 2647; x_wconf 69' lang='lat' dir='ltr'><strong>Prtemonstravit</strong></span> <span class='ocrx_word' id='word_1_775' title='bbox 655 2624 712 2646; x_wconf 80' lang='lat' dir='ltr'><strong>Jun.</strong></span> 
     </span>
     <span class='ocr_line' id='line_1_103' title="bbox 406 2624 851 2718; baseline 0 -41"><span class='ocrx_word' id='word_1_776' title='bbox 406 2624 432 2718; x_wconf 54' lang='lat' dir='ltr'><strong>si</strong></span> <span class='ocrx_word' id='word_1_777' title='bbox 444 2654 547 2685; x_wconf 82' lang='lat' dir='ltr'><strong>Redigat</strong></span> <span class='ocrx_word' id='word_1_778' title='bbox 567 2652 641 2689; x_wconf 56' lang='lat' dir='ltr'><strong>nheri.</strong></span> <span class='ocrx_word' id='word_1_779' title='bbox 661 2651 735 2678; x_wconf 81' lang='lat' dir='ltr'><strong>Seml.</strong></span> <span class='ocrx_word' id='word_1_780' title='bbox 753 2651 851 2679; x_wconf 87' lang='lat' dir='ltr'><strong>Oberth.</strong></span> 
     </span>
     <span class='ocr_line' id='line_1_104' title="bbox 406 2683 851 2711; baseline 0 -1"><span class='ocrx_word' id='word_1_781' title='bbox 406 2686 421 2710; x_wconf 82' lang='lat'><strong>5</strong></span> <span class='ocrx_word' id='word_1_782' title='bbox 444 2686 630 2711; x_wconf 85' lang='lat' dir='ltr'><strong>Ostenderunus</strong></span> <span class='ocrx_word' id='word_1_783' title='bbox 645 2683 720 2710; x_wconf 73' lang='lat' dir='ltr'><strong>nheri.</strong></span> <span class='ocrx_word' id='word_1_784' title='bbox 733 2683 810 2710; x_wconf 83' lang='lat' dir='ltr'><strong>Seml.</strong></span> <span class='ocrx_word' id='word_1_785' title='bbox 825 2685 851 2710; x_wconf 83' lang='lat' dir='ltr'><strong>Ol</strong></span> 
     </span>
    </p>
   </div>
   <div class='ocr_carea' id='block_1_99' title="bbox 406 2683 898 2711">
    <p class='ocr_par' dir='ltr' id='par_1_100' title="bbox 406 2683 898 2711">
     <span class='ocr_line' id='line_1_105' title="bbox 406 2683 898 2711; baseline -0.002 0"><span class='ocrx_word' id='word_1_786' title='bbox 406 2683 432 2711; x_wconf 79' lang='lat'><strong>5)</strong></span> <span class='ocrx_word' id='word_1_787' title='bbox 444 2683 630 2711; x_wconf 76' lang='lat' dir='ltr'><strong>Ostenderimus</strong></span> <span class='ocrx_word' id='word_1_788' title='bbox 645 2683 720 2710; x_wconf 72' lang='lat' dir='ltr'><strong>Men.</strong></span> <span class='ocrx_word' id='word_1_789' title='bbox 733 2683 810 2710; x_wconf 83' lang='lat' dir='ltr'><strong>Seml.</strong></span> <span class='ocrx_word' id='word_1_790' title='bbox 825 2683 898 2710; x_wconf 78' lang='lat' dir='ltr'><strong>Ober.</strong></span> 
     </span>
    </p>
   </div>
   <div class='ocr_carea' id='block_1_100' title="bbox 1261 2525 1607 2592">
    <p class='ocr_par' dir='ltr' id='par_1_101' title="bbox 1261 2525 1607 2592">
     <span class='ocr_line' id='line_1_106' title="bbox 1261 2525 1607 2560; baseline -0.012 -5"><span class='ocrx_word' id='word_1_791' title='bbox 1261 2530 1275 2555; x_wconf 86' lang='lat'><strong>6</strong></span> <span class='ocrx_word' id='word_1_792' title='bbox 1298 2528 1444 2554; x_wconf 78' lang='lat' dir='ltr'><strong>Hominibus</strong></span> <span class='ocrx_word' id='word_1_793' title='bbox 1455 2525 1509 2560; x_wconf 80' lang='lat' dir='ltr'><strong>Rig.</strong></span> <span class='ocrx_word' id='word_1_794' title='bbox 1525 2529 1607 2552; x_wconf 76' lang='lat' dir='ltr'><strong>Venet.</strong></span> 
     </span>
     <span class='ocr_line' id='line_1_107' title="bbox 1261 2529 1443 2592; baseline -0.011 -7"><span class='ocrx_word' id='word_1_795' title='bbox 1261 2529 1287 2592; x_wconf 46' lang='lat'><strong>7;</strong></span> <span class='ocrx_word' id='word_1_796' title='bbox 1298 2561 1377 2585; x_wconf 85' lang='lat' dir='ltr'><strong>Utitur</strong></span> <span class='ocrx_word' id='word_1_797' title='bbox 1389 2559 1443 2592; x_wconf 65' lang='grc' dir='ltr'><strong>ιλιι.</strong></span> 
     </span>
    </p>
   </div>
   <div class='ocr_carea' id='block_1_101' title="bbox 1246 2529 1444 2686">
    <p class='ocr_par' dir='ltr' id='par_1_102' title="bbox 1246 2529 1444 2686">
     <span class='ocr_line' id='line_1_108' title="bbox 1261 2529 1444 2592; baseline -0.022 -37"><span class='ocrx_word' id='word_1_798' title='bbox 1261 2529 1287 2592; x_wconf 71' lang='grc'><strong>6)</strong></span> <span class='ocrx_word' id='word_1_799' title='bbox 1298 2529 1444 2565; x_wconf 62' lang='lat' dir='ltr'><strong>Hominibus</strong></span> 
     </span>
     <span class='ocr_line' id='line_1_109' title="bbox 1246 2529 1444 2686; baseline -0.015 -68"><span class='ocrx_word' id='word_1_800' title='bbox 1246 2529 1284 2686; x_wconf 41' lang='grc' dir='ltr'><strong>ξς</strong></span> <span class='ocrx_word' id='word_1_801' title='bbox 1297 2559 1444 2617; x_wconf 57' lang='lat' dir='ltr'><strong>again:</strong></span> 
     </span>
     <span class='ocr_line' id='line_1_110' title="bbox 1258 2621 1444 2686; baseline -0.005 -7"><span class='ocrx_word' id='word_1_802' title='bbox 1258 2621 1415 2686; x_wconf 35' lang='lat' dir='ltr'><strong>sI0)1‘{S)ina‘llrlest</strong></span> <span class='ocrx_word' id='word_1_803' title='bbox 1426 2653 1444 2678; x_wconf 77' lang='grc' dir='ltr'><strong>Ρ</strong></span> 
     </span>
    </p>
   </div>
   <div class='ocr_carea' id='block_1_102' title="bbox 1258 2621 1394 2679">
    <p class='ocr_par' dir='ltr' id='par_1_103' title="bbox 1258 2621 1394 2679">
     <span class='ocr_line' id='line_1_111' title="bbox 1258 2621 1394 2679; baseline -0.007 0"><span class='ocrx_word' id='word_1_804' title='bbox 1258 2621 1394 2679; x_wconf 52' lang='lat' dir='ltr'><strong>titan:</strong></span> 
     </span>
    </p>
   </div>
   <div class='ocr_carea' id='block_1_103' title="bbox 1291 2652 1488 2686">
    <p class='ocr_par' dir='ltr' id='par_1_104' title="bbox 1291 2652 1488 2686">
     <span class='ocr_line' id='line_1_112' title="bbox 1291 2652 1488 2686; baseline -0.015 -8"><span class='ocrx_word' id='word_1_805' title='bbox 1291 2654 1301 2686; x_wconf 91' lang='lat'><strong>)</strong></span> <span class='ocrx_word' id='word_1_806' title='bbox 1312 2653 1338 2679; x_wconf 90' lang='lat' dir='ltr'><strong>Si</strong></span> <span class='ocrx_word' id='word_1_807' title='bbox 1349 2652 1415 2678; x_wconf 72' lang='lat' dir='ltr'><strong>abest</strong></span> <span class='ocrx_word' id='word_1_808' title='bbox 1426 2653 1488 2678; x_wconf 77' lang='lat' dir='ltr'><strong>Par.</strong></span> 
     </span>
    </p>
   </div>
   <div class='ocr_carea' id='block_1_104' title="bbox 1040 2750 1322 2781">
    <p class='ocr_par' dir='ltr' id='par_1_105' title="bbox 1040 2750 1322 2781">
     <span class='ocr_line' id='line_1_113' title="bbox 1040 2750 1322 2781; baseline 0.004 -3"><span class='ocrx_word' id='word_1_809' title='bbox 1040 2750 1322 2781; x_wconf 75' lang='lat' dir='ltr'><strong>COMMENTARIUS.</strong></span> 
     </span>
    </p>
   </div>
   <div class='ocr_carea' id='block_1_105' title="bbox 399 2816 1162 2854">
    <p class='ocr_par' dir='ltr' id='par_1_106' title="bbox 399 2816 1162 2854">
     <span class='ocr_line' id='line_1_114' title="bbox 399 2816 1162 2854; baseline 0.001 -8"><span class='ocrx_word' id='word_1_810' title='bbox 399 2817 476 2846; x_wconf 79' lang='lat' dir='ltr'><strong>CAP.</strong></span> <span class='ocrx_word' id='word_1_811' title='bbox 486 2818 530 2846; x_wconf 85' lang='lat' dir='ltr'><strong>VI.</strong></span> <span class='ocrx_word' id='word_1_812' title='bbox 547 2833 583 2839; x_wconf 93' lang='lat'><strong>-—-</strong></span> <span class='ocrx_word' id='word_1_813' title='bbox 595 2816 640 2854; x_wconf 82' lang='lat' dir='ltr'><strong>(a)</strong></span> <span class='ocrx_word' id='word_1_814' title='bbox 652 2817 685 2844; x_wconf 88' lang='lat' dir='ltr'><strong>Et</strong></span> <span class='ocrx_word' id='word_1_815' title='bbox 699 2821 773 2854; x_wconf 85' lang='lat' dir='ltr'><strong>erunt</strong></span> <span class='ocrx_word' id='word_1_816' title='bbox 785 2817 959 2851; x_wconf 80' lang='lat' dir='ltr'><strong>enim,inquit,</strong></span> <span class='ocrx_word' id='word_1_817' title='bbox 970 2818 996 2845; x_wconf 85' lang='lat' dir='ltr'><strong>in</strong></span> <span class='ocrx_word' id='word_1_818' title='bbox 1011 2818 1083 2854; x_wconf 83' lang='lat' dir='ltr'><strong>signa</strong></span> <span class='ocrx_word' id='word_1_819' title='bbox 1094 2829 1162 2847; x_wconf 84' lang='lat' dir='ltr'><strong>men-</strong></span> 
     </span>
    </p>
   </div>
   <div class='ocr_carea' id='block_1_106' title="bbox 363 2853 1160 2888">
    <p class='ocr_par' dir='ltr' id='par_1_107' title="bbox 363 2853 1160 2888">
     <span class='ocr_line' id='line_1_115' title="bbox 363 2853 1160 2888; baseline 0.003 -7"><span class='ocrx_word' id='word_1_820' title='bbox 363 2856 605 2883; x_wconf 82' lang='lat' dir='ltr'><strong>simnetnnnorum.</strong></span> <span class='ocrx_word' id='word_1_821' title='bbox 620 2853 675 2881; x_wconf 90' lang='lat' dir='ltr'><strong>Hoc</strong></span> <span class='ocrx_word' id='word_1_822' title='bbox 686 2858 737 2884; x_wconf 76' lang='lat' dir='ltr'><strong>est,</strong></span> <span class='ocrx_word' id='word_1_823' title='bbox 759 2853 828 2879; x_wconf 66' lang='lat' dir='ltr'><strong>lunae</strong></span> <span class='ocrx_word' id='word_1_824' title='bbox 848 2857 876 2880; x_wconf 88' lang='lat' dir='ltr'><strong>et</strong></span> <span class='ocrx_word' id='word_1_825' title='bbox 895 2854 959 2880; x_wconf 87' lang='lat' dir='ltr'><strong>solis</strong></span> <span class='ocrx_word' id='word_1_826' title='bbox 979 2853 1076 2886; x_wconf 82' lang='lat' dir='ltr'><strong>motus.</strong></span> <span class='ocrx_word' id='word_1_827' title='bbox 1092 2856 1160 2888; x_wconf 88' lang='lat' dir='ltr'><strong>dies,</strong></span> 
     </span>
    </p>
   </div>
   <div class='ocr_carea' id='block_1_107' title="bbox 364 2888 1161 2925">
    <p class='ocr_par' dir='ltr' id='par_1_108' title="bbox 364 2888 1161 2925">
     <span class='ocr_line' id='line_1_116' title="bbox 364 2888 1161 2925; baseline 0.001 -7"><span class='ocrx_word' id='word_1_828' title='bbox 364 2890 698 2923; x_wconf 63' lang='lat' dir='ltr'><strong>anuus,steculunetnpora</strong></span> <span class='ocrx_word' id='word_1_829' title='bbox 708 2888 880 2925; x_wconf 80' lang='lat' dir='ltr'><strong>distinguent.</strong></span> <span class='ocrx_word' id='word_1_830' title='bbox 895 2888 950 2915; x_wconf 87' lang='lat' dir='ltr'><strong>Hoc</strong></span> <span class='ocrx_word' id='word_1_831' title='bbox 963 2889 1021 2917; x_wconf 86' lang='lat' dir='ltr'><strong>loco</strong></span> <span class='ocrx_word' id='word_1_832' title='bbox 1034 2890 1131 2918; x_wconf 84' lang='lat' dir='ltr'><strong>Cenes.</strong></span> <span class='ocrx_word' id='word_1_833' title='bbox 1140 2891 1161 2925; x_wconf 91' lang='lat' dir='ltr'><strong>l,</strong></span> 
     </span>
    </p>
   </div>
   <div class='ocr_carea' id='block_1_108' title="bbox 365 2923 1158 2960">
    <p class='ocr_par' dir='ltr' id='par_1_109' title="bbox 365 2923 1158 2960">
     <span class='ocr_line' id='line_1_117' title="bbox 365 2923 1158 2960; baseline 0 -6"><span class='ocrx_word' id='word_1_834' title='bbox 365 2927 511 2954; x_wconf 83' lang='lat' dir='ltr'><strong>abutuntur</strong></span> <span class='ocrx_word' id='word_1_835' title='bbox 533 2925 578 2960; x_wconf 88' lang='lat' dir='ltr'><strong>qui</strong></span> <span class='ocrx_word' id='word_1_836' title='bbox 595 2925 621 2952; x_wconf 91' lang='lat' dir='ltr'><strong>in</strong></span> <span class='ocrx_word' id='word_1_837' title='bbox 640 2923 791 2960; x_wconf 67' lang='lat' dir='ltr'><strong>astrologiae</strong></span> <span class='ocrx_word' id='word_1_838' title='bbox 802 2923 987 2952; x_wconf 74' lang='lat' dir='ltr'><strong>defensionem</strong></span> <span class='ocrx_word' id='word_1_839' title='bbox 1000 2925 1075 2953; x_wconf 88' lang='lat' dir='ltr'><strong>illum</strong></span> <span class='ocrx_word' id='word_1_840' title='bbox 1085 2923 1158 2954; x_wconf 69' lang='grc' dir='ltr'><strong>πεςιιὶ</strong></span> 
     </span>
    </p>
   </div>
   <div class='ocr_carea' id='block_1_109' title="bbox 366 2959 1143 2997">
    <p class='ocr_par' dir='ltr' id='par_1_110' title="bbox 366 2959 1143 2997">
     <span class='ocr_line' id='line_1_118' title="bbox 366 2959 1143 2997; baseline 0.001 -6"><span class='ocrx_word' id='word_1_841' title='bbox 366 2966 452 2996; x_wconf 86' lang='lat' dir='ltr'><strong>munt,</strong></span> <span class='ocrx_word' id='word_1_842' title='bbox 463 2959 578 2997; x_wconf 78' lang='lat' dir='ltr'><strong>facitque</strong></span> <span class='ocrx_word' id='word_1_843' title='bbox 591 2965 685 2989; x_wconf 82' lang='lat' dir='ltr'><strong>contra</strong></span> <span class='ocrx_word' id='word_1_844' title='bbox 699 2967 746 2988; x_wconf 84' lang='lat' dir='ltr'><strong>cos</strong></span> <span class='ocrx_word' id='word_1_845' title='bbox 760 2959 819 2988; x_wconf 78' lang='lat' dir='ltr'><strong>hzcc</strong></span> <span class='ocrx_word' id='word_1_846' title='bbox 831 2960 1026 2996; x_wconf 82' lang='lat' dir='ltr'><strong>interpretatio.</strong></span> <span class='ocrx_word' id='word_1_847' title='bbox 1039 2961 1081 2991; x_wconf 79' lang='lat' dir='ltr'><strong>Ls</strong></span> <span class='ocrx_word' id='word_1_848' title='bbox 1094 2962 1143 2992; x_wconf 80' lang='lat' dir='ltr'><strong>Pu.</strong></span> 
     </span>
    </p>
   </div>
   <div class='ocr_carea' id='block_1_110' title="bbox 1249 2814 2015 2857">
    <p class='ocr_par' dir='ltr' id='par_1_111' title="bbox 1249 2814 2015 2857">
     <span class='ocr_line' id='line_1_119' title="bbox 1249 2814 2015 2857; baseline -0.004 -10"><span class='ocrx_word' id='word_1_849' title='bbox 1249 2819 1290 2856; x_wconf 88' lang='lat' dir='ltr'><strong>(b)</strong></span> <span class='ocrx_word' id='word_1_850' title='bbox 1307 2818 1460 2857; x_wconf 66' lang='lat' dir='ltr'><strong>Secundum</strong></span> <span class='ocrx_word' id='word_1_851' title='bbox 1470 2821 1585 2857; x_wconf 72' lang='lat' dir='ltr'><strong>nostrum</strong></span> <span class='ocrx_word' id='word_1_852' title='bbox 1593 2815 1776 2857; x_wconf 42' lang='lat' dir='ltr'><strong>.Euangﬁlium.</strong></span> <span class='ocrx_word' id='word_1_853' title='bbox 1843 2814 1991 2857; x_wconf 72' lang='lat' dir='ltr'><strong>distinguat</strong></span> <span class='ocrx_word' id='word_1_854' title='bbox 1999 2823 2015 2844; x_wconf 87' lang='lat' dir='ltr'><strong>a</strong></span> 
     </span>
    </p>
   </div>
   <div class='ocr_carea' id='block_1_111' title="bbox 1213 2850 2015 2893">
    <p class='ocr_par' dir='ltr' id='par_1_112' title="bbox 1213 2850 2015 2893">
     <span class='ocr_line' id='line_1_120' title="bbox 1213 2850 2015 2893; baseline -0.005 -10"><span class='ocrx_word' id='word_1_855' title='bbox 1213 2850 1359 2891; x_wconf 67' lang='lat' dir='ltr'><strong>depravatn</strong></span> <span class='ocrx_word' id='word_1_856' title='bbox 1382 2853 1523 2893; x_wconf 75' lang='lat' dir='ltr'><strong>Marcionis</strong></span> <span class='ocrx_word' id='word_1_857' title='bbox 1550 2850 1772 2893; x_wconf 14' lang='lat' dir='ltr'><strong>codicee&#39;uatth‘.</strong></span> <span class='ocrx_word' id='word_1_858' title='bbox 1795 2850 1839 2892; x_wconf 43' lang='grc' dir='ltr'><strong>Ν..</strong></span> <span class='ocrx_word' id='word_1_859' title='bbox 1866 2850 2015 2893; x_wconf 35' lang='lat' dir='ltr'><strong>liec‘refe-</strong></span> 
     </span>
    </p>
   </div>
   <div class='ocr_carea' id='block_1_112' title="bbox 1214 2887 2013 2956">
    <p class='ocr_par' dir='ltr' id='par_1_113' title="bbox 1214 2887 2013 2956">
     <span class='ocr_line' id='line_1_121' title="bbox 1214 2887 2013 2926; baseline -0.009 -7"><span class='ocrx_word' id='word_1_860' title='bbox 1214 2887 1323 2923; x_wconf 81' lang='lat' dir='ltr'><strong>runtur,</strong></span> <span class='ocrx_word' id='word_1_861' title='bbox 1344 2895 1370 2918; x_wconf 87' lang='lat' dir='ltr'><strong>et</strong></span> <span class='ocrx_word' id='word_1_862' title='bbox 1391 2889 1470 2926; x_wconf 88' lang='lat' dir='ltr'><strong>paulo</strong></span> <span class='ocrx_word' id='word_1_863' title='bbox 1484 2893 1544 2923; x_wconf 88' lang='lat' dir='ltr'><strong>post</strong></span> <span class='ocrx_word' id='word_1_864' title='bbox 1559 2888 1709 2923; x_wconf 82' lang='lat' dir='ltr'><strong>:Scriptum</strong></span> <span class='ocrx_word' id='word_1_865' title='bbox 1731 2891 1768 2913; x_wconf 74' lang='lat' dir='ltr'><strong>est</strong></span> <span class='ocrx_word' id='word_1_866' title='bbox 1792 2887 1859 2914; x_wconf 85' lang='lat' dir='ltr'><strong>enim</strong></span> <span class='ocrx_word' id='word_1_867' title='bbox 1878 2887 1950 2922; x_wconf 81' lang='lat' dir='ltr'><strong>apud</strong></span> <span class='ocrx_word' id='word_1_868' title='bbox 1964 2895 2013 2922; x_wconf 82' lang='lat' dir='ltr'><strong>me,</strong></span> 
     </span>
     <span class='ocr_line' id='line_1_122' title="bbox 1215 2921 2011 2956; baseline -0.005 -2"><span class='ocrx_word' id='word_1_869' title='bbox 1215 2927 1341 2954; x_wconf 84' lang='lat' dir='ltr'><strong>Satanam</strong></span> <span class='ocrx_word' id='word_1_870' title='bbox 1356 2927 1381 2952; x_wconf 81' lang='lat' dir='ltr'><strong>in</strong></span> <span class='ocrx_word' id='word_1_871' title='bbox 1392 2925 1489 2952; x_wconf 83' lang='lat' dir='ltr'><strong>Iudam</strong></span> <span class='ocrx_word' id='word_1_872' title='bbox 1501 2924 1629 2951; x_wconf 79' lang='lat' dir='ltr'><strong>introisse.</strong></span> <span class='ocrx_word' id='word_1_873' title='bbox 1641 2923 1690 2956; x_wconf 88' lang='lat' dir='ltr'><strong>Qui</strong></span> <span class='ocrx_word' id='word_1_874' title='bbox 1702 2922 1777 2950; x_wconf 91' lang='lat' dir='ltr'><strong>locus</strong></span> <span class='ocrx_word' id='word_1_875' title='bbox 1786 2926 1828 2949; x_wconf 88' lang='lat' dir='ltr'><strong>est</strong></span> <span class='ocrx_word' id='word_1_876' title='bbox 1839 2921 1918 2950; x_wconf 77' lang='lat' dir='ltr'><strong>Lacte</strong></span> <span class='ocrx_word' id='word_1_877' title='bbox 1928 2922 2011 2956; x_wconf 71' lang='lat' dir='ltr'>XXII,</span> 
     </span>
    </p>
   </div>
   <div class='ocr_carea' id='block_1_113' title="bbox 1214 2927 2011 2999">
    <p class='ocr_par' dir='ltr' id='par_1_114' title="bbox 1214 2927 2011 2999">
     <span class='ocr_line' id='line_1_123' title="bbox 1215 2927 2011 2958; baseline -0.005 -4"><span class='ocrx_word' id='word_1_878' title='bbox 1215 2927 1341 2954; x_wconf 84' lang='lat' dir='ltr'><strong>Satanam</strong></span> <span class='ocrx_word' id='word_1_879' title='bbox 1356 2927 1381 2952; x_wconf 81' lang='lat' dir='ltr'><strong>in</strong></span> <span class='ocrx_word' id='word_1_880' title='bbox 1392 2927 1489 2952; x_wconf 84' lang='lat' dir='ltr'><strong>Iudam</strong></span> <span class='ocrx_word' id='word_1_881' title='bbox 1501 2927 1629 2951; x_wconf 79' lang='lat' dir='ltr'><strong>introisse.</strong></span> <span class='ocrx_word' id='word_1_882' title='bbox 1641 2927 1690 2956; x_wconf 86' lang='lat' dir='ltr'><strong>Qui</strong></span> <span class='ocrx_word' id='word_1_883' title='bbox 1702 2927 1777 2950; x_wconf 91' lang='lat' dir='ltr'><strong>locus</strong></span> <span class='ocrx_word' id='word_1_884' title='bbox 1786 2927 1828 2949; x_wconf 91' lang='lat' dir='ltr'><strong>est</strong></span> <span class='ocrx_word' id='word_1_885' title='bbox 1839 2927 1918 2950; x_wconf 77' lang='lat' dir='ltr'><strong>Lacte</strong></span> <span class='ocrx_word' id='word_1_886' title='bbox 1928 2927 2011 2958; x_wconf 73' lang='lat' dir='ltr'><strong>.un,</strong></span> 
     </span>
     <span class='ocr_line' id='line_1_124' title="bbox 1214 2957 1868 2999; baseline -0.009 -8"><span class='ocrx_word' id='word_1_887' title='bbox 1214 2970 1246 2991; x_wconf 75' lang='lat' dir='ltr'><strong>cx</strong></span> <span class='ocrx_word' id='word_1_888' title='bbox 1261 2970 1313 2997; x_wconf 91' lang='lat' dir='ltr'><strong>quo</strong></span> <span class='ocrx_word' id='word_1_889' title='bbox 1325 2961 1443 2991; x_wconf 84' lang='lat' dir='ltr'><strong>Marcion</strong></span> <span class='ocrx_word' id='word_1_890' title='bbox 1456 2960 1526 2999; x_wconf 82' lang='lat' dir='ltr'><strong>apud</strong></span> <span class='ocrx_word' id='word_1_891' title='bbox 1540 2968 1580 2988; x_wconf 87' lang='lat' dir='ltr'><strong>me</strong></span> <span class='ocrx_word' id='word_1_892' title='bbox 1592 2962 1756 2989; x_wconf 85' lang='lat' dir='ltr'><strong>resecuerat.</strong></span> <span class='ocrx_word' id='word_1_893' title='bbox 1769 2958 1809 2986; x_wconf 78' lang='lat' dir='ltr'><strong>Ls</strong></span> <span class='ocrx_word' id='word_1_894' title='bbox 1820 2957 1868 2986; x_wconf 74' lang='lat' dir='ltr'><strong>Pa.</strong></span> 
     </span>
    </p>
   </div>
  </div>
