4268 6492
201 436 310 493 485

1310 422 1438 479 LIB.
1484 421 1522 474 V
1565 411 1928 475 ADVERSUS
1960 411 2386 471 MARCIONEM.

3393 405 3502 464 486

205 553 286 608 vel
314 553 587 626 indignam
620 548 940 614 doctrinam,
972 544 1017 599 si
1062 557 1188 614 Opus
1218 543 1328 612 ejus
1379 556 1466 609 per
1493 540 1658 610 ignem
1688 549 1799 604 pro-
1835 533 1882 592 Α
1915 529 2093 594 illum,
2123 531 2210 598 qui
2256 530 2516 584 mulierem
2557 527 2718 599 patris
2760 527 2842 582 sui
2873 527 3085 594 habuit,
3120 532 3421 586 communis
3446 539 3503 588 et

203 645 430 710 babitur,
474 642 549 714 (a)
611 640 656 695 si
713 653 922 696 merces
969 636 1042 690 illi
1095 649 1188 705 per
1237 633 1410 702 ignem
1460 628 1806 699 rependetur,

206 735 486 793 Creatoris
522 742 638 800 est;
679 733 801 804 quia
831 746 926 801 per
982 729 1157 799 ignem
1194 725 1466 795 judicatur
1509 721 1587 790 (1)
1631 727 1809 773 vestra

206 827 678 902 supersediﬁcatio,
726 826 908 894 utique
958 822 1039 877 sui
1101 819 1181 891 (2)
1222 816 1582 878 fundamenti,
1631 813 1680 866 id
1728 818 1810 865 est

207 924 290 980 sui
322 920 522 977 Christi
551 940 562 974 :
588 918 790 974 nescitis
809 915 944 986 quod
966 913 1209 982 templum
1238 908 1335 964 Dei
1364 908 1492 974 sitis,
1517 915 1562 961 et
1589 905 1641 957 in
1675 902 1812 957 vobis

206 1017 452 1071 inhabitet
491 1015 700 1086 spiritus
743 1010 877 1065 Dei?
918 1008 976 1064 Si
1019 1006 1203 1072 homo,
1229 1015 1283 1059 et
1328 1018 1436 1066 res,
1481 1009 1535 1055 et
1562 1013 1719 1068 Opus,
1759 1004 1814 1050 et

211 1109 409 1177 imago,
451 1115 506 1160 et
548 1101 864 1166 similitudo,
896 1109 950 1154 et
995 1111 1122 1152 caro
1167 1111 1261 1166 per
1290 1105 1509 1155 terram,
1552 1100 1606 1144 et
1635 1089 1811 1142 anima

216 1216 311 1270 per
351 1198 589 1253 afﬂatum
630 1192 900 1250 Creatoris
942 1199 1054 1254 est;
1085 1198 1229 1243 totus
1262 1185 1341 1257 (5)
1397 1197 1528 1253 ergo
1556 1184 1608 1236 in
1639 1180 1814 1234 alieno

211 1291 419 1347 habitat
464 1291 604 1345 Deus
666 1285 953 1342 Marcionis
1006 1282 1107 1352 (4),
1169 1281 1214 1336 si
1263 1295 1368 1333 non
1418 1276 1498 1348 (5)
1543 1273 1816 1330 Creatoris

210 1397 399 1438 sumus
431 1379 712 1449 templum.
745 1375 896 1444 Quod
920 1376 966 1429 si
997 1371 1238 1442 templum
1276 1370 1371 1424 Dei
1395 1369 1507 1439 quis
1544 1366 1812 1431 vitiaverit,

213 1477 494 1542 vitiabitur,
541 1473 727 1544 utique
768 1487 797 1524 a
845 1469 953 1524 Deo
987 1466 1191 1537 templi.
1236 1464 1477 1520 Ultorem
1523 1462 1812 1525 intentans,

211 1572 528 1626 Creatorem
587 1564 872 1621 intentabit
914 1561 1016 1632 (6).
1054 1558 1214 1615 Stulti
1263 1564 1438 1622 estote,
1477 1564 1532 1608 ut
1583 1554 1692 1608 sitis
1728 1569 1816 1606 sa-

216 1665 432 1734 pientes.
455 1660 668 1727 Quare?
692 1641 960 1728 Sapientia
978 1654 1121 1708 enim
1149 1652 1299 1718 huius
1322 1649 1496 1702 mundi
1515 1646 1730 1700 stultitia
1747 1654 1817 1700 est

217 1773 364 1826 penes
384 1755 570 1809 Deum.
595 1752 765 1808 Penes
783 1763 941 1820 quem
963 1745 1160 1802 Deum?
1181 1742 1235 1800 Si
1255 1741 1384 1797 nihil
1408 1740 1559 1795 nobis
1576 1748 1629 1794 et
1644 1738 1818 1792 adhuc

215 1866 474 1906 sensuum
518 1847 602 1920 (7)
639 1845 860 1917 pristina
903 1839 1408 1912 prmjudicaveruut,
1439 1834 1576 1889 bene
1597 1831 1737 1901 quod
1764 1838 1819 1885 et

1917 623 2145 692 publica:
2175 623 2447 693 religionis
2487 631 2703 677 secutus
2742 622 2810 676 sit
2858 621 3215 691 disciplinam.
3247 624 3350 678 Sed
3378 639 3500 680 cum

1914 729 2036 769 eum
2056 715 2266 768 damnat
2287 713 2576 768 dedendum
2604 712 2836 779 Satanw,
2867 712 3197 768 damnatoris
3216 714 3306 769 Dci
3327 730 3502 785 prwco

1915 817 2020 863 est.
2052 806 2260 861 Viderit
2284 815 2340 861 et
2368 805 2638 876 quomodo
2679 805 2883 860 dixerit
2914 806 2966 859 in
3007 805 3266 860 interitum
3296 809 3501 878 carnis,

1915 912 1970 955 ut
2000 902 2209 972 spiritus
2237 902 2409 956 salvus
2448 903 2512 955 sit
2540 901 2593 954 in
2617 901 2700 954 die
2741 899 2964 966 Domini,
2997 900 3122 955 dum
3149 911 3203 957 et
3230 902 3298 958 dc
3325 906 3504 961 carnis

1917 995 2173 1059 interitu,
2205 1005 2259 1050 et
2304 994 2372 1049 de
2400 993 2574 1048 salute
2622 994 2838 1063 spiritus
2882 993 3170 1063 judicarit;
3212 1003 3266 1050 et
3311 997 3504 1068 auferri

1908 1089 2096 1159 jubens
2137 1088 2330 1142 malum
2363 1089 2425 1142 de
2463 1088 2628 1142 medio
2650 1129 2665 1154 ,
2711 1087 2982 1143 Creatoris
3013 1087 3502 1158 frequentissimam

1916 1184 2236 1238 sententiam
2258 1183 2779 1238 commemoraverit.
2804 1181 3101 1253 Expurgate
3123 1191 3262 1236 vetus
3287 1186 3478 1252 fermen
3493 1213 3507 1226 -

1917 1287 2059 1344 tum,
2089 1287 2142 1331 ut
2182 1277 2291 1330 sitis
2322 1293 2453 1330 nova
2492 1277 2784 1345 conspersio
2823 1276 2953 1329 sicut
2984 1276 3099 1330 estis
3143 1276 3331 1345 azynti.
3366 1275 3507 1346 Ergo

1917 1370 2091 1442 azytni
2124 1370 2304 1440 ﬁgura:
2333 1377 2487 1423 erant
2517 1376 2716 1422 nostra).
2762 1369 2901 1438 apud
2945 1367 3274 1423 Creatorem.
3319 1367 3409 1425 Sic
3453 1375 3509 1424 et

1920 1462 2111 1529 pascha
2141 1469 2367 1514 nostrum
2403 1459 2691 1513 immolatus
2717 1469 2788 1512 est
2812 1457 3070 1513 Christus.
3100 1458 3276 1526 Quare
3309 1459 3507 1529 pascha

1917 1551 2195 1615 Christus,
2224 1552 2266 1605 si
2298 1565 2401 1604 non
2433 1549 2633 1622 pascha
2673 1549 2839 1620 ﬁgura
2869 1547 3099 1614 Christi,
3133 1566 3228 1621 per
3255 1552 3509 1607 similitu-

1923 1644 2104 1700 dinem
2153 1644 2428 1715 sanguinis
2458 1644 2707 1698 salutaris
2732 1685 2747 1710 ,
2790 1654 2844 1698 et
2873 1645 3081 1715 pecoris
3112 1645 3346 1701 Christi?
3369 1646 3510 1714 Quid

1923 1741 2074 1795 nobis
2119 1749 2173 1795 et
2225 1739 2441 1794 Christo
2495 1739 2752 1808 imagines
2803 1739 2973 1792 induit
3030 1739 3148 1811 (15)
3187 1740 3506 1797 solemnium

1920 1833 2213 1898 Creatoris,
2261 1834 2304 1889 si
2335 1847 2439 1887 non
2475 1842 2628 1887 erant
2665 1833 2902 1887 nostrre?
2933 1833 3173 1890 Avertens
3212 1849 3379 1889 autent
3419 1853 3512 1892 nos

218 1944 304 1998 hic
325 1944 585 1997 adstruit:
607 1939 869 2006 Scriptum
887 1944 956 1990 est
973 1934 1106 1989 enim
1126 1948 1144 1985 :
1163 1926 1554 1998 Deprehendens
1567 1924 1817 1994 sapientes
1845 1931 1892 1990 Β
1922 1942 1952 1977 a
2001 1925 2342 1993 fornicatione
2361 1967 2374 1989 ,
2447 1924 2753 1978 manifestat
2805 1925 2981 1980 carnis
3039 1928 3508 1984 resurrectionem.

217 2037 268 2089 in
289 2037 512 2106 nequitia
545 2033 772 2088 illorum.
799 2030 862 2084 Et
897 2039 1084 2083 rursus
1117 2041 1132 2079 :
1164 2022 1415 2077 Dominus
1442 2019 1534 2074 scit
1560 2016 1824 2085 cogitatio-

220 2148 306 2185 nes
353 2129 694 2198 sapientium,
770 2123 912 2195 quod
972 2121 1081 2176 sint
1134 2129 1500 2187 supervacuae.
1549 2112 1604 2166 In
1653 2119 1819 2164 totum

220 2224 364 2280 enim
417 2220 787 2292 praescriptum
819 2231 848 2269 a
885 2211 1040 2268 nobis
1065 2210 1164 2266 erit
1191 2249 1205 2274 ,
1235 2207 1376 2262 nulla
1422 2205 1569 2259 illum
1601 2212 1819 2258 senten-

224 2317 292 2370 tia
321 2315 398 2369 uti
435 2312 674 2383 potuisse
717 2307 836 2379 ejus
881 2305 1006 2372 Dei,
1050 2317 1209 2374 quem
1239 2299 1524 2355 destruere
1562 2295 1818 2361 deberet,

221 2414 263 2466 si
299 2427 404 2467 non
439 2411 512 2465 illi
557 2409 796 2465 doceret.
830 2404 1008 2477 Ergo,
1048 2403 1254 2472 inquit,
1299 2415 1446 2454 nemo
1487 2397 1730 2470 glorietur
1768 2397 1822 2449 in

226 2505 447 2558 homine.
528 2502 593 2557 Et
665 2500 764 2554 hoc
814 2495 1109 2552 secundum
1159 2493 1431 2548 Creatoris
1484 2489 1821 2557 disciplinam

228 2594 442 2666 (lerant.
475 2591 649 2656 XVII,
681 2590 776 2660 5),
812 2587 1056 2642 Miserum
1078 2585 1354 2647 hominem,
1423 2581 1513 2651 qui
1554 2597 1694 2649 spem
1723 2580 1819 2632 Ita-

227 2690 304 2740 bet
329 2688 382 2739 in
413 2687 704 2749 hominem;
768 2691 823 2737 et
879 2678 1000 2752 (Ps.
1055 2676 1298 2747 CXVII),
1338 2674 1538 2730 Bonum
1569 2682 1640 2728 est
1667 2672 1824 2741 ﬁdere

226 2779 279 2832 in
310 2777 447 2843 Deo,
475 2791 628 2846 quant
677 2774 832 2842 ﬁdere
883 2772 938 2825 in
989 2770 1191 2825 homine
1243 2766 1322 2840 (8)
1359 2785 1373 2822 :
1435 2767 1504 2822 ita
1535 2775 1588 2821 et
1630 2763 1826 2836 gloria-

226 2871 353 2928 riari
378 2871 423 2942 (ι
450 2870 569 2926 Cor.
604 2867 690 2936 IV,
724 2865 817 2938 Χ).

820 2955 1051 3014 CAPUT
1095 2953 1208 3010 VII.

300 3057 372 3113 Et
401 3058 599 3112 occulta
630 3054 945 3110 tenebrarum
984 3051 1096 3118 ipse
1147 3044 1458 3100 illuminabit
1480 3086 1492 3105 ,
1524 3042 1702 3112 utique
1729 3055 1827 3112 per

225 3153 532 3216 Christum,
588 3148 679 3219 qui
725 3146 996 3202 Christum
1028 3141 1109 3213 (9)
1142 3138 1586 3194 illuminationem
1637 3150 1826 3206 repro-

227 3246 376 3300 misit
404 3243 516 3314 (ls.
547 3239 726 3305 XLII,
759 3236 858 3308 6);
909 3249 968 3290 se
1015 3247 1226 3304 quoque
1269 3231 1542 3285 lucernam
1584 3241 1823 3297 pronun-

1925 2017 2157 2086 Corpus,
2209 2017 2413 2086 inquit,
2467 2033 2568 2070 non
2616 2015 2983 2085 fornicationi,
3031 2018 3120 2071 sed
3170 2015 3421 2088 Domino,
3466 2030 3514 2076 et

1925 2110 2177 2164 Dominus
2200 2112 2440 2179 corpori;
2471 2117 2528 2163 ut
2560 2109 2814 2179 templum
2849 2109 2962 2166 Deo
2986 2153 3001 2177 ,
3043 2119 3098 2165 et
3127 2113 3264 2168 Deus
3293 2114 3512 2185 templo.

1925 2199 2204 2269 Templum
2236 2217 2363 2272 ergo
2396 2202 2508 2256 Deo
2534 2201 2763 2272 peribit,
2797 2212 2851 2255 et
2897 2203 3036 2257 Deus
3065 2204 3282 2273 templo.
3313 2205 3513 2276 Atquin

1924 2292 2077 2349 vides
2098 2335 2112 2359 ,
2151 2293 2252 2359 Qui
2282 2292 2558 2346 Dominum
2603 2293 2896 2357 suscitavit,
2932 2302 2977 2346 et
3006 2310 3098 2347 nos
3136 2297 3427 2363 suscitabit,
3461 2299 3514 2353 in

1925 2402 2152 2457 corpore
2181 2401 2394 2457 quoque
2439 2385 2755 2450 suscitabit;
2787 2385 2908 2454 quia
2939 2399 3135 2455 corpus
3168 2387 3426 2456 Domino,
3462 2399 3517 2446 et

1930 2482 2184 2536 Dominus
2232 2479 2465 2549 corpori.
2500 2479 2568 2532 Et
2619 2479 2757 2533 bene
2784 2478 2928 2548 quod
2977 2490 3234 2550 aggerat:
3294 2481 3517 2538 Nescitis

1927 2591 2143 2644 corpora
2170 2584 2336 2627 vestra
2351 2571 2573 2626 membra
2602 2588 2708 2626 esse
2733 2570 2970 2626 Christi?
2998 2572 3137 2641 Quid
3164 2573 3306 2630 dicet
3335 2575 3512 2632 barre-

1929 2666 2104 2720 ticus?
2150 2664 2386 2720 Membra
2412 2663 2612 2718 Christi
2663 2680 2767 2719 non
2815 2675 3132 2735 resurgent,
3166 2683 3286 2737 qua:
3333 2677 3516 2726 nostra

1923 2760 2034 2831 jam
2066 2775 2171 2816 non
2198 2759 2356 2814 sunt?
2389 2758 2464 2830 (b)
2496 2758 2670 2828 Empti
2707 2758 2841 2812 enim
2876 2775 3053 2812 sumus
3081 2760 3240 2829 pretio
3270 2760 3386 2833 (14)
3408 2779 3518 2817 nta-

1927 2869 2048 2925 gno.
2082 2852 2248 2907 Plane
2279 2850 2456 2916 nullo,
2491 2850 2535 2905 si
2588 2849 2900 2921 phantasma
2952 2850 3050 2905 fuit
3092 2850 3370 2920 Christus,
3417 2871 3520 2913 nec

1929 2943 2114 2998 habuit
2145 2943 2308 2996 ullam
2355 2942 2711 2996 substantiam
2743 2943 3017 3013 corporis,
3045 2959 3204 3014 quam
3251 2961 3347 3015 pro
3394 2963 3520 3004 nos—

1929 3035 2025 3089 tris
2053 3034 2366 3104 corporibus
2402 3033 2752 3102 dependeret.
2802 3035 2941 3104 Ergo
2969 3034 3090 3105 (15)
3135 3037 3382 3096 Christus
3424 3040 3519 3096 ha-

1929 3126 2041 3182 buit
2069 3141 2176 3197 quo
2205 3141 2302 3180 nos
2332 3125 2655 3190 redimeret;
2684 3135 2738 3180 et
2778 3126 2822 3179 si
2854 3126 3034 3196 aliquo
3063 3142 3259 3199 magno
3288 3131 3518 3188 redemit

1929 3219 2044 3276 lucc
2065 3234 2289 3291 corpora
2317 3260 2332 3287 ,
2361 3219 2412 3272 in
2442 3234 2557 3287 qua!
2583 3218 2770 3273 eadem
2798 3219 3182 3274 committenda
3206 3220 3326 3293 (16)
3356 3222 3519 3280 forni-

227 3309 422 3403 tiavit,‘
454 3343 762 3390 scrutantem
805 3329 961 3384 corda
991 3338 1036 3382 et
1081 3342 1228 3380 renes
1274 3322 1395 3394 (Ps.
1428 3321 1554 3386 VII,
1598 3319 1712 3391 10).
1746 3319 1827 3374 Ab
1853 3318 1898 3383 C
1932 3316 2072 3372 catio
2100 3329 2206 3368 non
2233 3313 2360 3377 erit,
2398 3313 2528 3366 utin
2562 3312 2799 3366 membra
2834 3311 2942 3381 jam
2987 3309 3219 3378 Christi,
3247 3330 3352 3369 nun
3384 3331 3510 3372 nos-

228 3433 326 3488 iIlo
355 3430 460 3488 erit
488 3439 544 3485 et
572 3430 686 3483 laus
714 3425 1000 3494 unicuique
1020 3465 1032 3486 ,
1067 3437 1095 3476 a
1125 3436 1231 3491 quo
1257 3432 1309 3474 et
1338 3418 1666 3472 contrarium
1707 3416 1825 3469 lau-

227 3527 311 3582 dis
333 3533 392 3580 ut
425 3540 454 3578 a
482 3521 682 3593 judice.
722 3518 914 3583 Certe,
946 3513 1123 3585 inquis
1148 3510 1291 3584 (10),
1319 3510 1404 3565 vel
1447 3509 1533 3563 hic
1564 3506 1818 3561 mundum

229 3624 396 3676 Deum
441 3616 623 3671 mundi
667 3614 1068 3681 interpretatur,
1121 3603 1399 3661 dicendo:
1445 3599 1816 3672 Spectaculum

229 3715 353 3786 {acti
383 3727 560 3766 sumus
591 3707 779 3762 munda
799 3748 816 3773 ,
839 3714 886 3759 et
902 3702 1118 3774 angelis,
1150 3709 1195 3753 et
1218 3697 1518 3752 hominibus.
1541 3695 1676 3762 Quia
1700 3694 1817 3766 (11)

227 3808 270 3862 si
299 3802 560 3860 mundum
605 3798 852 3855 homines
891 3793 1076 3850 mundi
1103 3792 1491 3863 signiﬁcasset,
1528 3804 1631 3844 non
1663 3787 1824 3842 etiam

230 3898 479 3953 homines
520 3891 859 3964 postmodum
907 3886 1258 3943 nominasset.
1290 3881 1404 3937 Imo
1447 3897 1514 3937 ne
1555 3881 1628 3935 ita
1659 3894 1824 3951 argu-

229 3991 584 4055 mentareris,
618 3982 954 4058 providentia
981 3979 1215 4051 Spiritus
1241 3975 1422 4033 Sancti
1438 3973 1828 4030 demonstravit

234 4084 495 4155 quidnam
555 4079 671 4153 (19.)
725 4078 990 4140 dixisset,
1045 4070 1407 4143 Spectaculum
1465 4067 1586 4136 facti
1653 4082 1826 4121 sumus

229 4177 461 4241 mundo;
509 4173 636 4229 dum
683 4170 888 4242 angelis
935 4167 1025 4239 qui
1077 4163 1337 4220 mundum
1387 4160 1728 4226 ministrant,
1771 4167 1827 4214 et

231 4266 544 4324 hominibus
598 4263 791 4336 quibus
838 4260 1166 4316 ministrant.
1220 4253 1519 4311 Verebatur
1573 4253 1824 4307 nimirum

231 4369 393 4415 tanta:
436 4354 756 4412 constantia:
795 4352 898 4416 vir,
951 4365 1019 4405 ne
1065 4347 1242 4404 dicam
1289 4344 1521 4415 Spiritus
1560 4345 1822 4408 Sanctus,

227 4449 531 4526 praesertim
574 4453 640 4504 ad
672 4448 812 4504 ﬁlios
845 4444 1124 4508 scribens,
1158 4453 1296 4510 quos
1323 4439 1374 4492 in
1407 4436 1697 4506 Evangelio
1734 4451 1825 4507 gc-

225 4553 552 4612 neraverat,
582 4542 750 4598 libere
777 4539 949 4594 Deum
991 4531 1174 4589 mundi
1221 4530 1533 4595 nominare,
1569 4528 1824 4583 adversus

224 4653 431 4710 quem,
483 4635 586 4692 nisi
634 4640 854 4698 exerte,
901 4644 1008 4684 non
1059 4634 1242 4697 posset
1296 4622 1463 4678 videri
1512 4622 1820 4692 prmdicare.

1932 3419 2009 3463 tra
2042 3426 2055 3462 :
2087 3409 2267 3477 utique
2295 3405 2394 3460 sibi
2444 3405 2588 3458 salva
2623 3404 2894 3474 przestabit
2915 3446 2929 3471 ,
2970 3420 3090 3474 qua:
3140 3421 3333 3476 magno
3361 3423 3518 3464 com-

1929 3501 2152 3572 paravit.
2181 3498 2298 3554 .Iam
2333 3512 2474 3552 nunc
2502 3496 2773 3567 quomodo
2804 3497 3222 3552 honorabimns?
3249 3500 3521 3568 quomodo

1930 3593 2176 3648 tollemus
2234 3591 2399 3646 Deum
2452 3592 2503 3644 in
2533 3605 2760 3659 corpore
2819 3589 3095 3660 perituro?
3149 3589 3402 3661 Sequitur
3452 3593 3522 3651 de

1931 3685 2130 3755 nuptiis
2158 3674 2447 3753 congredi,
2474 3698 2604 3753 quas
2632 3681 2869 3737 Marcion
2905 3683 3238 3738 constantior
3259 3687 3523 3756 'Apostolo

1931 3777 2202 3848 prohibet.
2235 3776 2443 3831 Etenim
2485 3775 2806 3845 Apostolus,
2835 3775 2935 3830 etsi
2972 3774 3157 3829 bonum
3199 3777 3521 3834 continentia:

1931 3869 2175 3939 prazfert,
2210 3877 2387 3922 tamen
2431 3865 2728 3937 conjugium
2774 3874 2820 3918 et
2865 3867 3103 3920 contrahi
3157 3868 3444 3937 permittit,
3473 3879 3523 3925 et

1929 3963 2044 4017 usui
2090 3977 2216 4027 esse,
2259 3968 2307 4012 et
2359 3958 2521 4027 magis
2571 3957 2779 4010 retineri
2833 3973 2986 4026 quam
3037 3957 3268 4029 disjungi
3315 3959 3518 4016 suadet.

1930 4057 2094 4112 Plane
2145 4053 2388 4109 Christus
2428 4058 2574 4105 vetat
2623 4048 2840 4120 (Matth.
2880 4049 2987 4103 Vet
3014 4048 3162 4119 XIX)
3209 4050 3521 4119 divortium,

1930 4150 2139 4220 Moyses
2169 4159 2296 4200 vero
2327 4143 2603 4213 permittit.
2631 4142 2831 4197 Marcio
2867 4151 3035 4198 totum
3064 4146 3405 4201 concubitum
3429 4160 3526 4201 au-

1931 4240 2110 4296 ferens
2162 4238 2408 4294 ﬁdelibus
2476 4235 2730 4307 (viderint
2764 4236 2908 4291 enim
2952 4237 3323 4294 catcchumeni
3377 4239 3518 4311 ejus)

1930 4332 2209 4403 repudium
2244 4338 2369 4385 ante
2412 4339 2589 4399 nupta:
2618 4328 2735 4397 (l7)
2763 4327 2984 4397 jubens,
3016 4327 3169 4398 cujus
3197 4331 3519 4386 sententiam

1927 4427 2188 4496 sequitur,
2231 4422 2397 4494 Moysi
2425 4435 2490 4474 an
2531 4419 2771 4475 Christi?
2799 4420 2996 4489 Atquin
3025 4428 3079 4474 et
3126 4417 3322 4476 Christi
3376 4424 3525 4492 Apo-

1928 4519 2096 4574 stolus
2127 4515 2268 4589 (18),
2295 4529 2416 4569 cum
2451 4511 2690 4584 praecipit
2741 4511 3004 4566 mulierem
3042 4527 3074 4564 a
3104 4513 3210 4567 viro
3235 4530 3337 4568 non
3363 4513 3527 4570 disce-

1928 4613 2061 4676 dere,
2095 4617 2184 4662 aut
2211 4611 2253 4662 si
2299 4604 2608 4670 discesserit,
2650 4619 2856 4656 manere
2894 4603 3165 4674 innuptam
3188 4645 3204 4672 ,
3235 4615 3321 4658 aut
3349 4622 3528 4662 recon-

224 4696 350 4790 IVon
378 4696 610 4787 defendo
636 4696 929 4784 secundum
976 4722 1150 4793 legem
1182 4714 1456 4773 Creatoris
1487 4713 1823 4784 displicuisse
1845 4710 1903 4772 D
1929 4706 2094 4763 ciliari
2124 4704 2272 4768 viro;
2311 4710 2368 4758 el
2392 4697 2672 4770 repudium
2703 4697 2953 4769 permisit
2978 4738 2992 4766 ,
3032 4696 3176 4769 quod
3209 4712 3315 4754 non
3346 4699 3398 4755 in
3432 4707 3520 4756 ιο-

1427 4830 1809 4892 LECTIONES
1845 4825 2258 4896 VARIANTES.

319 4962 370 5033 ι)
392 4961 639 5033 indicata-
661 4960 956 5033 Panem.-

318 5009 372 5088 ἑ)
396 5009 727 5088 sape}
753 5017 904 5072 ιυιεη.
931 5011 1080 5067 Seml.
1102 5009 1300 5068 Obertlt.

315 5088 372 5200 ii
396 5088 928 5198 ἧξὲἓςξίαὲὥῗτὲτεω.

315 5199 369 5282 si
395 5210 495 5282 sos
517 5208 668 5282 me.
693 5203 853 5282 ξρηιιο
874 5199 1085 5282 aere.-

317 5265 370 5323 ὃ)
399 5272 670 5323 Intentabis
689 5268 841 5323 Rhen.
869 5267 1021 5317 Seml.
1067 5265 1212 5316 Ober.

318 5333 372 5400 7)
398 5335 472 5384 Ad
496 5335 622 5385 hunc
644 5346 842 5383 sensum
864 5333 984 5380 Par.
1013 5338 1157 5379 Fran.

316 5402 370 5468 si
396 5398 682 5468 ειριηίηίυυε
698 5388 1024 5468 mesen.
1046 5386 1238 5468 φρενιιες

316 5403 347 5450 8
396 5403 680 5448 Hominibus
698 5403 847 5446 ﬁttest.
874 5403 1024 5442 sentt.
1046 5403 1238 5441 uoertn.

291 5403 370 5528 (9i
395 5461 614 5513 Christus
641 5460 808 5509 Venet.
841 5453 1020 5505 Christi
1043 5451 1152 5504 cod.
1205 5449 1392 5501 Woutv.

2021 4943 2097 5014 id)
2123 4942 2282 5014 inquit
2302 4935 2369 5014 al.

2022 5005 2100 5065 11)
2122 5005 2212 5065 Qui
2238 5005 2377 5065 Pam.

2121 5052 2382 5134 Quomodo
2396 5059 2548 5134 Rhen.
2562 5054 2713 5134 Seml.
2735 5052 2930 5109 Oberth.

2023 5124 2100 5196 ιδ)
2126 5124 2300 5196 [rubuit
2323 5124 2473 5196 Rhea.
2495 5131 2672 5196 _t;enet.

2021 5179 2099 5243 1λῖ
2124 5193 2292 5241 Pretio
2314 5187 2463 5238 omitt.
2488 5184 2640 5236 Rhea.
2671 5180 2821 5234 Seml.
2850 5179 3047 5233 Oberth.

2024 5246 2104 5305 15)
2126 5254 2186 5304 Et
2200 5253 2318 5302 add.
2344 5249 2496 5301 Rheu.
2523 5246 2676 5298 Seml.
2693 5247 2837 5297 Ober.

2029 5313 2104 5366 [6i
2133 5315 2437 5364 Admittenda
2466 5313 2687 5362 Ciaccort.

2029 5365 2105 5442 li)
2131 5378 2332 5451 Nuptias
2353 5373 2504 5427 Rhen.
2525 5369 2676 5423 Seml.
2704 5365 2898 5422 Obertlt.
2945 5370 3109 5432 nuptis
3130 5377 3246 5422 Jun.

2034 5442 2110 5504 18)
2134 5440 2355 5491 Christus
2389 5436 2541 5489 Rhea.
2568 5436 2690 5484 Jun.
2714 5427 2867 5484 Seml.
2894 5429 3094 5483 Oberth.

1603 5522 2157 5584 COMMENTARIUS.

305 5657 382 5732 (a)
427 5658 720 5732 Sidrnerces
749 5655 828 5709 illi
867 5669 960 5732 per
989 5652 1158 5732 ignem
1203 5647 1529 5732 rependetur.
1587 5644 1661 5698 De
1707 5644 1830 5713 igne

230 5716 534 5802 Pu‘rg'atorii
564 5728 836 5802 explicant
867 5716 1204 5802 Inmc'locum
1223 5716 1460 5802 A’polstoli
1488 5716 1596 5802 fere
1613 5729 1828 5802 omnesg

228 5783 373 5859 inte:
403 5783 539 5872 quos
563 5783 881 5872 Franciscus
917 5794 1211 5872 Turriauus
1239 5783 1294 5846 et
1423 5788 1750 5872 Lnlatissitne
1780 5783 1832 5838 id

234 5859 498 5944 expendit
523 5871 575 5924 in
601 5869 809 5925 delens.
840 5881 1102 5949 canonum
1133 5867 1319 5945 Apost.
1356 5861 1430 5915 Ls
1457 5859 1567 5939 Pa,

301 5944 464 6002 CAP.
489 5939 601 6000 VII.
622 5969 689 5981 -
720 5938 800 6014 (b)
840 5935 1017 6012 Emptt
1062 5952 1197 5994 enim
1220 5948 1394 5991 sumus
1439 5939 1600 6004 pretio
1629 5943 1833 5998 magno,

1933 5639 2205 5712 Utprobet
2229 5638 2480 5695 Marcioni
2508 5650 2687 5691 veram
2714 5648 2932 5712 carnem
2964 5631 3201 5712 induisse
3227 5631 3520 5712 Christum,

1934 5705 2040 5776 ait',
2078 5727 2176 5767 nos
2214 5711 2387 5782 pretio
2426 5723 2620 5779 magno
2636 5716 2750 5782 aut
2793 5705 2942 5760 nullo
2968 5705 3268 5782 redemptos
3294 5721 3319 5782 ;_
3342 5706 3517 5771 nullo,

1935 5784 1980 5837 si
2011 5775 2323 5854 phantasma
2373 5775 2579 5836 tantum
2629 5777 2762 5841 fuit;
2795 5791 2988 5854 magno
3012 5775 3112 5854 _._si
3152 5777 3264 5845 ipse
3308 5777 3360 5832 in
3401 5792 3524 5834 cor.

1939 5847 2181 5925 pore'suo
2209 5853 2401 5911 delicta
2429 5859 2608 5908 nostra
2637 5850 2889 5922 portavit.
2918 5848 2994 5903 Ls
3026 5847 3126 5903 Pa.
