4268 6492
749 402 855 461 ‘87

2109 394 2573 454 TERTULLIANI

3937 399 4047 461 488

748 526 861 575 tum
887 516 1195 589 prohibuit,
1226 525 1279 573 et
1322 514 1724 573 matrimonium
1770 512 2147 580 conﬁrmavit,
2193 511 2337 583 quod
2364 514 2418 574 Α
2442 511 2608 568 dum?
2633 512 2765 569 Nam
2807 520 2865 570 et
2911 513 3178 585 reliqumn
3208 515 3415 571 exitum
3463 515 3640 585 populi
3672 514 4006 574 decursurus
4027 556 4042 581 ,

750 613 925 683 primo
952 612 1121 667 vetuit
1150 611 1383 683 disjungi
1408 655 1422 679 ,
1445 620 1501 667 et
1530 610 1576 667 si
1622 610 1759 665 forte
1786 608 2110 680 disjunctum
2135 648 2150 672 ,
2176 606 2346 661 voluit

750 703 1052 760 reformari.
1082 704 1188 760 Sed
1219 713 1274 759 et
1301 703 1645 759 continentia:
1673 717 1807 773 quas
1824 701 1899 756 ait
1925 700 2181 757 caussas?
2210 699 2345 764 Quia

752 804 949 866 tempus
975 797 1026 850 in
1046 795 1256 851 collecto
1280 806 1375 851 est.
1412 795 1730 851 Pntaveram
1754 836 1768 860 ,
1803 793 1925 862 quia
1957 793 2097 849 Deus
2122 792 2262 846 alius
2288 790 2343 845 in

750 887 999 953 Christo;
1030 897 1085 943 et
1115 898 1289 944 tamen
1320 904 1350 942 a
1387 903 1495 959 quo
1531 896 1615 944 est
1669 886 1915 943 collectio
1951 883 2208 954 temporis
2232 922 2248 946 .
2277 882 2346 937 ab

751 992 819 1033 eo
840 980 943 1034 erit
971 989 1026 1033 et
1055 978 1197 1048 quod
1227 978 1534 1035 collectioni
1584 978 1845 1049 temporis
1879 977 2146 1048 congruit.
2178 974 2346 1030 Nemo

751 1070 929 1126 alieno
971 1074 1197 1141 tempori
1250 1072 1501 1127 consulit.
1559 1071 1819 1126 Pusillum
1870 1070 2039 1125 Deum
2092 1068 2346 1123 adﬁrmas

754 1171 939 1229 tuum,
970 1163 1206 1219 Marcion
1232 1206 1247 1231 ,
1270 1179 1429 1234 quem
1474 1164 1524 1218 in
1566 1164 1746 1234 aliquo
1785 1171 2103 1233 coangustat
2133 1172 2348 1231 tempus

752 1257 1044 1313 Creatoris.
1085 1258 1246 1314 Certe
1294 1258 1696 1329 prmseribens,
1743 1257 1968 1311 Tantum
2018 1258 2071 1310 in
2128 1255 2347 1309 Domino

751 1368 863 1406 esse
888 1352 1173 1406 nubendum
1198 1368 1216 1417 ,°
1248 1367 1315 1407 ne
1338 1352 1424 1421 qui
1455 1350 1628 1407 fidelis
1647 1351 1916 1407 etlmicum
1946 1348 2345 1403 matrimonium

753 1444 1053 1510 contrahat,
1078 1445 1247 1514 legem
1268 1454 1443 1499 tuetur
1486 1443 1778 1507 Creatoris,
1797 1442 2185 1512 allophylormn
2217 1454 2348 1509 nup-

754 1536 857 1591 tias
887 1536 1081 1605 ubique
1131 1536 1481 1605 prohibentis.
1526 1534 1653 1600 Sed,
1682 1534 1774 1587 etsi
1803 1542 1920 1587 sunt
1942 1574 1955 1598 ,
1989 1533 2074 1602 qui
2106 1532 2350 1584 dicuntur

755 1626 874 1695 Dei,
906 1629 1009 1683 sive
1034 1630 1086 1682 in
1116 1629 1274 1690 ctelis,
1319 1630 1422 1684 sive
1475 1630 1527 1683 in
1582 1629 1775 1691 terris;
1811 1634 2031 1696 apparet
2078 1623 2349 1695 quomodo

754 1719 981 1785 dixerit,
1041 1735 1147 1774 non
1204 1722 1353 1789 quasi
1385 1718 1460 1791 (l)
1509 1734 1633 1774 vere
1681 1719 1787 1773 sint
1832 1717 1933 1788 (2),
1973 1716 2062 1787 qui
2104 1715 2351 1770 dicantur

755 1812 973 1883 quando
1025 1828 1129 1867 non
1178 1812 1286 1867 sint
1314 1830 1329 1867 :
1361 1812 1429 1867 de
1459 1811 1614 1867 idolis
1643 1811 1784 1866 enim
1828 1810 1993 1878 empit
2016 1850 2028 1872 ,
2060 1809 2128 1863 de
2176 1808 2349 1863 idolo-

2449 605 2768 674 prtcmittit:
2801 604 2932 661 llwc
2968 616 3141 660 autem
3166 608 3399 675 exempla
3438 606 3579 661 nobis
3608 618 3725 662 sunt
3757 610 3919 678 facta.
3955 607 4046 661 Dic

2448 695 2599 762 mihi,
2631 713 2658 749 a
2689 694 2946 754 Creatore
2982 698 3207 754 alterius
3235 698 3453 770 quidem
3486 700 3648 769 ignoti
3680 699 3772 755 Dei
3812 698 4046 754 homini-

2447 788 2549 845 bus
2575 790 2821 862 exempla
2848 800 2975 846 sunt
3024 790 3207 847 facta?
3234 806 3302 846 an
3348 791 3486 846 alius
3517 792 3655 847 Deus
3683 793 3752 845 ab
3800 791 3910 845 alio
3937 806 4047 845 mu-

2450 890 2629 938 tuatur
2652 883 2924 954 exempla,
2955 883 3251 955 etquidem
3281 883 3515 938 annulo?
3547 884 3621 937 De
3645 884 3738 939 illo
3766 898 3854 938 me
3881 892 4044 938 terret

2447 975 2585 1043 sibi,
2611 991 2643 1030 a
2682 992 2789 1047 quo
2817 977 2973 1032 ﬁdem
3007 993 3180 1033 meam
3214 977 3510 1033 transfert?
3537 977 3815 1033 Meliorem
3849 992 3940 1031 me
3970 976 4043 1030 illi

2447 1068 2789 1125 adversarius
2811 1070 3007 1126 laciet?
3027 1070 3145 1126 Jam
3158 1070 3494 1146 sideliquern
3519 1069 3711 1126 eadem
3734 1086 3855 1141 qua‘
3881 1080 3938 1125 et
3959 1085 4047 1139 ῃοι

2448 1162 2625 1233 pulos,
2650 1163 2911 1220 eademne
2941 1178 3196 1233 passurus
3218 1179 3359 1229 sum,
3389 1167 3604 1220 annon?
3635 1164 3833 1235 Atquin
3860 1167 3907 1220 si
3939 1179 4045 1218 non

2448 1256 2661 1322 eadem,
2691 1272 2827 1313 vane
2868 1257 3000 1313 mihi
3034 1259 3265 1314 timenda
3305 1259 3596 1330 proponit,
3631 1275 3753 1330 qua:
3786 1272 3895 1313 non
3927 1274 4046 1313 sum

2450 1364 2723 1419 passurus.
2756 1350 3021 1407 Passurus
3045 1361 3224 1407 autem
3248 1368 3277 1406 a
3305 1367 3414 1423 quo
3441 1353 3573 1409 ero?
3600 1353 3658 1408 Si
3684 1368 3713 1407 a
3743 1352 4007 1408 Creatore
4028 1392 4045 1419 ,

2449 1444 2623 1515 qualia
2653 1443 2898 1515 inﬂigere
2928 1444 3095 1514 ipsius
3134 1444 3259 1500 est?
3284 1454 3338 1501 et
3366 1445 3523 1515 quale
3553 1446 3673 1510 erit,
3708 1455 3766 1500 ut
3796 1454 4048 1515 peceato-

2450 1550 2563 1591 rem
2586 1535 2761 1590 remuli
2787 1522 2869 1591 sui
2898 1536 3082 1605 puniat
3108 1538 3298 1606 magis,
3323 1552 3481 1607 quam
3509 1552 3540 1593 e
3562 1536 3833 1591 contrario
3865 1536 4044 1591 foveat

2456 1625 2597 1682 Deus
2623 1626 2865 1683 zelotes?
2892 1627 2946 1683 Si
2974 1628 3044 1683 ab
3071 1628 3164 1683 illo
3192 1628 3303 1685 Deo
3326 1668 3341 1694 ,
3369 1628 3551 1698 atquin
3592 1629 3783 1699 punire
3814 1644 3926 1684 non
3956 1643 4049 1683 no-

2453 1718 2547 1773 vit.
2582 1718 2694 1783 Ita,
2730 1728 2837 1774 tota
2870 1720 2970 1776 ista
3018 1721 3317 1791 propositio
3362 1721 3605 1789 Apostoli
3651 1722 3793 1776 nulla
3838 1722 4051 1776 ratione

2452 1811 2721 1878 consistit,
2762 1811 2807 1866 si
2835 1828 2945 1866 non
2972 1812 3040 1866 ad
3070 1812 3406 1882 disciplinam
3433 1813 3710 1869 Creatoris
3746 1823 3851 1868 est.
3900 1814 4052 1868 Deni-

758 1903 923 1976 thytis
970 1903 1339 1974 disputaturos
1369 1922 1382 1959 :
1432 1904 1636 1959 Scimus
1680 1903 1815 1973 quod
1864 1900 2061 1954 idolum
2104 1901 2232 1953 niliil
2262 1901 2345 1954 sit.
2379 1909 2426 1967 Β
2453 1916 2557 1971 quc
2586 1912 2641 1955 et
2671 1902 2723 1955 in
2750 1901 2989 1957 clausula
3018 1902 3320 1972 praefationi
3369 1905 3681 1973 respondet.
3718 1903 3843 1958 ιιατ
3881 1915 4051 1958 autem

756 1995 1072 2053 Creatorem
1108 2007 1287 2051 autem
1316 2005 1373 2050 et
1400 1995 1633 2050 Marcion
1666 1994 1831 2048 Deum
1869 2008 1973 2046 non
2005 2001 2197 2061 negat;
2224 2005 2352 2060 ergo

760 2102 868 2144 non
901 2098 1077 2159 potest
1106 2087 1275 2143 videri
1316 2087 1605 2156 Apostolus
1634 2084 1941 2141 Creatorem
1971 2098 2187 2154 quoque
2213 2082 2352 2137 inter

758 2196 854 2237 eos
888 2181 1132 2251 posuisse
1160 2222 1175 2247 ,
1214 2180 1303 2250 qui
1335 2180 1407 2235 dii
1436 2180 1701 2245 dicantur,
1760 2188 1814 2233 ct
1854 2187 2029 2232 tamen
2069 2192 2177 2230 non
2208 2176 2349 2240 sint;

759 2274 974 2343 quando
988 2275 1088 2329 etsi
1108 2273 1355 2339 fuissent,
1376 2274 1520 2328 nobis
1542 2283 1710 2328 tamen
1739 2288 1867 2325 unus
1892 2282 2016 2325 esset
2039 2269 2179 2324 Deus
2195 2268 2352 2323 Pater

758 2382 823 2419 ea:
850 2383 948 2437 quo
973 2367 1141 2420 omnia
1172 2366 1271 2435 (5).
1291 2367 1487 2435 Exquo
1511 2366 1689 2419 omnia
1720 2363 1894 2427 nobis,
1932 2363 2032 2417 nisi
2061 2361 2212 2431 cujus
2240 2376 2355 2416 om-

760 2458 846 2512 nia
866 2460 889 2511 ?
910 2459 1164 2527 Quantam
1181 2459 1279 2515 ista
1302 2458 1516 2515 ?llahes
1540 2459 1589 2513 in
1617 2456 1897 2527 pratteritis
1932 2474 1944 2510 :
1972 2454 2159 2509 Omnia
2186 2463 2354 2509 vestra

758 2560 897 2618 sunt,
928 2552 1031 2606 sive
1063 2552 1284 2619 Paulus,
1307 2552 1409 2605 sive
1458 2550 1660 2622 Apollo,
1692 2549 1793 2603 sive
1823 2547 2041 2617 Cepltas,
2073 2547 2176 2602 sive
2204 2562 2346 2600 mnu-

760 2642 856 2696 tlus
881 2683 896 2709 ,
921 2643 1023 2697 sive
1049 2644 1149 2696 vita
1176 2686 1190 2707 ,
1222 2643 1324 2697 sive
1364 2659 1500 2696 mors
1522 2684 1536 2708 ,
1562 2642 1665 2695 sive
1692 2639 1991 2710 pra'sentia,
2022 2638 2125 2692 sive
2153 2640 2351 2707 futura.

761 2733 913 2787 Adeo
937 2734 1175 2787 omnium
1206 2734 1376 2788 Deutu
1409 2732 1719 2788 Creatorem
1747 2730 1892 2795 facit,
1921 2745 1949 2782 a
1976 2745 2084 2799 quo
2116 2738 2169 2784 et
2196 2744 2354 2783 mun-

760 2825 862 2881 dus
895 2866 909 2889 ,
941 2835 997 2882 et
1026 2826 1131 2880 vita
1163 2868 1177 2892 ,
1207 2835 1260 2882 ct
1318 2841 1497 2891 mors;
1530 2840 1649 2895 qua:
1678 2823 1901 2878 alterius
1948 2822 2043 2877 Dei
2094 2838 2218 2879 esse
2250 2839 2355 2877 non

764 2928 1006 2987 possunt.
1041 2920 1121 2973 Ah
1170 2933 1237 2974 eo
1288 2919 1447 2989 igitur
1495 2918 1633 2971 inter
1666 2916 1843 2970 omnia
1876 2925 1929 2971 et
1974 2914 2241 2971 Christus.
2274 2914 2358 2970 Ea:

762 3008 935 3064 labore
957 3026 1051 3064 suo
1097 3026 1499 3082 unumquemque
1541 3008 1725 3063 docens
1770 3008 1932 3061 vivere
1968 3015 2202 3076 oportere
2237 3006 2315 3076 (a)
2338 3046 2355 3072 ,

763 3106 893 3162 satis
921 3106 1162 3175 exempla
1196 3105 1531 3175 prtemiscrat
1557 3103 1822 3167 militum,
1856 3109 2131 3170 pastorum
2152 3141 2166 3164 ,
2199 3100 2361 3153 rustic

763 3214 984 3264 eorum;
1015 3198 1108 3253 sed
1128 3196 1305 3252 divina
1335 3195 1716 3251 illiauctoritas
1752 3190 2167 3262 decrat.chcm
2200 3191 2359 3261 igitur

2454 1994 2880 2063 quemadmodum
2928 2006 3199 2050 evenerunt
3241 1996 3346 2050 illis
3371 2036 3386 2062 ,
3426 1998 3618 2067 scripta
3663 2007 3782 2050 sunt
3839 1997 3913 2049 ad
3962 2014 4051 2051 nos

2454 2087 2852 2142 commonendos
2874 2129 2888 2153 ,
2920 2088 2972 2141 in
2994 2104 3122 2157 quos
3148 2088 3274 2159 lines
3302 2105 3525 2143 wvorum
3566 2091 3985 2143 decucurrerunt.
4008 2089 4051 2144 Ο

2454 2175 2764 2234 Creatorem
2792 2188 2843 2233 et
2872 2179 3154 2248 praescium
3182 2180 3294 2247 jam
3336 2189 3391 2235 et
3418 2180 3807 2235 admonitorem
3845 2181 4052 2235 alieno-

2456 2284 2574 2323 rum
2642 2269 3109 2325 Christianorum!
3163 2270 3472 2339 Prteterco,
3524 2274 3567 2325 si
3621 2272 3836 2343 quando
3907 2272 4050 2342 paria

2456 2374 2641 2416 eorum
2669 2372 2789 2431 qua:
2816 2371 3099 2416 retractata
3132 2372 3259 2417 sunt
3286 2404 3300 2427 ,
3331 2362 3575 2433 qumdam
3604 2374 3657 2417 et
3687 2364 3925 2418 breviter
3955 2380 4047 2418 cx-

2458 2468 2658 2523 pungo.
2698 2454 2945 2525 Magnum
2972 2465 3343 2526 argumentum
3375 2456 3469 2511 Dei
3497 2456 3739 2517 alterius.
3766 2456 4051 2527 perlliIaSIO

2455 2546 2693 2602 onmium
2722 2548 3101 2612 obsoniorum,
3150 2550 3406 2604 adversus
3440 2548 3634 2619 Legem
3653 2565 3668 2614 ;
3687 2551 3837 2619 quasi
3864 2564 3972 2604 non
4001 2560 4051 2605 et

2463 2638 2563 2707 ipsi
2591 2638 2945 2694 conlitcamur
2974 2640 3129 2710 Legis
3160 2655 3323 2696 onera
3364 2641 3579 2694 dimissa
3603 2682 3619 2707 ,
3653 2641 3747 2696 sed
3776 2643 3845 2695 ab
3873 2657 3939 2696 eo
3965 2644 4051 2711 qui

2457 2730 2732 2801 imposuit,
2762 2732 2853 2803 qui
2881 2734 3222 2788 novationem
3253 2734 3586 2803 repromisit;
3619 2734 3688 2786 ita
3710 2742 3765 2788 et
3786 2733 3940 2788 cibos
3965 2734 4051 2803 qui

2458 2826 2716 2891 abstulit,
2747 2825 3026 2892 reddidit,
3059 2827 3202 2896 quod
3254 2837 3308 2881 et
3351 2843 3382 2882 a
3433 2827 3733 2897 primordio
3782 2828 4049 2897 prrestitit.

2458 2915 2747 2985 Cmterum,
2780 2919 2823 2973 si
2864 2919 2984 2989 quis
3030 2919 3166 2974 alius
3200 2919 3340 2974 Deus
3387 2918 3577 2975 fuisset
3621 2917 3933 2974 destructor
3963 2918 4052 2972 Dei

2460 3011 2649 3076 nostri,
2683 3010 2815 3066 nihil
2845 3014 3015 3081 magis
3037 3028 3166 3069 suos
3189 3012 3572 3083 prohibuisset,
3606 3028 3764 3084 quam
3792 3013 3861 3068 dc
3888 3012 4056 3083 copiis

2460 3102 2756 3158 adversarii
2789 3104 2988 3161 vivere.
3024 3104 3214 3177 (IlCor.
3238 3148 3252 3166 .
3282 3104 3373 3169 XI,
3408 3104 3576 3176 XIV).

3040 3196 3268 3254 CAPUT
3312 3198 3445 3253 VIII.

764 3293 986 3363 opponit
1014 3290 1283 3347 Creatoris
1324 3290 1545 3360 ingratis
1572 3286 1653 3359 (ὦ)
1683 3328 1696 3353 ,
1722 3302 1879 3357 quam
1902 3286 2207 3342 destruebat
2233 3304 2245 3339 :
2274 3283 2357 3341 sui
2386 3298 2431 3359 ί]
2536 3286 2701 3359 Caput
2740 3289 2832 3344 viri
2858 3289 3090 3345 Christus
3116 3300 3208 3345 est.
3242 3291 3372 3357 Quis
3398 3288 3666 3359 Christus,
3698 3290 3788 3361 qui
3825 3307 3933 3345 non
3979 3300 4058 3345 est

765 3385 909 3441 enim
940 3384 1034 3440 Dei
1066 3384 1266 3439 nullam
1298 3384 1458 3438 talem
1486 3382 1737 3437 habebat.
1770 3381 1917 3448 Bovi,
1952 3382 2145 3451 inquit,
2178 3380 2359 3434 terenti

766 3495 824 3533 os
854 3496 954 3532 non
977 3478 1266 3548 obligabis;
1294 3487 1350 3533 et
1390 3475 1617 3546 adjicit:
1653 3473 1905 3543 Nunquid
1953 3474 2016 3527 de
2054 3473 2213 3528 bobus
2243 3488 2361 3543 per-

769 3571 889 3623 tinet
919 3568 988 3622 ad
1023 3567 1349 3621 Dominum?
1408 3568 1569 3623 etiam
1601 3575 1653 3621 et
1687 3565 1768 3637 (5)
1812 3564 1983 3620 bobus
2020 3572 2236 3635 propter
2266 3564 2361 3619 ho-

769 3660 943 3716 mines
975 3660 1305 3729 bcnignum?
1334 3657 1557 3728 Propter
1583 3674 1673 3711 nos
1700 3658 1832 3711 enim
1864 3659 2111 3727 scriptum
2140 3666 2212 3709 est
2235 3698 2249 3722 ,
2284 3656 2363 3711 in-

768 3754 906 3823 quit.
960 3751 1103 3823 Ergo
1165 3762 1220 3806 et
1271 3752 1442 3821 legem
1499 3749 1840 3819 allegoricam
1898 3748 2193 3803 secundum
2264 3762 2364 3803 nos

772 3844 1039 3916 probavit,
1072 3843 1217 3899 etde
1250 3841 1543 3913 Evangelio
1571 3840 1875 3897 viventibus
1906 3840 2362 3910 patrocinantem;

770 3954 837 3995 ac
879 3948 1101 4009 propter
1128 3937 1249 4005 hoc,
1294 3952 1399 3993 non
1442 3936 1661 3991 alterius
1688 3949 1810 3990 esse
1864 3933 2362 4022 Evangelizatores’

773 4048 933 4104 quam
981 4030 1137 4101 cujus
1186 4030 1310 4097 lex,
1345 4045 1465 4099 qum
1516 4028 1793 4098 prOSpexit
1843 4026 1950 4083 illis
1977 4066 1994 4093 ,
2033 4042 2157 4081 cum
2200 4025 2363 4091 dicit,

774 4122 997 4195 Propter
1024 4138 1116 4177 nos
1159 4123 1291 4176 enim
1324 4118 1406 4193 (6)
1446 4122 1689 4191 scriptum
1731 4129 1822 4173 est.
1856 4118 1963 4174 Sed
1990 4118 2160 4173 noluit
2190 4119 2262 4172 uti
2287 4118 2367 4174 Ic-

774 4216 859 4289 gis
889 4224 1189 4287 potestate,
1218 4214 1342 4285 quia
1391 4212 1583 4268 maluit
1630 4211 1794 4283 gratis
1844 4212 2111 4266 laborare.
2158 4209 2271 4264 IIoc
2299 4210 2367 4264 ad

778 4309 997 4380 gloriam
1043 4324 1188 4363 suam
1234 4306 1418 4362 retulit
1440 4347 1456 4373 ,
1489 4320 1649 4377 quam
1680 4304 1878 4375 negavit
1922 4318 2221 4373 quemquam
2254 4317 2368 4355 eva-

776 4410 1085 4465 cuaturum,
1129 4414 1234 4453 non
1279 4398 1346 4453 ad
1374 4397 1531 4468 chis
1567 4396 2027 4461 destructionem,
2056 4411 2159 4465 qua
2205 4395 2368 4451 alium

776 4495 1022 4566 probavit
1050 4508 1288 4548 usurum.
1318 4492 1457 4547 Ecce
1500 4502 1677 4547 autem
1708 4500 1763 4547 et
1806 4492 1860 4545 in
1901 4501 2097 4561 petram
2125 4489 2355 4545 offendit

776 4602 955 4641 ctecus
984 4584 1215 4641 Marcion
1235 4626 1250 4650 ,
1280 4586 1344 4639 de
1387 4602 1489 4654 qua
1517 4584 1747 4639 bibebant
1791 4585 1846 4638 in
1887 4583 2161 4639 solitudine
2191 4594 2362 4654 patres

2466 3382 2565 3437 viri
2598 3383 2823 3438 auctor?
2846 3383 3013 3452 Caput
3035 3384 3179 3437 enim
3206 3382 3270 3437 ad
3295 3382 3670 3438 auctoritatem
3703 3383 3903 3452 posuit,
3933 3396 4055 3436 auc-

2464 3478 2654 3533 toritas
2681 3486 2859 3531 autem
2889 3491 2995 3531 non
3026 3475 3247 3530 alterius
3273 3475 3398 3540 erit,
3429 3492 3589 3545 quam
3613 3477 3870 3530 auctoris.
3896 3476 4057 3545 Cujus

2464 3569 2697 3638 denique
2744 3567 2842 3621 viri
2888 3574 3050 3636 caput
3075 3566 3200 3622 est?
3227 3565 3387 3621 Certe
3415 3565 3483 3621 de
3510 3582 3618 3636 quo
3662 3565 3876 3635 snlijicit
3906 3582 3919 3619 :
3974 3564 4059 3618 Vir

2465 3661 2595 3715 enim
2627 3676 2728 3714 non
2758 3658 2901 3714 debet
2928 3668 3088 3728 caput
3114 3656 3298 3721 velare,
3335 3674 3449 3711 cum
3472 3658 3535 3711 sit
3561 3656 3657 3712 Dei
3682 3657 3872 3727 imago.
3902 3655 4062 3727 Igitur

2464 3750 2512 3807 si
2539 3749 2811 3807 Creatoris
2836 3759 2919 3805 est
2941 3750 3115 3820 imago
3142 3749 3256 3821 (ille
3278 3749 3419 3805 enim
3448 3748 3720 3804 Christum
3744 3748 4059 3804 Sermonem

2467 3858 2623 3898 suum
2658 3843 2872 3898 intuens
2904 3841 3177 3898 hominem
3209 3840 3445 3896 futurum
3473 3882 3487 3907 ,
3522 3838 3822 3906 Faciamus,
3854 3841 4057 3909 inquit,

2470 3936 2724 3991 hominem
2753 3938 2821 3990 ad
2847 3937 3120 4007 intaginent
3152 3946 3199 3990 et
3220 3935 3605 3991 similitudinem
3632 3935 3905 4003 nostram),
3932 3948 4061 4004 quo-

2470 4026 2632 4083 modo
2660 4042 2875 4099 possum
2903 4028 3131 4084 alterum
3165 4028 3362 4083 habere
3392 4036 3574 4097 caput,
3606 4042 3712 4081 non
3758 4042 3883 4081 cum
3911 4026 4061 4094 cujus

2470 4119 2646 4190 imago
2688 4120 2847 4174 sum?
2873 4119 3006 4174 Cum
3054 4120 3197 4175 enim
3231 4120 3405 4189 imago
3456 4134 3576 4174 sum
3606 4117 3882 4173 Creatoris
3907 4160 3921 4183 ,
3956 4133 4062 4172 non

2472 4220 2554 4266 est
2582 4211 2635 4265 in
2665 4226 2752 4267 me
2782 4212 2933 4267 locus
2961 4212 3153 4282 capitis
3180 4213 3423 4267 alterius.
3456 4210 3564 4266 Sed
3604 4220 3658 4265 et
3684 4225 3853 4279 quare
3884 4210 4063 4263 mulier

2473 4311 2767 4373 potestatem
2792 4320 2945 4372 super
2971 4313 3123 4375 caput
3147 4304 3330 4359 habere
3359 4302 3594 4358 debebit?
3614 4303 3668 4359 Si
3692 4304 3813 4374 quia
3846 4318 3911 4357 ea:
3932 4304 4062 4367 viro,

2473 4406 2519 4450 ct
2554 4406 2759 4465 prapter
2801 4397 2964 4450 virum
3016 4396 3153 4466 facta
3204 4407 3277 4452 est
3322 4396 3615 4451 secundum
3670 4396 4062 4451 institutionem

2472 4487 2763 4555 Creatoris,
2796 4490 2874 4545 sic
2901 4505 3115 4561 quoque
3144 4491 3264 4560 ejus
3293 4490 3631 4561 disciplinam
3666 4489 3963 4559 Apostolus
3985 4504 4067 4543 cu-

2482 4581 2639 4645 ravit,
2670 4580 2737 4637 de
2764 4581 2916 4651 cujus
2942 4582 3277 4639 institutione
3306 4596 3527 4638 caussas
3555 4581 3857 4652 disciplina:
3904 4583 4065 4636 inter-

778 4678 961 4735 nostri.
1002 4677 1058 4734 Si
1081 4678 1222 4732 enim
1253 4686 1403 4748 petra
1436 4676 1524 4732 illa
1553 4676 1799 4733 Christus
1822 4676 1922 4731 l'uit
1942 4717 1958 4743 ,
1988 4677 2174 4747 utique
2203 4676 2369 4732 Crca-
2393 4688 2447 4748 ι)
2477 4683 2736 4744 pretatur.
2766 4674 2967 4745 Adjicit
3008 4676 3203 4741 etiam,
3238 4675 3463 4746 Propter
3504 4676 3731 4747 angelos.
3778 4674 3973 4743 Quos?
4015 4673 4066 4729 id

780 4771 935 4838 toris,
958 4770 1110 4841 cujus
1137 4780 1192 4825 et
1236 4770 1481 4841 populus.
1522 4769 1619 4825 Cui
1646 4770 1719 4825 rei
1749 4769 1827 4842 (b)
1861 4771 2085 4841 ﬁguram
2119 4769 2360 4827 extranei

780 4862 1103 4919 sacramenti
1135 4862 1553 4933 interpretatur?
1580 4867 1661 4919 An
1690 4871 1749 4916 ut
1778 4862 1881 4917 hoc
1922 4862 2096 4932 ipsum
2122 4861 2361 4930 doceret,

782 4956 1007 5027 ligurata
1053 4954 1218 5012 luisse
1247 4964 1428 5011 vetera
1453 4954 1506 5010 in
1534 4953 1807 5011 Christum
1835 4969 1899 5010 ex
1931 4952 2036 5009 illis
2072 4968 2367 5009 recensen-

2475 4777 2579 4835 cst,
2608 4767 2803 4840 cujus?
2829 4769 2885 4825 Si
2912 4770 3182 4826 Creatoris
3208 4779 3502 4840 apostatas,
3530 4768 3747 4833 merito,
3778 4778 3837 4823 ut
3868 4768 3955 4824 illa
3994 4767 4067 4821 fa-

2472 4862 2582 4919 cies
2608 4878 2729 4933 qua:
2756 4878 2852 4919 eos
2879 4863 3268 4919 scandalizavit
3292 4903 3307 4931 ,
3339 4871 3524 4919 notam
3551 4860 3839 4933 quamdam
3871 4860 4067 4916 rcl'crat

2474 4952 2544 5011 de
2593 4954 2775 5011 habitu
2822 4954 3140 5013 humilitatis
3163 4996 3179 5025 ,
3212 4964 3270 5013 et
3308 4954 3688 5013 obscuratione
3735 4952 3975 5011 decoris.
4012 4953 4064 5009 Si

2020 5065 2310 5124 LECTION
2319 5066 2397 5125 ES
2437 5065 2842 5127 VARIANTES.

868 5184 919 5321 ἐξ
1199 5247 1297 5320 sint
1322 5245 1439 5321 add.
1458 5242 1871 5321 .Seud...Sed__quia
1890 5245 1953 5297 sit
1974 5252 2126 5297 παπ.

869 5306 921 5373 3')
946 5311 1018 5363 Ex
1042 5306 1140 5375 quo
1163 5312 1323 5362 omnia
1346 5306 1486 5362 seml.
1513 5306 1689 5375 legitur
1720 5306 1880 5363 Venet.

2564 5182 2613 5295 si
2637 5182 2865 5295 {res
2884 5192 2999 5238 m-

2564 5183 2592 5231 l
2637 5182 2865 5295 Bigratiis
2884 5192 2999 5238 Jun.

2632 5248 2939 5364 Elii:
2965 5310 3119 5364 Frau.

2158 5412 2718 5475 COMMENTARIUS.

860 5554 935 5625 (a)
979 5553 1057 5609 Ex
1084 5553 1255 5609 labore
1278 5568 1371 5608 suo
1397 5567 1801 5622 unumquemque
1846 5550 2028 5625 docens
2057 5549 2249 5625 viver_e._
2268 5549 2366 5606 llic

787 5621 947 5681 variis
973 5625 1230 5693 exemplis
1260 5626 1465 5695 prohat,
1489 5621 1921 5695 unumquemque
1947 5623 2142 5695 victum
2167 5621 2365 5695 debere

784 5696 886 5751 sibi
916 5712 1224 5765 comparare
1247 5693 1311 5751 ex
1338 5695 1519 5749 labore
1542 5711 1666 5765 suo.
1696 5694 1786 5749 Sic
1827 5694 1885 5749 Β.
1920 5693 2195 5763 apostolus
2218 5694 2365 5747 dice-

786 5767 877 5821 hat
901 5764 1049 5821 oliui
1073 5782 1260 5821 manus
1291 5767 1389 5821 sibi
1428 5764 1759 5821 ministrasse
1801 5779 1917 5833 qua:
1948 5778 2083 5831 opus
2110 5765 2159 5817 ei
2190 5772 2361 5817 erant.

780 5840 886 5906 Qui
917 5839 1200 5908 Evangelio
1241 5840 1514 5903 serviunt,
1560 5854 1627 5894 ex
1675 5836 1864 5893 eodem
1913 5836 2096 5959 vivet-le
2143 5834 2362 5961 (:pbent.

2097 5922 2127 5960 ε
2197 5921 2248 5961 [ι.

2097 5922 2127 5960 Ε
2155 5921 2248 5961 ι’[ι.

2542 5553 2622 5625 (b)
2663 5553 2915 5627 Figuram
2956 5556 3185 5613 extranei
3227 5558 3551 5613 sacramenti.
3581 5555 3790 5614 Poterit
3825 5554 4056 5628 exponi,

2467 5622 2691 5699 ﬁguram
2732 5622 2855 5697 ejus
2882 5628 2974 5699 qui
3018 5630 3088 5685 sit
3116 5636 3406 5685 extraucus
3442 5646 3473 5685 a
3522 5622 4055 5686 sacramenta-Nam

2467 5697 2605 5771 solet
2632 5697 2914 5771 extraneas
2933 5709 3251 5771 construere
3306 5714 3427 5756 cum
3474 5699 3708 5771 genitivo
3735 5742 3752 5766 ,
3806 5708 3864 5754 ut
3904 5710 4055 5767 supra

2470 5766 2905 5849 advnblarcniib.
2938 5770 2981 5826 ll
3015 5771 3178 5840 :Quis
3227 5771 3352 5827 mali
3398 5766 3685 5829 exfraneus
3711 5811 3728 5839 ,
3765 5772 3868 5827 nisi
3893 5766 3979 5841 qui
4005 5774 4055 5822 et

2470 5842 2713 5897 inimicus
2737 5842 2758 5895 ?
2790 5842 2963 5898 Itur-sn.
