  <div class='ocr_page' id='page_1' title='image "/cluster/home/n/w/nwhite01/storage/ocr_20150623/2/hvd.32044015466741/270.png"; bbox 0 0 2134 3246; ppageno 0'>
   <div class='ocr_carea' id='block_1_1' title="bbox 109 206 162 235">
    <p class='ocr_par' dir='ltr' id='par_1_1' title="bbox 109 206 162 235">
     <span class='ocr_line' id='line_1_1' title="bbox 109 206 162 235; baseline 0 0"><span class='ocrx_word' id='word_1_1' title='bbox 109 206 162 235; x_wconf 64' lang='lat'><strong>‘89</strong></span> 
     </span>
    </p>
   </div>
   <div class='ocr_carea' id='block_1_2' title="bbox 675 204 1213 236">
    <p class='ocr_par' dir='ltr' id='par_1_2' title="bbox 675 204 1213 236">
     <span class='ocr_line' id='line_1_2' title="bbox 675 204 1213 236; baseline 0 -1"><span class='ocrx_word' id='word_1_2' title='bbox 675 207 740 236; x_wconf 84' lang='lat' dir='ltr'><strong>LIB.</strong></span> <span class='ocrx_word' id='word_1_3' title='bbox 760 207 782 235; x_wconf 87' lang='lat' dir='ltr'><strong>V</strong></span> <span class='ocrx_word' id='word_1_4' title='bbox 802 204 986 235; x_wconf 77' lang='lat' dir='ltr'><strong>ADVERSUS</strong></span> <span class='ocrx_word' id='word_1_5' title='bbox 1000 206 1213 236; x_wconf 77' lang='lat' dir='ltr'><strong>MARCIONEM.</strong></span> 
     </span>
    </p>
   </div>
   <div class='ocr_carea' id='block_1_3' title="bbox 1705 208 1759 237">
    <p class='ocr_par' dir='ltr' id='par_1_3' title="bbox 1705 208 1759 237">
     <span class='ocr_line' id='line_1_3' title="bbox 1705 208 1759 237; baseline 0.019 -1"><span class='ocrx_word' id='word_1_6' title='bbox 1705 208 1759 237; x_wconf 62' lang='lat'><strong>490</strong></span> 
     </span>
    </p>
   </div>
   <div class='ocr_carea' id='block_1_4' title="bbox 109 262 1756 301">
    <p class='ocr_par' dir='ltr' id='par_1_4' title="bbox 109 262 1756 301">
     <span class='ocr_line' id='line_1_4' title="bbox 109 262 1756 301; baseline 0.003 -12"><span class='ocrx_word' id='word_1_7' title='bbox 109 270 174 290; x_wconf 73' lang='lat' dir='ltr'><strong>vero</strong></span> <span class='ocrx_word' id='word_1_8' title='bbox 190 268 300 299; x_wconf 90' lang='lat' dir='ltr'><strong>propter</strong></span> <span class='ocrx_word' id='word_1_9' title='bbox 313 263 422 300; x_wconf 82' lang='lat' dir='ltr'><strong>angelos</strong></span> <span class='ocrx_word' id='word_1_10' title='bbox 448 263 495 292; x_wconf 89' lang='lat' dir='ltr'><strong>Dei</strong></span> <span class='ocrx_word' id='word_1_11' title='bbox 522 263 636 293; x_wconf 86' lang='lat' dir='ltr'><strong>alterius</strong></span> <span class='ocrx_word' id='word_1_12' title='bbox 650 284 658 296; x_wconf 92' lang='lat'><strong>,</strong></span> <span class='ocrx_word' id='word_1_13' title='bbox 673 263 737 300; x_wconf 89' lang='lat' dir='ltr'><strong>quid</strong></span> <span class='ocrx_word' id='word_1_14' title='bbox 753 268 872 295; x_wconf 86' lang='lat' dir='ltr'><strong>veretur,</strong></span> <span class='ocrx_word' id='word_1_15' title='bbox 886 262 909 290; x_wconf 90' lang='lat' dir='ltr'><strong>si</strong></span> <span class='ocrx_word' id='word_1_16' title='bbox 923 263 951 293; x_wconf 81' lang='grc' dir='ltr'>Α</span> <span class='ocrx_word' id='word_1_17' title='bbox 963 262 1125 291; x_wconf 79' lang='lat' dir='ltr'><strong>novissimos</strong></span> <span class='ocrx_word' id='word_1_18' title='bbox 1136 264 1195 292; x_wconf 82' lang='lat' dir='ltr'><strong>dies</strong></span> <span class='ocrx_word' id='word_1_19' title='bbox 1207 263 1320 300; x_wconf 77' lang='lat' dir='ltr'><strong>gratiam</strong></span> <span class='ocrx_word' id='word_1_20' title='bbox 1335 264 1444 299; x_wconf 89' lang='lat' dir='ltr'><strong>spiritus</strong></span> <span class='ocrx_word' id='word_1_21' title='bbox 1457 263 1567 293; x_wconf 87' lang='lat' dir='ltr'><strong>Creator</strong></span> <span class='ocrx_word' id='word_1_22' title='bbox 1582 267 1735 301; x_wconf 84' lang='lat' dir='ltr'><strong>repromisit</strong></span> <span class='ocrx_word' id='word_1_23' title='bbox 1747 288 1756 300; x_wconf 92' lang='lat'><strong>,</strong></span> 
     </span>
    </p>
   </div>
   <div class='ocr_carea' id='block_1_5' title="bbox 109 310 906 346">
    <p class='ocr_par' dir='ltr' id='par_1_5' title="bbox 109 310 906 346">
     <span class='ocr_line' id='line_1_5' title="bbox 109 310 906 346; baseline 0.003 -10"><span class='ocrx_word' id='word_1_24' title='bbox 109 317 159 336; x_wconf 90' lang='lat' dir='ltr'><strong>ncc</strong></span> <span class='ocrx_word' id='word_1_25' title='bbox 185 310 233 344; x_wconf 69' lang='lat' dir='ltr'><strong>ipsi</strong></span> <span class='ocrx_word' id='word_1_26' title='bbox 250 310 414 339; x_wconf 68' lang='lat' dir='ltr'><strong>Marcionita:</strong></span> <span class='ocrx_word' id='word_1_27' title='bbox 434 310 557 339; x_wconf 72' lang='lat' dir='ltr'><strong>fmutinas</strong></span> <span class='ocrx_word' id='word_1_28' title='bbox 580 313 736 346; x_wconf 77' lang='lat' dir='ltr'><strong>appetunt?</strong></span> <span class='ocrx_word' id='word_1_29' title='bbox 750 311 828 346; x_wconf 76' lang='lat' dir='ltr'><strong>Saepe</strong></span> <span class='ocrx_word' id='word_1_30' title='bbox 850 310 906 346; x_wconf 84' lang='lat' dir='ltr'><strong>jam</strong></span> 
     </span>
    </p>
   </div>
   <div class='ocr_carea' id='block_1_6' title="bbox 109 355 907 392">
    <p class='ocr_par' dir='ltr' id='par_1_6' title="bbox 109 355 907 392">
     <span class='ocr_line' id='line_1_6' title="bbox 109 355 907 392; baseline 0.003 -10"><span class='ocrx_word' id='word_1_31' title='bbox 109 355 279 384; x_wconf 81' lang='lat' dir='ltr'><strong>ostendimus</strong></span> <span class='ocrx_word' id='word_1_32' title='bbox 293 356 401 384; x_wconf 73' lang='lat' dir='ltr'><strong>litarem</strong></span> <span class='ocrx_word' id='word_1_33' title='bbox 426 356 496 392; x_wconf 83' lang='lat' dir='ltr'><strong>apud</strong></span> <span class='ocrx_word' id='word_1_34' title='bbox 515 356 675 392; x_wconf 81' lang='lat' dir='ltr'><strong>Apostolum</strong></span> <span class='ocrx_word' id='word_1_35' title='bbox 699 357 764 384; x_wconf 81' lang='lat' dir='ltr'><strong>inter</strong></span> <span class='ocrx_word' id='word_1_36' title='bbox 788 357 857 384; x_wconf 89' lang='lat' dir='ltr'><strong>mala</strong></span> <span class='ocrx_word' id='word_1_37' title='bbox 880 360 907 383; x_wconf 81' lang='lat' dir='ltr'><strong>ut</strong></span> 
     </span>
    </p>
   </div>
   <div class='ocr_carea' id='block_1_7' title="bbox 107 402 907 439">
    <p class='ocr_par' dir='ltr' id='par_1_7' title="bbox 107 402 907 439">
     <span class='ocr_line' id='line_1_7' title="bbox 107 402 907 439; baseline 0.004 -12"><span class='ocrx_word' id='word_1_38' title='bbox 107 402 204 428; x_wconf 85' lang='lat' dir='ltr'><strong>malum</strong></span> <span class='ocrx_word' id='word_1_39' title='bbox 215 403 287 437; x_wconf 86' lang='lat' dir='ltr'><strong>poni,</strong></span> <span class='ocrx_word' id='word_1_40' title='bbox 301 408 324 430; x_wconf 78' lang='lat' dir='ltr'><strong>et</strong></span> <span class='ocrx_word' id='word_1_41' title='bbox 335 411 377 430; x_wconf 77' lang='lat' dir='ltr'><strong>eos</strong></span> <span class='ocrx_word' id='word_1_42' title='bbox 386 402 529 438; x_wconf 80' lang='lat' dir='ltr'><strong>probabiles</strong></span> <span class='ocrx_word' id='word_1_43' title='bbox 544 403 733 439; x_wconf 85' lang='lat' dir='ltr'><strong>intelligendos,</strong></span> <span class='ocrx_word' id='word_1_44' title='bbox 745 402 787 438; x_wconf 82' lang='lat' dir='ltr'><strong>qui</strong></span> <span class='ocrx_word' id='word_1_45' title='bbox 800 403 907 430; x_wconf 82' lang='lat' dir='ltr'><strong>Ittereses</strong></span> 
     </span>
    </p>
   </div>
   <div class='ocr_carea' id='block_1_8' title="bbox 105 448 906 484">
    <p class='ocr_par' dir='ltr' id='par_1_8' title="bbox 105 448 906 484">
     <span class='ocr_line' id='line_1_8' title="bbox 105 448 906 484; baseline 0.004 -11"><span class='ocrx_word' id='word_1_46' title='bbox 105 452 132 473; x_wconf 82' lang='lat' dir='ltr'><strong>ut</strong></span> <span class='ocrx_word' id='word_1_47' title='bbox 143 448 240 474; x_wconf 83' lang='lat' dir='ltr'><strong>malum</strong></span> <span class='ocrx_word' id='word_1_48' title='bbox 253 448 363 483; x_wconf 79' lang='lat' dir='ltr'><strong>fugiant.</strong></span> <span class='ocrx_word' id='word_1_49' title='bbox 377 448 493 476; x_wconf 82' lang='lat' dir='ltr'><strong>Proinde</strong></span> <span class='ocrx_word' id='word_1_50' title='bbox 507 448 583 484; x_wconf 89' lang='lat' dir='ltr'><strong>panis</strong></span> <span class='ocrx_word' id='word_1_51' title='bbox 590 453 616 476; x_wconf 92' lang='lat' dir='ltr'><strong>ct</strong></span> <span class='ocrx_word' id='word_1_52' title='bbox 626 448 719 476; x_wconf 85' lang='lat' dir='ltr'><strong>calicis</strong></span> <span class='ocrx_word' id='word_1_53' title='bbox 732 452 906 476; x_wconf 86' lang='lat' dir='ltr'><strong>sacramento</strong></span> 
     </span>
    </p>
   </div>
   <div class='ocr_carea' id='block_1_9' title="bbox 103 493 908 530">
    <p class='ocr_par' dir='ltr' id='par_1_9' title="bbox 103 493 908 530">
     <span class='ocr_line' id='line_1_9' title="bbox 103 493 908 530; baseline 0.004 -10"><span class='ocrx_word' id='word_1_54' title='bbox 103 493 160 527; x_wconf 87' lang='lat' dir='ltr'><strong>jam</strong></span> <span class='ocrx_word' id='word_1_55' title='bbox 174 493 261 529; x_wconf 60' lang='lat' dir='ltr'><strong>(Lua,</strong></span> <span class='ocrx_word' id='word_1_56' title='bbox 273 493 358 527; x_wconf 82' lang='lat' dir='ltr'><strong>XXII)</strong></span> <span class='ocrx_word' id='word_1_57' title='bbox 372 495 398 522; x_wconf 92' lang='lat' dir='ltr'><strong>in</strong></span> <span class='ocrx_word' id='word_1_58' title='bbox 411 495 555 530; x_wconf 76' lang='lat' dir='ltr'><strong>Evangelia</strong></span> <span class='ocrx_word' id='word_1_59' title='bbox 567 495 739 530; x_wconf 78' lang='lat' dir='ltr'><strong>probavimus</strong></span> <span class='ocrx_word' id='word_1_60' title='bbox 749 495 871 530; x_wconf 86' lang='lat' dir='ltr'><strong>corporis</strong></span> <span class='ocrx_word' id='word_1_61' title='bbox 879 499 908 524; x_wconf 92' lang='lat' dir='ltr'><strong>et</strong></span> 
     </span>
    </p>
   </div>
   <div class='ocr_carea' id='block_1_10' title="bbox 104 540 906 577">
    <p class='ocr_par' dir='ltr' id='par_1_10' title="bbox 104 540 906 577">
     <span class='ocr_line' id='line_1_10' title="bbox 104 540 906 577; baseline 0.005 -12"><span class='ocrx_word' id='word_1_62' title='bbox 104 540 244 574; x_wconf 79' lang='lat' dir='ltr'><strong>sanguinis</strong></span> <span class='ocrx_word' id='word_1_63' title='bbox 254 540 380 568; x_wconf 87' lang='lat' dir='ltr'><strong>dominici</strong></span> <span class='ocrx_word' id='word_1_64' title='bbox 391 541 532 570; x_wconf 88' lang='lat' dir='ltr'><strong>veritatem</strong></span> <span class='ocrx_word' id='word_1_65' title='bbox 545 540 594 577; x_wconf 83' lang='lat' dir='ltr'><strong>(tt),</strong></span> <span class='ocrx_word' id='word_1_66' title='bbox 605 541 737 569; x_wconf 86' lang='lat' dir='ltr'><strong>adversus</strong></span> <span class='ocrx_word' id='word_1_67' title='bbox 748 541 906 577; x_wconf 87' lang='lat' dir='ltr'><strong>phantasma</strong></span> 
     </span>
    </p>
   </div>
   <div class='ocr_carea' id='block_1_11' title="bbox 104 584 905 623">
    <p class='ocr_par' dir='ltr' id='par_1_11' title="bbox 104 584 905 623">
     <span class='ocr_line' id='line_1_11' title="bbox 104 584 905 623; baseline 0.005 -11"><span class='ocrx_word' id='word_1_68' title='bbox 104 584 259 613; x_wconf 74' lang='lat' dir='ltr'><strong>Marcionis.</strong></span> <span class='ocrx_word' id='word_1_69' title='bbox 273 586 326 614; x_wconf 86' lang='lat' dir='ltr'><strong>Sed</strong></span> <span class='ocrx_word' id='word_1_70' title='bbox 341 591 369 614; x_wconf 92' lang='lat' dir='ltr'><strong>et</strong></span> <span class='ocrx_word' id='word_1_71' title='bbox 378 594 485 615; x_wconf 86' lang='lat' dir='ltr'><strong>omnem</strong></span> <span class='ocrx_word' id='word_1_72' title='bbox 495 587 591 623; x_wconf 83' lang='lat' dir='ltr'><strong>judicii</strong></span> <span class='ocrx_word' id='word_1_73' title='bbox 605 588 769 616; x_wconf 83' lang='lat' dir='ltr'><strong>mentionem</strong></span> <span class='ocrx_word' id='word_1_74' title='bbox 781 588 905 616; x_wconf 80' lang='lat' dir='ltr'><strong>Creatori</strong></span> 
     </span>
    </p>
   </div>
   <div class='ocr_carea' id='block_1_12' title="bbox 104 633 905 670">
    <p class='ocr_par' dir='ltr' id='par_1_12' title="bbox 104 633 905 670">
     <span class='ocr_line' id='line_1_12' title="bbox 104 633 905 670; baseline 0.007 -12"><span class='ocrx_word' id='word_1_75' title='bbox 104 637 259 667; x_wconf 75' lang='lat' dir='ltr'><strong>competere</strong></span> <span class='ocrx_word' id='word_1_76' title='bbox 269 654 276 666; x_wconf 89' lang='lat'><strong>,</strong></span> <span class='ocrx_word' id='word_1_77' title='bbox 294 637 320 660; x_wconf 92' lang='lat' dir='ltr'><strong>ut</strong></span> <span class='ocrx_word' id='word_1_78' title='bbox 334 633 388 661; x_wconf 88' lang='lat' dir='ltr'><strong>Deo</strong></span> <span class='ocrx_word' id='word_1_79' title='bbox 401 634 497 669; x_wconf 88' lang='lat' dir='ltr'><strong>judici,</strong></span> <span class='ocrx_word' id='word_1_80' title='bbox 514 639 570 663; x_wconf 91' lang='lat' dir='ltr'><strong>toto</strong></span> <span class='ocrx_word' id='word_1_81' title='bbox 584 643 652 670; x_wconf 81' lang='lat' dir='ltr'><strong>peste</strong></span> <span class='ocrx_word' id='word_1_82' title='bbox 666 642 749 670; x_wconf 89' lang='lat' dir='ltr'><strong>opere</strong></span> <span class='ocrx_word' id='word_1_83' title='bbox 764 640 905 664; x_wconf 82' lang='lat' dir='ltr'><strong>tractatum</strong></span> 
     </span>
    </p>
   </div>
   <div class='ocr_carea' id='block_1_13' title="bbox 104 678 905 717">
    <p class='ocr_par' dir='ltr' id='par_1_13' title="bbox 104 678 905 717">
     <span class='ocr_line' id='line_1_13' title="bbox 104 678 905 717; baseline 0.007 -13"><span class='ocrx_word' id='word_1_84' title='bbox 104 682 155 705; x_wconf 83' lang='lat' dir='ltr'><strong>est.</strong></span> <span class='ocrx_word' id='word_1_85' title='bbox 168 678 243 706; x_wconf 82' lang='lat' dir='ltr'><strong>Nunc</strong></span> <span class='ocrx_word' id='word_1_86' title='bbox 257 679 288 706; x_wconf 90' lang='lat' dir='ltr'><strong>de</strong></span> <span class='ocrx_word' id='word_1_87' title='bbox 307 679 463 715; x_wconf 83' lang='lat' dir='ltr'><strong>spiritalibus</strong></span> <span class='ocrx_word' id='word_1_88' title='bbox 478 680 557 714; x_wconf 85' lang='lat' dir='ltr'><strong>dico,</strong></span> <span class='ocrx_word' id='word_1_89' title='bbox 572 680 630 708; x_wconf 76' lang='lat' dir='ltr'><strong>haec</strong></span> <span class='ocrx_word' id='word_1_90' title='bbox 645 678 759 717; x_wconf 83' lang='lat' dir='ltr'><strong>&#39;quoque</strong></span> <span class='ocrx_word' id='word_1_91' title='bbox 772 682 798 709; x_wconf 91' lang='lat' dir='ltr'><strong>in</strong></span> <span class='ocrx_word' id='word_1_92' title='bbox 811 681 905 710; x_wconf 89' lang='lat' dir='ltr'><strong>Chris-</strong></span> 
     </span>
    </p>
   </div>
   <div class='ocr_carea' id='block_1_14' title="bbox 103 723 904 762">
    <p class='ocr_par' dir='ltr' id='par_1_14' title="bbox 103 723 904 762">
     <span class='ocr_line' id='line_1_14' title="bbox 103 723 904 762; baseline 0.007 -13"><span class='ocrx_word' id='word_1_93' title='bbox 103 728 159 750; x_wconf 88' lang='lat' dir='ltr'><strong>tum</strong></span> <span class='ocrx_word' id='word_1_94' title='bbox 173 732 188 751; x_wconf 85' lang='lat' dir='ltr'><strong>a</strong></span> <span class='ocrx_word' id='word_1_95' title='bbox 201 723 329 753; x_wconf 85' lang='lat' dir='ltr'><strong>Creatore</strong></span> <span class='ocrx_word' id='word_1_96' title='bbox 343 726 484 760; x_wconf 82' lang='lat' dir='ltr'><strong>promiSsa,</strong></span> <span class='ocrx_word' id='word_1_97' title='bbox 501 726 552 753; x_wconf 88' lang='lat' dir='ltr'><strong>sub</strong></span> <span class='ocrx_word' id='word_1_98' title='bbox 574 727 617 754; x_wconf 88' lang='lat' dir='ltr'><strong>illa</strong></span> <span class='ocrx_word' id='word_1_99' title='bbox 632 727 835 762; x_wconf 73' lang='lat' dir='ltr'><strong>prteseriptione</strong></span> <span class='ocrx_word' id='word_1_100' title='bbox 845 727 904 762; x_wconf 92' lang='lat' dir='ltr'><strong>jus-</strong></span> 
     </span>
    </p>
   </div>
   <div class='ocr_carea' id='block_1_15' title="bbox 107 771 905 808">
    <p class='ocr_par' dir='ltr' id='par_1_15' title="bbox 107 771 905 808">
     <span class='ocr_line' id='line_1_15' title="bbox 107 771 905 808; baseline 0.008 -12"><span class='ocrx_word' id='word_1_101' title='bbox 107 771 210 798; x_wconf 86' lang='lat' dir='ltr'><strong>tissima</strong></span> <span class='ocrx_word' id='word_1_102' title='bbox 222 792 228 803; x_wconf 90' lang='lat'><strong>,</strong></span> <span class='ocrx_word' id='word_1_103' title='bbox 245 773 350 806; x_wconf 87' lang='lat' dir='ltr'><strong>opinor,</strong></span> <span class='ocrx_word' id='word_1_104' title='bbox 372 780 424 808; x_wconf 89' lang='lat' dir='ltr'><strong>qua</strong></span> <span class='ocrx_word' id='word_1_105' title='bbox 440 780 493 800; x_wconf 90' lang='lat' dir='ltr'><strong>non</strong></span> <span class='ocrx_word' id='word_1_106' title='bbox 507 773 617 801; x_wconf 85' lang='lat' dir='ltr'><strong>alterius</strong></span> <span class='ocrx_word' id='word_1_107' title='bbox 629 773 762 802; x_wconf 89' lang='lat' dir='ltr'><strong>credenda</strong></span> <span class='ocrx_word' id='word_1_108' title='bbox 780 774 815 802; x_wconf 86' lang='lat' dir='ltr'><strong>sit</strong></span> <span class='ocrx_word' id='word_1_109' title='bbox 828 775 905 802; x_wconf 81' lang='lat' dir='ltr'><strong>exiti-</strong></span> 
     </span>
    </p>
   </div>
   <div class='ocr_carea' id='block_1_16' title="bbox 103 815 906 854">
    <p class='ocr_par' dir='ltr' id='par_1_16' title="bbox 103 815 906 854">
     <span class='ocr_line' id='line_1_16' title="bbox 103 815 906 854; baseline 0.006 -12"><span class='ocrx_word' id='word_1_110' title='bbox 103 815 190 849; x_wconf 87' lang='lat' dir='ltr'><strong>bitio,</strong></span> <span class='ocrx_word' id='word_1_111' title='bbox 206 817 374 852; x_wconf 83' lang='lat' dir='ltr'><strong>quamcujus</strong></span> <span class='ocrx_word' id='word_1_112' title='bbox 397 818 508 852; x_wconf 83' lang='lat' dir='ltr'><strong>probata</strong></span> <span class='ocrx_word' id='word_1_113' title='bbox 533 818 612 846; x_wconf 82' lang='lat' dir='ltr'><strong>fuerit</strong></span> <span class='ocrx_word' id='word_1_114' title='bbox 632 819 815 854; x_wconf 86' lang='lat' dir='ltr'><strong>repromissio.</strong></span> <span class='ocrx_word' id='word_1_115' title='bbox 839 820 906 847; x_wconf 81' lang='lat' dir='ltr'><strong>I‘rn-</strong></span> 
     </span>
    </p>
   </div>
   <div class='ocr_carea' id='block_1_17' title="bbox 101 863 907 902">
    <p class='ocr_par' dir='ltr' id='par_1_17' title="bbox 101 863 907 902">
     <span class='ocr_line' id='line_1_17' title="bbox 101 863 907 902; baseline 0.005 -13"><span class='ocrx_word' id='word_1_116' title='bbox 101 863 236 890; x_wconf 81' lang='lat' dir='ltr'><strong>nuntiavit</strong></span> <span class='ocrx_word' id='word_1_117' title='bbox 262 863 355 891; x_wconf 81' lang='lat' dir='ltr'><strong>Esaias</strong></span> <span class='ocrx_word' id='word_1_118' title='bbox 377 863 447 899; x_wconf 80' lang='lat' dir='ltr'><strong>(Is..</strong></span> <span class='ocrx_word' id='word_1_119' title='bbox 473 863 530 898; x_wconf 80' lang='lat' dir='ltr'><strong>XI,</strong></span> <span class='ocrx_word' id='word_1_120' title='bbox 552 865 579 899; x_wconf 85' lang='lat' dir='ltr'><strong>I)</strong></span> <span class='ocrx_word' id='word_1_121' title='bbox 607 874 613 891; x_wconf 87' lang='lat'><strong>:</strong></span> <span class='ocrx_word' id='word_1_122' title='bbox 639 864 754 893; x_wconf 81' lang='lat' dir='ltr'><strong>Prodibit</strong></span> <span class='ocrx_word' id='word_1_123' title='bbox 780 866 851 902; x_wconf 79' lang='lat' dir='ltr'><strong>virga</strong></span> <span class='ocrx_word' id='word_1_124' title='bbox 875 866 907 894; x_wconf 86' lang='lat' dir='ltr'><strong>de</strong></span> 
     </span>
    </p>
   </div>
   <div class='ocr_carea' id='block_1_18' title="bbox 100 910 906 947">
    <p class='ocr_par' dir='ltr' id='par_1_18' title="bbox 100 910 906 947">
     <span class='ocr_line' id='line_1_18' title="bbox 100 910 906 947; baseline 0.005 -11"><span class='ocrx_word' id='word_1_125' title='bbox 100 910 189 937; x_wconf 74' lang='lat' dir='ltr'><strong>radice</strong></span> <span class='ocrx_word' id='word_1_126' title='bbox 201 910 275 938; x_wconf 75' lang='lat' dir='ltr'><strong>Jesse</strong></span> <span class='ocrx_word' id='word_1_127' title='bbox 296 910 347 946; x_wconf 87' lang='lat' dir='ltr'>(I),</span> <span class='ocrx_word' id='word_1_128' title='bbox 371 915 395 938; x_wconf 86' lang='lat' dir='ltr'><strong>et</strong></span> <span class='ocrx_word' id='word_1_129' title='bbox 416 912 465 946; x_wconf 80' lang='lat' dir='ltr'><strong>ﬂos</strong></span> <span class='ocrx_word' id='word_1_130' title='bbox 478 912 510 939; x_wconf 88' lang='lat' dir='ltr'><strong>de</strong></span> <span class='ocrx_word' id='word_1_131' title='bbox 524 912 611 939; x_wconf 79' lang='lat' dir='ltr'><strong>radice</strong></span> <span class='ocrx_word' id='word_1_132' title='bbox 626 913 755 946; x_wconf 84' lang='lat' dir='ltr'><strong>ascendet,</strong></span> <span class='ocrx_word' id='word_1_133' title='bbox 770 913 906 947; x_wconf 84' lang='lat' dir='ltr'><strong>requiescet</strong></span> 
     </span>
    </p>
   </div>
   <div class='ocr_carea' id='block_1_19' title="bbox 958 307 1754 345">
    <p class='ocr_par' dir='ltr' id='par_1_19' title="bbox 958 307 1754 345">
     <span class='ocr_line' id='line_1_19' title="bbox 958 307 1754 345; baseline 0.006 -10"><span class='ocrx_word' id='word_1_134' title='bbox 958 307 1081 337; x_wconf 84' lang='lat' dir='ltr'><strong>Christus</strong></span> <span class='ocrx_word' id='word_1_135' title='bbox 1090 315 1180 338; x_wconf 88' lang='lat' dir='ltr'><strong>autem</strong></span> <span class='ocrx_word' id='word_1_136' title='bbox 1191 309 1353 345; x_wconf 81' lang='lat' dir='ltr'><strong>spiritalium</strong></span> <span class='ocrx_word' id='word_1_137' title='bbox 1367 309 1547 345; x_wconf 80' lang='lat' dir='ltr'><strong>dispensator,</strong></span> <span class='ocrx_word' id='word_1_138' title='bbox 1561 311 1587 338; x_wconf 94' lang='lat' dir='ltr'><strong>in</strong></span> <span class='ocrx_word' id='word_1_139' title='bbox 1599 313 1754 340; x_wconf 77' lang='lat' dir='ltr'><strong>novissimis</strong></span> 
     </span>
    </p>
   </div>
   <div class='ocr_carea' id='block_1_20' title="bbox 958 353 1754 393">
    <p class='ocr_par' dir='ltr' id='par_1_20' title="bbox 958 353 1754 393">
     <span class='ocr_line' id='line_1_20' title="bbox 958 353 1754 393; baseline 0.004 -11"><span class='ocrx_word' id='word_1_140' title='bbox 958 353 1052 382; x_wconf 87' lang='lat' dir='ltr'><strong>diebus</strong></span> <span class='ocrx_word' id='word_1_141' title='bbox 1079 355 1212 391; x_wconf 86' lang='lat' dir='ltr'><strong>apparuit.</strong></span> <span class='ocrx_word' id='word_1_142' title='bbox 1227 355 1335 384; x_wconf 84' lang='lat' dir='ltr'><strong>dicente</strong></span> <span class='ocrx_word' id='word_1_143' title='bbox 1361 356 1491 391; x_wconf 80' lang='lat' dir='ltr'><strong>Apostolo</strong></span> <span class='ocrx_word' id='word_1_144' title='bbox 1506 354 1579 392; x_wconf 80' lang='grc' dir='ltr'><strong>(σαι.</strong></span> <span class='ocrx_word' id='word_1_145' title='bbox 1596 356 1640 390; x_wconf 84' lang='grc' dir='ltr'><strong>ιν,</strong></span> <span class='ocrx_word' id='word_1_146' title='bbox 1655 357 1703 393; x_wconf 69' lang='grc' dir='ltr'><strong>4)ε</strong></span> <span class='ocrx_word' id='word_1_147' title='bbox 1721 358 1754 385; x_wconf 76' lang='lat' dir='ltr'><strong>At</strong></span> 
     </span>
    </p>
   </div>
   <div class='ocr_carea' id='block_1_21' title="bbox 959 400 1756 437">
    <p class='ocr_par' dir='ltr' id='par_1_21' title="bbox 959 400 1756 437">
     <span class='ocr_line' id='line_1_21' title="bbox 959 400 1756 437; baseline 0.005 -9"><span class='ocrx_word' id='word_1_148' title='bbox 959 400 1001 428; x_wconf 80' lang='lat' dir='ltr'><strong>ubi</strong></span> <span class='ocrx_word' id='word_1_149' title='bbox 1014 406 1113 437; x_wconf 83' lang='lat' dir='ltr'><strong>tetttptts</strong></span> <span class='ocrx_word' id='word_1_150' title='bbox 1133 403 1260 437; x_wconf 71' lang='lat' dir='ltr'><strong>expletmu</strong></span> <span class='ocrx_word' id='word_1_151' title='bbox 1273 408 1309 430; x_wconf 86' lang='lat' dir='ltr'><strong>est</strong></span> <span class='ocrx_word' id='word_1_152' title='bbox 1321 403 1410 435; x_wconf 84' lang='lat' dir='ltr'><strong>,.tttisit</strong></span> <span class='ocrx_word' id='word_1_153' title='bbox 1425 402 1495 429; x_wconf 88' lang='lat' dir='ltr'><strong>Deus</strong></span> <span class='ocrx_word' id='word_1_154' title='bbox 1510 402 1607 430; x_wconf 85' lang='lat' dir='ltr'><strong>Filium</strong></span> <span class='ocrx_word' id='word_1_155' title='bbox 1621 412 1712 436; x_wconf 83' lang='lat' dir='ltr'><strong>suum;</strong></span> <span class='ocrx_word' id='word_1_156' title='bbox 1727 410 1756 432; x_wconf 88' lang='lat' dir='ltr'><strong>ct</strong></span> 
     </span>
    </p>
   </div>
   <div class='ocr_carea' id='block_1_22' title="bbox 958 447 1753 484">
    <p class='ocr_par' dir='ltr' id='par_1_22' title="bbox 958 447 1753 484">
     <span class='ocr_line' id='line_1_22' title="bbox 958 447 1753 484; baseline 0.004 -10"><span class='ocrx_word' id='word_1_157' title='bbox 958 454 1050 475; x_wconf 80' lang='lat' dir='ltr'><strong>rursus</strong></span> <span class='ocrx_word' id='word_1_158' title='bbox 1065 447 1088 483; x_wconf 85' lang='grc' dir='ltr'><strong>(Ι</strong></span> <span class='ocrx_word' id='word_1_159' title='bbox 1101 447 1173 480; x_wconf 67' lang='lat' dir='ltr'><strong>Con,</strong></span> <span class='ocrx_word' id='word_1_160' title='bbox 1192 447 1247 481; x_wconf 90' lang='lat' dir='ltr'><strong>VII,</strong></span> <span class='ocrx_word' id='word_1_161' title='bbox 1259 447 1305 482; x_wconf 78' lang='grc'><strong>29)</strong></span> <span class='ocrx_word' id='word_1_162' title='bbox 1318 457 1324 475; x_wconf 88' lang='lat'>:</span> <span class='ocrx_word' id='word_1_163' title='bbox 1343 448 1410 482; x_wconf 83' lang='lat' dir='ltr'><strong>Quia</strong></span> <span class='ocrx_word' id='word_1_164' title='bbox 1424 452 1521 484; x_wconf 82' lang='lat' dir='ltr'><strong>tempus</strong></span> <span class='ocrx_word' id='word_1_165' title='bbox 1529 450 1586 484; x_wconf 87' lang='lat' dir='ltr'><strong>jam</strong></span> <span class='ocrx_word' id='word_1_166' title='bbox 1608 450 1634 476; x_wconf 81' lang='lat' dir='ltr'><strong>in</strong></span> <span class='ocrx_word' id='word_1_167' title='bbox 1648 450 1753 477; x_wconf 78' lang='lat' dir='ltr'><strong>collecto</strong></span> 
     </span>
    </p>
   </div>
   <div class='ocr_carea' id='block_1_23' title="bbox 957 493 1753 530">
    <p class='ocr_par' dir='ltr' id='par_1_23' title="bbox 957 493 1753 530">
     <span class='ocr_line' id='line_1_23' title="bbox 957 493 1753 530; baseline 0.004 -10"><span class='ocrx_word' id='word_1_168' title='bbox 957 497 1016 526; x_wconf 84' lang='lat' dir='ltr'><strong>est;</strong></span> <span class='ocrx_word' id='word_1_169' title='bbox 1044 498 1155 529; x_wconf 84' lang='lat' dir='ltr'><strong>apparet</strong></span> <span class='ocrx_word' id='word_1_170' title='bbox 1169 498 1197 521; x_wconf 90' lang='lat' dir='ltr'><strong>et</strong></span> <span class='ocrx_word' id='word_1_171' title='bbox 1217 493 1251 521; x_wconf 89' lang='lat' dir='ltr'><strong>de</strong></span> <span class='ocrx_word' id='word_1_172' title='bbox 1279 498 1429 530; x_wconf 82' lang='lat' dir='ltr'><strong>temporum</strong></span> <span class='ocrx_word' id='word_1_173' title='bbox 1452 494 1605 522; x_wconf 89' lang='lat' dir='ltr'><strong>ultimorum</strong></span> <span class='ocrx_word' id='word_1_174' title='bbox 1622 496 1753 529; x_wconf 69' lang='lat' dir='ltr'><strong>praedica-</strong></span> 
     </span>
    </p>
   </div>
   <div class='ocr_carea' id='block_1_24' title="bbox 958 539 1752 576">
    <p class='ocr_par' dir='ltr' id='par_1_24' title="bbox 958 539 1752 576">
     <span class='ocr_line' id='line_1_24' title="bbox 958 539 1752 576; baseline 0.003 -10"><span class='ocrx_word' id='word_1_175' title='bbox 958 539 1041 573; x_wconf 84' lang='lat' dir='ltr'><strong>tione,</strong></span> <span class='ocrx_word' id='word_1_176' title='bbox 1058 539 1126 567; x_wconf 90' lang='lat' dir='ltr'><strong>hanc</strong></span> <span class='ocrx_word' id='word_1_177' title='bbox 1141 540 1252 575; x_wconf 83' lang='lat' dir='ltr'><strong>gratiam</strong></span> <span class='ocrx_word' id='word_1_178' title='bbox 1267 540 1383 573; x_wconf 83' lang='lat' dir='ltr'><strong>Spiritus</strong></span> <span class='ocrx_word' id='word_1_179' title='bbox 1395 540 1429 567; x_wconf 91' lang='lat' dir='ltr'><strong>ad</strong></span> <span class='ocrx_word' id='word_1_180' title='bbox 1444 539 1579 568; x_wconf 86' lang='lat' dir='ltr'><strong>Christum</strong></span> <span class='ocrx_word' id='word_1_181' title='bbox 1595 542 1752 576; x_wconf 73' lang='lat' dir='ltr'><strong>prardicato-</strong></span> 
     </span>
    </p>
   </div>
   <div class='ocr_carea' id='block_1_25' title="bbox 957 586 1752 623">
    <p class='ocr_par' dir='ltr' id='par_1_25' title="bbox 957 586 1752 623">
     <span class='ocr_line' id='line_1_25' title="bbox 957 586 1752 623; baseline 0.005 -10"><span class='ocrx_word' id='word_1_182' title='bbox 957 586 995 614; x_wconf 90' lang='lat' dir='ltr'><strong>ris</strong></span> <span class='ocrx_word' id='word_1_183' title='bbox 1006 586 1149 621; x_wconf 85' lang='lat' dir='ltr'><strong>pertinere.</strong></span> <span class='ocrx_word' id='word_1_184' title='bbox 1173 586 1306 622; x_wconf 84' lang='lat' dir='ltr'><strong>Compara</strong></span> <span class='ocrx_word' id='word_1_185' title='bbox 1332 586 1449 622; x_wconf 86' lang='lat' dir='ltr'><strong>denique</strong></span> <span class='ocrx_word' id='word_1_186' title='bbox 1462 587 1566 621; x_wconf 83' lang='lat' dir='ltr'><strong>species</strong></span> <span class='ocrx_word' id='word_1_187' title='bbox 1582 590 1703 623; x_wconf 83' lang='lat' dir='ltr'><strong>Apostoli</strong></span> <span class='ocrx_word' id='word_1_188' title='bbox 1723 595 1752 617; x_wconf 89' lang='lat' dir='ltr'><strong>et</strong></span> 
     </span>
    </p>
   </div>
   <div class='ocr_carea' id='block_1_26' title="bbox 957 632 1755 670">
    <p class='ocr_par' dir='ltr' id='par_1_26' title="bbox 957 632 1755 670">
     <span class='ocr_line' id='line_1_26' title="bbox 957 632 1755 670; baseline 0.005 -11"><span class='ocrx_word' id='word_1_189' title='bbox 957 632 1044 660; x_wconf 74' lang='lat' dir='ltr'><strong>Esaia:</strong></span> <span class='ocrx_word' id='word_1_190' title='bbox 1057 632 1107 668; x_wconf 81' lang='lat' dir='ltr'><strong>(Is.</strong></span> <span class='ocrx_word' id='word_1_191' title='bbox 1123 632 1187 669; x_wconf 86' lang='lat' dir='ltr'><strong>XI):</strong></span> <span class='ocrx_word' id='word_1_192' title='bbox 1201 633 1263 667; x_wconf 80' lang='lat' dir='ltr'><strong>Alii,</strong></span> <span class='ocrx_word' id='word_1_193' title='bbox 1280 633 1374 669; x_wconf 88' lang='lat' dir='ltr'><strong>inquit,</strong></span> <span class='ocrx_word' id='word_1_194' title='bbox 1389 634 1465 661; x_wconf 86' lang='lat' dir='ltr'><strong>datur</strong></span> <span class='ocrx_word' id='word_1_195' title='bbox 1478 644 1522 670; x_wconf 84' lang='lat' dir='ltr'><strong>per</strong></span> <span class='ocrx_word' id='word_1_196' title='bbox 1532 635 1658 670; x_wconf 82' lang='lat' dir='ltr'><strong>Spiritum</strong></span> <span class='ocrx_word' id='word_1_197' title='bbox 1673 644 1755 663; x_wconf 82' lang='lat' dir='ltr'><strong>sermo</strong></span> 
     </span>
    </p>
   </div>
   <div class='ocr_carea' id='block_1_27' title="bbox 956 679 1751 716">
    <p class='ocr_par' dir='ltr' id='par_1_27' title="bbox 956 679 1751 716">
     <span class='ocr_line' id='line_1_27' title="bbox 956 679 1751 716; baseline 0.005 -10"><span class='ocrx_word' id='word_1_198' title='bbox 956 679 1088 714; x_wconf 70' lang='lat' dir='ltr'><strong>sapientia:</strong></span> <span class='ocrx_word' id='word_1_199' title='bbox 1098 687 1109 712; x_wconf 85' lang='grc'><strong><em>;</em></strong></span> <span class='ocrx_word' id='word_1_200' title='bbox 1121 680 1211 707; x_wconf 87' lang='lat' dir='ltr'><strong>statim</strong></span> <span class='ocrx_word' id='word_1_201' title='bbox 1226 684 1253 707; x_wconf 88' lang='lat' dir='ltr'><strong>et</strong></span> <span class='ocrx_word' id='word_1_202' title='bbox 1266 680 1358 708; x_wconf 86' lang='lat' dir='ltr'><strong>Esaias</strong></span> <span class='ocrx_word' id='word_1_203' title='bbox 1369 680 1490 715; x_wconf 87' lang='lat' dir='ltr'><strong>spiritum</strong></span> <span class='ocrx_word' id='word_1_204' title='bbox 1501 681 1638 716; x_wconf 72' lang='lat' dir='ltr'><strong>sapientiae</strong></span> <span class='ocrx_word' id='word_1_205' title='bbox 1652 683 1751 716; x_wconf 87' lang='lat' dir='ltr'><strong>posuit.</strong></span> 
     </span>
    </p>
   </div>
   <div class='ocr_carea' id='block_1_28' title="bbox 957 725 1756 764">
    <p class='ocr_par' dir='ltr' id='par_1_28' title="bbox 957 725 1756 764">
     <span class='ocr_line' id='line_1_28' title="bbox 957 725 1756 764; baseline 0.005 -12"><span class='ocrx_word' id='word_1_206' title='bbox 957 725 1008 753; x_wconf 83' lang='lat' dir='ltr'><strong>Alii</strong></span> <span class='ocrx_word' id='word_1_207' title='bbox 1034 734 1118 753; x_wconf 86' lang='lat' dir='ltr'><strong>sermo</strong></span> <span class='ocrx_word' id='word_1_208' title='bbox 1139 726 1273 758; x_wconf 70' lang='lat' dir='ltr'><strong>scientiae;</strong></span> <span class='ocrx_word' id='word_1_209' title='bbox 1302 726 1345 754; x_wconf 87' lang='lat' dir='ltr'><strong>ltic</strong></span> <span class='ocrx_word' id='word_1_210' title='bbox 1359 727 1410 754; x_wconf 88' lang='lat' dir='ltr'><strong>erit</strong></span> <span class='ocrx_word' id='word_1_211' title='bbox 1425 735 1514 755; x_wconf 87' lang='lat' dir='ltr'><strong>sermo</strong></span> <span class='ocrx_word' id='word_1_212' title='bbox 1531 727 1756 764; x_wconf 66' lang='lat' dir='ltr'><strong>intelligetttiaect</strong></span> 
     </span>
    </p>
   </div>
   <div class='ocr_carea' id='block_1_29' title="bbox 957 772 1750 812">
    <p class='ocr_par' dir='ltr' id='par_1_29' title="bbox 957 772 1750 812">
     <span class='ocr_line' id='line_1_29' title="bbox 957 772 1750 812; baseline 0.006 -13"><span class='ocrx_word' id='word_1_213' title='bbox 957 772 1072 800; x_wconf 86' lang='lat' dir='ltr'><strong>consilii.</strong></span> <span class='ocrx_word' id='word_1_214' title='bbox 1087 772 1139 800; x_wconf 78' lang='lat' dir='ltr'><strong>Alii</strong></span> <span class='ocrx_word' id='word_1_215' title='bbox 1150 773 1214 808; x_wconf 79' lang='lat' dir='ltr'><strong>ﬁdes</strong></span> <span class='ocrx_word' id='word_1_216' title='bbox 1227 773 1253 800; x_wconf 85' lang='lat' dir='ltr'><strong>iu</strong></span> <span class='ocrx_word' id='word_1_217' title='bbox 1267 773 1354 800; x_wconf 81' lang='lat' dir='ltr'><strong>eodem</strong></span> <span class='ocrx_word' id='word_1_218' title='bbox 1372 775 1484 809; x_wconf 85' lang='lat' dir='ltr'><strong>spiritu;</strong></span> <span class='ocrx_word' id='word_1_219' title='bbox 1510 775 1553 803; x_wconf 92' lang='lat' dir='ltr'><strong>hic</strong></span> <span class='ocrx_word' id='word_1_220' title='bbox 1567 776 1619 804; x_wconf 88' lang='lat' dir='ltr'><strong>erit</strong></span> <span class='ocrx_word' id='word_1_221' title='bbox 1638 777 1750 812; x_wconf 76' lang='lat' dir='ltr'><strong>spiritus</strong></span> 
     </span>
    </p>
   </div>
   <div class='ocr_carea' id='block_1_30' title="bbox 957 818 1748 857">
    <p class='ocr_par' dir='ltr' id='par_1_30' title="bbox 957 818 1748 857">
     <span class='ocr_line' id='line_1_30' title="bbox 957 818 1748 857; baseline 0.006 -12"><span class='ocrx_word' id='word_1_222' title='bbox 957 818 1093 853; x_wconf 88' lang='lat' dir='ltr'><strong>religionis</strong></span> <span class='ocrx_word' id='word_1_223' title='bbox 1103 823 1131 847; x_wconf 87' lang='lat' dir='ltr'><strong>et</strong></span> <span class='ocrx_word' id='word_1_224' title='bbox 1147 819 1251 847; x_wconf 85' lang='lat' dir='ltr'><strong>timoris</strong></span> <span class='ocrx_word' id='word_1_225' title='bbox 1266 819 1323 847; x_wconf 90' lang='lat' dir='ltr'><strong>Dei.</strong></span> <span class='ocrx_word' id='word_1_226' title='bbox 1346 820 1396 847; x_wconf 80' lang='lat' dir='ltr'><strong>Alii</strong></span> <span class='ocrx_word' id='word_1_227' title='bbox 1410 821 1505 848; x_wconf 87' lang='lat' dir='ltr'><strong>donum</strong></span> <span class='ocrx_word' id='word_1_228' title='bbox 1519 823 1686 857; x_wconf 82' lang='lat' dir='ltr'><strong>curationum,</strong></span> <span class='ocrx_word' id='word_1_229' title='bbox 1702 824 1748 850; x_wconf 84' lang='lat' dir='ltr'><strong>alii</strong></span> 
     </span>
    </p>
   </div>
   <div class='ocr_carea' id='block_1_31' title="bbox 957 864 1748 903">
    <p class='ocr_par' dir='ltr' id='par_1_31' title="bbox 957 864 1748 903">
     <span class='ocr_line' id='line_1_31' title="bbox 957 864 1748 903; baseline 0.006 -12"><span class='ocrx_word' id='word_1_230' title='bbox 957 865 1096 897; x_wconf 79' lang='lat' dir='ltr'><strong>virtutum;</strong></span> <span class='ocrx_word' id='word_1_231' title='bbox 1109 864 1153 892; x_wconf 89' lang='lat' dir='ltr'><strong>hic</strong></span> <span class='ocrx_word' id='word_1_232' title='bbox 1172 864 1224 892; x_wconf 90' lang='lat' dir='ltr'><strong>erit</strong></span> <span class='ocrx_word' id='word_1_233' title='bbox 1249 865 1370 894; x_wconf 58' lang='lat' dir='ltr'><strong>valentius</strong></span> <span class='ocrx_word' id='word_1_234' title='bbox 1384 867 1504 901; x_wconf 89' lang='lat' dir='ltr'><strong>spiritus.</strong></span> <span class='ocrx_word' id='word_1_235' title='bbox 1528 868 1581 894; x_wconf 79' lang='lat' dir='ltr'><strong>Alii</strong></span> <span class='ocrx_word' id='word_1_236' title='bbox 1594 869 1727 903; x_wconf 80' lang='lat' dir='ltr'><strong>prophetia</strong></span> <span class='ocrx_word' id='word_1_237' title='bbox 1740 890 1748 901; x_wconf 87' lang='lat'><strong>,</strong></span> 
     </span>
    </p>
   </div>
   <div class='ocr_carea' id='block_1_32' title="bbox 958 910 1753 949">
    <p class='ocr_par' dir='ltr' id='par_1_32' title="bbox 958 910 1753 949">
     <span class='ocr_line' id='line_1_32' title="bbox 958 910 1753 949; baseline 0.006 -12"><span class='ocrx_word' id='word_1_238' title='bbox 958 910 1004 937; x_wconf 88' lang='lat' dir='ltr'><strong>alti</strong></span> <span class='ocrx_word' id='word_1_239' title='bbox 1016 910 1145 938; x_wconf 77' lang='lat' dir='ltr'><strong>distinctio</strong></span> <span class='ocrx_word' id='word_1_240' title='bbox 1159 911 1305 946; x_wconf 80' lang='lat' dir='ltr'><strong>spirituum,</strong></span> <span class='ocrx_word' id='word_1_241' title='bbox 1317 912 1363 939; x_wconf 85' lang='lat' dir='ltr'><strong>alii</strong></span> <span class='ocrx_word' id='word_1_242' title='bbox 1376 921 1468 948; x_wconf 83' lang='lat' dir='ltr'><strong>genera</strong></span> <span class='ocrx_word' id='word_1_243' title='bbox 1479 913 1641 949; x_wconf 85' lang='lat' dir='ltr'><strong>linguarum,</strong></span> <span class='ocrx_word' id='word_1_244' title='bbox 1655 915 1701 942; x_wconf 84' lang='lat' dir='ltr'><strong>alii</strong></span> <span class='ocrx_word' id='word_1_245' title='bbox 1713 916 1753 942; x_wconf 86' lang='lat' dir='ltr'><strong>itt-</strong></span> 
     </span>
    </p>
   </div>
   <div class='ocr_carea' id='block_1_33' title="bbox 100 956 1749 996">
    <p class='ocr_par' dir='ltr' id='par_1_33' title="bbox 100 956 1749 996">
     <span class='ocr_line' id='line_1_33' title="bbox 100 956 1749 996; baseline 0.005 -16"><span class='ocrx_word' id='word_1_246' title='bbox 100 964 178 990; x_wconf 76' lang='lat' dir='ltr'><strong>super</strong></span> <span class='ocrx_word' id='word_1_247' title='bbox 192 964 249 983; x_wconf 75' lang='lat' dir='ltr'><strong>eum</strong></span> <span class='ocrx_word' id='word_1_248' title='bbox 264 957 369 992; x_wconf 79' lang='lat' dir='ltr'><strong>spiritus</strong></span> <span class='ocrx_word' id='word_1_249' title='bbox 390 956 505 984; x_wconf 79' lang='lat' dir='ltr'><strong>Domini.</strong></span> <span class='ocrx_word' id='word_1_250' title='bbox 518 958 620 986; x_wconf 71' lang='lat' dir='ltr'><strong>Dehinc</strong></span> <span class='ocrx_word' id='word_1_251' title='bbox 637 958 741 993; x_wconf 75' lang='lat' dir='ltr'><strong>species</strong></span> <span class='ocrx_word' id='word_1_252' title='bbox 759 958 818 994; x_wconf 81' lang='lat' dir='ltr'><strong>ejus</strong></span> <span class='ocrx_word' id='word_1_253' title='bbox 831 967 899 986; x_wconf 68' lang='lat' dir='ltr'><strong>enu-</strong></span> <span class='ocrx_word' id='word_1_254' title='bbox 915 959 939 990; x_wconf 86' lang='grc' dir='ltr'><strong>Β</strong></span> <span class='ocrx_word' id='word_1_255' title='bbox 953 956 1098 992; x_wconf 82' lang='lat' dir='ltr'><strong>terpretatio</strong></span> <span class='ocrx_word' id='word_1_256' title='bbox 1125 956 1291 992; x_wconf 81' lang='lat' dir='ltr'><strong>linguarum;</strong></span> <span class='ocrx_word' id='word_1_257' title='bbox 1317 957 1361 985; x_wconf 92' lang='lat' dir='ltr'><strong>hic</strong></span> <span class='ocrx_word' id='word_1_258' title='bbox 1385 959 1437 986; x_wconf 87' lang='lat' dir='ltr'><strong>erit</strong></span> <span class='ocrx_word' id='word_1_259' title='bbox 1462 959 1607 994; x_wconf 70' lang='lat' dir='ltr'><strong>agnitionis</strong></span> <span class='ocrx_word' id='word_1_260' title='bbox 1627 961 1749 996; x_wconf 85' lang='lat' dir='ltr'><strong>spiritus.</strong></span> 
     </span>
    </p>
   </div>
   <div class='ocr_carea' id='block_1_34' title="bbox 99 1003 901 1041">
    <p class='ocr_par' dir='ltr' id='par_1_34' title="bbox 99 1003 901 1041">
     <span class='ocr_line' id='line_1_34' title="bbox 99 1003 901 1041; baseline 0.004 -11"><span class='ocrx_word' id='word_1_261' title='bbox 99 1007 203 1030; x_wconf 86' lang='lat' dir='ltr'><strong>Inerat:</strong></span> <span class='ocrx_word' id='word_1_262' title='bbox 219 1003 332 1037; x_wconf 80' lang='lat' dir='ltr'><strong>Spiritus</strong></span> <span class='ocrx_word' id='word_1_263' title='bbox 346 1004 479 1039; x_wconf 77' lang='lat' dir='ltr'><strong>sapientia:</strong></span> <span class='ocrx_word' id='word_1_264' title='bbox 487 1009 512 1031; x_wconf 79' lang='lat' dir='ltr'><strong>et</strong></span> <span class='ocrx_word' id='word_1_265' title='bbox 522 1004 707 1041; x_wconf 69' lang='lat' dir='ltr'><strong>intelligentiae,</strong></span> <span class='ocrx_word' id='word_1_266' title='bbox 721 1005 828 1039; x_wconf 78' lang='lat' dir='ltr'><strong>spiritus</strong></span> <span class='ocrx_word' id='word_1_267' title='bbox 838 1014 901 1033; x_wconf 77' lang='lat' dir='ltr'><strong>con-</strong></span> 
     </span>
    </p>
   </div>
   <div class='ocr_carea' id='block_1_35' title="bbox 98 1051 902 1089">
    <p class='ocr_par' dir='ltr' id='par_1_35' title="bbox 98 1051 902 1089">
     <span class='ocr_line' id='line_1_35' title="bbox 98 1051 902 1089; baseline 0.004 -12"><span class='ocrx_word' id='word_1_268' title='bbox 98 1051 151 1077; x_wconf 80' lang='lat' dir='ltr'><strong>silii</strong></span> <span class='ocrx_word' id='word_1_269' title='bbox 175 1056 199 1078; x_wconf 84' lang='lat' dir='ltr'><strong>et</strong></span> <span class='ocrx_word' id='word_1_270' title='bbox 222 1051 347 1085; x_wconf 67' lang='lat' dir='ltr'><strong>ralentia’,</strong></span> <span class='ocrx_word' id='word_1_271' title='bbox 370 1056 394 1079; x_wconf 85' lang='lat' dir='ltr'><strong>et</strong></span> <span class='ocrx_word' id='word_1_272' title='bbox 413 1052 520 1086; x_wconf 84' lang='lat' dir='ltr'><strong>spiritus</strong></span> <span class='ocrx_word' id='word_1_273' title='bbox 544 1053 683 1087; x_wconf 80' lang='lat' dir='ltr'><strong>agnitionis</strong></span> <span class='ocrx_word' id='word_1_274' title='bbox 702 1058 726 1080; x_wconf 79' lang='lat' dir='ltr'><strong>et</strong></span> <span class='ocrx_word' id='word_1_275' title='bbox 751 1053 902 1089; x_wconf 77' lang='lat' dir='ltr'><strong>religionis;</strong></span> 
     </span>
    </p>
   </div>
   <div class='ocr_carea' id='block_1_36' title="bbox 99 1094 902 1132">
    <p class='ocr_par' dir='ltr' id='par_1_36' title="bbox 99 1094 902 1132">
     <span class='ocr_line' id='line_1_36' title="bbox 99 1094 902 1132; baseline 0.004 -8"><span class='ocrx_word' id='word_1_276' title='bbox 99 1098 206 1131; x_wconf 85' lang='lat' dir='ltr'><strong>spiritus</strong></span> <span class='ocrx_word' id='word_1_277' title='bbox 228 1106 286 1124; x_wconf 80' lang='lat' dir='ltr'><strong>eum</strong></span> <span class='ocrx_word' id='word_1_278' title='bbox 306 1098 411 1132; x_wconf 71' lang='grc' dir='ltr'><strong>ηνΙεΙιῐι</strong></span> <span class='ocrx_word' id='word_1_279' title='bbox 427 1094 526 1125; x_wconf 71' lang='lat' dir='ltr'><strong>timoris</strong></span> <span class='ocrx_word' id='word_1_280' title='bbox 550 1098 606 1126; x_wconf 86' lang='lat' dir='ltr'><strong>Dei.</strong></span> <span class='ocrx_word' id='word_1_281' title='bbox 621 1099 758 1127; x_wconf 89' lang='lat' dir='ltr'><strong>Christum</strong></span> <span class='ocrx_word' id='word_1_282' title='bbox 783 1099 855 1127; x_wconf 93' lang='lat' dir='ltr'><strong>enim</strong></span> <span class='ocrx_word' id='word_1_283' title='bbox 875 1099 902 1127; x_wconf 94' lang='lat' dir='ltr'><strong>in</strong></span> 
     </span>
    </p>
   </div>
   <div class='ocr_carea' id='block_1_37' title="bbox 100 1141 903 1179">
    <p class='ocr_par' dir='ltr' id='par_1_37' title="bbox 100 1141 903 1179">
     <span class='ocr_line' id='line_1_37' title="bbox 100 1141 903 1179; baseline 0.005 -10"><span class='ocrx_word' id='word_1_284' title='bbox 100 1141 176 1169; x_wconf 91' lang='lat' dir='ltr'><strong>lIoris</strong></span> <span class='ocrx_word' id='word_1_285' title='bbox 190 1142 275 1178; x_wconf 77' lang='lat' dir='ltr'><strong>ﬁgura</strong></span> <span class='ocrx_word' id='word_1_286' title='bbox 293 1144 412 1171; x_wconf 74' lang='lat' dir='ltr'><strong>ostendit</strong></span> <span class='ocrx_word' id='word_1_287' title='bbox 425 1144 556 1171; x_wconf 89' lang='lat' dir='ltr'><strong>oriturtttn</strong></span> <span class='ocrx_word' id='word_1_288' title='bbox 579 1152 612 1172; x_wconf 75' lang='lat' dir='ltr'><strong>ex</strong></span> <span class='ocrx_word' id='word_1_289' title='bbox 632 1145 705 1179; x_wconf 81' lang='lat' dir='ltr'><strong>virga</strong></span> <span class='ocrx_word' id='word_1_290' title='bbox 730 1144 848 1179; x_wconf 79' lang='lat' dir='ltr'><strong>profecta</strong></span> <span class='ocrx_word' id='word_1_291' title='bbox 868 1144 903 1173; x_wconf 84' lang='lat' dir='ltr'><strong>de</strong></span> 
     </span>
    </p>
   </div>
   <div class='ocr_carea' id='block_1_38' title="bbox 99 1189 902 1225">
    <p class='ocr_par' dir='ltr' id='par_1_38' title="bbox 99 1189 902 1225">
     <span class='ocr_line' id='line_1_38' title="bbox 99 1189 902 1225; baseline 0.004 -9"><span class='ocrx_word' id='word_1_292' title='bbox 99 1189 191 1216; x_wconf 89' lang='lat' dir='ltr'><strong>radice</strong></span> <span class='ocrx_word' id='word_1_293' title='bbox 204 1189 290 1222; x_wconf 84' lang='lat' dir='ltr'><strong>Jessc,</strong></span> <span class='ocrx_word' id='word_1_294' title='bbox 309 1190 335 1217; x_wconf 94' lang='lat' dir='ltr'><strong>id</strong></span> <span class='ocrx_word' id='word_1_295' title='bbox 348 1194 390 1217; x_wconf 87' lang='lat' dir='ltr'><strong>est</strong></span> <span class='ocrx_word' id='word_1_296' title='bbox 401 1190 503 1225; x_wconf 84' lang='lat' dir='ltr'><strong>virgine</strong></span> <span class='ocrx_word' id='word_1_297' title='bbox 522 1191 628 1225; x_wconf 85' lang='lat' dir='ltr'><strong>generis</strong></span> <span class='ocrx_word' id='word_1_298' title='bbox 642 1190 725 1218; x_wconf 84' lang='lat' dir='ltr'><strong>David</strong></span> <span class='ocrx_word' id='word_1_299' title='bbox 744 1189 791 1218; x_wconf 83' lang='lat' dir='ltr'><strong>ﬁlii</strong></span> <span class='ocrx_word' id='word_1_300' title='bbox 805 1190 882 1219; x_wconf 75' lang='lat' dir='ltr'><strong>Iesse</strong></span> <span class='ocrx_word' id='word_1_301' title='bbox 893 1211 902 1224; x_wconf 87' lang='lat'><strong>,</strong></span> 
     </span>
    </p>
   </div>
   <div class='ocr_carea' id='block_1_39' title="bbox 101 1235 903 1270">
    <p class='ocr_par' dir='ltr' id='par_1_39' title="bbox 101 1235 903 1270">
     <span class='ocr_line' id='line_1_39' title="bbox 101 1235 903 1270; baseline 0.005 -9"><span class='ocrx_word' id='word_1_302' title='bbox 101 1235 128 1261; x_wconf 90' lang='lat' dir='ltr'><strong>in</strong></span> <span class='ocrx_word' id='word_1_303' title='bbox 151 1243 205 1270; x_wconf 87' lang='lat' dir='ltr'><strong>quo</strong></span> <span class='ocrx_word' id='word_1_304' title='bbox 229 1235 336 1263; x_wconf 85' lang='lat' dir='ltr'><strong>Christo</strong></span> <span class='ocrx_word' id='word_1_305' title='bbox 362 1237 512 1264; x_wconf 84' lang='lat' dir='ltr'><strong>consistere</strong></span> <span class='ocrx_word' id='word_1_306' title='bbox 536 1236 648 1264; x_wconf 80' lang='lat' dir='ltr'><strong>haberet</strong></span> <span class='ocrx_word' id='word_1_307' title='bbox 673 1241 728 1265; x_wconf 88' lang='lat' dir='ltr'><strong>tota</strong></span> <span class='ocrx_word' id='word_1_308' title='bbox 755 1237 903 1265; x_wconf 84' lang='lat' dir='ltr'><strong>substantia</strong></span> 
     </span>
    </p>
   </div>
   <div class='ocr_carea' id='block_1_40' title="bbox 100 1280 904 1318">
    <p class='ocr_par' dir='ltr' id='par_1_40' title="bbox 100 1280 904 1318">
     <span class='ocr_line' id='line_1_40' title="bbox 100 1280 904 1318; baseline 0.005 -11"><span class='ocrx_word' id='word_1_309' title='bbox 100 1280 228 1315; x_wconf 82' lang='lat' dir='ltr'><strong>spiritus;</strong></span> <span class='ocrx_word' id='word_1_310' title='bbox 241 1288 294 1308; x_wconf 91' lang='lat' dir='ltr'><strong>non</strong></span> <span class='ocrx_word' id='word_1_311' title='bbox 310 1282 386 1317; x_wconf 88' lang='lat' dir='ltr'><strong>quasi</strong></span> <span class='ocrx_word' id='word_1_312' title='bbox 399 1286 491 1317; x_wconf 89' lang='lat' dir='ltr'><strong>postea</strong></span> <span class='ocrx_word' id='word_1_313' title='bbox 504 1282 653 1310; x_wconf 85' lang='lat' dir='ltr'><strong>obrentura</strong></span> <span class='ocrx_word' id='word_1_314' title='bbox 668 1282 705 1310; x_wconf 92' lang='lat' dir='ltr'><strong>illi</strong></span> <span class='ocrx_word' id='word_1_315' title='bbox 715 1302 723 1314; x_wconf 89' lang='lat'><strong>,</strong></span> <span class='ocrx_word' id='word_1_316' title='bbox 738 1283 783 1318; x_wconf 90' lang='lat' dir='ltr'><strong>qui</strong></span> <span class='ocrx_word' id='word_1_317' title='bbox 797 1290 904 1318; x_wconf 83' lang='lat' dir='ltr'><strong>semper</strong></span> 
     </span>
    </p>
   </div>
   <div class='ocr_carea' id='block_1_41' title="bbox 101 1327 904 1364">
    <p class='ocr_par' dir='ltr' id='par_1_41' title="bbox 101 1327 904 1364">
     <span class='ocr_line' id='line_1_41' title="bbox 101 1327 904 1364; baseline 0.002 -10"><span class='ocrx_word' id='word_1_318' title='bbox 101 1327 213 1361; x_wconf 88' lang='lat' dir='ltr'><strong>spiritus</strong></span> <span class='ocrx_word' id='word_1_319' title='bbox 237 1327 283 1355; x_wconf 87' lang='lat' dir='ltr'><strong>Dei</strong></span> <span class='ocrx_word' id='word_1_320' title='bbox 300 1328 379 1355; x_wconf 81' lang='lat' dir='ltr'><strong>fuerit</strong></span> <span class='ocrx_word' id='word_1_321' title='bbox 389 1349 397 1360; x_wconf 91' lang='lat'><strong>,</strong></span> <span class='ocrx_word' id='word_1_322' title='bbox 413 1332 475 1356; x_wconf 86' lang='lat' dir='ltr'><strong>ante</strong></span> <span class='ocrx_word' id='word_1_323' title='bbox 489 1335 597 1355; x_wconf 83' lang='lat' dir='ltr'><strong>carnem</strong></span> <span class='ocrx_word' id='word_1_324' title='bbox 618 1335 741 1364; x_wconf 86' lang='lat' dir='ltr'><strong>quoque;</strong></span> <span class='ocrx_word' id='word_1_325' title='bbox 755 1335 790 1356; x_wconf 89' lang='lat' dir='ltr'><strong>ne</strong></span> <span class='ocrx_word' id='word_1_326' title='bbox 804 1335 838 1356; x_wconf 79' lang='lat' dir='ltr'><strong>ex</strong></span> <span class='ocrx_word' id='word_1_327' title='bbox 853 1327 904 1356; x_wconf 89' lang='lat' dir='ltr'><strong>hoc</strong></span> 
     </span>
    </p>
   </div>
   <div class='ocr_carea' id='block_1_42' title="bbox 101 1372 903 1407">
    <p class='ocr_par' dir='ltr' id='par_1_42' title="bbox 101 1372 903 1407">
     <span class='ocr_line' id='line_1_42' title="bbox 101 1372 903 1407; baseline 0.002 -8"><span class='ocrx_word' id='word_1_328' title='bbox 101 1372 298 1407; x_wconf 79' lang='lat' dir='ltr'><strong>argumenteris</strong></span> <span class='ocrx_word' id='word_1_329' title='bbox 310 1372 478 1407; x_wconf 88' lang='lat' dir='ltr'><strong>propltctiam</strong></span> <span class='ocrx_word' id='word_1_330' title='bbox 490 1373 522 1400; x_wconf 89' lang='lat' dir='ltr'><strong>ad</strong></span> <span class='ocrx_word' id='word_1_331' title='bbox 533 1381 596 1400; x_wconf 63' lang='lat' dir='ltr'><strong>eum</strong></span> <span class='ocrx_word' id='word_1_332' title='bbox 611 1373 746 1401; x_wconf 85' lang='lat' dir='ltr'><strong>Christum</strong></span> <span class='ocrx_word' id='word_1_333' title='bbox 758 1373 903 1407; x_wconf 85' lang='lat' dir='ltr'><strong>pertinere,</strong></span> 
     </span>
    </p>
   </div>
   <div class='ocr_carea' id='block_1_43' title="bbox 101 1418 904 1454">
    <p class='ocr_par' dir='ltr' id='par_1_43' title="bbox 101 1418 904 1454">
     <span class='ocr_line' id='line_1_43' title="bbox 101 1418 904 1454; baseline 0.002 -10"><span class='ocrx_word' id='word_1_334' title='bbox 101 1419 147 1453; x_wconf 90' lang='lat' dir='ltr'><strong>qui</strong></span> <span class='ocrx_word' id='word_1_335' title='bbox 163 1423 191 1445; x_wconf 92' lang='lat' dir='ltr'><strong>ut</strong></span> <span class='ocrx_word' id='word_1_336' title='bbox 217 1418 298 1446; x_wconf 87' lang='lat' dir='ltr'><strong>homo</strong></span> <span class='ocrx_word' id='word_1_337' title='bbox 322 1422 425 1446; x_wconf 89' lang='lat' dir='ltr'><strong>tantum</strong></span> <span class='ocrx_word' id='word_1_338' title='bbox 449 1426 480 1446; x_wconf 82' lang='lat' dir='ltr'><strong>cx</strong></span> <span class='ocrx_word' id='word_1_339' title='bbox 506 1418 565 1446; x_wconf 90' lang='lat' dir='ltr'><strong>solo</strong></span> <span class='ocrx_word' id='word_1_340' title='bbox 583 1425 666 1446; x_wconf 85' lang='lat' dir='ltr'><strong>censu</strong></span> <span class='ocrx_word' id='word_1_341' title='bbox 687 1418 786 1450; x_wconf 86' lang='lat' dir='ltr'><strong>David,</strong></span> <span class='ocrx_word' id='word_1_342' title='bbox 811 1423 904 1454; x_wconf 83' lang='lat' dir='ltr'><strong>postea</strong></span> 
     </span>
    </p>
   </div>
   <div class='ocr_carea' id='block_1_44' title="bbox 101 1466 903 1502">
    <p class='ocr_par' dir='ltr' id='par_1_44' title="bbox 101 1466 903 1502">
     <span class='ocr_line' id='line_1_44' title="bbox 101 1466 903 1502; baseline 0.002 -10"><span class='ocrx_word' id='word_1_343' title='bbox 101 1472 298 1494; x_wconf 87' lang='lat' dir='ltr'><strong>consecuturus</strong></span> <span class='ocrx_word' id='word_1_344' title='bbox 322 1467 358 1494; x_wconf 88' lang='lat' dir='ltr'><strong>sit</strong></span> <span class='ocrx_word' id='word_1_345' title='bbox 385 1467 431 1494; x_wconf 80' lang='lat' dir='ltr'><strong>Dei</strong></span> <span class='ocrx_word' id='word_1_346' title='bbox 459 1467 499 1494; x_wconf 90' lang='lat' dir='ltr'><strong>sui</strong></span> <span class='ocrx_word' id='word_1_347' title='bbox 529 1466 661 1501; x_wconf 84' lang='lat' dir='ltr'><strong>spiritum.</strong></span> <span class='ocrx_word' id='word_1_348' title='bbox 691 1466 743 1494; x_wconf 89' lang='lat' dir='ltr'><strong>Sed</strong></span> <span class='ocrx_word' id='word_1_349' title='bbox 776 1466 903 1502; x_wconf 86' lang='lat' dir='ltr'><strong>quoniam</strong></span> 
     </span>
    </p>
   </div>
   <div class='ocr_carea' id='block_1_45' title="bbox 101 1512 902 1548">
    <p class='ocr_par' dir='ltr' id='par_1_45' title="bbox 101 1512 902 1548">
     <span class='ocr_line' id='line_1_45' title="bbox 101 1512 902 1548; baseline -0.001 -8"><span class='ocrx_word' id='word_1_350' title='bbox 101 1512 199 1540; x_wconf 70' lang='lat' dir='ltr'><strong>exinde</strong></span> <span class='ocrx_word' id='word_1_351' title='bbox 214 1520 266 1548; x_wconf 93' lang='lat' dir='ltr'><strong>quo</strong></span> <span class='ocrx_word' id='word_1_352' title='bbox 275 1513 409 1540; x_wconf 83' lang='lat' dir='ltr'><strong>ﬂoruisset</strong></span> <span class='ocrx_word' id='word_1_353' title='bbox 421 1513 446 1539; x_wconf 91' lang='lat' dir='ltr'><strong>in</strong></span> <span class='ocrx_word' id='word_1_354' title='bbox 460 1520 540 1539; x_wconf 82' lang='lat' dir='ltr'><strong>carne</strong></span> <span class='ocrx_word' id='word_1_355' title='bbox 552 1517 657 1548; x_wconf 86' lang='lat' dir='ltr'><strong>sumpta</strong></span> <span class='ocrx_word' id='word_1_356' title='bbox 666 1520 700 1540; x_wconf 84' lang='lat' dir='ltr'><strong>ex</strong></span> <span class='ocrx_word' id='word_1_357' title='bbox 708 1513 792 1547; x_wconf 91' lang='lat' dir='ltr'><strong>stirpe</strong></span> <span class='ocrx_word' id='word_1_358' title='bbox 806 1512 902 1545; x_wconf 87' lang='lat' dir='ltr'><strong>David,</strong></span> 
     </span>
    </p>
   </div>
   <div class='ocr_carea' id='block_1_46' title="bbox 101 1558 904 1595">
    <p class='ocr_par' dir='ltr' id='par_1_46' title="bbox 101 1558 904 1595">
     <span class='ocr_line' id='line_1_46' title="bbox 101 1558 904 1595; baseline -0.001 -9"><span class='ocrx_word' id='word_1_359' title='bbox 101 1559 272 1595; x_wconf 84' lang='lat' dir='ltr'><strong>requiescere</strong></span> <span class='ocrx_word' id='word_1_360' title='bbox 287 1559 312 1587; x_wconf 93' lang='lat' dir='ltr'><strong>in</strong></span> <span class='ocrx_word' id='word_1_361' title='bbox 328 1559 375 1587; x_wconf 90' lang='lat' dir='ltr'><strong>illo</strong></span> <span class='ocrx_word' id='word_1_362' title='bbox 389 1559 477 1586; x_wconf 85' lang='lat' dir='ltr'><strong>omnis</strong></span> <span class='ocrx_word' id='word_1_363' title='bbox 488 1559 598 1586; x_wconf 85' lang='lat' dir='ltr'><strong>haberet</strong></span> <span class='ocrx_word' id='word_1_364' title='bbox 607 1559 728 1593; x_wconf 88' lang='lat' dir='ltr'><strong>operatio</strong></span> <span class='ocrx_word' id='word_1_365' title='bbox 741 1558 833 1594; x_wconf 65' lang='lat' dir='ltr'><strong>gratiae</strong></span> <span class='ocrx_word' id='word_1_366' title='bbox 848 1558 904 1594; x_wconf 86' lang='lat' dir='ltr'><strong>spi-</strong></span> 
     </span>
    </p>
   </div>
   <div class='ocr_carea' id='block_1_47' title="bbox 103 1604 904 1640">
    <p class='ocr_par' dir='ltr' id='par_1_47' title="bbox 103 1604 904 1640">
     <span class='ocr_line' id='line_1_47' title="bbox 103 1604 904 1640; baseline -0.001 -7"><span class='ocrx_word' id='word_1_367' title='bbox 103 1605 210 1637; x_wconf 89' lang='lat' dir='ltr'><strong>ritalis,</strong></span> <span class='ocrx_word' id='word_1_368' title='bbox 226 1610 254 1633; x_wconf 89' lang='lat' dir='ltr'><strong>et</strong></span> <span class='ocrx_word' id='word_1_369' title='bbox 275 1612 437 1633; x_wconf 81' lang='lat' dir='ltr'><strong>concessure</strong></span> <span class='ocrx_word' id='word_1_370' title='bbox 452 1609 479 1632; x_wconf 89' lang='lat' dir='ltr'><strong>et</strong></span> <span class='ocrx_word' id='word_1_371' title='bbox 503 1604 582 1632; x_wconf 83' lang='lat' dir='ltr'><strong>linem</strong></span> <span class='ocrx_word' id='word_1_372' title='bbox 608 1604 695 1633; x_wconf 78' lang='lat' dir='ltr'><strong>facere</strong></span> <span class='ocrx_word' id='word_1_373' title='bbox 716 1609 845 1640; x_wconf 88' lang='lat' dir='ltr'><strong>quantum</strong></span> <span class='ocrx_word' id='word_1_374' title='bbox 870 1604 904 1632; x_wconf 91' lang='lat' dir='ltr'><strong>ad</strong></span> 
     </span>
    </p>
   </div>
   <div class='ocr_carea' id='block_1_48' title="bbox 953 1003 1749 1039">
    <p class='ocr_par' dir='ltr' id='par_1_48' title="bbox 953 1003 1749 1039">
     <span class='ocr_line' id='line_1_48' title="bbox 953 1003 1749 1039; baseline 0.005 -8"><span class='ocrx_word' id='word_1_375' title='bbox 953 1003 1036 1031; x_wconf 78' lang='lat' dir='ltr'><strong>V‘ides</strong></span> <span class='ocrx_word' id='word_1_376' title='bbox 1057 1004 1217 1039; x_wconf 83' lang='lat' dir='ltr'><strong>Apostolum</strong></span> <span class='ocrx_word' id='word_1_377' title='bbox 1231 1008 1259 1032; x_wconf 88' lang='lat' dir='ltr'><strong>et</strong></span> <span class='ocrx_word' id='word_1_378' title='bbox 1285 1004 1509 1033; x_wconf 83' lang='lat' dir='ltr'><strong>indistrihutionc</strong></span> <span class='ocrx_word' id='word_1_379' title='bbox 1523 1005 1646 1035; x_wconf 78' lang='lat' dir='ltr'><strong>facienda</strong></span> <span class='ocrx_word' id='word_1_380' title='bbox 1670 1008 1749 1035; x_wconf 89' lang='lat' dir='ltr'><strong>unius</strong></span> 
     </span>
    </p>
   </div>
   <div class='ocr_carea' id='block_1_49' title="bbox 955 1050 1749 1087">
    <p class='ocr_par' dir='ltr' id='par_1_49' title="bbox 955 1050 1749 1087">
     <span class='ocr_line' id='line_1_49' title="bbox 955 1050 1749 1087; baseline 0.005 -9"><span class='ocrx_word' id='word_1_381' title='bbox 955 1050 1085 1086; x_wconf 86' lang='lat' dir='ltr'><strong>spiritus,</strong></span> <span class='ocrx_word' id='word_1_382' title='bbox 1100 1055 1129 1078; x_wconf 87' lang='lat' dir='ltr'><strong>et</strong></span> <span class='ocrx_word' id='word_1_383' title='bbox 1148 1051 1174 1078; x_wconf 93' lang='lat' dir='ltr'><strong>in</strong></span> <span class='ocrx_word' id='word_1_384' title='bbox 1194 1050 1363 1085; x_wconf 89' lang='lat' dir='ltr'><strong>spiritalitate</strong></span> <span class='ocrx_word' id='word_1_385' title='bbox 1386 1051 1426 1087; x_wconf 77' lang='grc'><strong>(4)</strong></span> <span class='ocrx_word' id='word_1_386' title='bbox 1449 1052 1659 1087; x_wconf 84' lang='lat' dir='ltr'><strong>interpretanda,</strong></span> <span class='ocrx_word' id='word_1_387' title='bbox 1685 1055 1749 1082; x_wconf 84' lang='lat' dir='ltr'><strong>Pro-</strong></span> 
     </span>
    </p>
   </div>
   <div class='ocr_carea' id='block_1_50' title="bbox 956 1097 1756 1136">
    <p class='ocr_par' dir='ltr' id='par_1_50' title="bbox 956 1097 1756 1136">
     <span class='ocr_line' id='line_1_50' title="bbox 956 1097 1756 1136; baseline 0.005 -12"><span class='ocrx_word' id='word_1_388' title='bbox 956 1097 1045 1133; x_wconf 77' lang='lat' dir='ltr'><strong>pheta:</strong></span> <span class='ocrx_word' id='word_1_389' title='bbox 1059 1097 1269 1132; x_wconf 89' lang='lat' dir='ltr'><strong>conspirantem.</strong></span> <span class='ocrx_word' id='word_1_390' title='bbox 1294 1097 1406 1125; x_wconf 83' lang='lat' dir='ltr'><strong>Possum</strong></span> <span class='ocrx_word' id='word_1_391' title='bbox 1422 1098 1523 1131; x_wconf 82' lang='lat' dir='ltr'><strong>dicere,</strong></span> <span class='ocrx_word' id='word_1_392' title='bbox 1540 1100 1626 1133; x_wconf 88' lang='lat' dir='ltr'><strong>ipsum</strong></span> <span class='ocrx_word' id='word_1_393' title='bbox 1639 1102 1682 1136; x_wconf 85' lang='lat' dir='ltr'><strong>qui</strong></span> <span class='ocrx_word' id='word_1_394' title='bbox 1696 1109 1756 1128; x_wconf 83' lang='lat' dir='ltr'><strong>cor-</strong></span> 
     </span>
    </p>
   </div>
   <div class='ocr_carea' id='block_1_51' title="bbox 954 1145 1753 1181">
    <p class='ocr_par' dir='ltr' id='par_1_51' title="bbox 954 1145 1753 1181">
     <span class='ocr_line' id='line_1_51' title="bbox 954 1145 1753 1181; baseline 0.006 -10"><span class='ocrx_word' id='word_1_395' title='bbox 954 1145 1024 1181; x_wconf 82' lang='lat' dir='ltr'><strong>poris</strong></span> <span class='ocrx_word' id='word_1_396' title='bbox 1047 1145 1127 1172; x_wconf 83' lang='lat' dir='ltr'><strong>nostri</strong></span> <span class='ocrx_word' id='word_1_397' title='bbox 1151 1152 1196 1180; x_wconf 79' lang='lat' dir='ltr'><strong>per</strong></span> <span class='ocrx_word' id='word_1_398' title='bbox 1218 1145 1298 1172; x_wconf 80' lang='lat' dir='ltr'><strong>multa</strong></span> <span class='ocrx_word' id='word_1_399' title='bbox 1321 1150 1350 1172; x_wconf 74' lang='lat' dir='ltr'><strong>et</strong></span> <span class='ocrx_word' id='word_1_400' title='bbox 1374 1145 1473 1173; x_wconf 78' lang='lat' dir='ltr'><strong>diversa</strong></span> <span class='ocrx_word' id='word_1_401' title='bbox 1497 1147 1607 1175; x_wconf 84' lang='lat' dir='ltr'><strong>tnetttbra</strong></span> <span class='ocrx_word' id='word_1_402' title='bbox 1631 1149 1753 1177; x_wconf 81' lang='lat' dir='ltr'><strong>unitatem</strong></span> 
     </span>
    </p>
   </div>
   <div class='ocr_carea' id='block_1_52' title="bbox 953 1192 1752 1229">
    <p class='ocr_par' dir='ltr' id='par_1_52' title="bbox 953 1192 1752 1229">
     <span class='ocr_line' id='line_1_52' title="bbox 953 1192 1752 1229; baseline 0.008 -11"><span class='ocrx_word' id='word_1_403' title='bbox 953 1192 1135 1219; x_wconf 75' lang='lat' dir='ltr'><strong>charismatum</strong></span> <span class='ocrx_word' id='word_1_404' title='bbox 1148 1192 1277 1219; x_wconf 77' lang='lat' dir='ltr'><strong>uariarunt</strong></span> <span class='ocrx_word' id='word_1_405' title='bbox 1292 1193 1435 1228; x_wconf 77' lang='lat' dir='ltr'><strong>cotttpagini</strong></span> <span class='ocrx_word' id='word_1_406' title='bbox 1449 1194 1592 1229; x_wconf 76' lang='lat' dir='ltr'><strong>adazqttarit</strong></span> <span class='ocrx_word' id='word_1_407' title='bbox 1604 1216 1611 1228; x_wconf 85' lang='lat'><strong>,</strong></span> <span class='ocrx_word' id='word_1_408' title='bbox 1628 1197 1752 1224; x_wconf 89' lang='lat' dir='ltr'><strong>eumdem</strong></span> 
     </span>
    </p>
   </div>
   <div class='ocr_carea' id='block_1_53' title="bbox 955 1237 1753 1274">
    <p class='ocr_par' dir='ltr' id='par_1_53' title="bbox 955 1237 1753 1274">
     <span class='ocr_line' id='line_1_53' title="bbox 955 1237 1753 1274; baseline 0.006 -9"><span class='ocrx_word' id='word_1_409' title='bbox 955 1242 983 1266; x_wconf 91' lang='lat' dir='ltr'><strong>et</strong></span> <span class='ocrx_word' id='word_1_410' title='bbox 992 1238 1116 1274; x_wconf 86' lang='lat' dir='ltr'><strong>corporis</strong></span> <span class='ocrx_word' id='word_1_411' title='bbox 1138 1238 1259 1270; x_wconf 88' lang='lat' dir='ltr'><strong>humani,</strong></span> <span class='ocrx_word' id='word_1_412' title='bbox 1275 1243 1304 1266; x_wconf 90' lang='lat' dir='ltr'><strong>et</strong></span> <span class='ocrx_word' id='word_1_413' title='bbox 1316 1237 1431 1274; x_wconf 90' lang='lat' dir='ltr'><strong>Spiritus</strong></span> <span class='ocrx_word' id='word_1_414' title='bbox 1447 1240 1538 1268; x_wconf 91' lang='lat' dir='ltr'><strong>Sancti</strong></span> <span class='ocrx_word' id='word_1_415' title='bbox 1552 1241 1695 1269; x_wconf 88' lang='lat' dir='ltr'><strong>Dominum</strong></span> <span class='ocrx_word' id='word_1_416' title='bbox 1709 1250 1753 1270; x_wconf 87' lang='lat' dir='ltr'><strong>os-</strong></span> 
     </span>
    </p>
   </div>
   <div class='ocr_carea' id='block_1_54' title="bbox 955 1284 1753 1321">
    <p class='ocr_par' dir='ltr' id='par_1_54' title="bbox 955 1284 1753 1321">
     <span class='ocr_line' id='line_1_54' title="bbox 955 1284 1753 1321; baseline 0.008 -10"><span class='ocrx_word' id='word_1_417' title='bbox 955 1284 1028 1312; x_wconf 90' lang='lat' dir='ltr'><strong>tendi</strong></span> <span class='ocrx_word' id='word_1_418' title='bbox 1046 1304 1054 1316; x_wconf 88' lang='lat'><strong>,</strong></span> <span class='ocrx_word' id='word_1_419' title='bbox 1070 1284 1116 1319; x_wconf 90' lang='lat' dir='ltr'><strong>qui</strong></span> <span class='ocrx_word' id='word_1_420' title='bbox 1137 1284 1260 1312; x_wconf 88' lang='lat' dir='ltr'><strong>meritum</strong></span> <span class='ocrx_word' id='word_1_421' title='bbox 1285 1284 1326 1321; x_wconf 85' lang='lat'>(5)</span> <span class='ocrx_word' id='word_1_422' title='bbox 1342 1284 1533 1313; x_wconf 87' lang='lat' dir='ltr'><strong>charismatum</strong></span> <span class='ocrx_word' id='word_1_423' title='bbox 1559 1287 1674 1315; x_wconf 88' lang='lat' dir='ltr'><strong>noluerit</strong></span> <span class='ocrx_word' id='word_1_424' title='bbox 1693 1296 1753 1317; x_wconf 82' lang='lat' dir='ltr'><strong>esse</strong></span> 
     </span>
    </p>
   </div>
   <div class='ocr_carea' id='block_1_55' title="bbox 954 1328 1751 1366">
    <p class='ocr_par' dir='ltr' id='par_1_55' title="bbox 954 1328 1751 1366">
     <span class='ocr_line' id='line_1_55' title="bbox 954 1328 1751 1366; baseline 0.006 -10"><span class='ocrx_word' id='word_1_425' title='bbox 954 1328 982 1356; x_wconf 88' lang='lat' dir='ltr'><strong>in</strong></span> <span class='ocrx_word' id='word_1_426' title='bbox 995 1336 1110 1364; x_wconf 88' lang='lat' dir='ltr'><strong>corpore</strong></span> <span class='ocrx_word' id='word_1_427' title='bbox 1119 1329 1241 1364; x_wconf 88' lang='lat' dir='ltr'><strong>spiritus.</strong></span> <span class='ocrx_word' id='word_1_428' title='bbox 1253 1337 1313 1365; x_wconf 64' lang='lat' dir='ltr'><strong>quae</strong></span> <span class='ocrx_word' id='word_1_429' title='bbox 1328 1338 1378 1358; x_wconf 90' lang='lat' dir='ltr'><strong>nec</strong></span> <span class='ocrx_word' id='word_1_430' title='bbox 1391 1331 1417 1357; x_wconf 91' lang='lat' dir='ltr'><strong>in</strong></span> <span class='ocrx_word' id='word_1_431' title='bbox 1433 1338 1548 1366; x_wconf 82' lang='lat' dir='ltr'><strong>corpore</strong></span> <span class='ocrx_word' id='word_1_432' title='bbox 1567 1331 1686 1360; x_wconf 83' lang='lat' dir='ltr'><strong>humano</strong></span> <span class='ocrx_word' id='word_1_433' title='bbox 1695 1335 1751 1361; x_wconf 84' lang='lat' dir='ltr'><strong>col-</strong></span> 
     </span>
    </p>
   </div>
   <div class='ocr_carea' id='block_1_56' title="bbox 955 1373 1752 1411">
    <p class='ocr_par' dir='ltr' id='par_1_56' title="bbox 955 1373 1752 1411">
     <span class='ocr_line' id='line_1_56' title="bbox 955 1373 1752 1411; baseline 0.008 -11"><span class='ocrx_word' id='word_1_434' title='bbox 955 1373 1071 1407; x_wconf 87' lang='lat' dir='ltr'><strong>locavit,</strong></span> <span class='ocrx_word' id='word_1_435' title='bbox 1092 1374 1137 1410; x_wconf 90' lang='lat' dir='ltr'><strong>qui</strong></span> <span class='ocrx_word' id='word_1_436' title='bbox 1152 1374 1184 1401; x_wconf 84' lang='lat' dir='ltr'><strong>de</strong></span> <span class='ocrx_word' id='word_1_437' title='bbox 1198 1374 1332 1402; x_wconf 87' lang='lat' dir='ltr'><strong>dilectione</strong></span> <span class='ocrx_word' id='word_1_438' title='bbox 1346 1383 1464 1411; x_wconf 87' lang='lat' dir='ltr'><strong>quoque,</strong></span> <span class='ocrx_word' id='word_1_439' title='bbox 1481 1377 1596 1408; x_wconf 78' lang='lat' dir='ltr'><strong>omnibus</strong></span> <span class='ocrx_word' id='word_1_440' title='bbox 1611 1378 1752 1406; x_wconf 82' lang='lat' dir='ltr'><strong>charisma-</strong></span> 
     </span>
    </p>
   </div>
   <div class='ocr_carea' id='block_1_57' title="bbox 956 1419 1751 1460">
    <p class='ocr_par' dir='ltr' id='par_1_57' title="bbox 956 1419 1751 1460">
     <span class='ocr_line' id='line_1_57' title="bbox 956 1419 1751 1460; baseline 0.009 -15"><span class='ocrx_word' id='word_1_441' title='bbox 956 1419 1022 1446; x_wconf 82' lang='lat' dir='ltr'><strong>tibus</strong></span> <span class='ocrx_word' id='word_1_442' title='bbox 1042 1419 1223 1456; x_wconf 59' lang='lat' dir='ltr'><strong>reponenda,</strong></span> <span class='ocrx_word' id='word_1_443' title='bbox 1241 1420 1400 1455; x_wconf 83' lang='lat' dir='ltr'><strong>Apostolnm</strong></span> <span class='ocrx_word' id='word_1_444' title='bbox 1424 1422 1579 1450; x_wconf 75' lang='lat' dir='ltr'><strong>instruxerit</strong></span> <span class='ocrx_word' id='word_1_445' title='bbox 1611 1425 1751 1460; x_wconf 89' lang='lat' dir='ltr'><strong>principali</strong></span> 
     </span>
    </p>
   </div>
   <div class='ocr_carea' id='block_1_58' title="bbox 961 1467 1748 1507">
    <p class='ocr_par' dir='ltr' id='par_1_58' title="bbox 961 1467 1748 1507">
     <span class='ocr_line' id='line_1_58' title="bbox 961 1467 1748 1507; baseline 0.008 -14"><span class='ocrx_word' id='word_1_446' title='bbox 961 1471 1115 1502; x_wconf 75' lang='lat' dir='ltr'><strong>prmeepto,</strong></span> <span class='ocrx_word' id='word_1_447' title='bbox 1136 1467 1207 1501; x_wconf 87' lang='lat' dir='ltr'><strong>quod</strong></span> <span class='ocrx_word' id='word_1_448' title='bbox 1226 1467 1348 1502; x_wconf 87' lang='lat' dir='ltr'><strong>probavit</strong></span> <span class='ocrx_word' id='word_1_449' title='bbox 1365 1472 1393 1495; x_wconf 88' lang='lat' dir='ltr'><strong>et</strong></span> <span class='ocrx_word' id='word_1_450' title='bbox 1415 1468 1559 1496; x_wconf 84' lang='lat' dir='ltr'><strong>Christus:</strong></span> <span class='ocrx_word' id='word_1_451' title='bbox 1582 1470 1679 1507; x_wconf 78' lang='lat' dir='ltr'><strong>Diliges</strong></span> <span class='ocrx_word' id='word_1_452' title='bbox 1695 1471 1748 1499; x_wconf 87' lang='lat' dir='ltr'><strong>Do-</strong></span> 
     </span>
    </p>
   </div>
   <div class='ocr_carea' id='block_1_59' title="bbox 956 1513 1754 1549">
    <p class='ocr_par' dir='ltr' id='par_1_59' title="bbox 956 1513 1754 1549">
     <span class='ocr_line' id='line_1_59' title="bbox 956 1513 1754 1549; baseline 0.009 -10"><span class='ocrx_word' id='word_1_453' title='bbox 956 1513 1053 1540; x_wconf 86' lang='lat' dir='ltr'><strong>minum</strong></span> <span class='ocrx_word' id='word_1_454' title='bbox 1078 1514 1109 1540; x_wconf 84' lang='lat' dir='ltr'><strong>tle</strong></span> <span class='ocrx_word' id='word_1_455' title='bbox 1135 1514 1194 1541; x_wconf 85' lang='lat' dir='ltr'><strong>lotis</strong></span> <span class='ocrx_word' id='word_1_456' title='bbox 1220 1514 1385 1548; x_wconf 72' lang='lat' dir='ltr'><strong>prtzcordiis,</strong></span> <span class='ocrx_word' id='word_1_457' title='bbox 1414 1519 1437 1542; x_wconf 90' lang='lat' dir='ltr'><strong>et</strong></span> <span class='ocrx_word' id='word_1_458' title='bbox 1458 1518 1516 1543; x_wconf 86' lang='lat' dir='ltr'><strong>totis</strong></span> <span class='ocrx_word' id='word_1_459' title='bbox 1529 1516 1634 1549; x_wconf 82' lang='lat' dir='ltr'><strong>uiribus,</strong></span> <span class='ocrx_word' id='word_1_460' title='bbox 1655 1524 1679 1545; x_wconf 89' lang='lat' dir='ltr'><strong>et</strong></span> <span class='ocrx_word' id='word_1_461' title='bbox 1700 1523 1754 1546; x_wconf 84' lang='lat' dir='ltr'><strong>tota</strong></span> 
     </span>
    </p>
   </div>
   <div class='ocr_carea' id='block_1_60' title="bbox 956 1558 1752 1601">
    <p class='ocr_par' dir='ltr' id='par_1_60' title="bbox 956 1558 1752 1601">
     <span class='ocr_line' id='line_1_60' title="bbox 956 1558 1752 1601; baseline 0.011 -17"><span class='ocrx_word' id='word_1_462' title='bbox 956 1558 1044 1585; x_wconf 86' lang='lat' dir='ltr'><strong>anima</strong></span> <span class='ocrx_word' id='word_1_463' title='bbox 1057 1563 1112 1592; x_wconf 85' lang='lat' dir='ltr'><strong>tua,</strong></span> <span class='ocrx_word' id='word_1_464' title='bbox 1128 1563 1153 1585; x_wconf 83' lang='lat' dir='ltr'><strong>et</strong></span> <span class='ocrx_word' id='word_1_465' title='bbox 1167 1559 1312 1595; x_wconf 69' lang='lat' dir='ltr'><strong>prostituam</strong></span> <span class='ocrx_word' id='word_1_466' title='bbox 1325 1560 1370 1587; x_wconf 83' lang='lat' dir='ltr'><strong>tibi</strong></span> <span class='ocrx_word' id='word_1_467' title='bbox 1387 1560 1426 1596; x_wconf 87' lang='lat'>(6)</span> <span class='ocrx_word' id='word_1_468' title='bbox 1438 1565 1557 1597; x_wconf 82' lang='lat' dir='ltr'><strong>tauquam</strong></span> <span class='ocrx_word' id='word_1_469' title='bbox 1579 1563 1686 1598; x_wconf 81' lang='lat' dir='ltr'><strong>tcipsuttt</strong></span> <span class='ocrx_word' id='word_1_470' title='bbox 1702 1564 1752 1601; x_wconf 78' lang='lat'>(7).</span> 
     </span>
    </p>
   </div>
   <div class='ocr_carea' id='block_1_61' title="bbox 956 1603 1753 1640">
    <p class='ocr_par' dir='ltr' id='par_1_61' title="bbox 956 1603 1753 1640">
     <span class='ocr_line' id='line_1_61' title="bbox 956 1603 1753 1640; baseline 0.011 -10"><span class='ocrx_word' id='word_1_471' title='bbox 956 1603 1049 1638; x_wconf 86' lang='lat' dir='ltr'><strong>Quod,</strong></span> <span class='ocrx_word' id='word_1_472' title='bbox 1064 1605 1115 1632; x_wconf 89' lang='lat' dir='ltr'><strong>etsi</strong></span> <span class='ocrx_word' id='word_1_473' title='bbox 1137 1605 1162 1631; x_wconf 92' lang='lat' dir='ltr'><strong>in</strong></span> <span class='ocrx_word' id='word_1_474' title='bbox 1186 1605 1245 1640; x_wconf 84' lang='lat' dir='ltr'><strong>lege</strong></span> <span class='ocrx_word' id='word_1_475' title='bbox 1268 1606 1396 1640; x_wconf 87' lang='lat' dir='ltr'><strong>scriptum</strong></span> <span class='ocrx_word' id='word_1_476' title='bbox 1414 1612 1497 1639; x_wconf 74' lang='lat' dir='ltr'><strong>esset,</strong></span> <span class='ocrx_word' id='word_1_477' title='bbox 1518 1616 1711 1638; x_wconf 86' lang='lat' dir='ltr'><strong>commemorat</strong></span> <span class='ocrx_word' id='word_1_478' title='bbox 1726 1613 1753 1639; x_wconf 89' lang='lat' dir='ltr'><strong>itt</strong></span> 
     </span>
    </p>
   </div>
   <div class='ocr_carea' id='block_1_62' title="bbox 101 1650 1749 1690">
    <p class='ocr_par' dir='ltr' id='par_1_62' title="bbox 101 1650 1749 1690">
     <span class='ocr_line' id='line_1_62' title="bbox 101 1650 1749 1690; baseline 0.004 -13"><span class='ocrx_word' id='word_1_479' title='bbox 101 1651 229 1683; x_wconf 74' lang='lat' dir='ltr'><strong>Iuda-os;</strong></span> <span class='ocrx_word' id='word_1_480' title='bbox 248 1652 317 1679; x_wconf 80' lang='lat' dir='ltr'><strong>sicut</strong></span> <span class='ocrx_word' id='word_1_481' title='bbox 333 1655 360 1679; x_wconf 86' lang='lat' dir='ltr'><strong>et</strong></span> <span class='ocrx_word' id='word_1_482' title='bbox 374 1659 416 1679; x_wconf 88' lang='lat' dir='ltr'><strong>res</strong></span> <span class='ocrx_word' id='word_1_483' title='bbox 440 1651 496 1686; x_wconf 91' lang='lat' dir='ltr'><strong>ipsa</strong></span> <span class='ocrx_word' id='word_1_484' title='bbox 513 1654 635 1683; x_wconf 64' lang='lat' dir='ltr'><strong>testatur,</strong></span> <span class='ocrx_word' id='word_1_485' title='bbox 651 1650 718 1678; x_wconf 91' lang='lat' dir='ltr'><strong>nihil</strong></span> <span class='ocrx_word' id='word_1_486' title='bbox 732 1650 834 1679; x_wconf 77' lang='lat' dir='ltr'><strong>exinde</strong></span> <span class='ocrx_word' id='word_1_487' title='bbox 847 1650 902 1686; x_wconf 87' lang='lat' dir='ltr'><strong>spi-</strong></span> <span class='ocrx_word' id='word_1_488' title='bbox 917 1655 939 1687; x_wconf 71' lang='grc' dir='ltr'>ρ</span> <span class='ocrx_word' id='word_1_489' title='bbox 956 1651 1015 1677; x_wconf 87' lang='lat' dir='ltr'><strong>aliis</strong></span> <span class='ocrx_word' id='word_1_490' title='bbox 1028 1650 1135 1686; x_wconf 78' lang='lat' dir='ltr'><strong>linguis,</strong></span> <span class='ocrx_word' id='word_1_491' title='bbox 1146 1655 1169 1677; x_wconf 86' lang='lat' dir='ltr'><strong>et</strong></span> <span class='ocrx_word' id='word_1_492' title='bbox 1182 1650 1210 1678; x_wconf 84' lang='lat' dir='ltr'><strong>in</strong></span> <span class='ocrx_word' id='word_1_493' title='bbox 1224 1651 1283 1678; x_wconf 86' lang='lat' dir='ltr'><strong>aliis</strong></span> <span class='ocrx_word' id='word_1_494' title='bbox 1310 1651 1384 1678; x_wconf 80' lang='lat' dir='ltr'><strong>labiis</strong></span> <span class='ocrx_word' id='word_1_495' title='bbox 1410 1652 1553 1681; x_wconf 86' lang='lat' dir='ltr'><strong>locuturum</strong></span> <span class='ocrx_word' id='word_1_496' title='bbox 1571 1655 1728 1684; x_wconf 83' lang='lat' dir='ltr'><strong>Creatorem</strong></span> <span class='ocrx_word' id='word_1_497' title='bbox 1742 1678 1749 1690; x_wconf 92' lang='lat'><strong>,</strong></span> 
     </span>
    </p>
   </div>
   <div class='ocr_carea' id='block_1_63' title="bbox 102 1695 905 1731">
    <p class='ocr_par' dir='ltr' id='par_1_63' title="bbox 102 1695 905 1731">
     <span class='ocr_line' id='line_1_63' title="bbox 102 1695 905 1731; baseline 0 -8"><span class='ocrx_word' id='word_1_498' title='bbox 102 1701 184 1724; x_wconf 82' lang='lat' dir='ltr'><strong>rantc</strong></span> <span class='ocrx_word' id='word_1_499' title='bbox 206 1704 288 1731; x_wconf 90' lang='lat' dir='ltr'><strong>penes</strong></span> <span class='ocrx_word' id='word_1_500' title='bbox 303 1696 364 1724; x_wconf 90' lang='lat' dir='ltr'><strong>illos</strong></span> <span class='ocrx_word' id='word_1_501' title='bbox 385 1696 478 1731; x_wconf 82' lang='lat' dir='ltr'><strong>spiritu</strong></span> <span class='ocrx_word' id='word_1_502' title='bbox 500 1696 652 1729; x_wconf 72' lang='lat' dir='ltr'><strong>Creatoris,</strong></span> <span class='ocrx_word' id='word_1_503' title='bbox 667 1695 751 1723; x_wconf 82' lang='lat' dir='ltr'><strong>ablato</strong></span> <span class='ocrx_word' id='word_1_504' title='bbox 773 1704 790 1722; x_wconf 87' lang='lat' dir='ltr'><strong>a</strong></span> <span class='ocrx_word' id='word_1_505' title='bbox 810 1695 905 1723; x_wconf 78' lang='lat' dir='ltr'><strong>Judtea</strong></span> 
     </span>
    </p>
   </div>
   <div class='ocr_carea' id='block_1_64' title="bbox 101 1743 903 1779">
    <p class='ocr_par' dir='ltr' id='par_1_64' title="bbox 101 1743 903 1779">
     <span class='ocr_line' id='line_1_64' title="bbox 101 1743 903 1779; baseline -0.002 -9"><span class='ocrx_word' id='word_1_506' title='bbox 101 1744 218 1779; x_wconf 81' lang='lat' dir='ltr'><strong>sapiente</strong></span> <span class='ocrx_word' id='word_1_507' title='bbox 233 1748 258 1770; x_wconf 85' lang='lat' dir='ltr'><strong>et</strong></span> <span class='ocrx_word' id='word_1_508' title='bbox 272 1743 397 1778; x_wconf 81' lang='lat' dir='ltr'><strong>prudente</strong></span> <span class='ocrx_word' id='word_1_509' title='bbox 409 1743 545 1770; x_wconf 72' lang='lat' dir='ltr'><strong>architecto</strong></span> <span class='ocrx_word' id='word_1_510' title='bbox 556 1763 563 1775; x_wconf 87' lang='lat'><strong>,</strong></span> <span class='ocrx_word' id='word_1_511' title='bbox 579 1747 604 1770; x_wconf 79' lang='lat' dir='ltr'><strong>et</strong></span> <span class='ocrx_word' id='word_1_512' title='bbox 624 1743 770 1770; x_wconf 74' lang='lat' dir='ltr'><strong>consiliario</strong></span> <span class='ocrx_word' id='word_1_513' title='bbox 780 1763 787 1774; x_wconf 91' lang='lat'><strong>,</strong></span> <span class='ocrx_word' id='word_1_514' title='bbox 805 1747 828 1769; x_wconf 83' lang='lat' dir='ltr'><strong>et</strong></span> <span class='ocrx_word' id='word_1_515' title='bbox 841 1750 903 1777; x_wconf 87' lang='lat' dir='ltr'><strong>pro-</strong></span> 
     </span>
    </p>
   </div>
   <div class='ocr_carea' id='block_1_65' title="bbox 102 1787 904 1825">
    <p class='ocr_par' dir='ltr' id='par_1_65' title="bbox 102 1787 904 1825">
     <span class='ocr_line' id='line_1_65' title="bbox 102 1787 904 1825; baseline -0.002 -9"><span class='ocrx_word' id='word_1_516' title='bbox 102 1790 180 1824; x_wconf 78' lang='lat' dir='ltr'><strong>pheta</strong></span> <span class='ocrx_word' id='word_1_517' title='bbox 196 1788 247 1825; x_wconf 90' lang='lat' dir='ltr'><strong>(Is.</strong></span> <span class='ocrx_word' id='word_1_518' title='bbox 260 1810 267 1821; x_wconf 87' lang='lat'><strong>,</strong></span> <span class='ocrx_word' id='word_1_519' title='bbox 279 1789 323 1821; x_wconf 90' lang='lat' dir='ltr'><strong>Ill,</strong></span> <span class='ocrx_word' id='word_1_520' title='bbox 340 1788 387 1825; x_wconf 75' lang='lat'><strong>2);</strong></span> <span class='ocrx_word' id='word_1_521' title='bbox 402 1793 433 1816; x_wconf 91' lang='lat' dir='ltr'><strong>ut</strong></span> <span class='ocrx_word' id='word_1_522' title='bbox 444 1789 495 1816; x_wconf 89' lang='lat' dir='ltr'><strong>hoc</strong></span> <span class='ocrx_word' id='word_1_523' title='bbox 509 1788 555 1820; x_wconf 89' lang='lat' dir='ltr'><strong>sit,</strong></span> <span class='ocrx_word' id='word_1_524' title='bbox 570 1787 625 1816; x_wconf 76' lang='lat' dir='ltr'><strong>Lex</strong></span> <span class='ocrx_word' id='word_1_525' title='bbox 635 1792 661 1815; x_wconf 90' lang='lat' dir='ltr'><strong>et</strong></span> <span class='ocrx_word' id='word_1_526' title='bbox 676 1787 815 1822; x_wconf 71' lang='lat' dir='ltr'><strong>Propheta</strong></span> <span class='ocrx_word' id='word_1_527' title='bbox 825 1795 904 1822; x_wconf 83' lang='lat' dir='ltr'><strong>usque</strong></span> 
     </span>
    </p>
   </div>
   <div class='ocr_carea' id='block_1_66' title="bbox 101 1832 903 1870">
    <p class='ocr_par' dir='ltr' id='par_1_66' title="bbox 101 1832 903 1870">
     <span class='ocr_line' id='line_1_66' title="bbox 101 1832 903 1870; baseline -0.001 -9"><span class='ocrx_word' id='word_1_528' title='bbox 101 1836 136 1862; x_wconf 88' lang='lat' dir='ltr'><strong>att</strong></span> <span class='ocrx_word' id='word_1_529' title='bbox 161 1834 290 1862; x_wconf 83' lang='lat' dir='ltr'><strong>Joannem</strong></span> <span class='ocrx_word' id='word_1_530' title='bbox 315 1832 403 1870; x_wconf 87' lang='lat' dir='ltr'><strong>(Luc.,</strong></span> <span class='ocrx_word' id='word_1_531' title='bbox 430 1834 510 1864; x_wconf 81' lang='lat' dir='ltr'><strong>XVI.</strong></span> <span class='ocrx_word' id='word_1_532' title='bbox 528 1834 585 1869; x_wconf 86' lang='grc'><strong>16).</strong></span> <span class='ocrx_word' id='word_1_533' title='bbox 612 1833 712 1869; x_wconf 80' lang='lat' dir='ltr'><strong>Accipe</strong></span> <span class='ocrx_word' id='word_1_534' title='bbox 738 1840 808 1860; x_wconf 91' lang='lat' dir='ltr'><strong>nunc</strong></span> <span class='ocrx_word' id='word_1_535' title='bbox 833 1839 903 1868; x_wconf 91' lang='lat' dir='ltr'><strong>quo-</strong></span> 
     </span>
    </p>
   </div>
   <div class='ocr_carea' id='block_1_67' title="bbox 101 1878 903 1915">
    <p class='ocr_par' dir='ltr' id='par_1_67' title="bbox 101 1878 903 1915">
     <span class='ocr_line' id='line_1_67' title="bbox 101 1878 903 1915; baseline -0.002 -7"><span class='ocrx_word' id='word_1_536' title='bbox 101 1881 182 1909; x_wconf 91' lang='lat' dir='ltr'><strong>modo</strong></span> <span class='ocrx_word' id='word_1_537' title='bbox 195 1886 223 1910; x_wconf 90' lang='lat' dir='ltr'><strong>et</strong></span> <span class='ocrx_word' id='word_1_538' title='bbox 242 1889 257 1908; x_wconf 88' lang='lat' dir='ltr'><strong>a</strong></span> <span class='ocrx_word' id='word_1_539' title='bbox 270 1881 378 1909; x_wconf 81' lang='lat' dir='ltr'><strong>Christo</strong></span> <span class='ocrx_word' id='word_1_540' title='bbox 393 1883 421 1909; x_wconf 92' lang='lat' dir='ltr'><strong>in</strong></span> <span class='ocrx_word' id='word_1_541' title='bbox 439 1880 541 1909; x_wconf 70' lang='lat' dir='ltr'><strong>coelum</strong></span> <span class='ocrx_word' id='word_1_542' title='bbox 564 1884 673 1915; x_wconf 85' lang='lat' dir='ltr'><strong>recepto</strong></span> <span class='ocrx_word' id='word_1_543' title='bbox 685 1880 840 1907; x_wconf 78' lang='lat' dir='ltr'><strong>charismata</strong></span> <span class='ocrx_word' id='word_1_544' title='bbox 859 1878 903 1906; x_wconf 83' lang='lat' dir='ltr'><strong>ob-</strong></span> 
     </span>
    </p>
   </div>
   <div class='ocr_carea' id='block_1_68' title="bbox 101 1925 902 1961">
    <p class='ocr_par' dir='ltr' id='par_1_68' title="bbox 101 1925 902 1961">
     <span class='ocr_line' id='line_1_68' title="bbox 101 1925 902 1961; baseline -0.004 -6"><span class='ocrx_word' id='word_1_545' title='bbox 101 1932 206 1955; x_wconf 76' lang='lat' dir='ltr'><strong>uentura</strong></span> <span class='ocrx_word' id='word_1_546' title='bbox 237 1927 418 1961; x_wconf 84' lang='lat' dir='ltr'><strong>pronuntiarit.</strong></span> <span class='ocrx_word' id='word_1_547' title='bbox 445 1927 563 1954; x_wconf 80' lang='lat' dir='ltr'><strong>Ascendit</strong></span> <span class='ocrx_word' id='word_1_548' title='bbox 591 1927 618 1953; x_wconf 88' lang='lat' dir='ltr'><strong>itt</strong></span> <span class='ocrx_word' id='word_1_549' title='bbox 647 1926 845 1958; x_wconf 76' lang='lat' dir='ltr'><strong>sublimitatem,</strong></span> <span class='ocrx_word' id='word_1_550' title='bbox 877 1925 902 1952; x_wconf 91' lang='lat' dir='ltr'><strong>id</strong></span> 
     </span>
    </p>
   </div>
   <div class='ocr_carea' id='block_1_69' title="bbox 101 1972 901 2009">
    <p class='ocr_par' dir='ltr' id='par_1_69' title="bbox 101 1972 901 2009">
     <span class='ocr_line' id='line_1_69' title="bbox 101 1972 901 2009; baseline -0.005 -6"><span class='ocrx_word' id='word_1_551' title='bbox 101 1980 151 2008; x_wconf 89' lang='lat' dir='ltr'><strong>est,</strong></span> <span class='ocrx_word' id='word_1_552' title='bbox 173 1976 200 2002; x_wconf 92' lang='lat' dir='ltr'><strong>in</strong></span> <span class='ocrx_word' id='word_1_553' title='bbox 215 1975 471 2009; x_wconf 74' lang='lat' dir='ltr'><strong>cmluttt;captiram</strong></span> <span class='ocrx_word' id='word_1_554' title='bbox 495 1974 568 2001; x_wconf 79' lang='lat' dir='ltr'><strong>duxit</strong></span> <span class='ocrx_word' id='word_1_555' title='bbox 590 1973 780 2009; x_wconf 78' lang='lat' dir='ltr'><strong>captivitatem,</strong></span> <span class='ocrx_word' id='word_1_556' title='bbox 805 1972 830 1999; x_wconf 93' lang='lat' dir='ltr'><strong>id</strong></span> <span class='ocrx_word' id='word_1_557' title='bbox 849 1976 901 2006; x_wconf 87' lang='lat' dir='ltr'><strong>est,</strong></span> 
     </span>
    </p>
   </div>
   <div class='ocr_carea' id='block_1_70' title="bbox 102 2017 903 2054">
    <p class='ocr_par' dir='ltr' id='par_1_70' title="bbox 102 2017 903 2054">
     <span class='ocr_line' id='line_1_70' title="bbox 102 2017 903 2054; baseline -0.005 -5"><span class='ocrx_word' id='word_1_558' title='bbox 102 2026 228 2054; x_wconf 90' lang='lat' dir='ltr'><strong>mortem,</strong></span> <span class='ocrx_word' id='word_1_559' title='bbox 244 2020 286 2048; x_wconf 82' lang='lat' dir='ltr'><strong>vel</strong></span> <span class='ocrx_word' id='word_1_560' title='bbox 302 2021 445 2048; x_wconf 88' lang='lat' dir='ltr'><strong>humanam</strong></span> <span class='ocrx_word' id='word_1_561' title='bbox 456 2019 612 2047; x_wconf 89' lang='lat' dir='ltr'><strong>servitutem</strong></span> <span class='ocrx_word' id='word_1_562' title='bbox 622 2026 629 2052; x_wconf 86' lang='lat'><strong>;</strong></span> <span class='ocrx_word' id='word_1_563' title='bbox 639 2018 699 2046; x_wconf 82' lang='lat' dir='ltr'><strong>data</strong></span> <span class='ocrx_word' id='word_1_564' title='bbox 707 2018 777 2045; x_wconf 82' lang='lat' dir='ltr'><strong>dedit</strong></span> <span class='ocrx_word' id='word_1_565' title='bbox 790 2017 831 2053; x_wconf 74' lang='grc'><strong>(2)</strong></span> <span class='ocrx_word' id='word_1_566' title='bbox 843 2017 903 2052; x_wconf 79' lang='lat' dir='ltr'><strong>ﬁliis</strong></span> 
     </span>
    </p>
   </div>
   <div class='ocr_carea' id='block_1_71' title="bbox 104 2065 901 2102">
    <p class='ocr_par' dir='ltr' id='par_1_71' title="bbox 104 2065 901 2102">
     <span class='ocr_line' id='line_1_71' title="bbox 104 2065 901 2102; baseline -0.004 -7"><span class='ocrx_word' id='word_1_567' title='bbox 104 2068 248 2101; x_wconf 82' lang='lat' dir='ltr'><strong>hominum,</strong></span> <span class='ocrx_word' id='word_1_568' title='bbox 270 2068 296 2095; x_wconf 91' lang='lat' dir='ltr'><strong>id</strong></span> <span class='ocrx_word' id='word_1_569' title='bbox 320 2072 362 2095; x_wconf 83' lang='lat' dir='ltr'><strong>est</strong></span> <span class='ocrx_word' id='word_1_570' title='bbox 375 2067 511 2100; x_wconf 79' lang='lat' dir='ltr'><strong>donativo,</strong></span> <span class='ocrx_word' id='word_1_571' title='bbox 527 2074 587 2102; x_wconf 68' lang='lat' dir='ltr'><strong>qua:</strong></span> <span class='ocrx_word' id='word_1_572' title='bbox 600 2065 763 2094; x_wconf 86' lang='lat' dir='ltr'><strong>charismata</strong></span> <span class='ocrx_word' id='word_1_573' title='bbox 777 2065 901 2093; x_wconf 85' lang='lat' dir='ltr'><strong>dicimus.</strong></span> 
     </span>
    </p>
   </div>
   <div class='ocr_carea' id='block_1_72' title="bbox 103 2111 902 2151">
    <p class='ocr_par' dir='ltr' id='par_1_72' title="bbox 103 2111 902 2151">
     <span class='ocr_line' id='line_1_72' title="bbox 103 2111 902 2151; baseline -0.005 -8"><span class='ocrx_word' id='word_1_574' title='bbox 103 2115 250 2151; x_wconf 76' lang='lat' dir='ltr'><strong>Eleganter</strong></span> <span class='ocrx_word' id='word_1_575' title='bbox 277 2114 338 2142; x_wconf 89' lang='lat' dir='ltr'><strong>liliis</strong></span> <span class='ocrx_word' id='word_1_576' title='bbox 359 2114 496 2142; x_wconf 89' lang='lat' dir='ltr'><strong>hominunt</strong></span> <span class='ocrx_word' id='word_1_577' title='bbox 527 2113 573 2146; x_wconf 85' lang='lat' dir='ltr'><strong>ait,</strong></span> <span class='ocrx_word' id='word_1_578' title='bbox 596 2116 653 2141; x_wconf 75' lang='lat' dir='ltr'><strong>non</strong></span> <span class='ocrx_word' id='word_1_579' title='bbox 668 2112 767 2148; x_wconf 77' lang='lat' dir='ltr'><strong>possint</strong></span> <span class='ocrx_word' id='word_1_580' title='bbox 783 2111 902 2140; x_wconf 90' lang='lat' dir='ltr'><strong>homini-</strong></span> 
     </span>
    </p>
   </div>
   <div class='ocr_carea' id='block_1_73' title="bbox 102 2158 904 2194">
    <p class='ocr_par' dir='ltr' id='par_1_73' title="bbox 102 2158 904 2194">
     <span class='ocr_line' id='line_1_73' title="bbox 102 2158 904 2194; baseline -0.004 -5"><span class='ocrx_word' id='word_1_581' title='bbox 102 2161 169 2194; x_wconf 88' lang='lat' dir='ltr'><strong>bus;</strong></span> <span class='ocrx_word' id='word_1_582' title='bbox 184 2168 235 2188; x_wconf 86' lang='lat' dir='ltr'><strong>nos</strong></span> <span class='ocrx_word' id='word_1_583' title='bbox 263 2160 410 2188; x_wconf 86' lang='lat' dir='ltr'><strong>ostendens</strong></span> <span class='ocrx_word' id='word_1_584' title='bbox 434 2159 504 2187; x_wconf 81' lang='lat' dir='ltr'><strong>ﬁlios</strong></span> <span class='ocrx_word' id='word_1_585' title='bbox 524 2159 663 2186; x_wconf 90' lang='lat' dir='ltr'><strong>hominum</strong></span> <span class='ocrx_word' id='word_1_586' title='bbox 677 2179 684 2190; x_wconf 90' lang='lat'><strong>,</strong></span> <span class='ocrx_word' id='word_1_587' title='bbox 709 2158 734 2186; x_wconf 94' lang='lat' dir='ltr'><strong>id</strong></span> <span class='ocrx_word' id='word_1_588' title='bbox 750 2163 791 2186; x_wconf 90' lang='lat' dir='ltr'><strong>cst</strong></span> <span class='ocrx_word' id='word_1_589' title='bbox 804 2179 812 2191; x_wconf 92' lang='lat'><strong>,</strong></span> <span class='ocrx_word' id='word_1_590' title='bbox 839 2165 904 2186; x_wconf 77' lang='lat' dir='ltr'><strong>vere</strong></span> 
     </span>
    </p>
   </div>
   <div class='ocr_carea' id='block_1_74' title="bbox 104 2203 901 2241">
    <p class='ocr_par' dir='ltr' id='par_1_74' title="bbox 104 2203 901 2241">
     <span class='ocr_line' id='line_1_74' title="bbox 104 2203 901 2241; baseline -0.004 -8"><span class='ocrx_word' id='word_1_591' title='bbox 104 2207 256 2239; x_wconf 87' lang='lat' dir='ltr'><strong>hominum,</strong></span> <span class='ocrx_word' id='word_1_592' title='bbox 279 2206 480 2241; x_wconf 80' lang='lat' dir='ltr'><strong>Apostolorum.</strong></span> <span class='ocrx_word' id='word_1_593' title='bbox 496 2204 529 2232; x_wconf 85' lang='lat' dir='ltr'><strong>lu</strong></span> <span class='ocrx_word' id='word_1_594' title='bbox 544 2204 684 2240; x_wconf 75' lang='lat' dir='ltr'><strong>Evangelia</strong></span> <span class='ocrx_word' id='word_1_595' title='bbox 706 2205 790 2238; x_wconf 88' lang='lat' dir='ltr'><strong>enim,</strong></span> <span class='ocrx_word' id='word_1_596' title='bbox 805 2203 901 2239; x_wconf 89' lang='lat' dir='ltr'><strong>inquit,</strong></span> 
     </span>
    </p>
   </div>
   <div class='ocr_carea' id='block_1_75' title="bbox 100 2250 903 2289">
    <p class='ocr_par' dir='ltr' id='par_1_75' title="bbox 100 2250 903 2289">
     <span class='ocr_line' id='line_1_75' title="bbox 100 2250 903 2289; baseline -0.005 -9"><span class='ocrx_word' id='word_1_597' title='bbox 100 2261 146 2289; x_wconf 77' lang='lat' dir='ltr'><strong>ego</strong></span> <span class='ocrx_word' id='word_1_598' title='bbox 161 2261 205 2280; x_wconf 77' lang='lat' dir='ltr'><strong>vos</strong></span> <span class='ocrx_word' id='word_1_599' title='bbox 220 2253 349 2289; x_wconf 67' lang='lat' dir='ltr'><strong>generari.</strong></span> <span class='ocrx_word' id='word_1_600' title='bbox 374 2252 407 2280; x_wconf 82' lang='lat' dir='ltr'><strong>Et</strong></span> <span class='ocrx_word' id='word_1_601' title='bbox 432 2251 504 2288; x_wconf 80' lang='lat' dir='ltr'><strong>(Gal.</strong></span> <span class='ocrx_word' id='word_1_602' title='bbox 519 2250 554 2279; x_wconf 84' lang='lat' dir='ltr'><strong>IV</strong></span> <span class='ocrx_word' id='word_1_603' title='bbox 567 2271 574 2283; x_wconf 88' lang='lat'><strong>,</strong></span> <span class='ocrx_word' id='word_1_604' title='bbox 589 2250 634 2285; x_wconf 83' lang='grc'><strong>19)</strong></span> <span class='ocrx_word' id='word_1_605' title='bbox 644 2259 654 2278; x_wconf 89' lang='lat'><strong><em>:</em></strong></span> <span class='ocrx_word' id='word_1_606' title='bbox 677 2250 741 2278; x_wconf 80' lang='lat' dir='ltr'><strong>Filii</strong></span> <span class='ocrx_word' id='word_1_607' title='bbox 756 2250 804 2277; x_wconf 84' lang='lat' dir='ltr'><strong>mei</strong></span> <span class='ocrx_word' id='word_1_608' title='bbox 817 2271 824 2282; x_wconf 87' lang='lat'><strong>,</strong></span> <span class='ocrx_word' id='word_1_609' title='bbox 840 2258 903 2285; x_wconf 80' lang='lat' dir='ltr'><strong>quas</strong></span> 
     </span>
    </p>
   </div>
   <div class='ocr_carea' id='block_1_76' title="bbox 101 2295 902 2334">
    <p class='ocr_par' dir='ltr' id='par_1_76' title="bbox 101 2295 902 2334">
     <span class='ocr_line' id='line_1_76' title="bbox 101 2295 902 2334; baseline -0.002 -8"><span class='ocrx_word' id='word_1_610' title='bbox 101 2299 221 2334; x_wconf 84' lang='lat' dir='ltr'><strong>parturio</strong></span> <span class='ocrx_word' id='word_1_611' title='bbox 240 2307 340 2326; x_wconf 78' lang='lat' dir='ltr'><strong>rursus.</strong></span> <span class='ocrx_word' id='word_1_612' title='bbox 364 2297 424 2326; x_wconf 70' lang='lat' dir='ltr'><strong>iam</strong></span> <span class='ocrx_word' id='word_1_613' title='bbox 448 2304 520 2325; x_wconf 89' lang='lat' dir='ltr'><strong>nunc</strong></span> <span class='ocrx_word' id='word_1_614' title='bbox 533 2301 561 2325; x_wconf 91' lang='lat' dir='ltr'><strong>et</strong></span> <span class='ocrx_word' id='word_1_615' title='bbox 574 2297 617 2324; x_wconf 90' lang='lat' dir='ltr'><strong>illa</strong></span> <span class='ocrx_word' id='word_1_616' title='bbox 633 2297 775 2331; x_wconf 87' lang='lat' dir='ltr'><strong>promissio</strong></span> <span class='ocrx_word' id='word_1_617' title='bbox 786 2295 902 2332; x_wconf 89' lang='lat' dir='ltr'><strong>Spiritus</strong></span> 
     </span>
    </p>
   </div>
   <div class='ocr_carea' id='block_1_77' title="bbox 957 1696 1755 1736">
    <p class='ocr_par' dir='ltr' id='par_1_77' title="bbox 957 1696 1755 1736">
     <span class='ocr_line' id='line_1_77' title="bbox 957 1696 1755 1736; baseline 0.009 -12"><span class='ocrx_word' id='word_1_618' title='bbox 957 1704 1019 1724; x_wconf 89' lang='lat' dir='ltr'><strong>cum</strong></span> <span class='ocrx_word' id='word_1_619' title='bbox 1038 1696 1089 1724; x_wconf 88' lang='lat' dir='ltr'><strong>hac</strong></span> <span class='ocrx_word' id='word_1_620' title='bbox 1109 1698 1366 1726; x_wconf 88' lang='lat' dir='ltr'><strong>commemoratione</strong></span> <span class='ocrx_word' id='word_1_621' title='bbox 1383 1698 1510 1726; x_wconf 78' lang='lat' dir='ltr'><strong>charisma</strong></span> <span class='ocrx_word' id='word_1_622' title='bbox 1525 1701 1670 1736; x_wconf 86' lang='lat' dir='ltr'><strong>linguarum</strong></span> <span class='ocrx_word' id='word_1_623' title='bbox 1689 1711 1755 1731; x_wconf 88' lang='lat' dir='ltr'><strong>cott-</strong></span> 
     </span>
    </p>
   </div>
   <div class='ocr_carea' id='block_1_78' title="bbox 958 1742 1751 1777">
    <p class='ocr_par' dir='ltr' id='par_1_78' title="bbox 958 1742 1751 1777">
     <span class='ocr_line' id='line_1_78' title="bbox 958 1742 1751 1777; baseline 0.01 -8"><span class='ocrx_word' id='word_1_624' title='bbox 958 1743 1055 1775; x_wconf 86' lang='lat' dir='ltr'><strong>lirmat,</strong></span> <span class='ocrx_word' id='word_1_625' title='bbox 1072 1750 1121 1770; x_wconf 90' lang='lat' dir='ltr'><strong>nec</strong></span> <span class='ocrx_word' id='word_1_626' title='bbox 1134 1742 1177 1770; x_wconf 92' lang='lat' dir='ltr'><strong>hic</strong></span> <span class='ocrx_word' id='word_1_627' title='bbox 1190 1747 1279 1777; x_wconf 81' lang='lat' dir='ltr'><strong>potest</strong></span> <span class='ocrx_word' id='word_1_628' title='bbox 1294 1743 1377 1771; x_wconf 79' lang='lat' dir='ltr'><strong>videri</strong></span> <span class='ocrx_word' id='word_1_629' title='bbox 1390 1745 1506 1773; x_wconf 89' lang='lat' dir='ltr'><strong>alienum</strong></span> <span class='ocrx_word' id='word_1_630' title='bbox 1521 1747 1655 1775; x_wconf 80' lang='lat' dir='ltr'><strong>charisma</strong></span> <span class='ocrx_word' id='word_1_631' title='bbox 1667 1749 1751 1777; x_wconf 85' lang='lat' dir='ltr'><strong>Crea-</strong></span> 
     </span>
    </p>
   </div>
   <div class='ocr_carea' id='block_1_79' title="bbox 957 1788 1750 1827">
    <p class='ocr_par' dir='ltr' id='par_1_79' title="bbox 957 1788 1750 1827">
     <span class='ocr_line' id='line_1_79' title="bbox 957 1788 1750 1827; baseline 0.011 -12"><span class='ocrx_word' id='word_1_632' title='bbox 957 1789 1023 1816; x_wconf 89' lang='lat' dir='ltr'><strong>toris</strong></span> <span class='ocrx_word' id='word_1_633' title='bbox 1051 1788 1242 1823; x_wconf 71' lang='lat' dir='ltr'><strong>prmdicntione</strong></span> <span class='ocrx_word' id='word_1_634' title='bbox 1266 1790 1452 1819; x_wconf 80' lang='lat' dir='ltr'><strong>continuasse.</strong></span> <span class='ocrx_word' id='word_1_635' title='bbox 1468 1790 1556 1827; x_wconf 60' lang='lat' dir='ltr'><strong>Eque</strong></span> <span class='ocrx_word' id='word_1_636' title='bbox 1572 1796 1750 1827; x_wconf 75' lang='lat' dir='ltr'><strong>przescribcns</strong></span> 
     </span>
    </p>
   </div>
   <div class='ocr_carea' id='block_1_80' title="bbox 955 1834 1754 1879">
    <p class='ocr_par' dir='ltr' id='par_1_80' title="bbox 955 1834 1754 1879">
     <span class='ocr_line' id='line_1_80' title="bbox 955 1834 1754 1879; baseline 0.013 -19"><span class='ocrx_word' id='word_1_637' title='bbox 955 1834 1084 1861; x_wconf 84' lang='lat' dir='ltr'><strong>silentium</strong></span> <span class='ocrx_word' id='word_1_638' title='bbox 1097 1834 1243 1862; x_wconf 84' lang='lat' dir='ltr'><strong>mulieribus</strong></span> <span class='ocrx_word' id='word_1_639' title='bbox 1260 1835 1287 1862; x_wconf 86' lang='lat' dir='ltr'><strong>in</strong></span> <span class='ocrx_word' id='word_1_640' title='bbox 1303 1834 1429 1868; x_wconf 76' lang='lat' dir='ltr'><strong>Ecclesia,</strong></span> <span class='ocrx_word' id='word_1_641' title='bbox 1445 1845 1479 1865; x_wconf 87' lang='lat' dir='ltr'><strong>ne</strong></span> <span class='ocrx_word' id='word_1_642' title='bbox 1498 1838 1561 1873; x_wconf 91' lang='lat' dir='ltr'><strong>quid</strong></span> <span class='ocrx_word' id='word_1_643' title='bbox 1575 1840 1693 1869; x_wconf 88' lang='lat' dir='ltr'><strong>discendi</strong></span> <span class='ocrx_word' id='word_1_644' title='bbox 1713 1843 1754 1879; x_wconf 82' lang='lat'><strong>(8)</strong></span> 
     </span>
    </p>
   </div>
   <div class='ocr_carea' id='block_1_81' title="bbox 956 1879 1751 1923">
    <p class='ocr_par' dir='ltr' id='par_1_81' title="bbox 956 1879 1751 1923">
     <span class='ocr_line' id='line_1_81' title="bbox 956 1879 1751 1923; baseline 0.014 -17"><span class='ocrx_word' id='word_1_645' title='bbox 956 1879 1085 1908; x_wconf 80' lang='lat' dir='ltr'><strong>duntaxat</strong></span> <span class='ocrx_word' id='word_1_646' title='bbox 1107 1880 1192 1916; x_wconf 79' lang='lat' dir='ltr'><strong>gratia</strong></span> <span class='ocrx_word' id='word_1_647' title='bbox 1221 1881 1262 1917; x_wconf 87' lang='lat'>(9)</span> <span class='ocrx_word' id='word_1_648' title='bbox 1287 1882 1450 1917; x_wconf 86' lang='lat' dir='ltr'><strong>loquantur,</strong></span> <span class='ocrx_word' id='word_1_649' title='bbox 1473 1889 1601 1913; x_wconf 65' lang='lat' dir='ltr'><strong>catterum</strong></span> <span class='ocrx_word' id='word_1_650' title='bbox 1633 1889 1751 1923; x_wconf 89' lang='lat' dir='ltr'><strong>prophe-</strong></span> 
     </span>
    </p>
   </div>
   <div class='ocr_carea' id='block_1_82' title="bbox 957 1925 1750 1963">
    <p class='ocr_par' dir='ltr' id='par_1_82' title="bbox 957 1925 1750 1963">
     <span class='ocr_line' id='line_1_82' title="bbox 957 1925 1750 1963; baseline 0.013 -11"><span class='ocrx_word' id='word_1_651' title='bbox 957 1925 1029 1953; x_wconf 88' lang='lat' dir='ltr'><strong>taudi</strong></span> <span class='ocrx_word' id='word_1_652' title='bbox 1047 1926 1093 1961; x_wconf 91' lang='lat' dir='ltr'><strong>jus</strong></span> <span class='ocrx_word' id='word_1_653' title='bbox 1110 1930 1139 1954; x_wconf 90' lang='lat' dir='ltr'><strong>et</strong></span> <span class='ocrx_word' id='word_1_654' title='bbox 1163 1926 1222 1954; x_wconf 86' lang='lat' dir='ltr'><strong>illas</strong></span> <span class='ocrx_word' id='word_1_655' title='bbox 1235 1926 1336 1955; x_wconf 88' lang='lat' dir='ltr'><strong>ltabcre</strong></span> <span class='ocrx_word' id='word_1_656' title='bbox 1347 1927 1403 1962; x_wconf 86' lang='lat' dir='ltr'><strong>jam</strong></span> <span class='ocrx_word' id='word_1_657' title='bbox 1419 1930 1554 1963; x_wconf 83' lang='lat' dir='ltr'><strong>ostendit,</strong></span> <span class='ocrx_word' id='word_1_658' title='bbox 1568 1939 1629 1960; x_wconf 89' lang='lat' dir='ltr'><strong>cum</strong></span> <span class='ocrx_word' id='word_1_659' title='bbox 1646 1935 1750 1963; x_wconf 87' lang='lat' dir='ltr'><strong>tnulicri</strong></span> 
     </span>
    </p>
   </div>
   <div class='ocr_carea' id='block_1_83' title="bbox 955 1971 1749 2016">
    <p class='ocr_par' dir='ltr' id='par_1_83' title="bbox 955 1971 1749 2016">
     <span class='ocr_line' id='line_1_83' title="bbox 955 1971 1749 2016; baseline 0.014 -18"><span class='ocrx_word' id='word_1_660' title='bbox 955 1971 1037 1999; x_wconf 85' lang='lat' dir='ltr'><strong>etiam</strong></span> <span class='ocrx_word' id='word_1_661' title='bbox 1052 1971 1224 2006; x_wconf 87' lang='lat' dir='ltr'><strong>prophetanti</strong></span> <span class='ocrx_word' id='word_1_662' title='bbox 1239 1972 1362 2001; x_wconf 84' lang='lat' dir='ltr'><strong>velamen</strong></span> <span class='ocrx_word' id='word_1_663' title='bbox 1377 1974 1506 2009; x_wconf 88' lang='lat' dir='ltr'><strong>imponit,</strong></span> <span class='ocrx_word' id='word_1_664' title='bbox 1529 1984 1562 2004; x_wconf 87' lang='lat' dir='ltr'><strong>ex</strong></span> <span class='ocrx_word' id='word_1_665' title='bbox 1576 1978 1634 2013; x_wconf 80' lang='lat' dir='ltr'><strong>lege</strong></span> <span class='ocrx_word' id='word_1_666' title='bbox 1648 1981 1749 2016; x_wconf 85' lang='lat' dir='ltr'><strong>accipit</strong></span> 
     </span>
    </p>
   </div>
   <div class='ocr_carea' id='block_1_84' title="bbox 954 2017 1753 2058">
    <p class='ocr_par' dir='ltr' id='par_1_84' title="bbox 954 2017 1753 2058">
     <span class='ocr_line' id='line_1_84' title="bbox 954 2017 1753 2058; baseline 0.015 -14"><span class='ocrx_word' id='word_1_667' title='bbox 954 2017 1128 2053; x_wconf 75' lang='lat' dir='ltr'><strong>subjicienda:</strong></span> <span class='ocrx_word' id='word_1_668' title='bbox 1150 2017 1267 2046; x_wconf 69' lang='lat' dir='ltr'><strong>{minimc</strong></span> <span class='ocrx_word' id='word_1_669' title='bbox 1291 2020 1479 2049; x_wconf 82' lang='lat' dir='ltr'><strong>auctoritatem</strong></span> <span class='ocrx_word' id='word_1_670' title='bbox 1494 2042 1501 2055; x_wconf 88' lang='lat'><strong>,</strong></span> <span class='ocrx_word' id='word_1_671' title='bbox 1527 2030 1607 2058; x_wconf 91' lang='lat' dir='ltr'><strong>quam</strong></span> <span class='ocrx_word' id='word_1_672' title='bbox 1627 2030 1655 2053; x_wconf 91' lang='lat' dir='ltr'><strong>ut</strong></span> <span class='ocrx_word' id='word_1_673' title='bbox 1668 2029 1753 2056; x_wconf 88' lang='lat' dir='ltr'><strong>semel</strong></span> 
     </span>
    </p>
   </div>
   <div class='ocr_carea' id='block_1_85' title="bbox 954 2063 1748 2102">
    <p class='ocr_par' dir='ltr' id='par_1_85' title="bbox 954 2063 1748 2102">
     <span class='ocr_line' id='line_1_85' title="bbox 954 2063 1748 2102; baseline 0.014 -11"><span class='ocrx_word' id='word_1_674' title='bbox 954 2063 1081 2097; x_wconf 78' lang='lat' dir='ltr'><strong>diseritit,</strong></span> <span class='ocrx_word' id='word_1_675' title='bbox 1090 2071 1230 2092; x_wconf 86' lang='lat' dir='ltr'><strong>nossenon</strong></span> <span class='ocrx_word' id='word_1_676' title='bbox 1242 2064 1345 2099; x_wconf 86' lang='lat' dir='ltr'><strong>debuit,</strong></span> <span class='ocrx_word' id='word_1_677' title='bbox 1356 2066 1406 2094; x_wconf 90' lang='lat' dir='ltr'><strong>nisi</strong></span> <span class='ocrx_word' id='word_1_678' title='bbox 1419 2066 1445 2094; x_wconf 91' lang='lat' dir='ltr'><strong>in</strong></span> <span class='ocrx_word' id='word_1_679' title='bbox 1459 2067 1678 2100; x_wconf 84' lang='lat' dir='ltr'><strong>destructionem.</strong></span> <span class='ocrx_word' id='word_1_680' title='bbox 1695 2074 1748 2102; x_wconf 85' lang='lat' dir='ltr'><strong>Sed</strong></span> 
     </span>
    </p>
   </div>
   <div class='ocr_carea' id='block_1_86' title="bbox 956 2110 1748 2154">
    <p class='ocr_par' dir='ltr' id='par_1_86' title="bbox 956 2110 1748 2154">
     <span class='ocr_line' id='line_1_86' title="bbox 956 2110 1748 2154; baseline 0.015 -18"><span class='ocrx_word' id='word_1_681' title='bbox 956 2115 985 2137; x_wconf 88' lang='lat' dir='ltr'><strong>ut</strong></span> <span class='ocrx_word' id='word_1_682' title='bbox 997 2110 1052 2144; x_wconf 81' lang='lat' dir='ltr'><strong>jam</strong></span> <span class='ocrx_word' id='word_1_683' title='bbox 1068 2118 1083 2138; x_wconf 88' lang='lat' dir='ltr'><strong>a</strong></span> <span class='ocrx_word' id='word_1_684' title='bbox 1096 2110 1261 2146; x_wconf 80' lang='lat' dir='ltr'><strong>spiritalibus</strong></span> <span class='ocrx_word' id='word_1_685' title='bbox 1283 2112 1459 2147; x_wconf 87' lang='lat' dir='ltr'><strong>recedamus,</strong></span> <span class='ocrx_word' id='word_1_686' title='bbox 1472 2123 1516 2143; x_wconf 90' lang='lat' dir='ltr'><strong>res</strong></span> <span class='ocrx_word' id='word_1_687' title='bbox 1542 2116 1608 2152; x_wconf 72' lang='lat' dir='ltr'><strong>ipsa:</strong></span> <span class='ocrx_word' id='word_1_688' title='bbox 1633 2120 1748 2154; x_wconf 87' lang='lat' dir='ltr'><strong>probare</strong></span> 
     </span>
    </p>
   </div>
   <div class='ocr_carea' id='block_1_87' title="bbox 954 2155 1747 2199">
    <p class='ocr_par' dir='ltr' id='par_1_87' title="bbox 954 2155 1747 2199">
     <span class='ocr_line' id='line_1_87' title="bbox 954 2155 1747 2199; baseline 0.013 -15"><span class='ocrx_word' id='word_1_689' title='bbox 954 2155 1111 2190; x_wconf 89' lang='lat' dir='ltr'><strong>debebunt,</strong></span> <span class='ocrx_word' id='word_1_690' title='bbox 1126 2157 1187 2193; x_wconf 90' lang='lat' dir='ltr'><strong>quis</strong></span> <span class='ocrx_word' id='word_1_691' title='bbox 1207 2162 1328 2186; x_wconf 86' lang='lat' dir='ltr'><strong>nostrum</strong></span> <span class='ocrx_word' id='word_1_692' title='bbox 1344 2163 1445 2188; x_wconf 85' lang='lat' dir='ltr'><strong>temere</strong></span> <span class='ocrx_word' id='word_1_693' title='bbox 1470 2161 1525 2189; x_wconf 91' lang='lat' dir='ltr'><strong>Deo</strong></span> <span class='ocrx_word' id='word_1_694' title='bbox 1548 2170 1597 2190; x_wconf 88' lang='lat' dir='ltr'><strong>suo</strong></span> <span class='ocrx_word' id='word_1_695' title='bbox 1610 2164 1726 2194; x_wconf 87' lang='lat' dir='ltr'><strong>vindicet</strong></span> <span class='ocrx_word' id='word_1_696' title='bbox 1740 2176 1747 2199; x_wconf 90' lang='lat'>;</span> 
     </span>
    </p>
   </div>
   <div class='ocr_carea' id='block_1_88' title="bbox 954 2204 1748 2244">
    <p class='ocr_par' dir='ltr' id='par_1_88' title="bbox 954 2204 1748 2244">
     <span class='ocr_line' id='line_1_88' title="bbox 954 2204 1748 2244; baseline 0.011 -12"><span class='ocrx_word' id='word_1_697' title='bbox 954 2208 981 2232; x_wconf 89' lang='lat' dir='ltr'><strong>ct</strong></span> <span class='ocrx_word' id='word_1_698' title='bbox 1004 2211 1038 2230; x_wconf 86' lang='lat' dir='ltr'><strong>an</strong></span> <span class='ocrx_word' id='word_1_699' title='bbox 1065 2204 1123 2240; x_wconf 92' lang='grc'><strong>(10)</strong></span> <span class='ocrx_word' id='word_1_700' title='bbox 1147 2209 1245 2231; x_wconf 63' lang='lat' dir='ltr'><strong>nostra:</strong></span> <span class='ocrx_word' id='word_1_701' title='bbox 1273 2205 1340 2240; x_wconf 77' lang='lat' dir='ltr'><strong>parti</strong></span> <span class='ocrx_word' id='word_1_702' title='bbox 1357 2207 1441 2241; x_wconf 89' lang='lat' dir='ltr'><strong>possit</strong></span> <span class='ocrx_word' id='word_1_703' title='bbox 1459 2208 1575 2243; x_wconf 82' lang='lat' dir='ltr'><strong>opponi,</strong></span> <span class='ocrx_word' id='word_1_704' title='bbox 1600 2209 1666 2244; x_wconf 71' lang='lat' dir='ltr'><strong>haec,</strong></span> <span class='ocrx_word' id='word_1_705' title='bbox 1699 2215 1748 2242; x_wconf 82' lang='lat' dir='ltr'><strong>ttsi</strong></span> 
     </span>
    </p>
   </div>
   <div class='ocr_carea' id='block_1_89' title="bbox 953 2248 1747 2287">
    <p class='ocr_par' dir='ltr' id='par_1_89' title="bbox 953 2248 1747 2287">
     <span class='ocr_line' id='line_1_89' title="bbox 953 2248 1747 2287; baseline 0.013 -11"><span class='ocrx_word' id='word_1_706' title='bbox 953 2248 1067 2278; x_wconf 88' lang='lat' dir='ltr'><strong>Crcator</strong></span> <span class='ocrx_word' id='word_1_707' title='bbox 1081 2250 1235 2285; x_wconf 88' lang='lat' dir='ltr'><strong>repromisit</strong></span> <span class='ocrx_word' id='word_1_708' title='bbox 1248 2251 1275 2278; x_wconf 89' lang='lat' dir='ltr'><strong>itt</strong></span> <span class='ocrx_word' id='word_1_709' title='bbox 1290 2259 1367 2279; x_wconf 88' lang='lat' dir='ltr'><strong>suum</strong></span> <span class='ocrx_word' id='word_1_710' title='bbox 1382 2252 1519 2282; x_wconf 90' lang='lat' dir='ltr'><strong>Christum</strong></span> <span class='ocrx_word' id='word_1_711' title='bbox 1535 2256 1654 2284; x_wconf 87' lang='lat' dir='ltr'><strong>ttondutn</strong></span> <span class='ocrx_word' id='word_1_712' title='bbox 1669 2266 1747 2287; x_wconf 83' lang='lat' dir='ltr'><strong>reve-</strong></span> 
     </span>
    </p>
   </div>
   <div class='ocr_carea' id='block_1_90' title="bbox 955 2295 1750 2335">
    <p class='ocr_par' dir='ltr' id='par_1_90' title="bbox 955 2295 1750 2335">
     <span class='ocr_line' id='line_1_90' title="bbox 955 2295 1750 2335; baseline 0.015 -13"><span class='ocrx_word' id='word_1_713' title='bbox 955 2295 1048 2330; x_wconf 88' lang='lat' dir='ltr'><strong>latum,</strong></span> <span class='ocrx_word' id='word_1_714' title='bbox 1065 2302 1094 2324; x_wconf 92' lang='lat' dir='ltr'><strong>ut</strong></span> <span class='ocrx_word' id='word_1_715' title='bbox 1112 2296 1212 2325; x_wconf 70' lang='lat' dir='ltr'><strong>Judacis</strong></span> <span class='ocrx_word' id='word_1_716' title='bbox 1235 2302 1337 2325; x_wconf 86' lang='lat' dir='ltr'><strong>tantum</strong></span> <span class='ocrx_word' id='word_1_717' title='bbox 1357 2298 1531 2335; x_wconf 86' lang='lat' dir='ltr'><strong>destinatum,</strong></span> <span class='ocrx_word' id='word_1_718' title='bbox 1545 2309 1607 2330; x_wconf 84' lang='lat' dir='ltr'><strong>suas</strong></span> <span class='ocrx_word' id='word_1_719' title='bbox 1628 2304 1750 2334; x_wconf 82' lang='lat' dir='ltr'><strong>habitura</strong></span> 
     </span>
    </p>
   </div>
   <div class='ocr_carea' id='block_1_91' title="bbox 98 2342 1749 2386">
    <p class='ocr_par' dir='ltr' id='par_1_91' title="bbox 98 2342 1749 2386">
     <span class='ocr_line' id='line_1_91' title="bbox 98 2342 1749 2386; baseline 0.005 -14"><span class='ocrx_word' id='word_1_720' title='bbox 98 2345 226 2372; x_wconf 87' lang='lat' dir='ltr'><strong>absolute</strong></span> <span class='ocrx_word' id='word_1_721' title='bbox 249 2343 317 2372; x_wconf 79' lang='lat' dir='ltr'><strong>facta</strong></span> <span class='ocrx_word' id='word_1_722' title='bbox 337 2351 384 2379; x_wconf 87' lang='lat' dir='ltr'><strong>per</strong></span> <span class='ocrx_word' id='word_1_723' title='bbox 410 2344 511 2373; x_wconf 84' lang='lat' dir='ltr'><strong>Joelem</strong></span> <span class='ocrx_word' id='word_1_724' title='bbox 537 2343 617 2379; x_wconf 83' lang='lat' dir='ltr'><strong>(Jocl.</strong></span> <span class='ocrx_word' id='word_1_725' title='bbox 643 2342 697 2379; x_wconf 92' lang='lat' dir='ltr'><strong>Il):</strong></span> <span class='ocrx_word' id='word_1_726' title='bbox 714 2342 747 2370; x_wconf 88' lang='lat' dir='ltr'><strong>In</strong></span> <span class='ocrx_word' id='word_1_727' title='bbox 760 2343 940 2380; x_wconf 64' lang='lat' dir='ltr'><strong>novissimis”</strong></span> <span class='ocrx_word' id='word_1_728' title='bbox 954 2342 982 2370; x_wconf 91' lang='lat' dir='ltr'><strong>in</strong></span> <span class='ocrx_word' id='word_1_729' title='bbox 1007 2350 1057 2374; x_wconf 81' lang='lat' dir='ltr'><strong>suo</strong></span> <span class='ocrx_word' id='word_1_730' title='bbox 1079 2348 1209 2379; x_wconf 88' lang='lat' dir='ltr'><strong>tempore,</strong></span> <span class='ocrx_word' id='word_1_731' title='bbox 1230 2344 1256 2370; x_wconf 88' lang='lat' dir='ltr'><strong>itt</strong></span> <span class='ocrx_word' id='word_1_732' title='bbox 1281 2351 1331 2371; x_wconf 91' lang='lat' dir='ltr'><strong>suo</strong></span> <span class='ocrx_word' id='word_1_733' title='bbox 1354 2344 1481 2379; x_wconf 81' lang='lat' dir='ltr'><strong>Christo,</strong></span> <span class='ocrx_word' id='word_1_734' title='bbox 1501 2351 1528 2374; x_wconf 91' lang='lat' dir='ltr'><strong>et</strong></span> <span class='ocrx_word' id='word_1_735' title='bbox 1542 2347 1569 2375; x_wconf 89' lang='lat' dir='ltr'><strong>in</strong></span> <span class='ocrx_word' id='word_1_736' title='bbox 1584 2356 1634 2377; x_wconf 92' lang='lat' dir='ltr'><strong>suo</strong></span> <span class='ocrx_word' id='word_1_737' title='bbox 1650 2353 1749 2386; x_wconf 84' lang='lat' dir='ltr'><strong>populo</strong></span> 
     </span>
    </p>
   </div>
   <div class='ocr_carea' id='block_1_92' title="bbox 99 2389 899 2426">
    <p class='ocr_par' dir='ltr' id='par_1_92' title="bbox 99 2389 899 2426">
     <span class='ocr_line' id='line_1_92' title="bbox 99 2389 899 2426; baseline -0.001 -8"><span class='ocrx_word' id='word_1_738' title='bbox 99 2391 190 2418; x_wconf 84' lang='lat' dir='ltr'><strong>diebus</strong></span> <span class='ocrx_word' id='word_1_739' title='bbox 211 2390 251 2426; x_wconf 79' lang='lat'>(5)</span> <span class='ocrx_word' id='word_1_740' title='bbox 263 2389 392 2424; x_wconf 73' lang='lat' dir='ltr'><strong>effundam</strong></span> <span class='ocrx_word' id='word_1_741' title='bbox 410 2390 442 2417; x_wconf 84' lang='lat' dir='ltr'><strong>dc</strong></span> <span class='ocrx_word' id='word_1_742' title='bbox 458 2398 514 2417; x_wconf 86' lang='lat' dir='ltr'><strong>meo</strong></span> <span class='ocrx_word' id='word_1_743' title='bbox 525 2390 617 2424; x_wconf 85' lang='lat' dir='ltr'><strong>spiritu</strong></span> <span class='ocrx_word' id='word_1_744' title='bbox 635 2389 662 2416; x_wconf 88' lang='lat' dir='ltr'><strong>itt</strong></span> <span class='ocrx_word' id='word_1_745' title='bbox 676 2397 775 2416; x_wconf 86' lang='lat' dir='ltr'><strong>omnem</strong></span> <span class='ocrx_word' id='word_1_746' title='bbox 787 2397 899 2422; x_wconf 70' lang='lat' dir='ltr'><strong>carnem,</strong></span> 
     </span>
    </p>
   </div>
   <div class='ocr_carea' id='block_1_93' title="bbox 98 2435 901 2472">
    <p class='ocr_par' dir='ltr' id='par_1_93' title="bbox 98 2435 901 2472">
     <span class='ocr_line' id='line_1_93' title="bbox 98 2435 901 2472; baseline -0.002 -7"><span class='ocrx_word' id='word_1_747' title='bbox 98 2443 123 2465; x_wconf 85' lang='lat' dir='ltr'><strong>et</strong></span> <span class='ocrx_word' id='word_1_748' title='bbox 140 2436 329 2472; x_wconf 79' lang='lat' dir='ltr'><strong>prophetabunt</strong></span> <span class='ocrx_word' id='word_1_749' title='bbox 343 2436 392 2471; x_wconf 74' lang='lat' dir='ltr'><strong>ﬁlii</strong></span> <span class='ocrx_word' id='word_1_750' title='bbox 410 2435 521 2471; x_wconf 68' lang='lat' dir='ltr'><strong>filiisque</strong></span> <span class='ocrx_word' id='word_1_751' title='bbox 537 2443 646 2468; x_wconf 81' lang='lat' dir='ltr'><strong>eorum;</strong></span> <span class='ocrx_word' id='word_1_752' title='bbox 660 2439 684 2462; x_wconf 83' lang='lat' dir='ltr'><strong>st</strong></span> <span class='ocrx_word' id='word_1_753' title='bbox 697 2439 774 2471; x_wconf 85' lang='lat' dir='ltr'><strong>super</strong></span> <span class='ocrx_word' id='word_1_754' title='bbox 786 2443 869 2463; x_wconf 83' lang='lat' dir='ltr'><strong>sentos</strong></span> <span class='ocrx_word' id='word_1_755' title='bbox 877 2440 901 2463; x_wconf 92' lang='lat' dir='ltr'><strong>et</strong></span> 
     </span>
    </p>
   </div>
   <div class='ocr_carea' id='block_1_94' title="bbox 98 2481 901 2518">
    <p class='ocr_par' dir='ltr' id='par_1_94' title="bbox 98 2481 901 2518">
     <span class='ocr_line' id='line_1_94' title="bbox 98 2481 901 2518; baseline -0.001 -7"><span class='ocrx_word' id='word_1_756' title='bbox 98 2484 210 2511; x_wconf 85' lang='lat' dir='ltr'><strong>ancillas</strong></span> <span class='ocrx_word' id='word_1_757' title='bbox 223 2491 292 2511; x_wconf 80' lang='lat' dir='ltr'><strong>meas</strong></span> <span class='ocrx_word' id='word_1_758' title='bbox 304 2483 338 2510; x_wconf 88' lang='lat' dir='ltr'><strong>de</strong></span> <span class='ocrx_word' id='word_1_759' title='bbox 351 2490 405 2511; x_wconf 76' lang='lat' dir='ltr'><strong>mea</strong></span> <span class='ocrx_word' id='word_1_760' title='bbox 416 2482 508 2518; x_wconf 79' lang='lat' dir='ltr'><strong>spiritu</strong></span> <span class='ocrx_word' id='word_1_761' title='bbox 526 2481 667 2516; x_wconf 74' lang='lat' dir='ltr'><strong>e/I&#39;uudam.</strong></span> <span class='ocrx_word' id='word_1_762' title='bbox 684 2481 720 2509; x_wconf 81' lang='lat' dir='ltr'><strong>Et</strong></span> <span class='ocrx_word' id='word_1_763' title='bbox 734 2482 824 2517; x_wconf 88' lang='lat' dir='ltr'><strong>utique</strong></span> <span class='ocrx_word' id='word_1_764' title='bbox 838 2481 860 2510; x_wconf 88' lang='lat' dir='ltr'><strong>si</strong></span> <span class='ocrx_word' id='word_1_765' title='bbox 875 2481 901 2510; x_wconf 87' lang='lat' dir='ltr'><strong>itt</strong></span> 
     </span>
    </p>
   </div>
   <div class='ocr_carea' id='block_1_95' title="bbox 955 2388 1747 2426">
    <p class='ocr_par' dir='ltr' id='par_1_95' title="bbox 955 2388 1747 2426">
     <span class='ocr_line' id='line_1_95' title="bbox 955 2388 1747 2426; baseline 0.011 -9"><span class='ocrx_word' id='word_1_766' title='bbox 955 2388 1136 2424; x_wconf 83' lang='lat' dir='ltr'><strong>operationes.</strong></span> <span class='ocrx_word' id='word_1_767' title='bbox 1166 2388 1204 2425; x_wconf 83' lang='lat' dir='ltr'>(b)</span> <span class='ocrx_word' id='word_1_768' title='bbox 1225 2389 1357 2417; x_wconf 78' lang='lat' dir='ltr'><strong>Exhibcat</strong></span> <span class='ocrx_word' id='word_1_769' title='bbox 1377 2390 1466 2426; x_wconf 87' lang='lat' dir='ltr'><strong>itaque</strong></span> <span class='ocrx_word' id='word_1_770' title='bbox 1489 2392 1607 2422; x_wconf 85' lang='lat' dir='ltr'><strong>Marcion</strong></span> <span class='ocrx_word' id='word_1_771' title='bbox 1631 2396 1676 2424; x_wconf 89' lang='lat' dir='ltr'><strong>Dei</strong></span> <span class='ocrx_word' id='word_1_772' title='bbox 1704 2399 1747 2426; x_wconf 80' lang='lat' dir='ltr'><strong>sui</strong></span> 
     </span>
    </p>
   </div>
   <div class='ocr_carea' id='block_1_96' title="bbox 952 2435 1743 2471">
    <p class='ocr_par' dir='ltr' id='par_1_96' title="bbox 952 2435 1743 2471">
     <span class='ocr_line' id='line_1_96' title="bbox 952 2435 1743 2471; baseline 0.01 -8"><span class='ocrx_word' id='word_1_773' title='bbox 952 2435 1035 2469; x_wconf 87' lang='lat' dir='ltr'><strong>dona,</strong></span> <span class='ocrx_word' id='word_1_774' title='bbox 1057 2435 1162 2471; x_wconf 86' lang='lat' dir='ltr'><strong>aliquos</strong></span> <span class='ocrx_word' id='word_1_775' title='bbox 1183 2436 1338 2471; x_wconf 84' lang='lat' dir='ltr'><strong>prophetas,</strong></span> <span class='ocrx_word' id='word_1_776' title='bbox 1353 2436 1398 2471; x_wconf 90' lang='lat' dir='ltr'><strong>qui</strong></span> <span class='ocrx_word' id='word_1_777' title='bbox 1415 2441 1502 2465; x_wconf 88' lang='lat' dir='ltr'><strong>tatncu</strong></span> <span class='ocrx_word' id='word_1_778' title='bbox 1513 2446 1567 2467; x_wconf 89' lang='lat' dir='ltr'><strong>non</strong></span> <span class='ocrx_word' id='word_1_779' title='bbox 1581 2441 1615 2468; x_wconf 87' lang='lat' dir='ltr'><strong>de</strong></span> <span class='ocrx_word' id='word_1_780' title='bbox 1626 2441 1743 2471; x_wconf 85' lang='lat' dir='ltr'><strong>humano</strong></span> 
     </span>
    </p>
   </div>
   <div class='ocr_carea' id='block_1_97' title="bbox 953 2481 1744 2522">
    <p class='ocr_par' dir='ltr' id='par_1_97' title="bbox 953 2481 1744 2522">
     <span class='ocr_line' id='line_1_97' title="bbox 953 2481 1744 2522; baseline 0.01 -11"><span class='ocrx_word' id='word_1_781' title='bbox 953 2488 1046 2516; x_wconf 88' lang='lat' dir='ltr'><strong>sensu,</strong></span> <span class='ocrx_word' id='word_1_782' title='bbox 1067 2481 1116 2510; x_wconf 87' lang='lat' dir='ltr'><strong>sed</strong></span> <span class='ocrx_word' id='word_1_783' title='bbox 1130 2481 1164 2510; x_wconf 89' lang='lat' dir='ltr'><strong>de</strong></span> <span class='ocrx_word' id='word_1_784' title='bbox 1180 2481 1226 2510; x_wconf 87' lang='lat' dir='ltr'><strong>Dei</strong></span> <span class='ocrx_word' id='word_1_785' title='bbox 1250 2481 1346 2518; x_wconf 91' lang='lat' dir='ltr'><strong>spiritu</strong></span> <span class='ocrx_word' id='word_1_786' title='bbox 1359 2482 1413 2510; x_wconf 85' lang='lat' dir='ltr'><strong>sint</strong></span> <span class='ocrx_word' id='word_1_787' title='bbox 1425 2482 1507 2512; x_wconf 90' lang='lat' dir='ltr'><strong>locuti</strong></span> <span class='ocrx_word' id='word_1_788' title='bbox 1520 2506 1527 2520; x_wconf 88' lang='lat'><strong>,</strong></span> <span class='ocrx_word' id='word_1_789' title='bbox 1544 2487 1589 2522; x_wconf 90' lang='lat' dir='ltr'><strong>qui</strong></span> <span class='ocrx_word' id='word_1_790' title='bbox 1609 2492 1636 2516; x_wconf 90' lang='lat' dir='ltr'><strong>et</strong></span> <span class='ocrx_word' id='word_1_791' title='bbox 1655 2489 1744 2520; x_wconf 78' lang='lat' dir='ltr'><strong>futura</strong></span> 
     </span>
    </p>
   </div>
   <div class='ocr_carea' id='block_1_98' title="bbox 719 2548 1136 2580">
    <p class='ocr_par' dir='ltr' id='par_1_98' title="bbox 719 2548 1136 2580">
     <span class='ocr_line' id='line_1_98' title="bbox 719 2548 1136 2580; baseline 0.002 -3"><span class='ocrx_word' id='word_1_792' title='bbox 719 2549 911 2580; x_wconf 81' lang='lat' dir='ltr'><strong>LECTIONES</strong></span> <span class='ocrx_word' id='word_1_793' title='bbox 931 2548 1136 2579; x_wconf 78' lang='lat' dir='ltr'><strong>VARIAN&#39;I‘ES.</strong></span> 
     </span>
    </p>
   </div>
   <div class='ocr_carea' id='block_1_99' title="bbox 146 2607 448 2640">
    <p class='ocr_par' dir='ltr' id='par_1_99' title="bbox 146 2607 448 2640">
     <span class='ocr_line' id='line_1_99' title="bbox 146 2607 448 2640; baseline -0.003 -6"><span class='ocrx_word' id='word_1_794' title='bbox 146 2608 169 2640; x_wconf 86' lang='lat' dir='ltr'>l)</span> <span class='ocrx_word' id='word_1_795' title='bbox 182 2611 218 2634; x_wconf 84' lang='lat' dir='ltr'><strong>De</strong></span> <span class='ocrx_word' id='word_1_796' title='bbox 230 2609 297 2640; x_wconf 81' lang='lat' dir='ltr'><strong>virga</strong></span> <span class='ocrx_word' id='word_1_797' title='bbox 306 2607 367 2633; x_wconf 89' lang='lat' dir='ltr'><strong>add.</strong></span> <span class='ocrx_word' id='word_1_798' title='bbox 377 2608 448 2633; x_wconf 85' lang='lat' dir='ltr'><strong>Pam.</strong></span> 
     </span>
    </p>
   </div>
   <div class='ocr_carea' id='block_1_100' title="bbox 143 2640 409 2665">
    <p class='ocr_par' dir='ltr' id='par_1_100' title="bbox 143 2640 409 2665">
     <span class='ocr_line' id='line_1_100' title="bbox 143 2640 409 2665; baseline -0.008 0"><span class='ocrx_word' id='word_1_799' title='bbox 143 2640 170 2665; x_wconf 67' lang='grc' dir='ltr'><strong>Ξ)</strong></span> <span class='ocrx_word' id='word_1_800' title='bbox 185 2640 260 2665; x_wconf 80' lang='lat' dir='ltr'><strong>Dedit</strong></span> <span class='ocrx_word' id='word_1_801' title='bbox 269 2640 325 2665; x_wconf 70' lang='lat' dir='ltr'><strong>data</strong></span> <span class='ocrx_word' id='word_1_802' title='bbox 338 2641 409 2664; x_wconf 85' lang='lat' dir='ltr'><strong>Pam.</strong></span> 
     </span>
    </p>
   </div>
   <div class='ocr_carea' id='block_1_101' title="bbox 142 2670 431 2696">
    <p class='ocr_par' dir='ltr' id='par_1_101' title="bbox 142 2670 431 2696">
     <span class='ocr_line' id='line_1_101' title="bbox 142 2670 431 2696; baseline -0.003 0"><span class='ocrx_word' id='word_1_803' title='bbox 142 2670 169 2696; x_wconf 80' lang='lat' dir='ltr'><strong>5i</strong></span> <span class='ocrx_word' id='word_1_804' title='bbox 182 2670 347 2696; x_wconf 72' lang='lat' dir='ltr'><strong>Temporibus</strong></span> <span class='ocrx_word' id='word_1_805' title='bbox 358 2670 431 2695; x_wconf 84' lang='lat' dir='ltr'><strong>Seml.</strong></span> 
     </span>
    </p>
   </div>
   <div class='ocr_carea' id='block_1_102' title="bbox 143 2702 435 2734">
    <p class='ocr_par' dir='ltr' id='par_1_102' title="bbox 143 2702 435 2734">
     <span class='ocr_line' id='line_1_102' title="bbox 143 2702 435 2734; baseline -0.01 -6"><span class='ocrx_word' id='word_1_806' title='bbox 143 2702 169 2734; x_wconf 71' lang='grc'><strong>4)</strong></span> <span class='ocrx_word' id='word_1_807' title='bbox 184 2702 341 2734; x_wconf 80' lang='lat' dir='ltr'><strong>Spectatitate</strong></span> <span class='ocrx_word' id='word_1_808' title='bbox 355 2704 435 2727; x_wconf 69' lang='lat' dir='ltr'><strong>Venet.</strong></span> 
     </span>
    </p>
   </div>
   <div class='ocr_carea' id='block_1_103' title="bbox 143 2732 354 2767">
    <p class='ocr_par' dir='ltr' id='par_1_103' title="bbox 143 2732 354 2767">
     <span class='ocr_line' id='line_1_103' title="bbox 143 2732 354 2767; baseline -0.009 -8"><span class='ocrx_word' id='word_1_809' title='bbox 143 2732 171 2767; x_wconf 80' lang='lat'>5)</span> <span class='ocrx_word' id='word_1_810' title='bbox 185 2732 274 2759; x_wconf 76' lang='lat' dir='ltr'><strong>lterita</strong></span> <span class='ocrx_word' id='word_1_811' title='bbox 282 2732 354 2758; x_wconf 76' lang='lat' dir='ltr'><strong>nitar.</strong></span> 
     </span>
    </p>
   </div>
   <div class='ocr_carea' id='block_1_104' title="bbox 130 2610 143 2767">
    <p class='ocr_par' dir='ltr' id='par_1_104' title="bbox 130 2610 143 2767">
     <span class='ocr_line' id='line_1_104' title="bbox 130 2610 143 2767; baseline 0 0"><span class='ocrx_word' id='word_1_812' title='bbox 130 2610 143 2767; x_wconf 74' lang='grc' dir='ltr'><strong>ἱ</strong></span> 
     </span>
    </p>
   </div>
   <div class='ocr_carea' id='block_1_105' title="bbox 982 2607 1189 2637">
    <p class='ocr_par' dir='ltr' id='par_1_105' title="bbox 982 2607 1189 2637">
     <span class='ocr_line' id='line_1_105' title="bbox 982 2607 1189 2637; baseline 0 -6"><span class='ocrx_word' id='word_1_813' title='bbox 982 2608 1018 2637; x_wconf 83' lang='grc'><strong>(6)</strong></span> <span class='ocrx_word' id='word_1_814' title='bbox 1028 2607 1106 2632; x_wconf 85' lang='lat' dir='ltr'><strong>Tuum</strong></span> <span class='ocrx_word' id='word_1_815' title='bbox 1116 2612 1189 2632; x_wconf 76' lang='lat' dir='ltr'><strong>Pratt.</strong></span> 
     </span>
    </p>
   </div>
   <div class='ocr_carea' id='block_1_106' title="bbox 984 2637 1284 2674">
    <p class='ocr_par' dir='ltr' id='par_1_106' title="bbox 984 2637 1284 2674">
     <span class='ocr_line' id='line_1_106' title="bbox 984 2637 1284 2674; baseline 0.01 -12"><span class='ocrx_word' id='word_1_816' title='bbox 984 2637 1020 2674; x_wconf 39' lang='lat' dir='ltr'>(Ti)</span> <span class='ocrx_word' id='word_1_817' title='bbox 1033 2639 1113 2670; x_wconf 84' lang='lat' dir='ltr'><strong>Ipsum</strong></span> <span class='ocrx_word' id='word_1_818' title='bbox 1124 2639 1199 2674; x_wconf 62' lang='lat' dir='ltr'><strong>antiit.</strong></span> <span class='ocrx_word' id='word_1_819' title='bbox 1211 2637 1284 2674; x_wconf 59' lang='lat' dir='ltr'><strong>Obcf.</strong></span> 
     </span>
    </p>
   </div>
   <div class='ocr_carea' id='block_1_107' title="bbox 995 2670 1418 2725">
    <p class='ocr_par' dir='ltr' id='par_1_107' title="bbox 995 2670 1418 2725">
     <span class='ocr_line' id='line_1_107' title="bbox 995 2670 1418 2725; baseline 0.012 -33"><span class='ocrx_word' id='word_1_820' title='bbox 995 2671 1020 2725; x_wconf 50' lang='lat'>3)</span> <span class='ocrx_word' id='word_1_821' title='bbox 1033 2670 1224 2725; x_wconf 45' lang='lat' dir='ltr'><strong>gpggrf&#39;ég&#39;iheu.</strong></span> <span class='ocrx_word' id='word_1_822' title='bbox 1237 2670 1334 2696; x_wconf 81' lang='lat' dir='ltr'><strong>dicendi</strong></span> <span class='ocrx_word' id='word_1_823' title='bbox 1345 2672 1418 2697; x_wconf 79' lang='lat' dir='ltr'><strong>Pam.</strong></span> 
     </span>
    </p>
   </div>
   <div class='ocr_carea' id='block_1_108' title="bbox 983 2672 1386 2764">
    <p class='ocr_par' dir='ltr' id='par_1_108' title="bbox 983 2672 1386 2764">
     <span class='ocr_line' id='line_1_108' title="bbox 995 2672 1386 2706; baseline 0.01 -13"><span class='ocrx_word' id='word_1_824' title='bbox 995 2672 1020 2702; x_wconf 82' lang='lat'>8)</span> <span class='ocrx_word' id='word_1_825' title='bbox 1033 2672 1138 2706; x_wconf 67' lang='lat' dir='ltr'><strong>nocendi</strong></span> <span class='ocrx_word' id='word_1_826' title='bbox 1152 2672 1224 2694; x_wconf 78' lang='lat' dir='ltr'><strong>tmen.</strong></span> <span class='ocrx_word' id='word_1_827' title='bbox 1237 2672 1334 2696; x_wconf 81' lang='lat' dir='ltr'><strong>dicendi</strong></span> <span class='ocrx_word' id='word_1_828' title='bbox 1345 2672 1386 2697; x_wconf 55' lang='lat' dir='ltr'><strong>Pa.</strong></span> 
     </span>
     <span class='ocr_line' id='line_1_109' title="bbox 983 2672 1386 2764; baseline 0.01 -8"><span class='ocrx_word' id='word_1_829' title='bbox 983 2672 1114 2764; x_wconf 47' lang='grc' dir='ltr'><strong>Ξῖδξὸῗὲ</strong></span> <span class='ocrx_word' id='word_1_830' title='bbox 1284 2739 1301 2758; x_wconf 88' lang='lat' dir='ltr'><strong>a</strong></span> <span class='ocrx_word' id='word_1_831' title='bbox 1311 2732 1386 2760; x_wconf 76' lang='lat' dir='ltr'><strong>Rhea.</strong></span> 
     </span>
    </p>
   </div>
   <div class='ocr_carea' id='block_1_109' title="bbox 787 2784 1066 2814">
    <p class='ocr_par' dir='ltr' id='par_1_109' title="bbox 787 2784 1066 2814">
     <span class='ocr_line' id='line_1_110' title="bbox 787 2784 1066 2814; baseline -0.004 0"><span class='ocrx_word' id='word_1_832' title='bbox 787 2784 1066 2814; x_wconf 72' lang='lat' dir='ltr'><strong>COMMENTARIUS.</strong></span> 
     </span>
    </p>
   </div>
   <div class='ocr_carea' id='block_1_110' title="bbox 138 2853 889 2893">
    <p class='ocr_par' dir='ltr' id='par_1_110' title="bbox 138 2853 889 2893">
     <span class='ocr_line' id='line_1_111' title="bbox 138 2853 889 2893; baseline -0.005 -10"><span class='ocrx_word' id='word_1_833' title='bbox 138 2856 179 2893; x_wconf 68' lang='grc' dir='ltr'><strong>(τι)</strong></span> <span class='ocrx_word' id='word_1_834' title='bbox 200 2854 365 2893; x_wconf 64' lang='grc' dir='ltr'><strong>ξνρὺαυίῃψε</strong></span> <span class='ocrx_word' id='word_1_835' title='bbox 378 2855 492 2893; x_wconf 77' lang='lat' dir='ltr'><strong>corporis</strong></span> <span class='ocrx_word' id='word_1_836' title='bbox 506 2859 530 2882; x_wconf 89' lang='lat' dir='ltr'><strong>et</strong></span> <span class='ocrx_word' id='word_1_837' title='bbox 544 2853 676 2893; x_wconf 76' lang='lat' dir='ltr'><strong>sanguinis</strong></span> <span class='ocrx_word' id='word_1_838' title='bbox 689 2853 811 2893; x_wconf 73' lang='lat' dir='ltr'><strong>dotttittict&#39;</strong></span> <span class='ocrx_word' id='word_1_839' title='bbox 824 2853 889 2880; x_wconf 74' lang='lat' dir='ltr'><strong>reri-</strong></span> 
     </span>
    </p>
   </div>
   <div class='ocr_carea' id='block_1_111' title="bbox 99 2890 890 2925">
    <p class='ocr_par' dir='ltr' id='par_1_111' title="bbox 99 2890 890 2925">
     <span class='ocr_line' id='line_1_112' title="bbox 99 2890 890 2925; baseline -0.006 -5"><span class='ocrx_word' id='word_1_840' title='bbox 99 2890 189 2921; x_wconf 79' lang='lat' dir='ltr'><strong>tutem.</strong></span> <span class='ocrx_word' id='word_1_841' title='bbox 205 2891 264 2919; x_wconf 88' lang='lat' dir='ltr'><strong>Lib.</strong></span> <span class='ocrx_word' id='word_1_842' title='bbox 281 2891 382 2918; x_wconf 73' lang='lat' dir='ltr'><strong>scilicet</strong></span> <span class='ocrx_word' id='word_1_843' title='bbox 396 2891 534 2925; x_wconf 85' lang='lat' dir='ltr'><strong>superiore</strong></span> <span class='ocrx_word' id='word_1_844' title='bbox 547 2899 553 2923; x_wconf 88' lang='lat'>;</span> <span class='ocrx_word' id='word_1_845' title='bbox 570 2890 596 2917; x_wconf 83' lang='lat' dir='ltr'><strong>id</strong></span> <span class='ocrx_word' id='word_1_846' title='bbox 609 2894 700 2917; x_wconf 88' lang='lat' dir='ltr'><strong>autem</strong></span> <span class='ocrx_word' id='word_1_847' title='bbox 715 2890 812 2917; x_wconf 83' lang='lat' dir='ltr'><strong>iactum</strong></span> <span class='ocrx_word' id='word_1_848' title='bbox 825 2896 890 2916; x_wconf 84' lang='lat' dir='ltr'><strong>con-</strong></span> 
     </span>
    </p>
   </div>
   <div class='ocr_carea' id='block_1_112' title="bbox 99 2926 891 2962">
    <p class='ocr_par' dir='ltr' id='par_1_112' title="bbox 99 2926 891 2962">
     <span class='ocr_line' id='line_1_113' title="bbox 99 2926 891 2962; baseline -0.004 -6"><span class='ocrx_word' id='word_1_849' title='bbox 99 2935 140 2956; x_wconf 81' lang='lat' dir='ltr'><strong>tra</strong></span> <span class='ocrx_word' id='word_1_850' title='bbox 166 2934 320 2962; x_wconf 81' lang='lat' dir='ltr'><strong>perversam</strong></span> <span class='ocrx_word' id='word_1_851' title='bbox 348 2926 487 2953; x_wconf 82' lang='lat' dir='ltr'><strong>Marcionis</strong></span> <span class='ocrx_word' id='word_1_852' title='bbox 509 2926 662 2962; x_wconf 80' lang='lat' dir='ltr'><strong>opinionem</strong></span> <span class='ocrx_word' id='word_1_853' title='bbox 679 2947 687 2960; x_wconf 92' lang='lat'><strong>,</strong></span> <span class='ocrx_word' id='word_1_854' title='bbox 712 2926 757 2961; x_wconf 89' lang='lat' dir='ltr'><strong>qui</strong></span> <span class='ocrx_word' id='word_1_855' title='bbox 780 2932 891 2954; x_wconf 81' lang='lat' dir='ltr'><strong>carnem</strong></span> 
     </span>
    </p>
   </div>
   <div class='ocr_carea' id='block_1_113' title="bbox 99 2961 656 2998">
    <p class='ocr_par' dir='ltr' id='par_1_113' title="bbox 99 2961 656 2998">
     <span class='ocr_line' id='line_1_114' title="bbox 99 2961 656 2998; baseline -0.011 -5"><span class='ocrx_word' id='word_1_856' title='bbox 99 2961 202 2994; x_wconf 80' lang='lat' dir='ltr'><strong>Christi</strong></span> <span class='ocrx_word' id='word_1_857' title='bbox 218 2962 412 2998; x_wconf 84' lang='lat' dir='ltr'><strong>pltautasticam</strong></span> <span class='ocrx_word' id='word_1_858' title='bbox 426 2961 539 2988; x_wconf 86' lang='lat' dir='ltr'><strong>diccbat.</strong></span> <span class='ocrx_word' id='word_1_859' title='bbox 556 2961 593 2988; x_wconf 68' lang='grc' dir='ltr'><strong>[ιε</strong></span> <span class='ocrx_word' id='word_1_860' title='bbox 608 2961 656 2988; x_wconf 80' lang='grc' dir='ltr'>ιἰι.</span> 
     </span>
    </p>
   </div>
   <div class='ocr_carea' id='block_1_114' title="bbox 368 3008 643 3040">
    <p class='ocr_par' dir='ltr' id='par_1_114' title="bbox 368 3008 643 3040">
     <span class='ocr_line' id='line_1_115' title="bbox 368 3008 643 3040; baseline -0.007 0"><span class='ocrx_word' id='word_1_861' title='bbox 368 3009 587 3040; x_wconf 59' lang='grc' dir='ltr'><strong>ἰἰίιιτιιιιιιῃι</strong></span> <span class='ocrx_word' id='word_1_862' title='bbox 605 3008 643 3039; x_wconf 93' lang='grc'><strong>11.</strong></span> 
     </span>
    </p>
   </div>
   <div class='ocr_carea' id='block_1_115' title="bbox 978 2851 1746 2894">
    <p class='ocr_par' dir='ltr' id='par_1_115' title="bbox 978 2851 1746 2894">
     <span class='ocr_line' id='line_1_116' title="bbox 978 2851 1746 2894; baseline 0.009 -13"><span class='ocrx_word' id='word_1_863' title='bbox 978 2851 1156 2894; x_wconf 72' lang='lat' dir='ltr'><strong>(b)_E:r_/tibcat</strong></span> <span class='ocrx_word' id='word_1_864' title='bbox 1168 2853 1252 2889; x_wconf 80' lang='lat' dir='ltr'><strong>itaque</strong></span> <span class='ocrx_word' id='word_1_865' title='bbox 1268 2853 1384 2894; x_wconf 50' lang='lat' dir='ltr'><strong>{laniati</strong></span> <span class='ocrx_word' id='word_1_866' title='bbox 1400 2855 1446 2894; x_wconf 78' lang='lat' dir='ltr'><strong>Dei</strong></span> <span class='ocrx_word' id='word_1_867' title='bbox 1460 2857 1500 2894; x_wconf 80' lang='lat' dir='ltr'><strong>sui</strong></span> <span class='ocrx_word' id='word_1_868' title='bbox 1514 2858 1589 2886; x_wconf 83' lang='lat' dir='ltr'><strong>dona.</strong></span> <span class='ocrx_word' id='word_1_869' title='bbox 1618 2861 1746 2894; x_wconf 70' lang='grc' dir='ltr'><strong>νςιιίοῑηῑιι</strong></span> 
     </span>
    </p>
   </div>
   <div class='ocr_carea' id='block_1_116' title="bbox 943 2889 1746 2933">
    <p class='ocr_par' dir='ltr' id='par_1_116' title="bbox 943 2889 1746 2933">
     <span class='ocr_line' id='line_1_117' title="bbox 943 2889 1746 2933; baseline 0.012 -17"><span class='ocrx_word' id='word_1_870' title='bbox 943 2897 990 2933; x_wconf 70' lang='lat' dir='ltr'><strong>sua</strong></span> <span class='ocrx_word' id='word_1_871' title='bbox 1006 2889 1124 2933; x_wconf 35' lang='lat' dir='ltr'><strong>.deqlteo</strong></span> <span class='ocrx_word' id='word_1_872' title='bbox 1146 2889 1356 2933; x_wconf 28' lang='lat' dir='ltr'><strong>squprolerat,</strong></span> <span class='ocrx_word' id='word_1_873' title='bbox 1383 2891 1463 2933; x_wconf 77' lang='lat' dir='ltr'><strong>modo</strong></span> <span class='ocrx_word' id='word_1_874' title='bbox 1477 2893 1521 2920; x_wconf 84' lang='lat' dir='ltr'><strong>Dei</strong></span> <span class='ocrx_word' id='word_1_875' title='bbox 1540 2895 1635 2933; x_wconf 82' lang='lat' dir='ltr'><strong>spiritu</strong></span> <span class='ocrx_word' id='word_1_876' title='bbox 1655 2889 1746 2933; x_wconf 53' lang='lat' dir='ltr'><strong>.ip’ii‘ii</strong></span> 
     </span>
    </p>
   </div>
   <div class='ocr_carea' id='block_1_117' title="bbox 945 2924 1730 2964">
    <p class='ocr_par' dir='ltr' id='par_1_117' title="bbox 945 2924 1730 2964">
     <span class='ocr_line' id='line_1_118' title="bbox 945 2924 1730 2964; baseline 0.013 -11"><span class='ocrx_word' id='word_1_877' title='bbox 945 2924 1044 2953; x_wconf 81' lang='lat' dir='ltr'><strong>iuerint</strong></span> <span class='ocrx_word' id='word_1_878' title='bbox 1061 2925 1097 2952; x_wconf 84' lang='lat' dir='ltr'><strong>illi</strong></span> <span class='ocrx_word' id='word_1_879' title='bbox 1110 2924 1263 2961; x_wconf 67' lang='lat' dir='ltr'><strong>prophetat,</strong></span> <span class='ocrx_word' id='word_1_880' title='bbox 1279 2926 1312 2953; x_wconf 87' lang='lat' dir='ltr'><strong>iis</strong></span> <span class='ocrx_word' id='word_1_881' title='bbox 1323 2933 1389 2954; x_wconf 85' lang='lat' dir='ltr'><strong>sane</strong></span> <span class='ocrx_word' id='word_1_882' title='bbox 1402 2924 1604 2964; x_wconf 67' lang='lat' dir='ltr'><strong>obtemperabo.</strong></span> <span class='ocrx_word' id='word_1_883' title='bbox 1623 2933 1658 2960; x_wconf 74' lang='lat' dir='ltr'><strong>Li;</strong></span> <span class='ocrx_word' id='word_1_884' title='bbox 1671 2924 1730 2964; x_wconf 47' lang='lat' dir='ltr'><strong>&quot;liti.</strong></span> 
     </span>
    </p>
   </div>
   <div class='ocr_carea' id='block_1_118' title="bbox 1494 3009 1618 3051">
    <p class='ocr_par' dir='ltr' id='par_1_118' title="bbox 1494 3009 1618 3051">
     <span class='ocr_line' id='line_1_119' title="bbox 1494 3009 1618 3051; baseline -0.008 -11"><span class='ocrx_word' id='word_1_885' title='bbox 1494 3009 1601 3048; x_wconf 62' lang='lat' dir='ltr'><strong>(sim.</strong></span> <span class='ocrx_word' id='word_1_886' title='bbox 1609 3011 1618 3051; x_wconf 91' lang='grc'><strong>)</strong></span> 
     </span>
    </p>
   </div>
  </div>
