4268 6492
761 414 852 468 491

2200 399 2658 457 TEIKTUILIANI

3949 396 4054 451 492

766 524 1169 596 praenuntiat-int
1185 565 1200 588 ,
1224 520 1473 578 etcordis
1494 519 1700 575 occulta
1721 516 2072 574 traduseriut.
2093 515 2230 570 Edat
2249 515 2348 569 ali-
2377 517 2428 576 Λ
2457 514 2674 569 onmino
2693 528 2799 568 non
2821 513 3036 576 cecidit,
3056 513 3197 584 quod
3222 527 3438 584 semper
3458 521 3603 567 retro
3622 513 3793 582 jaeuit
3820 529 3833 576 ;
3873 527 4054 566 rl'Slll'-

764 633 911 687 quem
940 615 1214 685 psalmum.
1242 615 1464 681 aliquam
1496 611 1761 674 visionem,
1789 610 2013 680 aliquam
2049 609 2349 670 orationem,

764 712 1022 764 duntaxat
1046 707 1362 778 spiritalem,
1391 706 1444 759 in
1474 704 1651 759 ecstasi
1672 746 1685 766 ,
1714 703 1766 758 id
1795 712 1875 757 est
1901 702 2155 767 amentia,
2187 701 2231 756 si
2253 717 2354 771 qua

765 803 954 872 (inqua:
990 798 1334 869 interpretatio
1363 797 1612 854 accessit.
1661 795 1856 850 Probet
1891 793 2048 858 mihi,
2077 794 2236 848 etiam
2271 790 2351 861 (1)

770 894 1049 948 mulierem
1081 889 1220 960 apud
1239 904 1296 944 se
1324 887 1693 960 prophetasse,
1738 886 1814 958 (a)
1844 902 1906 941 es
1939 885 2041 939 illis
2067 885 2180 938 suis
2202 897 2357 938 sanc-

773 985 1000 1041 tioribus
1048 983 1315 1047 lmtnrinis,
1366 979 1720 1050 magnidicam
1770 977 1874 1047 (ἱ).
1916 977 1972 1031 Si
2019 976 2132 1031 hare
2177 975 2358 1030 omnia

779 1078 989 1132 facilius
1051 1091 1079 1128 a
1133 1089 1220 1129 me
1269 1073 1649 1142 proteruntur,
1699 1080 1752 1125 et
1805 1069 1984 1138 utique
2049 1074 2358 1137 conspirau-

771 1173 838 1226 Iia
867 1169 1068 1240 regulis
1097 1180 1147 1223 et
1175 1164 1618 1236 dispositionibus
1648 1172 1702 1216 et
1731 1160 2030 1232 disciplinis
2057 1160 2352 1224 Creatoris,

770 1264 891 1318 sine
937 1261 1102 1315 dubio
1137 1258 1230 1314 Dei
1264 1259 1367 1312 mei
1397 1256 1498 1311 erit
1520 1265 1574 1311 et
1601 1252 1846 1310 Christus
1872 1295 1887 1321 ,
1917 1264 1970 1308 et
1996 1252 2265 1323 Spiritus,
2299 1259 2352 1308 et

774 1353 1086 1425 Apostolus.
1133 1350 1308 1406 llabet
1334 1348 1721 1422 prolessionem
1754 1361 1926 1403 meam
1947 1387 1964 1415 ,
1995 1346 2087 1418 qui
2128 1345 2365 1403 voluerit

769 1463 889 1504 eam
918 1445 1153 1516 exigere.

1389 1533 1615 1592 CAPUT
1644 1533 1738 1590 IX.

844 1633 1058 1689 Interim
1081 1628 1419 1685 Marcionites
1445 1627 1576 1682 nihil
1602 1625 1908 1695 hujusmodi
1937 1625 2016 1698 (⁸5)
2035 1623 2080 1695 (l
2103 1623 2222 1679 Cor.
2240 1622 2364 1692 XV)

770 1726 1083 1791 exhibebit,
1149 1722 1240 1794 qui
1291 1721 1444 1777 timet
1495 1720 1609 1788 jam
1656 1720 1736 1790 (4)
1790 1718 2162 1788 pronuntiare,
2211 1719 2366 1784 cujus

771 1821 849 1890 (si)
911 1817 1078 1887 magis
1126 1813 1374 1869 Christus
1441 1811 1676 1866 nondum
1737 1811 1809 1865 sit
1859 1809 2152 1865 revelatus.
2213 1807 2366 1864 Sicut

2454 623 2582 679 gere
2629 618 2811 663 autem
2863 623 2966 662 non
3005 615 3089 661 est
3123 607 3222 659 uisi
3269 605 3387 676 ejus
3431 606 3572 676 quod
3604 605 3815 660 cecidit.
3853 605 4051 659 lterum

2456 699 2597 756 enim
2649 697 2917 768 surgendo
2961 699 3084 768 quia
3128 697 3343 761 cecidit,
3395 712 3680 768 resurgere
3721 696 3945 751 dicitur.
3981 695 4055 748 lle

2457 793 2602 849 enim
2649 792 2855 863 syllaba
2903 792 3174 848 iteratinui
3228 806 3443 860 semper
3483 791 3788 846 adhibetur.
3844 789 4056 846 Cadere

2455 899 2586 955 ergo
2611 883 2839 940 dicimus
2859 898 3060 954 corpus
3101 885 3153 938 in
3180 892 3379 938 terram
3411 899 3508 953 per
3549 895 3800 939 mortem.
3833 883 3978 936 sicut
4007 889 4062 935 et

2459 995 2545 1035 res
2572 980 2684 1050 ipsa
2716 988 2975 1044 testatur,
3021 993 3084 1033 ex
3121 978 3211 1032 Dei
3246 978 3384 1049 lege;
3420 978 3632 1046 corpori
3669 979 3810 1032 enim
3852 976 4059 1030 dictum

2459 1083 2543 1129 est
2573 1072 2726 1146 (Cen.
2759 1071 2846 1138 Ill,
2878 1071 3004 1143 l9):
3033 1071 3197 1127 Terra
3222 1089 3274 1126 es
3299 1082 3344 1125 et
3372 1073 3424 1124 in
3449 1082 3638 1124 terram
3668 1071 3780 1124 ibis.
3815 1069 3892 1123 lla
3917 1068 4060 1138 ipiod

2461 1166 2529 1222 de
2555 1175 2697 1221 terra
2727 1175 2830 1231 est,
2864 1165 2962 1219 ibit
2992 1165 3042 1219 iu
3070 1174 3290 1220 terram.
3317 1162 3430 1218 Hoc
3455 1163 3584 1224 abit,
3616 1162 3756 1232 quod
3783 1164 3832 1216 in
3855 1170 4059 1216 terram

2465 1257 2562 1313 ibit
2591 1257 2694 1328 (7);
2746 1257 2846 1312 hoc
2871 1257 3124 1325 resurgit,
3167 1255 3307 1325 quod
3335 1254 3497 1310 cadit.
3530 1253 3663 1321 Quia
3680 1271 3768 1323 per
3804 1254 4062 1306 hominem

2463 1368 2621 1419 mors,
2648 1360 2694 1406 et
2730 1367 2818 1421 per
2844 1351 3100 1405 hominem
3128 1350 3454 1404 resurrectio.
3502 1349 3598 1403 llic
3620 1348 3752 1402 milii
3773 1358 3826 1402 et
3855 1347 4059 1402 Christi

2463 1457 2662 1514 corpus
2709 1443 3010 1498 ostenditur
3050 1443 3104 1496 in
3155 1442 3373 1496 nomine
3424 1440 3687 1504 hominis,
3719 1441 3808 1509 qui
3849 1449 4066 1494 constat

2465 1551 2530 1591 ex
2571 1551 2832 1606 corpore,
2870 1544 2927 1588 ut
2965 1549 3108 1603 sarpe
3156 1536 3265 1604 jam
3310 1533 3614 1588 docuimus.
3643 1531 3794 1600 Quod
3822 1532 3868 1586 si
3894 1533 3972 1585 sic
4015 1533 4065 1584 in

2466 1629 2669 1685 Christo
2693 1628 3010 1696 viviﬁcamur
3037 1643 3231 1692 oumes,
3251 1627 3380 1680 sicut
3397 1625 3765 1693 mortiﬁcamur
3787 1625 3837 1678 in
3864 1624 4066 1676 Adam:

2465 1724 2679 1794 quando
2739 1722 2820 1792 (8)
2874 1723 2926 1777 in
2999 1721 3168 1775 Adam
3219 1735 3447 1789 corpore
3505 1718 3915 1782 mortilicamur,
3990 1719 4068 1772 sic

2468 1831 2688 1873 necesse
2731 1825 2814 1869 est
2853 1813 2991 1868 etin
3033 1812 3249 1868 Christo
3273 1826 3500 1881 corpore
3547 1811 3904 1865 vivilicemur.
3937 1809 4060 1865 Cae-

772 1930 924 1970 ttteus
966 1908 1331 1982 exchlalldUS
1368 1914 1484 1973 εει,
1532 1905 1622 1976 (ιυί
1649 1919 1676 1958 ³
1718 1904 2013 1975 βτίιιιονάίο
2042 1903 2362 1972 Ρτίιῒάίοειιυὸ
2391 1909 2439 1968 Β
2470 1919 2661 1974 terum,
2695 1907 2987 1964 similitudo
3017 1924 3121 1961 non
3152 1914 3392 1970 CttltSL’ll,
3438 1905 3480 1958 si
3523 1920 3628 1957 non
3651 1905 3700 1957 in
3725 1905 3914 1958 eadem
3944 1904 4069 1958 sub-

768 2016 874 2071 est,
904 2006 1045 2060 illius
1071 2003 1272 2058 idcirco
1311 2016 1414 2055 nou
1442 2012 1556 2065 est,
1593 1999 1715 2069 quia
1752 2014 1856 2052 non
1881 2016 1908 2052 a
1940 1997 2236 2066 primordio
2269 1997 2360 2052 sit.

769 2097 958 2152 Melius
998 2111 1103 2150 non
1151 2091 1422 2148 credimus
1466 2091 1518 2144 in
1563 2089 1837 2144 Christum
1873 2088 2150 2154 futurum,
2198 2103 2359 2158 quam

771 2190 1058 2246 lia‘reticns
1112 2187 1163 2240 in
1206 2185 1430 2240 nullum.
1466 2182 1542 2252 (b)
1578 2181 1900 2235 Mortuorum
1950 2182 2361 2236 resurrectionem

779 2280 1054 2352 quomodo
1093 2277 1301 2348 quidam
1329 2286 1454 2330 tunc
1480 2276 1750 2345 negarint,
1784 2274 1931 2343 prius
1977 2273 2362 2342 dispiciendum

773 2383 876 2428 est.
930 2370 1124 2440 Utique
1170 2367 1360 2423 eodem
1417 2365 1576 2420 modo
1621 2379 1727 2435 quo
1783 2373 1839 2419 et
1887 2380 2046 2420 nunc.
2087 2363 2362 2435 Siquidem

771 2479 988 2534 semper
1005 2460 1325 2517 resurrectio
1339 2458 1519 2514 carnis
1537 2466 1781 2528 negatur.
1809 2455 2102 2525 Caeterum,
2128 2459 2361 2513 animant

771 2566 826 2612 et
853 2554 1172 2624 sapientium
1228 2550 1410 2620 plures
1457 2549 1692 2604 divinam
1738 2548 2107 2615 vindicantes,
2159 2551 2363 2604 salvam

772 2647 1188 2718 repromittunt;
1218 2653 1274 2698 et
1297 2642 1486 2714 vulgus
1516 2642 1689 2712 ipsum
1715 2657 1777 2697 ea
1819 2643 2236 2713 prazsumptionc
2265 2642 2363 2697 de-

776 2742 984 2794 l'unetos
1028 2737 1194 2802 colit,
1222 2749 1324 2804 qua
1375 2734 1583 2788 animas
1629 2749 1816 2788 eorum
1858 2748 2078 2789 iuanere
2115 2733 2362 2788 conlidit.

774 2833 1072 2894 Caeterum,
1100 2843 1324 2896 corpora
1355 2836 1448 2881 aut
1476 2827 1686 2896 ignibus
1715 2826 1918 2890 statim,
1959 2835 2053 2880 aut
2079 2825 2208 2882 feris
2236 2869 2252 2894 ,
2276 2837 2368 2882 aut

774 2927 936 2980 etiam
967 2922 1374 2992 diligentiSsime
1395 2911 1634 2986 condita,
1666 2920 2000 2989 temporibus
2025 2929 2205 2977 tamen
2237 2922 2366 2978 abo-

775 3020 872 3074 leri
913 3015 1252 3071 manifestum
1295 3023 1396 3069 est.
1427 3013 1482 3068 Si
1524 3028 1656 3083 ergo
1694 3014 1871 3068 carnis
1912 3016 2365 3072 resurrectionem

783 3119 1039 3181 negantes
1093 3106 1379 3177 Apostolus
1420 3104 1678 3170 retundit,
1737 3105 1919 3176 utique
1945 3106 2204 3162 adversus
2236 3108 2359 3164 illos

775 3215 974 3269 tuetur,
1003 3201 1145 3273 quod
1185 3201 1262 3256 illi
1308 3201 1573 3272 negabant
1596 3241 1610 3266 ,
1641 3200 1818 3255 carnis
1844 3200 2050 3256 scilicet
2088 3217 2365 3258 resurrec-

2465 2005 2658 2059 stautia
2699 2001 3125 2057 tuortilieatiouis
3163 2000 3215 2053 in
3247 1999 3436 2060 Adam,
3471 1997 3760 2052 vivilicatio
3781 2006 4071 2052 concurrat

2466 2095 2518 2149 in
2549 2092 2783 2148 Christo.
2819 2092 2922 2148 Sed
2952 2091 3267 2160 interposuit
3294 2090 3469 2144 adhuc
3494 2089 3694 2159 aliquid
3723 2090 3789 2144 de
3806 2089 4028 2144 Christo
4049 2129 4064 2155 ,

2464 2197 2519 2242 et
2555 2198 2770 2256 propter
2825 2194 3146 2254 prmsentem
3194 2181 3642 2251 disceptationem
3672 2198 3776 2234 non
3809 2183 4068 2235 omitten-

2465 2280 2615 2336 dum.
2657 2280 2828 2335 Tanto
2885 2279 3060 2348 magis
3118 2278 3264 2334 cuitu
3318 2276 3629 2345 probabitur
3672 2275 3850 2329 carnis
3881 2291 4062 2329 resur-

2468 2375 2657 2440 rectio,
2689 2381 2892 2444 quanto
2945 2371 3222 2427 Christum
3277 2370 3392 2440 cjus
3424 2370 3516 2424 Dei
3561 2369 3851 2424 ostendero
3878 2411 3891 2432 ,
3925 2368 4064 2435 apud

2465 2482 2625 2537 quem
2653 2465 2892 2521 creditur
2923 2464 3102 2520 carnis
3135 2463 3479 2518 resurrectio.
3511 2460 3646 2516 Cum
3685 2461 3813 2516 dicit
3841 2480 3853 2513 :
3892 2461 4066 2529 Opor-

2469 2569 2535 2614 tet
2564 2560 2699 2612 enim
2718 2574 2930 2629 regnare
2977 2573 3091 2610 cum
3113 2598 3127 2618 ,
3182 2557 3340 2609 donec
3389 2565 3542 2623 ponat
3574 2555 3809 2608 inimicos
3831 2555 3946 2623 ejus
3979 2553 4066 2605 sub

2469 2651 2619 2722 pedes
2651 2652 2806 2721 ejus;
2850 2650 2960 2718 jam
3008 2649 3222 2719 quidem
3267 2659 3320 2703 et
3365 2663 3430 2701 ex
3470 2647 3572 2701 hoc
3607 2648 3840 2702 ultorem
3897 2648 4066 2702 Deum

2469 2744 2651 2810 edicit,
2683 2755 2842 2811 atque
2875 2743 3070 2797 exinde
3127 2741 3300 2808 ipsum
3347 2741 3436 2810 qui
3466 2739 3567 2793 hoc
3610 2739 3826 2794 Christo
3885 2755 4068 2808 repro-

2471 2836 2675 2891 tltiscrit
2727 2834 2844 2905 (Ps.
2891 2831 3033 2903 CIX)
3063 2851 3073 2885 :
3110 2831 3244 2886 Sede
3281 2831 3349 2882 ad
3386 2831 3642 2884 dexteram
3696 2848 3886 2895 uti-itm,
3912 2832 4072 2886 donec

2470 2946 2658 3002 ponam
2703 2928 2936 2980 inimicos
2983 2939 3094 2980 tuos
3132 2924 3407 2978 scabellum
3439 2924 3623 2992 pedum
3673 2934 3914 2985 tuorum;
3951 2921 4068 2975 Vir-

2471 3039 2588 3094 gam
2607 3021 2807 3074 virtutis
2834 3029 2934 3072 tua:
2960 3018 3149 3072 emittet
3185 3016 3434 3071 Dominus
3478 3033 3540 3071 ea:
3585 3016 3735 3081 Sion,
3767 3026 3809 3070 ct
3837 3017 4075 3069 domina-

2473 3117 2602 3170 bitur
2652 3111 2731 3183 (9)
2774 3113 2828 3165 in
2889 3111 3054 3164 medio
3101 3109 3420 3162 inimicorum
3482 3118 3724 3170 tuorum;
3785 3117 3975 3170 tecum,
4023 3115 4073 3160 ct

2472 3218 2663 3263 cmtera
2702 3206 2841 3279 (l0).
2891 3203 2995 3260 Sed
3037 3217 3257 3257 necesse
3282 3211 3398 3266 est,
3425 3200 3491 3255 ad
3537 3216 3706 3254 meam
3746 3201 4072 3255 sententiam

777 3300 999 3353 tionem.
1030 3293 1206 3350 [labes
1230 3291 1552 3362 compendio
1575 3306 1917 3362 responsum.
1943 3292 2151 3348 Caetera
2173 3293 2283 3363 jam
2304 3310 2368 3349 ex
2401 3297 2444 3360 C
2481 3300 2746 3370 pertinere
2772 3295 3054 3350 delendam
3083 3308 3174 3346 eas
3198 3294 3522 3361 Seripturas,
3556 3305 3690 3360 quas
3714 3288 3784 3360 (τ)
3810 3301 3867 3345 et
3892 3289 4069 3346 Judaei

775 3387 1089 3446 abundanti.
1144 3385 1275 3439 Nam
1306 3393 1362 3440 et
1400 3385 1572 3454 ipsum
1626 3382 1769 3452 quod
1810 3392 2142 3437 mortuorum
2189 3399 2367 3440 resur-

781 3483 950 3540 rectio
979 3479 1175 3535 dicitur
1194 3519 1209 3544 ,
1256 3476 1420 3544 exigit
1448 3473 1660 3531 delendi
1693 3476 2046 3545 proprietates
2075 3477 2366 3532 vocabulo-

783 3590 922 3631 rum.
977 3571 1244 3627 Mortuum
1302 3567 1383 3639 (6)
1430 3568 1607 3637 itaque
1658 3566 1922 3622 vocabulo
1965 3582 2071 3622 non
2116 3577 2228 3635 est,
2265 3571 2366 3626 nisi

778 3664 920 3738 quod
975 3662 1158 3716 ainisit
1207 3660 1442 3714 animam
1470 3700 1484 3723 ,
1530 3657 1599 3714 de
1642 3658 1797 3728 cujus
1836 3658 2084 3715 facultate
2132 3662 2364 3718 vivebat.

778 3757 988 3827 Corpus
1036 3751 1288 3822 estquod
1326 3750 1524 3804 amittit
1571 3751 1841 3817 animam,
1892 3759 1948 3806 et
1987 3752 2282 3808 amittendo
2309 3754 2370 3810 lit

783 3858 1092 3904 mortuum:
1128 3844 1196 3898 ita
1246 3845 1432 3896 mortui
1478 3841 1797 3896 vocabulum
1846 3843 2061 3912 corpori
2087 3847 2367 3916 competit.

784 3945 973 4005 Porro,
1001 3941 1044 3994 si
1068 3935 1390 3994 resurrectio
1413 3935 1608 3990 mortui
1637 3944 1740 4001 est,
1767 3945 2036 3991 mortuum
2063 3947 2240 3995 autem
2263 3957 2372 3997 non

786 4033 929 4091 aliud
959 4039 1042 4087 est
1069 4044 1227 4102 quam
1255 4043 1484 4100 corpus,
1518 4027 1760 4096 corporis
1783 4027 1887 4082 erit
1917 4031 2260 4087 resurrectio.
2284 4033 2373 4090 Sic

785 4137 840 4184 et
863 4122 1240 4182 resurrectionis
1269 4119 1587 4178 vocabulum
1619 4133 1724 4173 non
1763 4119 1923 4174 aliam
1954 4135 2065 4176 rem
2096 4122 2330 4181 vindicat
2354 4168 2370 4194 ,

786 4236 944 4295 quam
975 4233 1093 4290 qua:
1119 4214 1332 4273 cecidit.
1376 4214 1612 4287 Surgere
1639 4213 1782 4270 enim
1813 4222 1986 4285 potest
2008 4215 2116 4273 dici
2149 4229 2203 4276 et
2232 4223 2374 4291 quod

2473 3393 2628 3448 nobis
2671 3405 2896 3446 avocare
2919 3396 3203 3444 conantur.
3259 3386 3452 3440 Dicunt
3475 3385 3707 3454 denique
3741 3386 3885 3440 hunc
3920 3384 4070 3438 Psal-

2473 3502 2617 3542 mum
2647 3484 2766 3558 (Ps.
2790 3481 2928 3554 CIX)
2987 3483 3038 3536 in
3069 3480 3349 3536 Ezecliiam
3391 3480 3671 3542 cecinisse,
3699 3479 3821 3548 quia
3849 3478 3894 3532 is
3923 3477 4080 3533 sede-

2473 3582 2542 3636 rit
2569 3578 2634 3633 ad
2652 3579 2927 3633 dexteram
2957 3574 3161 3644 templi,
3192 3583 3247 3627 et
3279 3572 3460 3626 hostes
3487 3572 3605 3641 ejus
3642 3571 3900 3625 averterit
3927 3570 4064 3625 Deus

2475 3682 2528 3728 et
2557 3668 2914 3740 absumpserit
2953 3667 3042 3739 (ιν
3075 3667 3201 3736 Reg.
3259 3663 3438 3733 XIX);
3483 3672 3764 3734 pr0pterea
3789 3665 3985 3734 igitur,
4018 3673 4070 3717 et

2475 3773 2594 3819 ante
2621 3762 2887 3832 luciferum
2912 3775 2975 3812 ea:
2997 3769 3138 3812 utero
3163 3757 3400 3828 generari
3431 3766 3496 3820 te,
3543 3755 3593 3809 in
3621 3754 3911 3809 Ezechiam
3936 3770 4069 3808 con-

2479 3858 2682 3921 venire,
2725 3851 2806 3923 (ιι)
2852 3853 2984 3906 etin
3029 3850 3143 3922 (ll)
3184 3847 3428 3904 EZCCIIleB
3475 3846 3824 3901 nativitatem.
3857 3845 3931 3917 (e)
3974 3845 4078 3901 Nos

2478 3949 2685 4007 edimus
2734 3946 3056 4016 Evangelia,
3117 3943 3184 3999 de
3235 3957 3467 4013 quorum
3517 3939 3622 3996 ﬁde
3655 3940 3857 4012 aliquid
3891 3943 4077 4011 utique

2474 4043 2584 4114 jam
2613 4042 2684 4114 (f)
2731 4040 2782 4094 in
2823 4048 2970 4093 tanto
3007 4051 3170 4108 opere
3219 4037 3348 4090 istos
3389 4033 3740 4089 conﬁrmasse
3768 4033 4034 4089 debemus
4063 4074 4079 4099 ,

2480 4147 2743 4192 nocturna
2771 4133 3052 4188 nativitate
3098 4130 3425 4186 declarautia
3455 4128 3760 4192 Dominum,
3795 4138 3853 4184 ut
3877 4128 3980 4184 hoc
4007 4129 4075 4184 sit

2478 4237 2595 4283 ante
2619 4226 2909 4296 luciferum,
2933 4232 2987 4279 et
3011 4237 3076 4278 ex
3101 4221 3255 4278 stella
3281 4219 3446 4290 Magis
3479 4219 3773 4287 intellecta,
3803 4228 3949 4275 etes
3975 4229 4080 4275 tes-

2013 4332 2397 4402 LECTIONES
2437 4339 2848 4403 VARIANTES.

952 4454 1109 4506 Etiam
1129 4452 1245 4501 mihi
1270 4451 1412 4502 Pam.

904 4455 928 4832 ξ

2404 4460 2458 4521 D

2567 4458 2622 4581 ’ἐξ
2639 4456 2901 4580 2).
2916 4455 3092 4568 abit
3114 4452 3338 4505 Ciaccon.

870 4515 923 4588 2)
947 4515 1111 4588 ιιρεηί
1132 4515 1303 4588 discam
1333 4518 1492 4588 ιςεηειο
2404 4515 2445 4521 -
2547 4515 2622 4588 ιβ)
2648 4515 3016 4588 οιιοιιιάιοιρι·

871 4574 924 4653 τε)
943 4574 1205 4653 Ejusmodi
1221 4580 1378 4626 Venet.
2546 4574 2978 4653 (D’Lliii‘miuaheris
3003 4587 3224 4653 r‘rtntLet
3243 4577 3496 4653 dominare
3519 4574 3588 4628 al.

875 4639 1254 4718 illi-“901129.
1272 4705 1312 4718 _.
2547 4639 2653 4718 (tl?)
2680 4644 2934 4718 ὲίιςκθιετξι
2957 4641 3106 4718 01'???-
3133 4639 3283 4692 εειηιο

875 4701 1330 4772 5)ῼμὶυεηειηιαέο
1443 4763 1468 4772 .,
1749 4759 1830 4772 ..
2063 4765 2090 4772 _
2178 4765 2189 4772 .
2547 4701 2560 4772 l

1460 4767 1468 4772 .
1749 4761 1762 4772 .
1818 4759 1830 4772 .
2063 4765 2090 4772 _
2178 4765 2189 4772 ,
2547 4701 2806 4772 (ll)Aute
2829 4707 2937 4757 cod.
2963 4703 3138 4758 Pithw.

874 4759 928 4825 6)
953 4759 1253 4818 mortuorum
1272 4765 1418 4823 Par.;
1440 4763 1606 4825 itaque
1628 4759 1864 4812 vocabulo
1879 4761 2028 4814 omitt.
2053 4765 2206 4816 Semt.

2139 4871 2703 4937 COMMENTARIUS.

865 4990 942 5061 (a)
1100 4987 1206 5042 illis
1249 4986 1352 5061 suis
1395 4982 1730 5061 sanctioribus
1765 4983 2004 5054 (minutis.
2030 4984 2378 5044 Maximillam

801 5055 982 5119 forsan
1031 5057 1262 5114 Montani
1310 5055 1569 5110 asseclam
1617 5063 1798 5118 notat;
1829 5071 2132 5125 quanquam
2167 5074 2270 5112 non
2301 5071 2378 5115 Ie-

800 5150 949 5189 mere
996 5132 1221 5184 dixerim
1270 5127 1354 5181 hic
1393 5126 1752 5194 perstringere
1785 5126 1979 5180 multas
2005 5166 2018 5188 ,
2063 5138 2119 5182 ut
2148 5129 2384 5185 Simonis

799 5205 937 5275 Magi
987 5202 1280 5275 rllclemuu,
1337 5196 1539 5275 Apellis
1587 5196 2384 5275 l’lriluurpeneni,_Carpoeratis

805 5267 1164 5330 Mareellinam
1191 5313 1206 5336 ,
1255 5279 1308 5325 ct
1349 5267 1634 5322 Marcionis
1681 5267 1845 5336 ipsius
1878 5267 2169 5323 ltrminaur
2195 5272 2339 5326 illam
2369 5314 2383 5337 ,

799 5363 958 5418 quam
1003 5345 1226 5399 Romam
1276 5339 1494 5394 miserat
1532 5346 1590 5391 ut
1633 5337 1735 5392 sibi
1781 5339 2380 5418 domum_pr:1-pararet.

1998 5410 2074 5466 LE
2104 5410 2200 5467 Pn.

875 5487 1027 5542 CAP.
1053 5485 1142 5540 IX.
1167 5513 1238 5524 ——
1261 5481 1340 5551 (b)
1363 5480 1412 5534 Μ
1421 5491 1680 5554 ortuorum
1699 5483 2110 5554 resurrectionem
2137 5485 2384 5554 quomodo

805 5559 1011 5626 quidam
1035 5569 1151 5610 tunc
1183 5562 1431 5626 negarint.
1464 5551 1786 5626 Sadduea‘os
1815 5551 2080 5623 intelligit,
2103 5551 2170 5610 de
2195 5558 2387 5625 quibus

805 5621 1052 5700 superius
1092 5621 1297 5700 egimus
1328 5625 1457 5679 satis
1485 5623 1614 5677 l'usc.
1650 5621 1726 5676 Ls
1753 5621 1847 5700 Pa.

878 5695 952 5770 (e)
973 5695 1144 5752 JudtL’i
1161 5697 1300 5770 nobis
1323 5710 1532 5748 avocare
1551 5702 1812 5746 conantur.
1833 5695 2066 5770 liabbiui
2082 5697 2303 5770 scilicet.
2329 5707 2385 5752 ttt

804 5765 957 5832 suam
990 5769 1336 5839 perviiaciant
1357 5775 1626 5824 tueantur.
1647 5783 1677 5839 e_
1705 5765 1949 5839 manibus
1989 5769 2184 5822 nostris
2207 5769 2379 5822 locum

809 5846 956 5897 illum
991 5836 1282 5895 revtrahere
1311 5841 1570 5890 conantur
1596 5876 1608 5894 ,
1643 5836 1983 5890 dominabitur
2009 5855 2061 5890 in
2090 5840 2254 5893 medio
2276 5841 2377 5893 ini-

807 5931 1046 5970 micorum
1075 5923 1292 5978 tuorum,
1323 5908 1648 5978 explicantes
1677 5909 1742 5962 de
1770 5907 2016 5963 Ezechia.
2052 5909 2128 5964 Le
2157 5911 2251 5965 Pu.

2559 4993 2636 5063 (tl)
2668 4992 2729 5047 Et
2775 4995 2826 5046 in
2878 4992 3108 5046 Ezechia:
3150 4991 3493 5063 nativitatem.
3524 4989 3688 5063 Recte
3720 4989 3861 5044 istud
3891 4990 4080 5046 rcl'utat

2487 5060 2747 5120 altrorsus
2779 5064 3067 5125 I'lbioueos,
3105 5065 3231 5116 Itatr.
3259 5064 3347 5123 50,
3373 5063 3432 5116 Β.
3459 5060 3812 5130 Epiphanius,
3851 5064 4079 5131 probans

2487 5152 2551 5189 ex
2581 5136 2866 5205 Srripturis
2911 5135 3193 5189 Ezecltiant
3221 5176 3235 5200 ,
3268 5149 3388 5186 Clllll
3422 5135 3734 5202 praediceret
3765 5132 3932 5205 Isaias
3963 5150 4076 5205 cap.

2488 5207 2598 5260 Vll.
2629 5204 2758 5260 Ecce
2777 5208 2914 5276 virgo
2938 5207 3203 5274 concipiet.
3223 5215 3410 5276 ιιτιιιιιιι
3435 5205 3596 5258 luisse
3625 5219 3712 5255 an.
3744 5205 3829 5258 ll.
3862 5204 4077 5276 B._Jus-

2489 5279 2602 5330 tino
2619 5278 2825 5402 sultieeit
2841 5274 3019 5332 dicere
3035 5277 3176 5347 quod
3197 5275 3454 5330 Ezechias
3469 5289 3535 5330 ex
3565 5276 3770 5346 virgine
3791 5291 3900 5330 non
3927 5274 4078 5330 fuerit

2489 5359 2664 5402 natus.
2757 5366 2848 5402 au.

2489 5359 2664 5403 natus.
2715 5351 2848 5404 l‘au.

2571 5465 2644 5534 (e)
2675 5464 2781 5518 Nos
2795 5466 2988 5519 edimus
3011 5463 3307 5533 Evangelia,
3335 5472 3440 5519 etc.
3470 5462 3562 5516 llic
3592 5471 3922 5530 protestatur
3940 5462 4076 5530 quod

2492 5536 2724 5590 Marcion
2756 5547 2863 5590 tum
2899 5537 3168 5605 Evangelii
3221 5535 3377 5589 Luca:
3405 5535 3499 5588 tria
3533 5537 3702 5599 priora
3737 5535 3937 5600 capita,
3967 5545 4072 5587 tum

2493 5617 2659 5662 totum
2688 5607 2914 5660 Matthaei
2950 5607 3293 5676 Erangeliunt
3347 5605 3641 5675 rejiriebat,
3673 5605 3868 5660 ali‘erre
3895 5607 4076 5657 volens

2488 5694 2550 5732 cx
2572 5678 2667 5731 e.|l
2687 5680 2841 5733 Luce:
2861 5677 2991 5731 etIV
3019 5677 3248 5732 Mattltzei
3271 5677 3594 5740 lestimouia,
3626 5691 3746 5744 qua:
3779 5677 3889 5746 ipsa
3915 5679 4074 5732 etiam

2489 5751 2645 5818 paulo
2672 5751 2814 5819 prius
2846 5751 3044 5817 allegat
3073 5750 3130 5802 li.
3163 5749 3421 5802 Justinus.
3463 5747 3595 5801 Ρη.

2561 5841 2626 5909 (ί)
2654 5842 2717 5893 In
2743 5853 2881 5894 tanto
2907 5857 3058 5909 opere
3099 5841 3218 5894 istos
3249 5841 3574 5910 conﬁrmasse
3598 5838 3848 5894 debemus.
3898 5837 4035 5892 Istos
4059 5879 4073 5906 ,

2485 5914 2736 5968 nimirum
2775 5913 3010 5969 Judasos.
3046 5912 3168 5968 lito.
