4268 6492
203 358 300 414 495

1360 353 1492 410 LIB.
1537 353 1572 406 ν
1619 351 1978 408 ADVERSUS
2016 349 2438 408 MARCIONEM.

3374 347 3480 402 49$

197 476 416 530 litnonio
440 475 636 546 angeli,
677 476 767 544 qui
799 482 956 528 nocte
982 471 1285 543 pastoribus
1315 470 1652 526 annuntiavit
1685 486 1780 523 na-
1811 480 1862 532 Α
1889 469 1955 525 de
1976 470 2114 525 casio
2157 469 2211 524 in
2262 483 2500 526 carnem.
2533 465 2788 523 Salomon
2827 475 3004 524 autem
3057 466 3158 523 etsi
3202 467 3487 524 descendit

195 575 302 622 tum
331 585 452 622 esse
485 584 605 622 cum
634 568 864 621 maxime
893 564 1198 628 Christum;
1225 573 1279 618 et
1305 579 1368 618 cx
1400 563 1518 618 loco
1551 572 1735 633 partus
1766 578 1778 615 :

194 661 241 712 in
265 660 596 713 diversorium
614 659 758 714 enim
775 658 841 711 ad
869 667 1078 712 noctem
1093 657 1426 712 convenitur.
1449 654 1695 710 Fortasse
1711 670 1775 708 an

193 765 242 806 et
273 753 498 821 mystice
546 753 743 806 factum
782 751 850 804 sit
881 760 938 804 ιιι
964 759 1121 804 nocte
1147 748 1396 804 Christus
1427 757 1737 802 nasceretur
1766 789 1781 814 ,

200 845 287 898 lux
334 844 580 899 veritatis
624 841 835 897 futurus
889 842 1202 912 ignorantiae
1257 839 1509 896 tenebris.
1556 838 1661 894 Sed
1690 853 1788 893 nec

192 939 427 1007 generari
456 948 502 992 te
521 937 778 992 edixisset
819 938 978 1001 Deus,
1008 936 1110 991 nisi
1149 935 1260 989 lilio
1301 949 1466 1004 puero
1507 934 1609 1006 (1).
1656 932 1785 987 Nam

192 1029 289 1082 etsi
316 1029 383 1084 de
401 1038 512 1083 toto
535 1029 732 1098 populo
751 1028 825 1082 ait
850 1027 952 1098 (ls.
989 1027 1064 1097 I):
1096 1025 1260 1081 Filios
1279 1025 1539 1096 generari;
1561 1024 1656 1080 sed
1681 1039 1788 1079 non

193 1121 424 1189 adjecit:
462 1120 540 1174 lt‘a:
583 1131 746 1175 utero.
773 1119 884 1174 Cur
914 1129 1094 1175 autem
1148 1118 1343 1189 adjecit
1370 1117 1453 1172 Ea:
1475 1127 1638 1182 utero,
1683 1127 1789 1172 tam

193 1228 349 1274 vane,
384 1213 534 1280 quasi
571 1213 764 1280 aliquis
793 1212 1070 1266 hominum
1120 1227 1184 1266 ex
1220 1218 1371 1264 utero
1399 1220 1555 1265 natus
1579 1208 1792 1264 dubita-

193 1313 362 1368 retur,
389 1305 488 1357 nisi
506 1304 628 1373 qttia
655 1305 920 1360 curiosius
946 1303 1116 1359 voluit
1137 1301 1361 1372 intelligi
1397 1303 1450 1355 in
1480 1298 1752 1356 Christum
1775 1318 1788 1354 :

197 1395 289 1448 lia:
316 1408 456 1449 utero
487 1397 721 1463 generari
741 1407 809 1464 te,
856 1395 904 1451 id
946 1403 1049 1461 est,
1094 1409 1163 1449 ex
1197 1395 1314 1449 solo
1350 1403 1523 1454 utero.
1547 1393 1662 1449 sine
1697 1393 1792 1448 viri

193 1491 424 1552 semine,
459 1492 537 1559 (a)
567 1491 715 1544 carni
743 1490 1006 1559 deputans
1055 1505 1120 1542 ex
1150 1499 1301 1543 utero
1341 1486 1606 1556 spiritus?
1643 1485 1795 1554 Quod

194 1592 246 1634 ut
275 1583 326 1636 in
373 1581 452 1653 (2)
478 1584 593 1652 ipso
636 1582 724 1636 hic
766 1580 1008 1636 accedit:
1060 1579 1138 1634 Tu
1170 1597 1221 1635 es
1258 1580 1493 1634 sacerdos
1529 1579 1584 1631 in
1611 1593 1794 1632 rerum.

196 1673 305 1727 Nec
357 1673 614 1728 sacerdos
662 1683 840 1727 autem
908 1671 1183 1737 Ezechias,
1238 1687 1337 1726 nec
1385 1672 1434 1723 in
1477 1685 1672 1734 terum,
1699 1670 1797 1724 etsi

195 1768 403 1820 fuisset.
433 1765 728 1820 Secundum
753 1765 1001 1828 ordinem,
1031 1765 1222 1834 inquit,
1248 1761 1637 1816 Melchisedech.
1661 1763 1796 1828 Quid

1887 563 2154 628 alicunde,
2186 579 2291 619 non
2326 573 2501 618 tamen
2524 563 2662 618 sicut
2692 563 2864 618 imber
2887 605 2902 630 ,
2935 563 3058 634 quia
3086 578 3192 618 non
3221 563 3288 618 de
3318 565 3478 620 cwlo.

1888 656 1992 712 Sed
2061 657 2391 727 simpliciora
2445 670 2671 726 qtta'que
2721 669 3037 726 preponatn.
3082 654 3480 722 Dominabitur,

1890 749 2084 820 inquit,
2113 766 2143 802 a
2169 750 2298 803 mari
2316 748 2384 802 ad
2411 765 2570 814 mare,
2605 759 2652 804 et
2680 766 2710 803 a
2728 749 2938 818 flumine
2959 765 3115 820 usque
3139 750 3212 803 ad
3243 751 3486 806 terminos

1891 852 2056 897 terrai.
2088 841 2202 898 Hoc
2225 841 2326 897 soli
2352 841 2532 897 datum
2553 849 2637 897 est
2657 841 2888 896 Christo.
2915 841 3202 910 Caeterum,
3227 842 3484 899 Salomon

1891 935 1980 989 uni
2024 944 2080 990 et
2123 933 2349 989 modicae
2395 932 2597 989 Iudaea:
2642 934 2946 1004 imperavit.
2999 934 3297 989 Adorabunt
3335 935 3485 990 illum

1893 1042 2067 1081 omnes
2091 1042 2269 1098 reges;
2295 1041 2455 1097 quem
2471 1040 2679 1088 omnes,
2714 1026 2813 1082 nisi
2838 1025 3146 1083 Christum?
3179 1028 3243 1081 Et
3268 1029 3486 1083 servient

1894 1120 1940 1173 ei
1960 1135 2132 1174 omnes
2154 1122 2420 1183 nationes;
2444 1120 2529 1174 cui
2555 1134 2762 1182 omnes,
2790 1120 2891 1174 nisi
2918 1120 3170 1177 Christo?
3194 1121 3276 1177 Sit
3304 1139 3488 1178 nomen

1896 1212 2005 1279 eius
2036 1213 2087 1265 in
2112 1227 2314 1277 rerum;
2341 1211 2493 1282 cujus
2518 1227 2712 1266 nomen
2745 1211 2797 1266 in
2820 1220 3103 1279 internum,
3124 1213 3224 1268 nisi
3253 1212 3492 1269 Christi?

1897 1303 2030 1359 Ante
2083 1303 2238 1358 solem
2291 1304 2514 1358 manebit
2561 1319 2743 1358 nomen
2787 1304 2931 1373 ejus,
2980 1313 3102 1358 ante
3154 1305 3323 1360 solem
3345 1306 3490 1362 enim

1897 1397 2088 1453 Sermo
2118 1398 2232 1464 Dei,
2285 1397 2336 1453 id
2375 1407 2458 1454 est
2495 1397 2762 1454 Christus.
2799 1397 2866 1451 Et
2916 1399 3273 1453 benedicentur
3317 1402 3369 1454 in
3397 1401 3490 1456 illo

1899 1492 2149 1546 universa:
2203 1500 2412 1561 gentes;
2472 1490 2525 1545 in
2584 1489 2875 1546 Salomone
2920 1491 3061 1546 nulla
3138 1493 3281 1546 natio
3333 1493 3494 1549 bene-

1900 1583 2116 1646 dicitur,
2152 1584 2203 1637 itt
2226 1583 2440 1638 Christo
2459 1597 2587 1638 vero
2603 1583 2800 1637 munis.
2830 1583 2968 1648 Quid
2997 1598 3142 1638 nunc
3167 1584 3212 1637 si
3241 1594 3296 1638 et
3330 1585 3494 1639 Deutn

1901 1691 2026 1731 cum
2075 1673 2156 1748 (5)
2196 1677 2438 1731 Psalmus
2478 1675 2581 1731 iste
2610 1675 2979 1731 demonstrat?
3022 1674 3089 1728 Et
3133 1677 3330 1730 beatum
3378 1694 3496 1732 eum

1905 1771 2107 1834 dicent;
2151 1771 2400 1840 quoniam
2448 1770 2739 1825 benedictus
2787 1771 3035 1826 Dominus
3084 1771 3221 1827 Deus
3251 1771 3502 1838 Israelis,

196 1860 460 1914 Ezechias
486 1900 499 1922 ,
536 1859 600 1913 ad
631 1857 1021 1914 Melchisedech
1047 1857 1303 1912 AltiSsitni
1334 1855 1695 1920 sacerdotem,
1733 1866 1788 1910 et
1815 1867 1863 1926 Β
1891 1863 1977 1931 qui
2007 1863 2129 1930 facit
2156 1862 2412 1916 mirabilia
2440 1862 2597 1915 solus.
2618 1860 2946 1917 Benedictum
2966 1879 3147 1916 nomen
3163 1863 3342 1933 gloria:
3362 1867 3496 1936 ejus,

193 1955 410 2021 quiderm
440 1969 543 2007 non
571 1953 975 2018 circumcisum,
1003 1953 1091 2021 qui
1122 1951 1392 2005 Abraham
1418 1948 1794 2003 circumcisum

188 2047 296 2112 jam
347 2055 560 2114 accepta
594 2044 920 2098 decimarum
965 2043 1233 2098 oblatione
1297 2036 1605 2095 benedixit?
1645 2043 1713 2096 At
1743 2045 1796 2095 itt

192 2140 466 2192 Christum
505 2136 788 2192 conveniet
815 2135 948 2190 ordo
975 2133 1383 2198 Melchisedech,
1413 2137 1664 2204 quoniam
1683 2134 1798 2202 qui-

193 2230 314 2283 dem
377 2229 618 2284 Christus
670 2229 916 2297 proprius
965 2236 1019 2280 et
1065 2227 1333 2297 legitimus
1385 2227 1475 2283 Dei
1525 2229 1790 2290 antistes,

194 2323 498 2392 ιιι-ειοιιιιιίιιιί
554 2322 840 2378 sacerdotii
894 2321 1175 2390 pontifex,
1236 2330 1344 2374 tum
1391 2324 1440 2375 itt
1493 2322 1798 2376 nationibtts

193 2421 551 2485 eonstituttts,
617 2433 646 2470 a
698 2415 893 2485 quibus
941 2416 1108 2484 magis
1149 2416 1343 2484 Sttspici
1395 2415 1667 2480 habebat,
1720 2413 1799 2486 ('5)

196 2513 536 2581 cognituram
564 2525 621 2564 sc
637 2508 959 2579 quandoque
977 2507 1462 2568 circumcisioucm.
1494 2517 1549 2561 et
1569 2507 1798 2561 Abraha:

196 2619 440 2678 gentem,
483 2621 604 2660 eum
654 2603 844 2658 ultimo
881 2602 1130 2667 venerit,
1163 2603 1532 2670 acceptatiuue
1559 2613 1612 2656 et
1641 2602 1801 2656 bette-

197 2703 439 2756 tlictiouc
469 2699 795 2769 dignabitur.
830 2697 924 2752 Est
955 2707 1009 2750 et
1033 2695 1171 2750 alius
1197 2696 1443 2751 Psaltnus
1465 2694 1581 2765 (Ps.
1614 2694 1804 2760 LXXI)

201 2795 271 2849 ita
307 2793 571 2862 incipiens
600 2809 613 2845 :
667 2790 804 2844 Deus
847 2787 1105 2859 judicium
1139 2799 1281 2842 tuttm
1320 2789 1426 2859 regi
1456 2789 1557 2848 da.
1594 2787 1643 2842 id
1672 2797 1754 2843 cst
1783 2831 1798 2852 ,

198 2887 422 2942 Christo
453 2893 768 2953 regnatum:
793 2880 859 2933 Et
877 2880 1131 2950 justitiam
1161 2889 1299 2932 luant
1323 2879 1431 2946 ﬁlio
1460 2879 1612 2948 regis,
1633 2877 1802 2944 idest,

203 2980 405 3050 ll‘llllllO
430 2977 650 3032 Christi.
672 2974 948 3030 Filiieuitu
975 2974 1090 3043 ejus
1117 2982 1262 3040 sunt,
1288 2971 1377 3043 qui
1400 2973 1452 3026 in
1475 2971 1588 3042 ipso
1617 2986 1804 3027 renas-

202 3083 424 3126 euntttr.
471 3070 577 3126 Sed
627 3068 706 3141 (4)
754 3078 806 3123 et
850 3067 937 3123 hic
996 3067 1241 3122 [’saltnus
1287 3065 1560 3122 Salomoni
1613 3081 1808 3122 canere

203 3166 455 3229 dicetur;
483 3180 604 3235 qua:
647 3174 822 3218 tamen
852 3162 949 3216 soli
982 3169 1292 3232 competunt
1325 3160 1576 3228 Christo,
1609 3159 1805 3216 docere

1901 1965 1948 2007 et
1963 1954 2239 2023 replebitur
2257 1954 2489 2008 universa
2507 1961 2639 2006 terra
2655 1953 2818 2024 gloria
2831 1955 2963 2022 ejus.
2986 1952 3206 2017 Contra,
3223 1952 3474 2008 Salomon
3486 1997 3499 2017 ,

1901 2045 2073 2101 audeo
2127 2044 2340 2110 dicere,
2383 2045 2547 2099 etiam
2597 2060 2757 2114 quam
2812 2044 2994 2098 habuit
3037 2045 3089 2098 itt
3123 2045 3234 2100 Deo
3271 2047 3498 2116 gloriam

1901 2139 2101 2204 amisit,
2131 2154 2226 2209 per
2241 2130 2517 2193 mulierem
2541 2138 2593 2192 in
2613 2136 2965 2193 idololatriam
2981 2153 3150 2206 usque
3172 2149 3492 2209 pertractus.

1904 2230 2089 2302 Itaque
2136 2246 2257 2286 cum
2309 2233 2362 2285 in
2411 2229 2588 2285 medio
2629 2231 2838 2300 psalmo
2866 2229 2992 2285 illttd
3022 2247 3233 2302 quoque
3266 2234 3496 2302 positum

1905 2323 2004 2376 sit:
2040 2321 2246 2376 Inimici
2276 2324 2391 2393 ejus
2411 2321 2667 2394 puluerem
2694 2323 2906 2393 lingent,
2934 2323 3162 2392 subjecti
3195 2326 3379 2396 utique
3405 2341 3501 2395 pe-

1903 2415 2060 2470 dibus
2088 2415 2276 2485 ipsius,
2314 2414 2380 2468 ad
2414 2415 2542 2468 illud
2571 2414 2878 2483 pertinebit,
2910 2425 3131 2485 propter
3170 2416 3311 2484 quod
3353 2417 3492 2473 hunc

1904 2512 2168 2580 psalmum
2198 2519 2253 2565 et
2273 2509 2445 2572 intuli,
2471 2517 2521 2563 et
2547 2508 2612 2562 ad
2636 2523 2809 2563 meam
2833 2508 3155 2563 sententiam
3183 2509 3418 2575 defendi,
3446 2521 3505 2565 ut

1904 2600 2333 2658 confirmaverint
2365 2609 2421 2654 et
2448 2600 2600 2670 regni
2633 2599 2887 2671 gloriam,
2916 2609 2971 2655 et
2999 2600 3341 2656 inimicorum
3365 2604 3494 2657 sub-

1903 2695 2220 2765 jeCtionem,
2245 2691 2541 2748 secundum
2565 2690 2971 2762 dispositionem
2991 2691 3284 2759 Creatoris,
3307 2711 3498 2752 conse-

1909 2799 2129 2842 cuturus
2146 2784 2244 2858 (6),
2271 2800 2376 2840 non
2397 2784 2561 2839 alium
2583 2784 2933 2851 credendum,
2957 2799 3117 2856 quam
3143 2787 3435 2844 Creatoris.

2578 2873 2807 2932 CAPUT
2846 2876 2915 2932 X.

1982 2971 2337 3026 Reverutmur
2378 2984 2518 3024 nunc
2555 2967 2621 3024 ad
2651 2971 3122 3038 resurrectionem,
3163 2975 3248 3030 cui
3288 2984 3342 3032 et
3381 2977 3514 3034 alias

1911 3063 2127 3134 quidem
2168 3061 2384 3132 proprio
2425 3060 2696 3115 volumine
2739 3059 2815 3133 (b)
2861 3063 3219 3122 satisfecimus
3264 3069 3514 3126 omnibus

1915 3155 2181 3211 ltzeretieis
2207 3153 2555 3217 resistentes;
2598 3153 2694 3208 sed
2737 3169 2835 3209 nec
2867 3153 2952 3211 hic
2995 3157 3252 3214 desumus
3297 3171 3516 3231 propter

170 3334 172 3336 ν
205 3276 315 3314 non
351 3267 640 3326 potuerunt
670 3257 828 3312 etiam
877 3266 1069 3310 caetera
1101 3271 1204 3310 non
1231 3255 1296 3309 ad
1319 3254 1684 3318 Salomonetn,
1716 3256 1809 3311 sed
1839 3259 1883 3322 C
1917 3261 2010 3313 cos
2040 3247 2126 3316 qui
2161 3244 2284 3299 illud
2315 3244 2630 3314 opusculum
2675 3245 2940 3314 ignorant.
2977 3248 3116 3315 Quid
3136 3292 3150 3314 ,
3179 3251 3289 3316 ait,
3320 3254 3511 3322 facient

205 3354 272 3406 ad
317 3353 592 3406 Christum
644 3351 948 3418 pertinere?
983 3347 1292 3414 Descendit,
1325 3348 1530 3419 inquit.
1561 3358 1803 3418 tanquam

207 3444 368 3496 imber
392 3457 546 3509 super
570 3441 750 3503 uellus,
778 3451 823 3494 et
846 3440 979 3493 velut
995 3440 1148 3495 stilla
1163 3439 1477 3495 destillantes
1503 3440 1557 3494 in
1602 3448 1808 3493 terram.

207 3532 486 3590 Placidum
510 3531 827 3587 descensum
859 3531 975 3602 ejus
1010 3540 1066 3587 et
1109 3530 1474 3589 insensibiletn
1504 3531 1815 3587 describens

1920 3338 1998 3410 (c)
2026 3345 2114 3407 qut
2144 3352 2235 3408 pro
2266 3335 2476 3390 mortuis
2520 3335 2861 3405 baptizantur,
2891 3338 2935 3392 si
2965 3341 3150 3395 mortui
3190 3360 3290 3397 non
3339 3361 3508 3400 resur-

1914 3440 2037 3506 gunt
2063 3429 2108 3502 (l
2135 3429 2280 3497 Cor.,
2300 3427 2420 3501 XV)
2441 3428 2463 3480 ?
2486 3426 2566 3500 (ά)
2597 3427 2803 3485 Viderit
2828 3431 3088 3487 institutio
3113 3439 3234 3490 ista.
3260 3436 3513 3494 Kalends:

1916 3525 1961 3581 si
1995 3521 2132 3577 forte
2160 3518 2466 3576 Februariae
2492 3519 2894 3591 reSpondebunt
2915 3521 3013 3590 illi,
3044 3525 3115 3595 (ε)
3166 3541 3264 3597 pro
3291 3529 3516 3586 mortuis

1466 3641 1851 3703 LECTIONES
1890 3632 2306 3696 VARIANTES.

299 3833 355 3956 ξ(
770 3827 877 3877 Huc
896 3826 1038 3879 Ober.

381 3893 446 3943 Ει
462 3891 582 3943 add.

309 3771 321 3817 1
338 3767 354 3827 )
374 3774 504 3816 Vero
525 3766 685 3838 Ciacc.
721 3762 859 3829 prob.
884 3766 1006 3814 Jun.

275 3770 1006 3958 laeseram”

301 3897 331 3942 3

2022 3748 2074 3801 οι)
2096 3749 2180 3800 Sic
2202 3747 2350 3798 inser.
2380 3747 2481 3796 Lat.
2533 3743 2666 3797 Seml
2708 3745 2903 3800 Obertlt.

2022 3752 2054 3801 «t
2096 3749 2180 3800 Sic
2202 3748 2350 3798 inser.
2380 3748 2481 3796 Lat.
2533 3748 2666 3797 Semt
2708 3748 2756 3798 Ol

2000 3748 2075 3940 is;
2101 3812 2263 3863 Meum
2290 3807 2435 3858 alien.
2454 3819 2565 3857 cum
2589 3810 2756 3860 Venet.

2000 3878 2050 3940 (ti
2097 3874 2480 3927 Consecuturutn
2503 3872 2643 3922 Pam.

1997 3872 2072 3941 (ὕ)
2097 3874 2480 3927 Consecuturutn
2503 3872 2643 3922 Pam.

1589 3979 2151 4049 COMMENTARIUS.
3151 4023 3161 4032 .

289 4095 370 4168 (ε)
390 4093 570 4168 Carnis
598 4093 848 4168 deputans
868 4106 932 4168 ea:
946 4101 1087 4146 utero
1100 4089 1330 4168 spiritus.
1350 4086 1579 4168 Spiritus
1589 4085 1818 4168 sanctus

226 4168 277 4220 in
297 4156 378 4220 ‘co
424 4165 632 4235 psalmo
663 4156 838 4235 'verba
881 4161 997 4217 haec
1026 4179 1041 4216 :
1090 4159 1174 4215 Ea:
1214 4156 1407 4227 ιιιενο,⁷
1431 4158 1580 4216 carni
1610 4156 1814 4230 signifi-

226 4233 736 4294 canda—deputavit.
771 4233 886 4289 ille.

290 4307 451 4362 CAP.
487 4298 555 4361 Χ.
588 4336 658 4346 -
707 4303 787 4375 (b)
830 4303 1046 4370 Propria
1095 4303 1368 4358 uolumine.
1427 4301 1526 4358 Est
1569 4301 1705 4356 liber
1762 4298 1826 4352 de

220 4378 618 4435 liesnrrectione
643 4377 831 4430 carnis.
865 4375 1032 4430 SEIL.

295 4451 372 4517 (c)
418 4449 520 4514 Qui
546 4465 637 4518 pro
667 4447 874 4500 mortuis
896 4447 1230 4518 baptizantur.
1252 4444 1377 4500 Scio
1408 4443 1668 4518 quasdam
1713 4455 1820 4518 non

225 4513 312 4576 de
342 4513 609 4589 baptismo
652 4518 878 4573 viventis
921 4513 1016 4585 pro
1048 4527 1260 4589 mortuo
1301 4513 1570 4586 explicare
1591 4555 1604 4581 ,
1634 4513 1726 4568 sed
1758 4513 1824 4589 de

223 4586 570 4646 absolutione
606 4589 848 4658 corporis
893 4598 1109 4659 propter
1128 4587 1316 4643 sordes
1347 4603 1479 4659 quas
1499 4586 1825 4642 contraxerit

224 4683 288 4720 ex
335 4672 583 4717 Contactu
645 4661 858 4714 mortui.
919 4658 1002 4714 Le
1041 4659 1135 4714 Pa.

300 4735 382 4804 (tl)
419 4732 608 4786 Viderit
632 4731 878 4786 institutio
905 4731 1017 4784 ista.
1053 4729 1100 4784 Κ
1105 4733 1301 4788 alenda:
1320 4730 1363 4784 si
1399 4732 1533 4855 {orte
1559 4725 1826 4797 febr-uaria:

300 4804 606 4855 mandabant
627 4804 724 4855 illi.
757 4819 848 4855 nro
885 4803 1092 4855 mortuis
1130 4811 1366 4855 natarent.
1417 4800 1524 4855 lzec
1568 4799 1824 4855 scriptura

225 4799 606 4877 respondebunt
627 4804 848 4877 illi,__pro
879 4803 1092 4877 mortuis
1130 4811 1380 4877 peterent._
1399 4799 1556 4877 li:ec_
1568 4799 1824 4877 scriptura

228 4869 323 4930 est
353 4875 677 4944 cxcmplaris
719 4869 930 4930 Ursini.°
955 4873 1102 4929 Nunc
1130 4869 1260 4930 vero
1313 4872 1469 4929 talem
1514 4869 1825 4944 Tertulliani

231 4950 404 5005 falsae
470 4942 573 4999 non
631 4945 898 5000 existimo.
942 4944 1074 4998 Nam
1134 4943 1478 5013 interroganti
1530 4942 1824 5013 Apostolo:

234 5019 379 5086 Quid
397 5018 583 5086 facient
606 5017 691 5087 qui
722 5033 811 5085 pro
846 5017 1055 5070 mortuis
1080 5011 1414 5087 baptisantur,
1446 5011 1705 5087 si_tnortt_ti
1730 5026 1830 5087 non

231 5082 555 5157 resurgunt?
586 5082 824 5142 Absurde
869 5082 1180 5155 responsum
1223 5086 1428 5147 fuisset,
1467 5082 1717 5157 Kalendas
1761 5085 1830 5150 fe~

234 5156 462 5214 bruaria:
491 5176 580 5230 pro
615 5159 827 5212 mortuis
867 5167 1108 5228 peterent.
1161 5158 1368 5213 Etenim
1397 5156 1523 5230 nihil
1553 5162 1832 5230 propterea

231 5224 517 5298 juraretur
548 5231 804 5283 institutio
827 5224 930 5292 illa,
952 5243 1110 5298 quam
1127 5245 1242 5284 aevo
1268 5227 1643 5299 Apostolorum
1671 5224 1836 5278 fuisse

237 5302 380 5370 apud
409 5300 670 5369 quosdam
693 5300 981 5368 Septimius
1009 5300 1253 5363 credidit,
1279 5299 1536 5370 baptizari
1568 5311 1662 5366 pro
1693 5309 1837 5370 mor-

240 5368 369 5430 tuis.
431 5368 636 5440 Nempe
691 5371 792 5424 hoc
844 5371 1260 5439 interrogatione
1300 5368 1537 5439 Apostoli
1604 5368 1835 5436 ponitur,

242 5456 613 5498 mot'tuosuou
648 5456 943 5512 resurgere.
976 5442 1156 5512 Itaque
1195 5442 1410 5512 dicenti,
1453 5447 1693 5512 mortuos
1734 5453 1838 5512 non

241 5529 530 5588 tos-urgere
551 5555 564 5576 ,
591 5513 708 5581 quis
749 5507 889 5588 adeo
923 5507 1116 5588 stolide
1147 5511 1539 5588 respondisset,
1570 5507 1837 5588 timendas

245 5578 546 5641 lulirttarias
572 5578 666 5653 pro
701 5583 923 5637 mortuis
963 5586 1214 5650 petituras
1237 5578 1261 5637 ἲ
1283 5585 1385 5638 Pro
1411 5578 1837 5653 mortuisvideli-

244 5668 329 5708 cut
361 5673 468 5710 non
497 5650 897 5724 resurgetttibns
919 5664 1024 5708 tam
1046 5654 1272 5709 absurda
1303 5663 1356 5709 et
1389 5651 1591 5707 inutilia
1621 5650 1845 5704 fuissent

250 5731 473 5789 februa,
511 5741 669 5794 quam
737 5725 1054 5794 Baptismus.
1108 5724 1388 5780 Videamus
1435 5739 1564 5793 ergo
1604 5736 1846 5794 quaenam

252 5803 410 5854 tuerit
458 5791 611 5852 mens
638 5791 900 5864 Septimii.
958 5797 1160 5849 l’rol'ert
1204 5796 1439 5867 Apostoli
1477 5791 1635 5848 verba
1667 5813 1679 5846 :
1717 5791 1850 5858 Quid

254 5873 444 5946 facient
473 5870 559 5940 qui
586 5883 678 5940 pro
710 5868 921 5924 mortuis
951 5868 1290 5942 baptizantur,
1336 5869 1379 5926 si
1425 5868 1604 5922 mortui
1640 5882 1737 5921 tton
1773 5879 1848 5920 res

1928 4073 2184 4145 surgunt?
2208 4071 2411 4145 Quibus
2437 4067 2614 4125 verbis
2642 4071 2926 4142 significari
2964 4081 3112 4144 putat
3141 4075 3302 4136 fuisse
3340 4088 3465 4139 tune
3493 4103 3525 4143 a

1927 4142 2246 4218 quibusdam
2284 4142 2615 4218 institutum,
2634 4152 2702 4218 _ut
2731 4158 2830 4218 pro
2856 4142 3079 4200 mortuis
3104 4142 3522 4218 baptizarentur.

1929 4212 2159 4292 Deittde_
2160 4215 2236 4270 ait
2258 4231 2272 4270 :
2314 4212 2505 4292 Viderit
2526 4212 2899 4292 institutiojsta
2922 4233 2988 4270 an
3015 4212 3212 4292 ratione
3234 4223 3406 4292 aliqua
3448 4228 3528 4281 ni.

1928 4299 2085 4345 tatur.
2119 4287 2186 4343 Et
2212 4286 2388 4341 statim
2414 4293 2690 4354 comparat
2720 4284 2796 4340 illi
2827 4302 3029 4343 morem
3066 4284 3374 4347 ethnicmn:
3405 4296 3527 4351 Κα-

1931 4360 2137 4422 lentiae,
2186 4356 2387 4434 inquit,
2428 4355 2709 4434 februaria:
2763 4359 3089 4426 respondent
3127 4369 3182 4416 et
3225 4373 3524 4434 comparari

1929 4425 2280 4506 possunt__iili,
2308 4442 2421 4506 pro
2448 4425 2671 4506 mortuis
2715 4425 2917 4506 petere,
2963 4441 3030 4506 τῷ
3059 4437 3246 4506 saxeam
3289 4425 3406 4506 ὑπ’ὲρ
3433 4457 3524 4494 τῶν

1929 4496 2110 4578 ἶνέκρ-ων,
2140 4500 2215 4556 illi
2244 4499 2450 4553 scilicet
2475 4496 2598 4552 rittti
2624 4496 2744 4578 sive
2769 4496 3322 4578 institutiotti,'nempe
3351 4496 3525 4578 hami-

1929 4569 2059 4640 τηε-ί,
2107 4588 2200 4628 seu
2246 4578 2430 4640 petere
2473 4583 2570 4638 pro
2612 4570 2854 4624 mortuis.
2898 4569 3030 4626 Nam
3073 4584 3128 4627 et
3162 4569 3345 4632 februa
3385 4569 3526 4635 cele-

1931 4639 2163 4718 brautnr
2200 4639 2297 4718 pro
2333 4639 2472 4696 caris
2520 4649 2870 4718 cognatorum
2917 4645 3164 4718 mortuis,
3201 4655 3362 4718 atque
3399 4649 3524 4708 hinc

1927 4732 2137 4839 "quieta
2154 4713 2375 4839 militum
2415 4714 2587 4767 mensi
2617 4710 2902 4779 februario,
2928 4721 2984 4768 et
3013 4710 3520 4777 Kalendis'februao

1930 4806 1971 4839 τι
1997 4804 2042 4839 s.
2143 4802 2210 4839 vn
2235 4799 2314 4839 IIIS
2334 4824 2347 4839 .

1930 4789 2042 4845 riis.
2094 4787 2314 4842 Ovidius
2334 4824 2347 4846 ,

2087 4878 2210 4929 Vota
2231 4876 2330 4926 deo
2353 4873 2454 4926 Diti
2474 4873 2671 4925 Februa
2693 4874 2879 4924 mensis
2904 4873 3072 4926 habet.

1930 4944 2142 5054 milia
2163 5013 2394 5054 superum
2417 4995 2577 5047 cultus
2597 4997 2756 5046 vicino
2778 4996 2974 5047 Februa
2996 5011 3170 5051 mense

2092 5073 2180 5116 nat
2203 5058 2355 5114 Numa
2379 5061 2600 5122 cognatis
2623 5058 2842 5109 Manibus
2864 5059 3078 5112 inferias.

1941 5149 2150 5204 llaucce
2179 5155 2354 5200 autem
2383 5141 2730 5217 scripturam,
2753 5142 3138 5217 respondebunt
3164 5146 3243 5200 illi
3273 5164 3364 5217 pro
3392 5168 3532 5208 moro

1943 5222 2042 5274 mis
2069 5228 2250 5289 pm”,
2283 5215 2523 5289 fcnam
2547 5211 3108 5289 Cttdc§_DiVl0llenS_i3,
3148 5211 3432 5279 servavere
3479 5236 3534 5282 et

1941 5283 2175 5348 codices,
2207 5285 2404 5356 quibus
2424 5299 2549 5338 usus
2571 5295 2654 5338 est
2680 5283 2984 5356 Rhenanus.
3020 5283 3141 5343 th.

2016 5354 2244 5437 (cfPro
2293 5356 2502 5409 mortuis
2554 5364 2751 5437 petere.
2808 5354 2952 5410 idem
2999 5357 3131 5437 mihi
3180 5360 3386 5437 videtur
3443 5386 3534 5437 pro

1946 5425 2154 5557 grai-[tog
2192 5443 2383 5554 jactare,
2431 5440 2494 5480 ac
2545 5425 2722 5496 februa
2765 5441 2990 5496 poscere,
3033 5426 3102 5485 de
3137 5432 3330 5504 quibus
3357 5425 3453 5496 l.b.'
3498 5439 3540 5496 Il

1985 5519 2086 5557 as.
2161 5517 2204 5554 tn
2250 5540 2263 5554 .

1941 5504 2086 5559 Fast.
2109 5501 2263 5557 Ovid.

2039 5592 2150 5657 Ipse
2178 5603 2274 5652 ego
2293 5589 2552 5657 ﬂaminiam
2577 5592 2862 5657 pascentem
2887 5586 3061 5657 februa
3086 5591 3198 5652 vidi,

2110 5650 2304 5704 Februa
2329 5650 2548 5711 poscenti
2575 5651 2718 5714 pinea
2743 5651 2879 5714 virga
2901 5651 3012 5702 data
3036 5661 3129 5703 est.

1955 5720 2066 5774 llue
2097 5729 2176 5798 est
2202 5730 2354 5797 sacra
2381 5715 2562 5799 lebrua
2605 5713 2726 5799 sive
2761 5715 3119 5797 expiationem
3150 5723 3414 5799 postulare
3442 5743 3546 5799 pro

1960 5791 2205 5851 ltlttl'ltlls,
2238 5789 2593 5861 siveqiropter
2618 5785 2838 5854 caedem,
2872 5786 2985 5844 sive
3028 5785 3244 5861 propter
3281 5785 3550 5860 delecium

1961 5862 2324 5934 exequiarum.
2354 5856 2430 5912 LE
2477 5853 2572 5911 Pu.
