4268 6492
743 382 846 440 495

2099 382 2557 441 TEllTL’LLIANl

3937 388 4038 446 696

743 509 922 566 petere
950 499 966 567 (
982 498 1048 566 Ι).
1083 495 1200 550 Noli
1229 511 1354 567 ergo
1383 494 1692 564 Apostolum
1729 510 1920 550 novum
1946 498 2120 550 statim
2151 507 2333 552 ancto-
2359 501 2405 557 Α
2439 496 2570 550 infra
2603 496 2760 551 dicit:
2800 495 2918 551 Non
2948 501 3166 569 primum
3194 499 3330 568 quod
3357 500 3605 565 spiritale.
3633 499 3711 554 Ad
3750 501 3853 555 hoc
3892 503 4036 556 enim

739 604 852 644 rem
899 598 990 642 aut
1014 587 1442 643 contirmatorcm
1468 587 1584 657 ejus
1620 587 1896 653 denotare,
1940 597 1994 641 ut
2034 596 2180 642 tanto
2213 604 2327 643 ma-

735 680 818 751 gis
870 681 1082 735 sisteret
1125 681 1300 734 carnis
1348 680 1818 745 resurrectionem,
1861 690 2060 750 quanto
2113 681 2186 734 illi
2237 682 2325 750 qui

737 788 872 828 vane
905 789 999 844 pro
1042 774 1267 828 mortuis
1314 773 1733 843 baptizarentur,
1776 771 1880 828 fide
1922 775 2328 829 resurrectionis

738 866 839 922 hoc
884 867 1139 922 facerent.
1192 867 1457 922 Habemus
1493 867 1638 921 illum
1678 866 1868 922 alicubi
1922 866 2106 937 (lapte,
2147 867 2234 932 IV,
2269 867 2326 937 5)

735 961 896 1016 unius
929 960 1174 1030 baptismi
1199 960 1532 1015 definitorem
1557 961 1655 1029 (2).
1684 961 1847 1031 Igitur
1874 970 1927 1015 et
1963 976 2058 1030 pro
2104 963 2328 1016 mortuis

737 1053 922 1123 tingui,
953 1069 1050 1122 pro
1076 1054 1390 1122 corporibus
1417 1063 1500 1109 est
1529 1053 1713 1123 tingui;
1744 1063 2010 1108 mortuum
2037 1054 2178 1108 enim
2210 1069 2325 1108 cor-

737 1161 836 1214 pns
879 1145 1230 1200 ostendimus.
1280 1145 1414 1212 Quid
1477 1145 1672 1201 facient
1721 1147 1810 1215 qui
1866 1161 1960 1213 pro
2009 1147 2325 1215 corporibus

732 1239 1082 1308 haptizantnr,
1117 1241 1159 1293 si
1195 1254 1418 1309 corpora
1456 1255 1560 1294 non
1601 1249 1883 1309 resurgunt
1909 1240 1931 1291 ’ἰ
1973 1240 2150 1308 Atque
2190 1240 2324 1294 adeo

731 1344 876 1390 recte
917 1336 1055 1388 hunc
1082 1334 1302 1403 gradum
1343 1335 1573 1405 figimus,
1605 1343 1663 1388 ut
1703 1344 1756 1388 et
1800 1335 2088 1403 Apostolus
2133 1350 2324 1390 secun-

729 1428 849 1481 dam
876 1427 1316 1496 disceptationem
1349 1441 1500 1496 (eque
1540 1427 1607 1481 de
1637 1442 1864 1496 corpore
1895 1426 2180 1481 induxerit.
2217 1427 2323 1482 Sed

729 1519 895 1571 dicent
919 1519 1122 1588 quidam
1147 1534 1163 1570 :
1216 1517 1478 1582 Quomodo
1501 1519 1682 1570 mortui
1707 1528 1965 1586 resurgent
1989 1520 2011 1570 ?
2037 1535 2133 1588 quo
2153 1529 2321 1572 autem

727 1628 939 1683 corpore
983 1611 1216 1664 venient?
1243 1608 1465 1664 Defensa
1524 1610 1723 1665 etenim
1773 1610 2163 1665 resurrectione
2201 1625 2321 1680 qua:

728 1703 1039 1773 negabatur,
1077 1716 1407 1770 consequens
1435 1709 1550 1756 erat
1574 1701 1642 1757 de
1668 1701 1920 1770 qualitate
1946 1702 2188 1772 corporis
2232 1718 2321 1757 rc-

727 1805 976 1860 tractare,
1008 1811 1126 1866 qua:
1157 1810 1260 1848 non
1305 1794 1602 1848 videbatur.
1642 1793 1746 1848 Sed
1786 1793 1854 1850 de
1894 1794 1991 1849 ista
2035 1809 2155 1849 eum
2201 1794 2319 1851 aliis

2434 598 2488 643 et
2533 589 2600 642 de
2649 589 2764 658 ipso
2800 590 3014 645 Christo
3057 591 3359 660 praestruit:
3397 589 3590 646 Factus
3644 594 3840 662 primus
3887 595 4038 648 homo

2430 678 2596 733 Adam
2629 680 2681 733 in
2709 681 2932 734 animum
2968 682 3150 748 vivant;
3179 684 3478 737 novissimus
3504 684 3670 738 Adam
3697 687 3747 737 in
3800 687 4037 758 spiritum

2431 773 2801 841 viviﬁcantem;
2851 776 2931 844 (α)
2982 776 3105 830 licet
3133 775 3479 830 stultissimus
3519 776 3800 833 haereticus
3845 779 4036 833 uolne-

2432 863 2501 916 rit
2531 863 2598 917 ita
2632 879 2774 920 esse.
2823 866 3102 919 Dominum
3133 866 3273 920 enim
3309 866 3478 936 posuit
3531 867 3905 932 novissimum,
3942 883 4037 938 pro

2432 957 2726 1012 novissimo
2753 958 2920 1013 Adam
2951 976 2964 1023 ;
2995 960 3195 1013 veritus
3223 959 3427 1014 scilicet
3457 975 3525 1016 ne
3571 959 3614 1016 si
3655 972 3707 1014 et
3749 959 4036 1016 Dominum

2430 1050 2780 1105 novissimum
2839 1051 3057 1105 haberet
3105 1050 3298 1118 Adam,
3346 1061 3400 1107 et
3463 1051 3702 1122 ejusdem
3761 1051 4035 1109 Christum

2428 1141 2838 1198 defendet-emus
2869 1143 2921 1196 in
2961 1142 3126 1197 Adam
3159 1143 3481 1209 novissimo,
3523 1144 3674 1214 cnjns
3700 1153 3754 1199 ct
3780 1145 4035 1215 primum.

2426 1233 2530 1289 Sed
2561 1236 2753 1291 falsum
2782 1237 3004 1292 relucet.
3033 1237 3142 1291 Cnr
3161 1237 3302 1293 enim
3331 1237 3533 1307 primus
3555 1237 3747 1304 Adam,
3777 1237 3880 1291 nisi
3912 1237 4034 1306 quia

2427 1337 2480 1381 et
2509 1329 2830 1384 novissimus
2859 1330 3066 1385 Adam?
3097 1330 3212 1385 Non
3261 1330 3461 1387 habent
3501 1330 3743 1386 ordinem
3784 1332 3928 1386 inter
3977 1345 4038 1388 se

2429 1422 2528 1476 nisi
2558 1423 2700 1490 paria
2739 1438 2987 1493 qumque,
3018 1431 3071 1476 et
3110 1422 3350 1493 ejusdem
3383 1423 3467 1477 vel
3499 1424 3754 1487 nominis,
3788 1423 3871 1478 vel
3900 1423 4036 1477 sub-

2425 1519 2654 1582 stantias,
2679 1518 2758 1573 vel
2780 1519 3032 1573 auctoris.
3060 1517 3190 1573 Nam
3214 1519 3313 1573 etsi
3347 1528 3521 1588 potest
3547 1519 3600 1572 in
3629 1516 3855 1573 diversis
3885 1532 4026 1588 quo-

2425 1624 2530 1678 que
2557 1625 2676 1665 esse
2705 1610 2850 1664 aliud
2879 1611 3131 1680 primum,
3159 1611 3303 1664 aliud
3328 1611 3676 1666 novissimum
3703 1627 3717 1676 ;
3745 1610 3840 1665 sed
3871 1611 4032 1665 unius

2423 1702 2676 1756 auctoris.
2707 1702 2995 1768 Czetcrum,
3029 1703 3074 1758 si
3095 1712 3149 1757 et
3172 1710 3360 1758 auctor
3385 1701 3544 1766 alius,
3587 1711 3642 1758 et
3671 1702 3785 1772 ipse
3815 1701 4036 1772 quidem

2427 1804 2600 1863 potest
2639 1795 2960 1850 novissimus
3005 1794 3132 1850 dici.
3183 1796 3336 1862 Quod
3384 1804 3560 1850 tamen
3609 1795 3878 1862 intulerit,
3928 1797 4038 1864 pri-

726 1887 978 1958 congredi
1023 1886 1292 1940 convenit.
1347 1885 1578 1940 Marcion
1635 1885 1777 1940 enim
1829 1886 1879 1938 in
1937 1895 2106 1940 totum
2143 1886 2319 1941 carnis
2348 1889 2396 1949 B
2425 1899 2569 1939 mum
2595 1895 2676 1940 est
2706 1901 2720 1951 ;
2753 1885 3103 1940 novissimum
3135 1895 3342 1951 autem,
3369 1886 3414 1939 si
3460 1886 3632 1955 primo
3664 1901 3758 1956 par
3788 1887 3878 1941 sit.
3933 1886 4040 1942 Par

725 1979 1171 2035 resurrectionem
1203 1993 1306 2033 non
1331 1979 1637 2044 admittens,
1662 1993 1716 2034 et
1743 1978 1842 2032 soli
1871 1979 2063 2033 anima:
2089 1980 2315 2035 salutem

722 2073 1130 2142 repromittens,
1184 2087 1286 2126 non
1336 2070 1640 2141 qualitatis,
1701 2070 1793 2124 sed
1841 2071 2150 2125 substantia!
2193 2071 2318 2128 facit

721 2165 1092 2231 quaestionem.
1139 2163 1304 2217 Porro
1335 2173 1387 2217 ct
1413 2178 1478 2216 ex
1510 2162 1592 2215 his
1623 2159 2058 2217 manifestissime
2097 2162 2339 2218 obduci?

723 2270 828 2325 tur,
881 2273 999 2326 qua:
1042 2255 1334 2325 Apostolus
1376 2254 1440 2308 ad
1486 2254 1798 2323 qualitatem
1839 2254 2081 2322 corporis
2127 2263 2318 2309 tractat

721 2351 940 2420 propter
967 2349 1083 2403 illos
1113 2347 1202 2418 qui
1239 2347 1439 2412 dicunt,
1485 2346 1750 2411 Quomodo
1791 2357 2051 2418 resurgent
2092 2348 2316 2400 mortui?

717 2458 818 2512 quo
857 2450 1025 2495 autem
1072 2454 1282 2510 corpore
1336 2437 1575 2490 venient?
1628 2438 1756 2506 (jam
1803 2437 1945 2492 enim
2011 2437 2314 2506 przedicavit

719 2541 1143 2590 resurrecturum
1177 2546 1297 2586 esse
1327 2529 1541 2597 corpus)
1575 2530 1650 2596 t5)
1691 2529 1757 2583 de
1786 2529 2024 2598 corporis
2057 2529 2312 2598 qualitate

721 2627 954 2684 tractari.
990 2625 1224 2695 Denique
1270 2624 1314 2678 si
1359 2623 1606 2694 proponit
1652 2622 1893 2690 exempla
1936 2623 2082 2693 grani
2136 2623 2308 2688 tritici,

717 2724 792 2777 vel
818 2722 1037 2787 alicujus
1065 2718 1334 2788 ejusmodi,
1368 2717 1444 2770 vel
1470 2716 1647 2785 quibus
1674 2716 1756 2768 det
1785 2731 1968 2784 corpus
2000 2714 2134 2768 Deus
2161 2723 2310 2784 prout

716 2817 842 2871 volet
868 2831 885 2879 ;
910 2815 952 2868 si
985 2811 1257 2881 unicuique
1282 2811 1546 2873 seminum,
1579 2810 1839 2879 praprium
1866 2809 1938 2862 ait
1957 2825 2061 2862 esse
2089 2826 2308 2878 corpus;

718 2917 762 2961 et
797 2906 874 2977 (i)
901 2905 1056 2958 aliam
1084 2901 1283 2973 quidem
1317 2917 1519 2956 carnem
1560 2901 1838 2964 hominum,
1870 2901 2024 2954 alium
2059 2917 2175 2956 vero
2222 2919 2308 2970 pe-

715 2997 898 3052 cudum
927 3005 972 3049 et
998 2995 1254 3048 volucrum
1281 3008 1298 3056 ;
1329 3001 1372 3046 et
1408 3008 1622 3061 corpora
1651 2992 1870 3045 caelestia
1894 3000 2042 3058 atquc
2069 3001 2266 3046 terrena
2287 3009 2306 3056 ;

713 3099 760 3143 et
795 3089 950 3142 aliam
993 3085 1210 3157 gloriam
1253 3084 1392 3147 solis,
1443 3091 1491 3135 et
1549 3083 1683 3135 luna:
1731 3083 1907 3146 aliam,
1949 3092 1995 3134 et
2043 3083 2305 3136 stellarum

713 3182 904 3235 aliam:
964 3193 1141 3232 nonne
1213 3175 1480 3229 carnalem
1542 3183 1596 3228 et
1657 3173 1989 3241 corporalem
2042 3174 2309 3241 portendit

2420 1987 2597 2032 autem
2629 1978 2800 2047 primo
2828 1992 2934 2032 non
2963 1987 3064 2042 est,
3094 1977 3217 2048 quia
3247 1991 3350 2032 non
3379 1978 3621 2048 ejusdem
3659 1981 3893 2035 auctoris
3923 1988 4033 2036 est.

2421 2070 2627 2126 Eodem
2658 2069 2818 2126 modo
2843 2079 2896 2125 et
2925 2071 2978 2124 in
3009 2070 3226 2126 homine
3266 2070 3496 2126 hominis
3526 2071 3852 2128 revincetur.
3904 2069 4034 2126 Pri-

2419 2180 2552 2226 mus,
2586 2164 2779 2233 inquit,
2815 2164 2965 2218 homo
3009 2163 3073 2217 de
3110 2163 3263 2218 humo
3305 2174 3575 2230 terrenus;
3615 2165 3891 2231 secundus,
3939 2165 4038 2218 do-

2417 2256 2584 2308 minus
2613 2256 2677 2308 de
2705 2255 2850 2309 cmlo.
2880 2255 3056 2322 Quare
3099 2255 3390 2320 secundus,
3433 2255 3480 2311 si
3512 2272 3618 2310 non
3655 2256 3837 2320 homo,
3889 2257 4034 2326 and

2416 2356 2470 2400 et
2518 2346 2764 2416 primus?
2806 2355 2896 2400 aut
2938 2347 3194 2416 numquid
3233 2346 3512 2416 etprimus
3563 2346 3832 2414 dominus,
3878 2349 3923 2402 si
3979 2356 4036 2405 ct

2415 2437 2719 2492 secundus?
2756 2437 2858 2492 Sed
2906 2437 3123 2502 sufficit,
3153 2437 3198 2493 si
3231 2437 3520 2509 Evangelio
3553 2438 3745 2494 Filium
3793 2439 4032 2496 hominis

2415 2533 2631 2587 adhibet
2660 2531 2932 2586 Christum
2962 2541 3018 2586 et
3061 2532 3360 2598 Immineat,
3389 2542 3444 2588 et
3483 2532 3536 2587 in
3572 2534 3791 2589 nomine
3827 2534 4026 2602 Adam,

2414 2637 2534 2676 eum
2565 2639 2758 2693 negare
2785 2638 2888 2678 non
2918 2624 3126 2692 poterit.
3163 2623 3450 2693 Sequentia
3475 2639 3688 2694 quoque
3711 2640 3834 2680 eum
3873 2643 4025 2682 com-

2416 2716 2669 2782 primunt.
2714 2714 2844 2770 Cum
2888 2715 3029 2769 enim
3072 2715 3203 2770 dicit
3241 2716 3580 2785 Apostolus:
3612 2717 3798 2784 Qualis
3837 2721 3925 2788 qui
3967 2723 4032 2775 de

2415 2814 2567 2870 terra,
2597 2805 2757 2860 homo
2787 2807 3010 2868 scilicet,
3041 2805 3166 2860 tales
3206 2816 3254 2860 et
3282 2810 3486 2870 terreni,
3522 2806 3767 2864 homines
3797 2811 3986 2881 utique
4013 2827 4030 2877 ;

2411 2912 2539 2968 ergo
2569 2907 2621 2953 et
2648 2899 2821 2969 qualis
2847 2899 2930 2966 qui
2955 2898 3022 2954 de
3051 2899 3211 2965 ccelo,
3239 2899 3420 2964 homo,
3457 2900 3590 2956 tales
3614 2911 3667 2954 et
3694 2901 3783 2972 qui
3812 2902 3880 2958 dc
3907 2919 4026 2959 em-

2411 2990 2483 3054 lo,
2512 2989 2779 3046 homines.
2821 2990 2937 3046 Non
2985 2994 3126 3046 enim
3183 3000 3393 3061 poterat
3445 2990 3751 3048 hominibus
3795 2997 4034 3052 terrenis

2411 3097 2517 3136 non
2550 3081 2794 3137 homines
2821 3083 3070 3137 cmlestes
3097 3083 3429 3153 opposuisse,
3466 3091 3522 3137 nt
3550 3093 3746 3138 statmn
3779 3101 3845 3141 ac
3873 3103 4031 3158 spem

2410 3172 2701 3227 studiosius
2757 3173 3115 3244 distingueret
3189 3175 3240 3227 in
3307 3174 3680 3244 appellationis
3737 3179 4027 3236 societate.

715 3272 1161 3330 resurrectionem
1189 3311 1200 3333 ,
1249 3283 1404 3337 quam
1458 3281 1551 3336 per
1609 3265 1841 3320 carnalia
1904 3273 1960 3320 et
2011 3266 2306 3346 cmporalia
2335 3279 2378 3342 ρ
2412 3266 2561 3320 Statu
2591 3264 2731 3321 enim
2756 3282 2818 3321 ac
2849 3282 2943 3336 Spe
2974 3266 3100 3321 dicit
3129 3277 3372 3322 terrenos
3393 3275 3555 3338 atque
3576 3269 3826 3326 cmlestes
3848 3271 4028 3326 homi-

711 3365 951 3434 exempla
982 3359 1357 3418 commendat?
1394 3373 1572 3413 nonne
1611 3358 1770 3412 etiam
1809 3358 1877 3412 ab
1923 3372 1988 3412 eo
2034 3358 2142 3413 Deo
2185 3374 2302 3412 eam

708 3459 971 3530 spondet,
1004 3472 1033 3511 a
1062 3470 1167 3525 quo
1197 3463 1321 3508 sunt
1349 3463 1402 3507 et
1427 3451 1709 3521 exempla?
1755 3451 1845 3507 Sic
1891 3461 1937 3504 et
1984 3454 2300 3520 resurrectio,

709 3551 899 3621 inquit.
962 3547 1268 3615 Quomodo?
1310 3544 1449 3598 sicut
1488 3553 1542 3597 et
1591 3559 1816 3614 granum
1872 3560 2054 3615 corpus
2096 3546 2299 3612 seritur,

708 3657 892 3711 corpus
918 3637 1154 3707 resurgit.
1188 3634 1605 3690 Scminationem
1637 3632 1867 3702 denique
1894 3635 2103 3689 vocavit
2131 3635 2304 3691 disso-

709 3733 966 3789 lutionent
1003 3729 1242 3799 corporis
1272 3729 1322 3781 in
1360 3738 1578 3793 terram,
1625 3726 1744 3796 quia
1799 3725 1981 3779 seritur
2033 3727 2084 3780 in
2122 3744 2301 3781 corru-

711 3829 865 3896 ptela,
895 3824 1109 3894 resurgit
1150 3823 1201 3875 in
1251 3821 1560 3875 honestatem
1607 3829 1653 3873 et
1699 3820 1952 3875 virtutem.
1998 3820 2161 3891 Cujus
2210 3821 2301 3878 ille

709 3916 844 3971 ordo
873 3915 922 3968 in
945 3913 1315 3978 dissolutione,
1347 3911 1463 3980 ejus
1485 3920 1538 3964 et
1566 3909 1654 3964 hic
1685 3910 1737 3963 in
1761 3921 2149 3967 resurrectione
2177 3927 2300 3967 cor-

710 4008 875 4079 poris,
907 4006 1108 4061 scilicet
1138 4005 1273 4061 sicnt
1302 4012 1356 4058 et
1393 4018 1635 4072 granum.
1677 4003 1964 4070 Cancrum,
2009 4005 2054 4058 si
2089 4004 2301 4062 auferas

709 4113 905 4168 corpus
949 4094 1350 4161 resurrectioni,
1394 4093 1536 4163 quod
1579 4093 1774 4149 dedisti
1821 4093 2178 4161 dissolutioni,
2211 4097 2299 4152 ubi

709 4191 967 4246 consistet
993 4187 1274 4242 diversitas
1319 4184 1538 4241 exitus?
1571 4183 1800 4239 Proinde
1837 4184 1937 4240 etsi
1965 4186 2147 4239 seritur
2185 4188 2299 4240 ani-

711 4282 862 4348 male,
894 4281 1109 4350 resurgit
1135 4278 1383 4348 spiritale.
1417 4277 1483 4330 Et
1512 4277 1555 4331 si
1585 4276 1741 4332 habet
1770 4278 1982 4349 aliquod
2025 4280 2297 4349 proprium

709 4387 904 4444 corpus
945 4373 1122 4425 anima
1165 4369 1246 4424 vel
1293 4367 1533 4439 spiritus,
1579 4376 1636 4421 ut
1684 4369 1851 4438 possit
1891 4370 2054 4426 videri
2105 4386 2298 4441 corpus

709 4465 941 4521 animale
964 4463 1195 4518 animam
1224 4461 1548 4531 significare,
1579 4469 1632 4515 et
1655 4475 1850 4530 corpus
1875 4461 2109 4530 spiritale
2138 4463 2298 4532 spiri-

711 4569 861 4623 tum;
891 4572 996 4612 non
1038 4555 1155 4609 ideo
1183 4554 1413 4608 animam
1451 4553 1579 4608 dicit
1613 4554 1664 4608 in
1710 4554 2102 4610 resurrectione
2144 4557 2298 4626 spiri-

2411 3374 2542 3424 nes;
2594 3371 2768 3414 tamen
2802 3375 2870 3415 ex
2925 3360 3176 3430 pari,qni
3225 3360 3518 3415 secundum
3561 3363 3765 3418 exitum
3822 3374 3922 3418 aut
3975 3367 4030 3421 in

2407 3451 2575 3505 Adam
2626 3461 2718 3505 aut
2765 3455 2815 3504 in
2861 3450 3076 3505 Christo
3128 3451 3470 3521 deputantur.
3517 3452 3583 3506 Et
3628 3453 3748 3509 ideo
3796 3455 3911 3526 jam
3956 3457 4028 3513 ad

2407 3542 2829 3598 exhortationem
2883 3543 2996 3612 spei
3044 3542 3317 3598 caelestis:
3365 3542 3515 3598 Sicut
3554 3546 3894 3614 portavimus,
3945 3551 4027 3604 in-

2405 3636 2538 3704 quit,
2561 3637 2832 3708 imaginem
2858 3637 3061 3702 terreni,
3095 3646 3354 3706 portemus
3376 3647 3424 3690 et
3450 3638 3721 3708 imaginem
3759 3640 3978 3695 cie/estis
4001 3660 4022 3708 ,-

2405 3744 2510 3782 non
2554 3728 2618 3781 ad
2664 3728 3015 3783 substantiam
3072 3729 3233 3782 ullam
3285 3727 3527 3784 referens
3578 3733 4015 3799 resurrectionis,

2405 3819 2499 3874 sed
2554 3819 2619 3875 ad
2670 3820 2949 3888 praesentis
2995 3820 3255 3889 temporis
3315 3819 3673 3891 disciplinam.
3744 3820 4020 3879 Portemus

2404 3915 2545 3968 enim
2571 3954 2585 3981 ,
2617 3913 2805 3983 inquit,
2839 3930 2944 3968 non
2976 3913 3343 3985 portabimus;
3371 3916 3713 3985 preceptive,
3746 3931 3854 3971 non
3891 3933 4019 3988 pro-

2403 4009 2637 4075 missive,
2668 4008 2855 4063 volens
2882 4022 2980 4062 nos
3013 4007 3151 4063 sicut
3180 4007 3293 4078 ipse
3333 4008 3572 4073 incessit,
3621 4009 3692 4064 ita
3733 4010 4015 4080 incedere,

2402 4110 2457 4156 et
2482 4116 2511 4155 a
2541 4101 2758 4167 terreni,
2801 4100 2853 4162 id
2884 4111 2988 4165 est,
3021 4101 3220 4155 veteris
3265 4099 3496 4155 hominis
3539 4101 3770 4172 imagine
3814 4103 4014 4159 absce-

2403 4194 2553 4260 dere,
2581 4209 2700 4264 qua:
2725 4204 2808 4249 est
2851 4193 3082 4248 carnalis
3125 4192 3384 4264 operatio.
3435 4191 3694 4263 Denique,
3724 4194 3850 4265 quid
3889 4196 4022 4250 sub-

2398 4277 2616 4357 jungit?
2651 4285 2761 4340 Hoc
2787 4286 2919 4339 enim
2962 4288 3098 4352 dico,
3145 4290 3350 4356 fratres,
3389 4286 3509 4356 quia
3550 4302 3670 4340 caro
3712 4297 3759 4341 et
3804 4290 4019 4359 sanguis

2402 4397 2610 4449 regnum
2639 4378 2734 4434 Dei
2760 4395 2861 4434 non
2892 4378 3254 4448 possidebunt;
3285 4394 3448 4448 opera
3473 4377 3677 4433 scilicet
3723 4381 3905 4435 carnis
3951 4390 4014 4435 ct

2402 4471 2696 4541 sanguinis,
2751 4471 2944 4540 quibus
2991 4479 3044 4525 et
3091 4470 3158 4524 ad
3213 4468 3428 4525 Galatas
3480 4467 3649 4538 (ϐαι,
3700 4469 3769 4534 ν,
3814 4470 4018 4544 19-21)

2401 4562 2663 4627 scribens,
2710 4561 2932 4616 abstulit
2961 4560 3054 4615 Dei
3087 4575 3336 4631 regnum,
3377 4559 3568 4615 solitus
3599 4569 3654 4615 et
3696 4561 3832 4614 alias
3880 4565 4017 4618 sub-

715 4663 826 4706 tum
856 4649 1090 4703 futurum
1122 4645 1229 4716 (5),
1260 4645 1351 4701 sed
1389 4660 1604 4714 corpus,
1637 4645 1776 4716 quod
1804 4660 1924 4700 cum
1951 4648 2125 4701 anima
2171 4663 2295 4705 nas-
2327 4669 2381 4730 D
2407 4654 2653 4706 stantiam
2704 4668 2800 4722 pro
2846 4651 3098 4722 operibus
3146 4650 3458 4707 substantia:
3501 4665 3737 4721 ponere;
3794 4663 3850 4706 ut
3888 4668 4014 4708 cum

708 4741 901 4806 cendo,
931 4749 984 4796 et
1023 4755 1117 4810 per
1145 4739 1377 4794 animam
1423 4736 1671 4802 vivendo,
1703 4739 1934 4796 animale
1975 4740 2077 4798 dici
2130 4753 2289 4813 capit,

714 4836 946 4890 futurum
973 4831 1232 4902 spiritale,
1259 4831 1388 4886 dum
1416 4846 1510 4902 per
1536 4830 1778 4900 spiritum
1802 4834 1971 4904 surgit
2000 4835 2052 4889 in
2084 4837 2296 4891 aeterni-

711 4935 893 4982 tatem.
927 4925 1190 4995 Denique,
1223 4924 1266 4977 si
1299 4939 1402 4978 oon
1429 4923 1623 4989 anima,
1652 4923 1746 4979 sed
1771 4939 1898 4980 caro
1923 4929 2216 4983 seminatur
2242 4929 2294 4984 in

709 5016 1013 5088 corruptela
1035 5016 1161 5070 dum
1188 5013 1496 5069 dissolvitur
1524 5014 1574 5068 in
1603 5024 1818 5081 terram,
1845 5017 1954 5086 jatn
1987 5034 2093 5073 non
2120 5020 2296 5075 anima

708 5110 811 5165 erit
835 5120 1029 5177 corpus
1055 5106 1305 5172 animale,
1342 5105 1435 5160 sed
1476 5120 1622 5169 caro,
1653 5122 1770 5175 qua:
1800 5107 1901 5162 fuit
1938 5124 2132 5179 corpus
2179 5113 2295 5166 ani-

707 5201 865 5258 male.
895 5197 1166 5270 Siquidem
1193 5197 1260 5253 de
1280 5198 1494 5253 animali
1524 5197 1751 5254 efficitur
1774 5200 2040 5271 spiritale,
2067 5204 2207 5258 sicut
2243 5212 2298 5260 et

2400 4746 2547 4812 dicit,
2587 4745 2689 4800 Eos
2725 4746 2810 4816 qui
2856 4746 2910 4798 in
2946 4760 3100 4799 carne
3137 4754 3275 4810 sunt,
3326 4743 3434 4799 Deo
3471 4743 3674 4816 placere
3707 4760 3807 4799 non
3840 4762 4014 4812 posse;

2406 4839 2621 4910 quando
2667 4839 2809 4894 enim
2855 4839 3064 4909 placere
3116 4838 3225 4894 Deo
3277 4839 3590 4907 poterimus,
3635 4837 3740 4892 nisi
3781 4837 3911 4892 dum
3959 4841 4014 4895 in

2401 4946 2563 4986 carne
2607 4930 2705 4985 hac
2733 4931 2957 4985 sumus?
2990 4930 3144 4985 Aliud
3173 4915 3383 5000 tempus
3413 4928 3741 4999 operationis
3772 4931 4006 4997 nullum,

2400 5025 2610 5093 opinor,
2649 5033 2750 5079 est.
2787 5022 2890 5078 Sed
2942 5024 2983 5078 si
3026 5024 3079 5078 in
3132 5038 3295 5079 carne
3343 5037 3664 5093 quamquam
3704 5026 4005 5092 constituti,

2401 5116 2578 5170 carnis
2601 5130 2763 5184 Opera
2789 5115 3050 5185 fugiamus
3075 5133 3089 5180 ;
3143 5114 3220 5186 (b)
3251 5123 3360 5170 tum
3388 5128 3494 5170 non
3519 5114 3722 5170 erimus
3743 5115 3796 5169 in
3819 5131 4008 5183 carne,

2400 5206 2523 5261 dum
2570 5222 2677 5260 non
2725 5207 2776 5261 in
2817 5207 3115 5263 substantia
3155 5206 3334 5265 carnis
3382 5220 3488 5262 non
3535 5219 3744 5275 sumus,
3795 5207 3892 5262 scd
3952 5208 4005 5265 iu

1941 5314 2322 5374 LECTIONES
2364 5316 2774 5375 VARIANTES.

770 5406 844 5472 (l)
869 5407 1111 5472 Peterem
1141 5405 1326 5472 Wouw.

770 5465 844 5536 (‘2')
865 5469 1192 5536 Ditiinitorem
1212 5465 1293 5536 al._
1314 5530 1326 5536 _
1427 5527 1469 5536 Ἰ

765 5530 841 5596 (5)
865 5531 919 5581 Id
939 5542 1088 5581 mser.
1116 5531 1256 5579 Pam.
1281 5530 1395 5580 ideo
1414 5530 1636 5582 Ciaccon.

2465 5412 2542 5538 i133,
2566 5411 2801 5527 ἶέξιὲιῖιΐέί
2826 5475 2968 5528 Ober.

2045 5621 2599 5689 COMMENTARIUS.

776 5731 852 5804 (ε)
897 5731 1028 5808 Licet
1067 5730 1401 5808 stultissimus
1423 5733 1715 5808 lmreticus.
1738 5733 1798 5808 ,ιε
1821 5742 1907 5808 est
1927 5735 2178 5804 Marcion,
2211 5742 2300 5808 qui

704 5801 1366 5878 haeentomipcelebratur
1388 5802 1492 5878 hic,
1515 5804 1789 5878 utapudS.
1816 5801 2190 5878 Hieronymum
2209 5801 2298 5866 Vi-

702 5876 972 5948 gilantint,
1015 5872 1340 5942 lovinianus,
1382 5873 1578 5946 aliique
1615 5872 1756 5934 Veris
1800 5872 2069 5936 coloribus
2107 5881 2296 5952 depin-

2404 5755 2618 5815 guntur,
2652 5747 2778 5802 dum
2804 5746 2998 5804 talibus
3026 5747 3189 5805 titulis
3229 5748 3571 5805 decorantur.
3608 5746 3685 5803 Le
3722 5748 3818 5804 Pn.

2480 5817 2560 5886 (b)
2594 5818 2721 5872 Tum
2775 5836 2877 5873 non
2917 5822 3103 5874 erimus
3140 5821 3195 5874 in
3230 5837 3398 5875 carne.
3451 5818 3507 5874 Si
3534 5819 3787 5889 quamdiu
3838 5822 3998 5879 vitam

2407 5887 2539 5944 hanc
2563 5891 2767 5960 egimus
2800 5892 2980 5948 carnis
3009 5907 3172 5963 opera
3197 5907 3293 5950 seu
3323 5887 3856 5963 peccata’evitemus,
3892 5909 3997 5954 nou
