4268 6492
215 415 320 476 I97

1283 421 1413 475 LIB.
1460 421 1498 476 V
1540 418 1902 476 ADVI'IRSIIS
1942 419 2367 477 MARCIONEM.

3407 423 3512 481 498

213 530 391 600 culpa.
424 530 577 599 Quod
603 531 646 586 si
682 530 734 586 in
763 533 980 588 nomine
1007 534 1182 590 carnis
1209 549 1394 604 opera,
1423 550 1528 590 non
1559 535 1805 589 substan-
1835 535 1884 593 A
1914 533 2087 605 (Gem,
2113 535 2195 601 1);
2235 547 2289 591 et
2329 537 2397 590 ab
2425 535 2686 591 universis
2711 534 3066 605 benedieitur,
3111 536 3276 592 habes
3323 539 3514 594 Danie-

215 624 342 678 tiam
372 624 550 678 carnis
571 624 822 692 jubemur
845 640 1154 694 exponere;
1181 628 1433 696 operibus
1457 643 1583 699 ergo
1607 628 1806 694 carnis,

213 729 322 771 non
349 717 664 771 substantia:
687 717 889 779 carnis.
919 717 971 772 in
1008 718 1223 774 nomine
1246 719 1423 774 carnis
1453 718 1531 790 (t)
1575 721 1805 786 denega-

212 817 303 864 tur
336 809 426 864 Dei
463 825 710 880 regnum.
737 809 850 864 Non
881 811 1021 865 enim
1051 811 1099 864 id
1125 810 1427 876 damnatur,
1462 812 1513 866 in
1545 827 1650 881 quo
1672 813 1808 866 male

214 898 297 966 fit,
328 900 422 954 sed
462 901 512 955 id
545 901 686 971 quod
719 901 793 956 fit.
829 901 1102 958 Venenum
1135 904 1283 972 dare,
1310 906 1485 960 scelus
1511 916 1626 970 est;
1672 906 1805 960 calix

215 995 470 1049 tamenin
497 1010 603 1066 quo
641 995 817 1062 datur,
847 1011 970 1051 reus
997 1013 1100 1052 non
1128 1007 1230 1053 est.
1263 997 1337 1052 Ita
1365 1008 1416 1053 et
1455 1014 1649 1068 corpus
1693 1014 1810 1053 ear-

214 1085 419 1140 nalium
448 1101 669 1155 operum
699 1102 790 1142 vas
831 1099 932 1152 est,
961 1090 1138 1144 anima
1173 1099 1255 1144 est
1283 1100 1462 1145 autem
1487 1107 1607 1160 qua:
1635 1091 1685 1144 in
1720 1091 1809 1145 illo

213 1193 483 1234 venenum
527 1181 752 1251 alicujus
772 1183 896 1236 mali
929 1183 1050 1236 facti
1075 1190 1357 1252 temperat.
1393 1185 1562 1252 Quale
1595 1183 1672 1254 (2)
1709 1199 1776 1239 au

211 1279 342 1335 tem,
375 1281 430 1326 ut
476 1274 519 1327 si
561 1273 736 1327 anima
777 1275 981 1329 auctrix
1033 1290 1255 1345 operum
1299 1278 1476 1331 carnis
1519 1278 1812 1332 merebitur

209 1359 308 1416 Dei
333 1377 576 1432 regnum,
629 1365 707 1436 (a)
737 1381 830 1433 per
855 1366 1211 1434 expiationem
1240 1382 1425 1422 eorum
1453 1383 1572 1438 quae
1608 1369 1660 1422 iu
1689 1385 1806 1422 eor-

209 1467 341 1524 pore
362 1453 596 1520 admisit,
619 1470 816 1525 corpus
843 1458 1143 1512 ministrum
1185 1459 1542 1525 solummodo,
1577 1461 1628 1515 in
1657 1460 1808 1514 dam-

208 1547 430 1600 natione
483 1549 830 1615 permaneat?
878 1547 1128 1606 Venefico
1177 1550 1464 1617 absoluto,
1519 1552 1659 1606 calix
1711 1555 1813 1607 erit

205 1636 560 1706 puniendus?
588 1638 654 1692 Ει
691 1648 866 1695 tamen
915 1654 1020 1696 non
1068 1641 1251 1712 utique
1285 1643 1432 1698 carni
1475 1643 1812 1700 defendimus

207 1729 303 1784 Dei
357 1745 601 1800 regnum,
642 1732 737 1786 sed
786 1735 1243 1790 resurrectionem
1303 1736 1615 1792 substantiae
1676 1753 1807 1802 sum,

205 1824 358 1892 quasi
382 1823 599 1892 januam
631 1825 780 1896 regni
806 1840 902 1896 per
925 1843 1084 1898 quam
1115 1827 1312 1882 aditur.
1343 1827 1634 1893 C:eterum,
1669 1831 1809 1885 aliud

1914 627 2015 681 lem
2049 627 2246 699 (Dau.,
2288 627 2398 699 III).
2435 629 2662 685 Proinde
2696 631 2738 685 si
2769 640 2920 701 pater
2963 639 3138 701 potest
3179 631 3282 686 dici
3311 633 3510 688 sterilis

1917 721 2006 775 Dei
2036 723 2230 777 nullius
2255 725 2424 793 magis
2455 725 2671 780 nomine
2705 740 2862 796 quam
2889 723 3195 790 Creatoris;
3227 726 3512 778 miscricor-

1913 813 2111 866 diarum
2141 823 2317 870 tamen
2344 825 2489 888 pater
2519 816 2659 872 idem
2686 817 2805 882 erit,
2835 817 2923 887 qui
2966 818 3288 881 misericors,
3323 827 3377 872 et
3404 818 3509 872 mi-

1911 915 2135 969 Serator,
2165 915 2219 960 et
2252 907 2632 963 misericordia:
2671 907 2928 975 plurimus
2964 919 3048 962 est
3087 909 3298 962 dictus:
3343 908 3510 963 habes

1910 995 2049 1064 apud
2091 994 2279 1052 Jonam
2329 996 2512 1067 (Jon.,
2541 997 2645 1064 III,
2671 999 2760 1068 IV)
2799 1014 2918 1054 cum
2968 999 3087 1069 ipso
3129 997 3512 1055 misericordia:

1911 1088 2177 1157 exemplo,
2208 1104 2368 1160 quam
2414 1089 2660 1144 Ninivitis
2695 1091 3040 1145 exorantibus
3084 1091 3349 1159 prmstitit,
3383 1091 3512 1145 faci-

1913 1179 1978 1233 lis
2003 1190 2057 1234 et
2085 1182 2324 1237 Ezechiae
2349 1182 2438 1253 (IV
2470 1181 2620 1253 Reg.,
2646 1183 2744 1237 XX
2770 1181 2789 1254 )
2819 1182 3029 1238 ﬂetibus
3057 1183 3219 1250 flecti,
3244 1193 3298 1239 et
3327 1184 3512 1239 Achab

1914 1276 2104 1329 marito
2133 1274 2398 1330 Jezabelis
2423 1274 2729 1344 deprecanti
2758 1277 3068 1347 sanguinem
3102 1277 3379 1347 ignoscere
3406 1277 3510 1331 Na-

1913 1365 2092 1420 buthae
2123 1365 2225 1437 (Ill
2257 1367 2408 1439 Reg.,
2434 1366 2553 1423 XXI
2578 1370 2618 1437 ),
2651 1377 2704 1422 et
2732 1368 2894 1422 David
2917 1370 3225 1438 agnosceuti
3255 1369 3507 1424 delictum

1913 1459 2089 1512 statim
2116 1457 2390 1529 indulgere
2417 1459 2482 1528 (II
2514 1459 2666 1531 lieg.,
2699 1459 2864 1530 XII);
2915 1461 3120 1514 malens
3146 1459 3353 1516 scilicet
3399 1476 3513 1531 pte-

1915 1551 2188 1606 nitentiam
2213 1553 2528 1618 peccatoris,
2560 1567 2721 1622 quam
2755 1561 3006 1618 mortem,
3036 1553 3217 1622 utique
3243 1568 3312 1608 ex
3354 1554 3516 1609 mise-

1915 1643 2159 1698 ricordiae
2201 1643 2391 1699 affectu
2433 1642 2589 1716 (0s.,
2621 1643 2747 1715 VI).
2797 1645 2854 1700 Si
2899 1644 3024 1716 quid
3067 1645 3172 1699 tale
3227 1644 3512 1700 Marcionis

1917 1735 2057 1789 Deus
2078 1735 2242 1790 edidit
2268 1734 2350 1791 vel
2381 1735 2570 1802 edixit,
2589 1750 2873 1806 agnoscam
2897 1745 3101 1806 patrem
3124 1737 3514 1792 misericordia-

1915 1844 2053 1883 rum.
2079 1827 2132 1883 Si
2155 1843 2280 1882 vero
2309 1844 2374 1884 ex
2403 1844 2468 1883 eo
2491 1838 2731 1900 tempore
2755 1829 2896 1884 Imuc
2925 1831 3130 1884 titulum
3161 1831 3207 1885 ei
3235 1830 3508 1893 adscribit,

205 1918 552 1981 resurrectio,
583 1919 725 1974 aliud
767 1934 1011 1988 regnum.
1062 1921 1240 1975 Primo
1277 1922 1420 1977 enim
1464 1925 1802 1987 resurrectio,
1837 1927 1886 1986 Β
1914 1934 2018 1990 quo
2049 1920 2334 1985 revelatus,
2378 1921 2528 1990 quasi
2574 1920 2768 1976 exinde
2807 1922 2876 1976 sit
2919 1931 3068 1992 pater
3113 1923 3511 1978 misericordiao

207 2009 405 2066 dehinc
444 2027 686 2081 regnum.
737 2012 1038 2084 Resurgere
1083 2015 1260 2085 itaque
1297 2014 1524 2070 dicimus
1564 2030 1804 2082 carnem,

207 2103 302 2159 sed
335 2113 587 2159 mutatam
617 2107 873 2176 consequi
898 2122 1143 2177 regnum.
1190 2107 1471 2178 Rcsurgent
1505 2107 1650 2163 enim
1675 2125 1807 2161 mor-

206 2198 282 2250 tui
309 2198 635 2268 incorrupti;
668 2198 740 2253 illi
772 2199 1000 2267 scilicet,
1032 2203 1119 2270 qui
1152 2200 1360 2256 fuerant
1384 2203 1642 2272 corrupti,
1672 2203 1808 2256 dila-

207 2289 322 2358 psis
352 2291 668 2358 corporibus
701 2292 755 2347 in
808 2293 1102 2347 interitum.
1150 2291 1219 2348 Et
1264 2310 1354 2349 nos
1401 2295 1709 2348 metabimur
1759 2296 1810 2348 in

209 2390 402 2444 atomo,
431 2383 482 2435 in
504 2384 635 2436 oculi
659 2393 1005 2437 momentaneo
1037 2395 1196 2439 motu.
1230 2383 1438 2455 Oportet
1469 2387 1600 2439 enim
1639 2403 1813 2441 corru-

209 2473 402 2541 ptiottm
447 2474 541 2526 hoc
589 2476 820 2543 (tenens
874 2476 1056 2545 utique
1115 2491 1331 2531 carnem
1394 2490 1546 2530 suam
1604 2477 1813 2532 dicebat

208 2567 545 2636 Apostolus)
579 2568 790 2622 induere
813 2569 1234 2640 incorruptelam,
1269 2579 1314 2623 et
1340 2569 1554 2624 mortale
1579 2576 1672 2624 hoc
1713 2573 1812 2623 im-

212 2659 573 2713 mortalitatem
601 2677 619 2725 ;
647 2668 702 2714 ut
729 2661 935 2716 scilicet
978 2661 1172 2718 habilis
1209 2662 1502 2718 substantia
1553 2663 1814 2720 efficiatur

219 2766 389 2822 regno
422 2751 536 2806 Dei.
571 2751 778 2806 Erimus
804 2754 945 2808 enim
973 2755 1100 2808 sicut
1128 2756 1317 2826 angeli.
1349 2755 1471 2809 Haec
1501 2757 1595 2810 erit
1631 2756 1814 2811 demu-

216 2844 348 2899 tatio
374 2844 555 2898 carnis
577 2843 658 2917 (5)
690 2847 1040 2901 resuscitatre.
1070 2848 1173 2900 Aut
1195 2848 1237 2900 si
1269 2847 1410 2901 nulla
1439 2849 1562 2912 erit,
1592 2865 1813 2917 quomo-

216 2933 289 2990 do
330 2934 968 3004 iuduct-incorruplelam
1016 2946 1068 2991 et
1112 2939 1604 2993 immortalitatem?
1659 2941 1813 2995 Aliud

218 3026 380 3098 igitur
410 3025 545 3080 facta
575 3042 669 3095 per
693 3027 1136 3093 demutationem,
1169 3036 1294 3083 tunc
1319 3041 1678 3100 consequetur
1721 3033 1814 3087 Dei

217 3135 476 3190 regnum;
515 3120 624 3189 jam
671 3135 775 3174 non
822 3135 950 3176 caru
996 3137 1094 3176 nec
1139 3123 1373 3192 sanguis,
1419 3123 1512 3178 sed
1559 3126 1698 3196 quod
1743 3127 1816 3182 illi

219 3227 416 3284 corpus
440 3213 581 3269 Deus
601 3214 827 3270 dederit.
876 3215 940 3270 Et
980 3216 1100 3271 ideo
1142 3227 1288 3272 recte
1325 3206 1652 3288 Apostolus:
1687 3219 1817 3275 Caro

1911 2027 2050 2075 rum,
2084 2028 2190 2082 quo
2229 2012 2455 2067 liberare
2494 2013 2724 2068 instituit
2765 2029 2933 2083 genus
2961 2016 3284 2080 humanum;
3327 2015 3510 2086 atquin

1913 2113 1967 2158 et
1997 2118 2094 2158 nos
2131 2119 2198 2158 ex
2224 2117 2291 2158 eo
2319 2113 2560 2173 tempore
2588 2119 2846 2174 negamus
2875 2105 3046 2172 illtnn,
3089 2123 3152 2161 cx
3189 2123 3294 2177 quo
3321 2106 3515 2161 dicitur

1915 2196 2354 2254 revelatusznon
2407 2205 2580 2267 potest
2631 2197 2789 2268 igitur
2835 2197 3033 2268 aliquid
3079 2200 3128 2252 ei
3180 2197 3510 2264 adscribere,

1913 2303 2070 2358 quem
2103 2297 2226 2342 tunc
2268 2287 2522 2352 ostendit,
2551 2303 2673 2342 cum
2713 2287 2855 2342 aliud
2899 2289 2979 2359 (ὃ)
3025 2289 3071 2343 ei
3117 2287 3391 2343 adscribit.
3451 2289 3513 2346 Si

1913 2382 2055 2436 enim
2082 2381 2223 2450 prius
2249 2389 2521 2435 constaret
2542 2395 2665 2436 eum
2687 2395 2827 2445 esse,
2853 2391 2978 2434 tunc
3008 2390 3061 2435 et
3083 2380 3312 2434 adscribi
3341 2381 3388 2433 ei
3416 2395 3514 2449 po-

1917 2483 2040 2527 teSI.
2076 2472 2338 2527 Accidens
2358 2473 2500 2526 enim
2529 2483 2610 2526 est
2649 2473 2790 2542 quod
2832 2471 3184 2526 adscribitur:
3216 2472 3510 2527 accidentia

1914 2576 2088 2618 autem
2110 2564 2380 2620 antecedit
2406 2565 2571 2635 ipsius
2594 2565 2666 2619 rei
2689 2565 2924 2619 ostensio
2960 2566 3044 2618 cui
3081 2565 3366 2629 accidunt;
3402 2580 3516 2618 ma-

1916 2659 2057 2713 xime
2084 2673 2204 2712 cum
2231 2657 2343 2728 jam
2371 2657 2589 2712 alterius
2613 2666 2718 2722 est,
2765 2657 2904 2728 quod
2945 2656 3266 2712 adscribitur
3301 2658 3381 2721 ei,
3425 2657 3513 2724 qui

1919 2754 2066 2824 prius
2112 2769 2217 2807 non
2258 2752 2329 2808 sit
2367 2763 2637 2814 ostensus,
2671 2761 2818 2808 tanto
2849 2753 3017 2823 magis
3057 2752 3333 2822 negabitur
3371 2765 3514 2817 esse,

1917 2858 2117 2916 quanto
2162 2861 2258 2915 per
2304 2845 2444 2915 quod
2481 2845 2777 2899 affirmatur
2815 2860 2956 2910 esse,
3002 2845 3122 2913 ejus
3161 2856 3261 2911 eSI,
3293 2846 3379 2914 qui
3405 2847 3514 2913 jam

1918 2947 2166 2992 ostensus
2204 2945 2306 2991 est.
2361 2935 2450 2990 Sic
2501 2946 2555 2989 et
2581 2935 2984 2990 Testamentum
3021 2935 3230 2991 Novum
3279 2951 3384 2990 non
3441 2936 3521 2990 al-

1919 3030 2084 3085 terius
2113 3029 2248 3093 erit,
2280 3042 2438 3098 quam
2478 3027 2564 3097 qui
2608 3026 2735 3083 illud
2765 3029 3109 3101 repromisit;
3151 3027 3252 3082 etsi
3297 3043 3398 3081 non
3441 3028 3518 3081 li-

1921 3132 2029 3176 tera
2051 3166 2063 3185 ,
2086 3132 2140 3175 at
2167 3123 2285 3190 ejus
2309 3121 2520 3190 spiritus
2546 3161 2559 3183 ,
2594 3119 2695 3173 hoc
2732 3119 2836 3174 erit
2865 3121 3088 3174 novitas.
3126 3120 3369 3190 Denique
3389 3161 3403 3186 ,
3427 3121 3518 3188 qui

1922 3214 2128 3270 literam
2178 3214 2363 3267 tabulis
2393 3212 2612 3282 lapideis
2639 3212 2936 3277 inciderat,
2966 3212 3105 3267 idem
3145 3221 3198 3267 et
3226 3212 3294 3267 de
3332 3213 3519 3282 spiritu

220 3316 270 3363 et
297 3305 504 3379 sanguis
530 3324 740 3380 regnum
770 3309 865 3362 Dei
903 3326 1004 3364 non
1038 3322 1440 3380 consequentur;
1469 3312 1818 3369 demntationi
1846 3319 1890 3380 (ζ
1924 3308 2161 3363 edixerat
2188 3305 2360 3378 (Joel.
2402 3305 2466 3360 III
2492 3348 2506 3370 ,
2537 3303 2630 3376 9.8)
2669 3325 2680 3358 :
2719 3305 2996 3371 E/fundam
3039 3307 3103 3360 de
3140 3323 3247 3359 meo
3268 3306 3449 3376 spiritu
3469 3305 3522 3357 in

223 3402 358 3458 illud
379 3402 712 3469 adscrihens,
743 3419 862 3474 qua:
894 3404 1100 3458 accedit
1126 3405 1528 3459 resurrectioui.
1558 3405 1612 3461 Si
1640 3417 1820 3463 autem

224 3505 355 3551 tunc
383 3497 470 3566 ﬁet
496 3497 696 3550 verbum
724 3535 742 3562 ,
773 3497 908 3566 quod
945 3498 1191 3570 scriptum
1221 3507 1292 3551 est
1319 3497 1456 3567 apud
1479 3499 1818 3553 Creatorem:

230 3586 332 3642 Ubi
369 3595 461 3653 est,
494 3604 649 3654 mors,
680 3588 888 3641 victoria
929 3596 1036 3654 tua,
1092 3589 1174 3642 vel
1231 3588 1310 3661 (4)
1367 3593 1640 3645 contentio
1695 3592 1823 3645 tua?

231 3676 332 3733 Ubi
359 3691 454 3737 est,
480 3696 635 3744 mors,
659 3680 862 3733 aculeus
893 3681 1050 3733 tuus?
1075 3679 1306 3735 Verbum
1336 3691 1510 3737 autem
1537 3682 1638 3738 hoc
1662 3682 1824 3738 Crea-

227 3774 364 3825 toris
387 3779 497 3834 cst,
527 3785 620 3841 per
646 3770 999 3841 PrOphetam;
1030 3773 1146 3841 ejus
1175 3774 1277 3829 erit
1305 3782 1358 3829 et
1396 3788 1514 3837 res,
1548 3775 1596 3829 id
1629 3785 1711 3831 est
1742 3792 1824 3831 re-

227 3878 417 3935 gnum,
461 3865 616 3934 cujus
646 3875 700 3919 et
737 3866 959 3920 verbum
998 3866 1088 3920 tiet
1133 3867 1183 3920 iu
1234 3881 1417 3936 regno.
1456 3867 1562 3923 Nec
1588 3869 1678 3923 alii
1718 3871 1824 3924 Deo

230 3957 424 4028 gratias
444 3954 593 4022 dicit,
611 3958 742 4027 quod
769 3957 909 4012 nobis
934 3959 1217 4022 victoriam,
1243 3959 1425 4029 utique
1445 3959 1511 4013 de
1534 3970 1727 4028 marte,
1744 3979 1826 4016 re-

232 4050 368 4116 ferre
393 4047 698 4116 praestiterit,
722 4063 878 4117 quam
903 4049 974 4104 illi
997 4065 1025 4103 a
1048 4063 1154 4119 quo
1183 4050 1403 4104 verbum
1436 4051 1823 4108 insultatorium

232 4137 303 4193 de
353 4149 526 4194 morte
577 4150 630 4195 et
679 4139 1143 4213 triumphatorium
1194 4144 1397 4214 accepit
1459 4144 1540 4215 (II
1569 4145 1724 4212 Con,
1774 4147 1822 4214 I,

234 4229 371 4285 Ille!
402 4229 538 4301 IV).

858 4325 1085 4384 CAPUT
1133 4327 1223 4383 XI.

309 4413 365 4471 Si
391 4414 532 4470 Deus
557 4429 840 4473 commune
867 4419 1184 4474 vocabulum
1208 4420 1402 4474 factum
1427 4430 1510 4476 est
1531 4421 1658 4476 vitio
1684 4437 1831 4476 erro-

236 4511 314 4565 ris
341 4511 582 4578 humani,
610 4521 868 4582 quatenus
899 4513 1080 4583 plures
1105 4514 1189 4570 dei
1235 4514 1484 4570 dicuntur
1507 4525 1667 4586 atque
1709 4531 1828 4572 cre-

238 4605 440 4662 duntur
463 4605 517 4658 in
545 4606 765 4668 saeculo,
795 4605 1080 4660 benedictus
1111 4615 1284 4661 tamen
1329 4606 1468 4661 Deus
1511 4607 1714 4662 Domini
1745 4625 1834 4663 no-

1927 3415 2123 3454 omncm
2148 3415 2370 3463 carnem,
2406 3398 2470 3452 Et
2500 3400 2542 3451 si
2571 3398 2720 3450 litera
2768 3397 2949 3450 occidit
2969 3438 2984 3459 ,
3015 3399 3224 3467 spiritus
3263 3413 3377 3450 vero
3401 3396 3520 3449 viri—

1927 3493 2045 3560 ﬁcat
2067 3533 2079 3556 ,
2112 3492 2228 3561 ejus
2269 3502 2550 3561 utrumque
2579 3500 2662 3546 est
2691 3491 2778 3560 qui
2807 3491 2881 3544 ait
2908 3491 3083 3559 (Dent.
3115 3489 3310 3544 XXXII
3330 3532 3344 3555 ,
3372 3488 3466 3559 39)
3496 3505 3511 3542 :

1927 3585 2040 3656 Ego
2054 3587 2298 3646 occidam,
2315 3595 2362 3639 et
2377 3585 2660 3654 riviﬁcabo;
2679 3586 2974 3652 percutiam,
2989 3593 3033 3638 et
3047 3585 3255 3638 sanabo.
3270 3583 3409 3639 Olim
3424 3582 3523 3638 du-

1927 3679 2119 3750 plicem
2148 3681 2251 3733 vim
2281 3679 2550 3734 Creatoris
2583 3677 2963 3732 vindicarimus
3005 3675 3108 3747 (6),
3147 3686 3201 3730 ct
3233 3676 3431 3746 judicis
3467 3685 3524 3730 et

1928 3773 2072 3838 boni;
2101 3773 2175 3842 (b)
2209 3773 2358 3826 litera
2385 3771 2676 3825 occidentis
2705 3784 2800 3839 per
2825 3769 3042 3840 Legem,
3071 3779 3125 3824 et
3144 3770 3330 3840 spiritu
3359 3770 3526 3825 viviti-

1929 3867 2096 3920 cantis
2131 3881 2222 3934 per
2243 3863 2608 3933 Evangelium.
2628 3861 2740 3916 Non
2772 3863 3138 3932 possuntduos
3163 3863 3294 3919 deos
3317 3863 3518 3930 facere,

1930 3973 2047 4028 quae
2081 3957 2178 4012 etsi
2201 3956 2434 4018 diverSa,
2467 3957 2605 4026 apud
2633 3970 2794 4009 unum
2823 3957 3089 4010 recenseri
3119 3967 3514 4025 praevenerunt.

1928 4049 2327 4104 Commemorat
2355 4057 2402 4102 et
2431 4047 2494 4101 de
2515 4047 2760 4102 velamine
2782 4046 2968 4117 Moysi,
2997 4063 3096 4117 quo
3121 4048 3303 4118 faciem
3332 4049 3524 4119 tegebat

1929 4139 2419 4211 incontemplabilem
2441 4138 2560 4207 ﬁliis
2587 4137 2770 4193 Israel.
2805 4137 2862 4194 Si
2884 4137 3002 4192 ideo
3017 4147 3069 4192 ut
3100 4140 3393 4193 claritatem
3413 4155 3529 4194 ma-

1927 4235 2099 4305 jorem
2147 4231 2461 4288 defenderet
2501 4229 2638 4284 Novi
2687 4229 3010 4284 Testamenti
3038 4270 3052 4293 ,
3100 4232 3236 4298 quod
3269 4241 3437 4284 manet
3474 4232 3529 4284 in

1933 4327 2096 4397 gloria
2115 4365 2128 4388 ,
2175 4338 2333 4393 quam
2362 4323 2562 4377 veteris
2590 4363 2604 4387 ,
2637 4323 2774 4391 quod
2803 4321 3035 4374 evacuari
3064 4321 3309 4386 habebat;
3343 4323 3443 4377 hoc
3472 4331 3529 4378 et

1935 4435 2068 4475 mem
2100 4419 2352 4472 convenit
2381 4416 2501 4472 fidei
2529 4459 2543 4483 ,
2575 4415 2905 4486 praeponenti
2937 4413 3280 4485 Evangelium
3312 4414 3438 4487 legi.
3466 4417 3530 4472 Et

1934 4511 2055 4566 vide
2087 4526 2153 4566 ne
2194 4511 2360 4582 magis
2403 4525 2558 4564 mem.
2590 4509 2701 4563 Illic
2727 4512 2870 4564 enim
2900 4508 3003 4563 erit
3039 4511 3331 4580 superponi
3361 4510 3486 4580 quid
3509 4551 3526 4576 ,

1936 4604 2023 4659 ubi
2053 4603 2210 4659 fuerit
2253 4613 2302 4659 et
2345 4602 2472 4657 illud
2502 4602 2588 4656 cui
2636 4601 3035 4671 superponitur.
3068 4603 3138 4655 At
3181 4616 3301 4656 cum
3355 4600 3528 4655 dicit:

239 4701 330 4755 stri
357 4697 486 4752 Jesu
508 4696 694 4752 Christi
722 4696 878 4752 Pater
933 4713 1038 4753 non
1066 4698 1201 4752 alius
1229 4714 1388 4770 quam
1426 4699 1642 4755 Creator
1674 4702 1830 4756 intel-
1861 4717 1912 4776 υ
1939 4699 2044 4756 Sed
2072 4698 2234 4753 obtusi
2263 4707 2378 4751 sunt
2405 4712 2582 4752 sensus
2607 4695 2824 4758 mundi;
2872 4709 2978 4749 non
3009 4695 3193 4764 utique
3219 4693 3489 4748 Creatoris
3513 4735 3530 4760 ,

239 4789 458 4863 ligetur,
503 4791 594 4861 qui
631 4801 686 4847 et
731 4791 976 4846 universa
1025 4791 1316 4859 benedixit,
1367 4791 1533 4848 habes
1580 4792 1831 4849 Genesim

1937 4793 2030 4850 sed
2065 4791 2242 4864 populi
2270 4791 2358 4860 qui
2386 4790 2437 4845 in
2469 4787 2669 4844 mundo
2697 4795 2799 4848 est.
2835 4787 2908 4844 De
2935 4787 3134 4843 Israele
3161 4785 3241 4856 (7)
3275 4785 3417 4841 enim
3446 4785 3530 4840 di~

1452 4905 1828 4964 LECTIONES
1877 4904 2283 4965 VARIANTES.

304 5023 380 5082 (I)
405 5022 577 5074 Carnis
597 5022 676 5073 hic
697 5020 843 5074 omitt.
867 5022 1018 5074 Sani.

307 5084 389 5204 lii
411 5084 822 5200 esset

335 5147 389 5200 ὅ)
414 5147 512 5198 Sed
535 5147 653 5198 add.
673 5147 822 5200 Scmt.

312 5208 388 5274 (ι)
409 5208 501 5259 una
524 5209 592 5262 al.

2005 5023 2078 5086 (Si)
2107 5021 2295 5086 Aliquid
2319 5022 2458 5070 Ρωη.

2107 5023 2295 5086 Aliquid
2319 5023 2458 5070 Pam.

2019 5023 2082 5150 L6)
2107 5086 2412 5150 Yiudieamus
2428 5080 2578 5133 Seml.

2030 5145 2082 5210 7)
2110 5145 2258 5197 Israel
2278 5145 2422 5198 Uber.

1623 5297 2185 5357 COMMENTARIUS.

246 5413 373 5470 ideo
391 5414 454 5489 in
481 5428 640 5489 carne
668 5415 833 5472 fuisse
859 5417 1120 5474 dicemur.
1154 5417 1335 5489 Neque
1359 5420 1500 5474 enim
1528 5419 1841 5474 substantia:

248 5486 582 5560 carnis,_Dei
613 5502 832 5556 regnum
861 5489 1172 5557 denegatur,
1207 5486 1298 5545 sed
1341 5500 1578 5560 peccato.
1633 5490 1707 5545 Le
1745 5490 1838 5544 Ρη.

325 5559 404 5626 (a)
451 5556 552 5631 Per
595 5556 1122 5631 eminationerneorunt
1149 5577 1261 5631 qua:
1286 5556 1576 5629 iri-corpore
1615 5562 1840 5615 admisit.

249 5627 371 5684 Non
413 5629 510 5682 abs
551 5643 612 5682 re
654 5629 721 5700 de
761 5631 1074 5700 purgatione
1121 5627 1238 5699 post
1283 5627 1508 5686 mortem
1550 5632 1845 5697 subeunda,

252 5708 504 5754 accurata
549 5699 762 5769 quidem
802 5699 1152 5773 et’diligenti,
1193 5700 1308 5758 haec
1337 5703 1551 5772 intelligi
1579 5713 1847 5774 poterunt.

1518 5773 1595 5828 Ls
1649 5775 1742 5828 Pn.

327 5840 480 5915 CAP.
499 5839 749 5915 XL—(b)
768 5841 938 5915 Litera
953 5843 1222 5899 occidentis
1239 5862 1324 5912 per
1335 5845 1512 5915 legem.
1538 5845 1682 5899 l'auli
1697 5846 1852 5899 verba

256 5922 381 5970 sum
395 5910 434 5966 ΙΙ
457 5915 522 5967 ad
545 5913 667 5969 Cor.
681 5910 770 5978 III,
786 5919 836 5969 6·
859 5914 1029 5970 Litora
1045 5910 1246 5981 occidit,
1279 5910 1502 5987 Spiritus
1519 5918 1751 5986 ririﬁrat.
1773 5916 1830 5971 Li
1845 5948 1859 5959 -

1944 5429 2110 5475 teram
2126 5427 2279 5473 vocat
2291 5416 2460 5487 Leges
2474 5415 2754 5480 mosaicas,
2774 5413 3028 5486 Spiritum
3041 5412 3084 5469 E
3095 5412 3416 5487 v_angelium.
3433 5412 3543 5470 Lex

1946 5490 2172 5547 Mosaica
2193 5505 2286 5560 per
2301 5483 2646 5560 Evangelium
2662 5483 2931 5558 abrogata,
2934 5487 3043 5560 jam
3062 5483 3190 5539 nihil
3205 5495 3285 5560 est
3298 5500 3455 5560 quam
3491 5487 3545 5542 li-

1948 5572 2062 5616 tera
2087 5603 2101 5626 ,
2133 5557 2471 5630 corporeum,
2495 5559 2690 5628 aliquid
2710 5557 2853 5630 quad
2903 5559 3072 5612 oculis
3119 5557 3315 5612 nOSIris
3355 5557 3539 5630 legeng

1951 5632 2078 5688 dtnn
2105 5626 2406 5686 exhibetur.
2437 5629 2502 5684 Et
2525 5626 2778 5700 quamdiu
2801 5630 2981 5694 stetit,
3006 5643 3323 5698 corporeum
3345 5626 3542 5700 aliquid

1955 5703 2263 5776 priestabat.
2299 5699 2740 5776 Etenim__viola_ta
2770 5713 2993 5776 mortem
3026 5699 3330 5776 inferebat;
3355 5699 3544 5752 obser—

1958 5771 2080 5829 vata
2103 5814 2117 5840 ,
2151 5775 2426 5841 prmmium
2461 5771 2723 5827 felicitatis
2745 5771 2967 5841 alicujus
2989 5785 3261 5839 corporeae
3289 5772 3400 5841 sive
3431 5777 3544 5824 ter-

1960 5837 2124 5901 rente.
2153 5837 2330 5899 Verba
2371 5853 2545 5898 autem
2588 5844 2785 5898 Christi
2828 5837 3121 5912 Evangelia
3159 5837 3544 5912 comprehensa

1964 5919 2183 5988 spiritus
2210 5925 2333 5970 sunt
2358 5926 2409 5970 et
2440 5919 2564 5969 vita.
2597 5914 2804 5968 l'licnim
2840 5911 3216 5984 paenitentibus
3258 5923 3365 5965 reis
3409 5911 3548 5964 offe-
