  <div class='ocr_page' id='page_1' title='image "/cluster/home/n/w/nwhite01/storage/ocr_20150623/2/hvd.32044015466741/275.png"; bbox 0 0 4268 6492; ppageno 0'>
   <div class='ocr_carea' id='block_1_1' title="bbox 728 400 836 457">
    <p class='ocr_par' dir='ltr' id='par_1_1' title="bbox 728 400 836 457">
     <span class='ocr_line' id='line_1_1' title="bbox 728 400 836 457; baseline 0.019 -2"><span class='ocrx_word' id='word_1_1' title='bbox 728 400 836 457; x_wconf 68' lang='grc'><strong>499</strong></span> 
     </span>
    </p>
   </div>
   <div class='ocr_carea' id='block_1_2' title="bbox 2131 402 2591 461">
    <p class='ocr_par' dir='ltr' id='par_1_2' title="bbox 2131 402 2591 461">
     <span class='ocr_line' id='line_1_2' title="bbox 2131 402 2591 461; baseline 0.004 -2"><span class='ocrx_word' id='word_1_2' title='bbox 2131 402 2591 461; x_wconf 75' lang='lat' dir='ltr'><strong>TERTULLIANI</strong></span> 
     </span>
    </p>
   </div>
   <div class='ocr_carea' id='block_1_3' title="bbox 3907 403 4016 462">
    <p class='ocr_par' dir='ltr' id='par_1_3' title="bbox 3907 403 4016 462">
     <span class='ocr_line' id='line_1_3' title="bbox 3907 403 4016 462; baseline 0 0"><span class='ocrx_word' id='word_1_3' title='bbox 3907 403 4016 462; x_wconf 84' lang='lat'><strong>500</strong></span> 
     </span>
    </p>
   </div>
   <div class='ocr_carea' id='block_1_4' title="bbox 721 517 4016 592">
    <p class='ocr_par' dir='ltr' id='par_1_4' title="bbox 721 517 4016 592">
     <span class='ocr_line' id='line_1_4' title="bbox 721 517 4016 592; baseline 0.002 -24"><span class='ocrx_word' id='word_1_4' title='bbox 721 517 833 570; x_wconf 90' lang='lat' dir='ltr'><strong>cit:</strong></span> <span class='ocrx_word' id='word_1_5' title='bbox 863 517 943 570; x_wconf 79' lang='lat' dir='ltr'><strong>Ad</strong></span> <span class='ocrx_word' id='word_1_6' title='bbox 981 517 1281 572; x_wconf 79' lang='lat' dir='ltr'><strong>hodiernum</strong></span> <span class='ocrx_word' id='word_1_7' title='bbox 1314 533 1471 590; x_wconf 81' lang='lat' dir='ltr'><strong>usque</strong></span> <span class='ocrx_word' id='word_1_8' title='bbox 1510 519 1738 574; x_wconf 78' lang='lat' dir='ltr'><strong>velamen</strong></span> <span class='ocrx_word' id='word_1_9' title='bbox 1779 518 1833 572; x_wconf 88' lang='lat' dir='ltr'><strong>id</strong></span> <span class='ocrx_word' id='word_1_10' title='bbox 1869 519 2040 590; x_wconf 85' lang='lat' dir='ltr'><strong>ipsum</strong></span> <span class='ocrx_word' id='word_1_11' title='bbox 2072 519 2127 573; x_wconf 90' lang='lat' dir='ltr'><strong>in</strong></span> <span class='ocrx_word' id='word_1_12' title='bbox 2163 520 2313 575; x_wconf 86' lang='lat' dir='ltr'><strong>corde</strong></span> <span class='ocrx_word' id='word_1_13' title='bbox 2339 523 2385 580; x_wconf 81' lang='grc' dir='ltr'><strong>Λ</strong></span> <span class='ocrx_word' id='word_1_14' title='bbox 2416 521 2541 574; x_wconf 87' lang='lat' dir='ltr'><strong>lium</strong></span> <span class='ocrx_word' id='word_1_15' title='bbox 2566 521 2720 592; x_wconf 81' lang='lat' dir='ltr'><strong>hujus</strong></span> <span class='ocrx_word' id='word_1_16' title='bbox 2748 519 2842 574; x_wconf 74' lang='lat' dir='ltr'><strong>reri</strong></span> <span class='ocrx_word' id='word_1_17' title='bbox 2870 527 3086 575; x_wconf 72' lang='lat' dir='ltr'><strong>ea&#39;eiecat</strong></span> <span class='ocrx_word' id='word_1_18' title='bbox 3114 535 3232 585; x_wconf 87' lang='lat' dir='ltr'><strong>cor,</strong></span> <span class='ocrx_word' id='word_1_19' title='bbox 3267 517 3408 590; x_wconf 91' lang='lat' dir='ltr'><strong>quod</strong></span> <span class='ocrx_word' id='word_1_20' title='bbox 3435 517 3704 574; x_wconf 79' lang='lat' dir='ltr'><strong>Christum</strong></span> <span class='ocrx_word' id='word_1_21' title='bbox 3741 517 3860 589; x_wconf 84' lang='lat' dir='ltr'><strong>ejus</strong></span> <span class='ocrx_word' id='word_1_22' title='bbox 3911 534 4016 574; x_wconf 91' lang='lat' dir='ltr'><strong>non</strong></span> 
     </span>
    </p>
   </div>
   <div class='ocr_carea' id='block_1_5' title="bbox 723 610 2281 682">
    <p class='ocr_par' dir='ltr' id='par_1_5' title="bbox 723 610 2281 682">
     <span class='ocr_line' id='line_1_5' title="bbox 723 610 2281 682; baseline 0.003 -20"><span class='ocrx_word' id='word_1_23' title='bbox 723 625 916 663; x_wconf 79' lang='lat' dir='ltr'><strong>eorum.</strong></span> <span class='ocrx_word' id='word_1_24' title='bbox 941 610 1186 680; x_wconf 88' lang='lat' dir='ltr'><strong>Figuram</strong></span> <span class='ocrx_word' id='word_1_25' title='bbox 1205 612 1439 666; x_wconf 90' lang='lat' dir='ltr'><strong>ostendit</strong></span> <span class='ocrx_word' id='word_1_26' title='bbox 1457 611 1622 666; x_wconf 80' lang='lat' dir='ltr'><strong>fuisse</strong></span> <span class='ocrx_word' id='word_1_27' title='bbox 1636 611 1876 666; x_wconf 86' lang='lat' dir='ltr'><strong>velamen</strong></span> <span class='ocrx_word' id='word_1_28' title='bbox 1903 610 2056 666; x_wconf 76' lang='lat' dir='ltr'><strong>faciei</strong></span> <span class='ocrx_word' id='word_1_29' title='bbox 2085 612 2136 666; x_wconf 87' lang='lat' dir='ltr'><strong>itt</strong></span> <span class='ocrx_word' id='word_1_30' title='bbox 2159 611 2281 682; x_wconf 84' lang='lat' dir='ltr'><strong>Moy</strong></span> 
     </span>
    </p>
   </div>
   <div class='ocr_carea' id='block_1_6' title="bbox 723 702 2315 773">
    <p class='ocr_par' dir='ltr' id='par_1_6' title="bbox 723 702 2315 773">
     <span class='ocr_line' id='line_1_6' title="bbox 723 702 2315 773; baseline 0.003 -18"><span class='ocrx_word' id='word_1_31' title='bbox 723 715 818 767; x_wconf 80' lang='lat' dir='ltr'><strong>se,</strong></span> <span class='ocrx_word' id='word_1_32' title='bbox 846 703 1128 757; x_wconf 88' lang='lat' dir='ltr'><strong>velaminis</strong></span> <span class='ocrx_word' id='word_1_33' title='bbox 1156 702 1335 757; x_wconf 88' lang='lat' dir='ltr'><strong>cordis</strong></span> <span class='ocrx_word' id='word_1_34' title='bbox 1361 704 1411 757; x_wconf 92' lang='lat' dir='ltr'><strong>in</strong></span> <span class='ocrx_word' id='word_1_35' title='bbox 1441 703 1670 773; x_wconf 89' lang='lat' dir='ltr'><strong>populo,</strong></span> <span class='ocrx_word' id='word_1_36' title='bbox 1709 702 1831 773; x_wconf 85' lang='lat' dir='ltr'><strong>quia</strong></span> <span class='ocrx_word' id='word_1_37' title='bbox 1853 717 1952 757; x_wconf 90' lang='lat' dir='ltr'><strong>nec</strong></span> <span class='ocrx_word' id='word_1_38' title='bbox 1993 717 2135 758; x_wconf 91' lang='lat' dir='ltr'><strong>nunc</strong></span> <span class='ocrx_word' id='word_1_39' title='bbox 2174 702 2315 773; x_wconf 90' lang='lat' dir='ltr'><strong>apud</strong></span> 
     </span>
    </p>
   </div>
   <div class='ocr_carea' id='block_1_7' title="bbox 728 793 2316 866">
    <p class='ocr_par' dir='ltr' id='par_1_7' title="bbox 728 793 2316 866">
     <span class='ocr_line' id='line_1_7' title="bbox 728 793 2316 866; baseline 0.005 -22"><span class='ocrx_word' id='word_1_40' title='bbox 728 793 847 846; x_wconf 86' lang='lat' dir='ltr'><strong>illus</strong></span> <span class='ocrx_word' id='word_1_41' title='bbox 876 795 1224 864; x_wconf 86' lang='lat' dir='ltr'><strong>perspiciatur</strong></span> <span class='ocrx_word' id='word_1_42' title='bbox 1255 794 1464 866; x_wconf 82' lang='lat' dir='ltr'><strong>Moyses</strong></span> <span class='ocrx_word' id='word_1_43' title='bbox 1488 795 1651 851; x_wconf 88' lang='lat' dir='ltr'><strong>corde</strong></span> <span class='ocrx_word' id='word_1_44' title='bbox 1675 836 1691 861; x_wconf 94' lang='lat'><strong>,</strong></span> <span class='ocrx_word' id='word_1_45' title='bbox 1719 797 1854 850; x_wconf 89' lang='lat' dir='ltr'><strong>sicut</strong></span> <span class='ocrx_word' id='word_1_46' title='bbox 1881 809 1979 850; x_wconf 91' lang='lat' dir='ltr'><strong>nec</strong></span> <span class='ocrx_word' id='word_1_47' title='bbox 2007 794 2142 851; x_wconf 80' lang='lat' dir='ltr'><strong>faeie</strong></span> <span class='ocrx_word' id='word_1_48' title='bbox 2167 806 2316 852; x_wconf 92' lang='lat' dir='ltr'><strong>tunc.</strong></span> 
     </span>
    </p>
   </div>
   <div class='ocr_carea' id='block_1_8' title="bbox 727 885 2321 958">
    <p class='ocr_par' dir='ltr' id='par_1_8' title="bbox 727 885 2321 958">
     <span class='ocr_line' id='line_1_8' title="bbox 727 885 2321 958; baseline 0.003 -21"><span class='ocrx_word' id='word_1_49' title='bbox 727 885 864 949; x_wconf 82' lang='lat' dir='ltr'><strong>Quid</strong></span> <span class='ocrx_word' id='word_1_50' title='bbox 894 895 974 939; x_wconf 91' lang='lat' dir='ltr'><strong>cst</strong></span> <span class='ocrx_word' id='word_1_51' title='bbox 999 900 1127 956; x_wconf 77' lang='lat' dir='ltr'><strong>ergo</strong></span> <span class='ocrx_word' id='word_1_52' title='bbox 1151 885 1325 940; x_wconf 87' lang='lat' dir='ltr'><strong>adhuc</strong></span> <span class='ocrx_word' id='word_1_53' title='bbox 1357 887 1584 941; x_wconf 81' lang='lat' dir='ltr'><strong>velatum</strong></span> <span class='ocrx_word' id='word_1_54' title='bbox 1640 887 1691 942; x_wconf 90' lang='lat' dir='ltr'><strong>in</strong></span> <span class='ocrx_word' id='word_1_55' title='bbox 1731 886 1914 958; x_wconf 89' lang='lat' dir='ltr'><strong>Moyse</strong></span> <span class='ocrx_word' id='word_1_56' title='bbox 1970 885 2114 958; x_wconf 88' lang='lat' dir='ltr'><strong>quod</strong></span> <span class='ocrx_word' id='word_1_57' title='bbox 2161 889 2321 957; x_wconf 89' lang='lat' dir='ltr'><strong>perti-</strong></span> 
     </span>
    </p>
   </div>
   <div class='ocr_carea' id='block_1_9' title="bbox 729 977 2320 1052">
    <p class='ocr_par' dir='ltr' id='par_1_9' title="bbox 729 977 2320 1052">
     <span class='ocr_line' id='line_1_9' title="bbox 729 977 2320 1052; baseline 0.004 -22"><span class='ocrx_word' id='word_1_58' title='bbox 729 989 850 1032; x_wconf 88' lang='lat' dir='ltr'><strong>neat</strong></span> <span class='ocrx_word' id='word_1_59' title='bbox 870 978 936 1032; x_wconf 86' lang='lat' dir='ltr'><strong>ad</strong></span> <span class='ocrx_word' id='word_1_60' title='bbox 963 978 1206 1045; x_wconf 86' lang='lat' dir='ltr'><strong>Paulum,</strong></span> <span class='ocrx_word' id='word_1_61' title='bbox 1240 979 1283 1033; x_wconf 88' lang='lat' dir='ltr'><strong>si</strong></span> <span class='ocrx_word' id='word_1_62' title='bbox 1316 977 1560 1034; x_wconf 76' lang='lat' dir='ltr'><strong>Christus</strong></span> <span class='ocrx_word' id='word_1_63' title='bbox 1578 979 1844 1034; x_wconf 74' lang='lat' dir='ltr'><strong>Creatoris</strong></span> <span class='ocrx_word' id='word_1_64' title='bbox 1869 994 1898 1034; x_wconf 86' lang='lat' dir='ltr'><strong>a</strong></span> <span class='ocrx_word' id='word_1_65' title='bbox 1920 979 2100 1052; x_wconf 83' lang='lat' dir='ltr'><strong>Moyse</strong></span> <span class='ocrx_word' id='word_1_66' title='bbox 2125 980 2320 1052; x_wconf 58' lang='lat' dir='ltr'><strong>praedio</strong></span> 
     </span>
    </p>
   </div>
   <div class='ocr_carea' id='block_1_10' title="bbox 725 1069 2321 1143">
    <p class='ocr_par' dir='ltr' id='par_1_10' title="bbox 725 1069 2321 1143">
     <span class='ocr_line' id='line_1_10' title="bbox 725 1069 2321 1143; baseline 0.004 -20"><span class='ocrx_word' id='word_1_67' title='bbox 725 1077 876 1123; x_wconf 79' lang='lat' dir='ltr'><strong>catus</strong></span> <span class='ocrx_word' id='word_1_68' title='bbox 904 1069 1136 1124; x_wconf 88' lang='lat' dir='ltr'><strong>nondum</strong></span> <span class='ocrx_word' id='word_1_69' title='bbox 1169 1071 1353 1125; x_wconf 86' lang='lat' dir='ltr'><strong>venit?</strong></span> <span class='ocrx_word' id='word_1_70' title='bbox 1397 1070 1677 1139; x_wconf 79' lang='lat' dir='ltr'><strong>Quomodo</strong></span> <span class='ocrx_word' id='word_1_71' title='bbox 1697 1071 1807 1141; x_wconf 90' lang='lat' dir='ltr'><strong>jam</strong></span> <span class='ocrx_word' id='word_1_72' title='bbox 1851 1081 2036 1143; x_wconf 89' lang='lat' dir='ltr'><strong>operta</strong></span> <span class='ocrx_word' id='word_1_73' title='bbox 2059 1083 2111 1128; x_wconf 89' lang='lat' dir='ltr'><strong>et</strong></span> <span class='ocrx_word' id='word_1_74' title='bbox 2150 1073 2321 1128; x_wconf 86' lang='lat' dir='ltr'><strong>velata</strong></span> 
     </span>
    </p>
   </div>
   <div class='ocr_carea' id='block_1_11' title="bbox 725 1162 2320 1232">
    <p class='ocr_par' dir='ltr' id='par_1_11' title="bbox 725 1162 2320 1232">
     <span class='ocr_line' id='line_1_11' title="bbox 725 1162 2320 1232; baseline 0.006 -18"><span class='ocrx_word' id='word_1_75' title='bbox 725 1162 900 1217; x_wconf 91' lang='lat' dir='ltr'><strong>adhuc</strong></span> <span class='ocrx_word' id='word_1_76' title='bbox 927 1163 1248 1218; x_wconf 89' lang='lat' dir='ltr'><strong>denotantur</strong></span> <span class='ocrx_word' id='word_1_77' title='bbox 1275 1164 1436 1219; x_wconf 90' lang='lat' dir='ltr'><strong>corda</strong></span> <span class='ocrx_word' id='word_1_78' title='bbox 1462 1163 1768 1220; x_wconf 65' lang='lat' dir='ltr'><strong>Iudaeorum</strong></span> <span class='ocrx_word' id='word_1_79' title='bbox 1790 1207 1805 1232; x_wconf 94' lang='lat'><strong>,</strong></span> <span class='ocrx_word' id='word_1_80' title='bbox 1846 1166 2080 1221; x_wconf 91' lang='lat' dir='ltr'><strong>nondum</strong></span> <span class='ocrx_word' id='word_1_81' title='bbox 2111 1166 2320 1223; x_wconf 82' lang='lat' dir='ltr'><strong>exhibi-</strong></span> 
     </span>
    </p>
   </div>
   <div class='ocr_carea' id='block_1_12' title="bbox 723 1255 2323 1330">
    <p class='ocr_par' dir='ltr' id='par_1_12' title="bbox 723 1255 2323 1330">
     <span class='ocr_line' id='line_1_12' title="bbox 723 1255 2323 1330; baseline 0.004 -22"><span class='ocrx_word' id='word_1_82' title='bbox 723 1255 792 1309; x_wconf 92' lang='lat' dir='ltr'><strong>tis</strong></span> <span class='ocrx_word' id='word_1_83' title='bbox 825 1257 1289 1325; x_wconf 64' lang='lat' dir='ltr'><strong>praadicationibus</strong></span> <span class='ocrx_word' id='word_1_84' title='bbox 1318 1257 1484 1329; x_wconf 68' lang='lat' dir='ltr'><strong>Moysi</strong></span> <span class='ocrx_word' id='word_1_85' title='bbox 1507 1299 1521 1321; x_wconf 89' lang='lat'><strong>,</strong></span> <span class='ocrx_word' id='word_1_86' title='bbox 1556 1257 1606 1312; x_wconf 92' lang='lat' dir='ltr'><strong>id</strong></span> <span class='ocrx_word' id='word_1_87' title='bbox 1636 1265 1720 1313; x_wconf 85' lang='lat' dir='ltr'><strong>est</strong></span> <span class='ocrx_word' id='word_1_88' title='bbox 1746 1259 1813 1314; x_wconf 89' lang='lat' dir='ltr'><strong>de</strong></span> <span class='ocrx_word' id='word_1_89' title='bbox 1841 1256 2056 1313; x_wconf 78' lang='lat' dir='ltr'><strong>Christo</strong></span> <span class='ocrx_word' id='word_1_90' title='bbox 2076 1299 2091 1324; x_wconf 89' lang='lat'><strong>,</strong></span> <span class='ocrx_word' id='word_1_91' title='bbox 2122 1261 2173 1314; x_wconf 87' lang='lat' dir='ltr'><strong>itt</strong></span> <span class='ocrx_word' id='word_1_92' title='bbox 2214 1274 2323 1330; x_wconf 89' lang='lat' dir='ltr'><strong>quo</strong></span> 
     </span>
    </p>
   </div>
   <div class='ocr_carea' id='block_1_13' title="bbox 723 1350 2322 1427">
    <p class='ocr_par' dir='ltr' id='par_1_13' title="bbox 723 1350 2322 1427">
     <span class='ocr_line' id='line_1_13' title="bbox 723 1350 2322 1427; baseline 0.005 -23"><span class='ocrx_word' id='word_1_93' title='bbox 723 1363 846 1404; x_wconf 91' lang='lat' dir='ltr'><strong>eum</strong></span> <span class='ocrx_word' id='word_1_94' title='bbox 874 1350 1164 1420; x_wconf 84' lang='lat' dir='ltr'><strong>intelligere</strong></span> <span class='ocrx_word' id='word_1_95' title='bbox 1193 1351 1495 1407; x_wconf 87' lang='lat' dir='ltr'><strong>deberent?</strong></span> <span class='ocrx_word' id='word_1_96' title='bbox 1525 1354 1660 1422; x_wconf 86' lang='lat' dir='ltr'><strong>Quid</strong></span> <span class='ocrx_word' id='word_1_97' title='bbox 1691 1356 1758 1411; x_wconf 92' lang='lat' dir='ltr'><strong>ad</strong></span> <span class='ocrx_word' id='word_1_98' title='bbox 1785 1357 2080 1427; x_wconf 78' lang='lat' dir='ltr'><strong>apostolum</strong></span> <span class='ocrx_word' id='word_1_99' title='bbox 2122 1355 2322 1412; x_wconf 80' lang='lat' dir='ltr'><strong>Christi</strong></span> 
     </span>
    </p>
   </div>
   <div class='ocr_carea' id='block_1_14' title="bbox 727 1442 2322 1521">
    <p class='ocr_par' dir='ltr' id='par_1_14' title="bbox 727 1442 2322 1521">
     <span class='ocr_line' id='line_1_14' title="bbox 727 1442 2322 1521; baseline 0.008 -27"><span class='ocrx_word' id='word_1_100' title='bbox 727 1442 981 1508; x_wconf 89' lang='lat' dir='ltr'><strong>alterius,</strong></span> <span class='ocrx_word' id='word_1_101' title='bbox 1014 1444 1058 1498; x_wconf 92' lang='lat' dir='ltr'><strong>si</strong></span> <span class='ocrx_word' id='word_1_102' title='bbox 1094 1443 1183 1498; x_wconf 81' lang='lat' dir='ltr'><strong>Dei</strong></span> <span class='ocrx_word' id='word_1_103' title='bbox 1229 1446 1310 1499; x_wconf 90' lang='lat' dir='ltr'><strong>sui</strong></span> <span class='ocrx_word' id='word_1_104' title='bbox 1356 1457 1687 1503; x_wconf 85' lang='lat' dir='ltr'><strong>sacramenta</strong></span> <span class='ocrx_word' id='word_1_105' title='bbox 1714 1448 1883 1504; x_wconf 77' lang='lat' dir='ltr'><strong>Judaei</strong></span> <span class='ocrx_word' id='word_1_106' title='bbox 1915 1467 2018 1504; x_wconf 92' lang='lat' dir='ltr'><strong>nou</strong></span> <span class='ocrx_word' id='word_1_107' title='bbox 2060 1451 2322 1521; x_wconf 88' lang='lat' dir='ltr'><strong>intellige-</strong></span> 
     </span>
    </p>
   </div>
   <div class='ocr_carea' id='block_1_15' title="bbox 733 1535 2318 1612">
    <p class='ocr_par' dir='ltr' id='par_1_15' title="bbox 733 1535 2318 1612">
     <span class='ocr_line' id='line_1_15' title="bbox 733 1535 2318 1612; baseline 0.008 -26"><span class='ocrx_word' id='word_1_108' title='bbox 733 1535 857 1588; x_wconf 80' lang='lat' dir='ltr'><strong>bant</strong></span> <span class='ocrx_word' id='word_1_109' title='bbox 877 1577 890 1597; x_wconf 93' lang='lat'><strong>,</strong></span> <span class='ocrx_word' id='word_1_110' title='bbox 917 1535 1016 1588; x_wconf 89' lang='lat' dir='ltr'><strong>nisi</strong></span> <span class='ocrx_word' id='word_1_111' title='bbox 1046 1537 1167 1606; x_wconf 90' lang='lat' dir='ltr'><strong>quia</strong></span> <span class='ocrx_word' id='word_1_112' title='bbox 1194 1538 1435 1594; x_wconf 79' lang='lat' dir='ltr'><strong>velamen</strong></span> <span class='ocrx_word' id='word_1_113' title='bbox 1467 1541 1645 1594; x_wconf 83' lang='lat' dir='ltr'><strong>cordis</strong></span> <span class='ocrx_word' id='word_1_114' title='bbox 1674 1542 1882 1597; x_wconf 90' lang='lat' dir='ltr'><strong>illorum</strong></span> <span class='ocrx_word' id='word_1_115' title='bbox 1908 1542 1975 1597; x_wconf 90' lang='lat' dir='ltr'><strong>ad</strong></span> <span class='ocrx_word' id='word_1_116' title='bbox 1999 1544 2318 1612; x_wconf 67' lang='lat' dir='ltr'><strong>caecitatem,</strong></span> 
     </span>
    </p>
   </div>
   <div class='ocr_carea' id='block_1_16' title="bbox 727 1631 2322 1709">
    <p class='ocr_par' dir='ltr' id='par_1_16' title="bbox 727 1631 2322 1709">
     <span class='ocr_line' id='line_1_16' title="bbox 727 1631 2322 1709; baseline 0.009 -32"><span class='ocrx_word' id='word_1_117' title='bbox 727 1640 828 1695; x_wconf 89' lang='lat' dir='ltr'><strong>qua</strong></span> <span class='ocrx_word' id='word_1_118' title='bbox 855 1642 960 1680; x_wconf 91' lang='lat' dir='ltr'><strong>non</strong></span> <span class='ocrx_word' id='word_1_119' title='bbox 1005 1641 1384 1698; x_wconf 78' lang='lat' dir='ltr'><strong>perspexerant</strong></span> <span class='ocrx_word' id='word_1_120' title='bbox 1411 1631 1722 1701; x_wconf 87' lang='lat' dir='ltr'><strong>Christum,</strong></span> <span class='ocrx_word' id='word_1_121' title='bbox 1768 1634 1933 1709; x_wconf 92' lang='lat' dir='ltr'><strong>Moysi</strong></span> <span class='ocrx_word' id='word_1_122' title='bbox 1983 1637 2322 1708; x_wconf 80' lang='lat' dir='ltr'><strong>pertinebat?</strong></span> 
     </span>
    </p>
   </div>
   <div class='ocr_carea' id='block_1_17' title="bbox 732 1718 2322 1792">
    <p class='ocr_par' dir='ltr' id='par_1_17' title="bbox 732 1718 2322 1792">
     <span class='ocr_line' id='line_1_17' title="bbox 732 1718 2322 1792; baseline 0.008 -22"><span class='ocrx_word' id='word_1_123' title='bbox 732 1718 1003 1788; x_wconf 82' lang='lat' dir='ltr'><strong>Denique,</strong></span> <span class='ocrx_word' id='word_1_124' title='bbox 1049 1721 1191 1790; x_wconf 92' lang='lat' dir='ltr'><strong>quod</strong></span> <span class='ocrx_word' id='word_1_125' title='bbox 1243 1724 1522 1792; x_wconf 88' lang='lat' dir='ltr'><strong>sequitur:</strong></span> <span class='ocrx_word' id='word_1_126' title='bbox 1571 1726 1696 1781; x_wconf 87' lang='lat' dir='ltr'><strong>Cum</strong></span> <span class='ocrx_word' id='word_1_127' title='bbox 1744 1744 1861 1782; x_wconf 75' lang='lat' dir='ltr'><strong>vero</strong></span> <span class='ocrx_word' id='word_1_128' title='bbox 1913 1729 2209 1783; x_wconf 76' lang='lat' dir='ltr'><strong>converterit</strong></span> <span class='ocrx_word' id='word_1_129' title='bbox 2253 1728 2322 1783; x_wconf 88' lang='lat' dir='ltr'><strong>ad</strong></span> 
     </span>
    </p>
   </div>
   <div class='ocr_carea' id='block_1_18' title="bbox 730 1809 2317 1892">
    <p class='ocr_par' dir='ltr' id='par_1_18' title="bbox 730 1809 2317 1892">
     <span class='ocr_line' id='line_1_18' title="bbox 730 1809 2317 1892; baseline 0.009 -29"><span class='ocrx_word' id='word_1_130' title='bbox 730 1809 895 1865; x_wconf 83' lang='lat' dir='ltr'><strong>Deum</strong></span> <span class='ocrx_word' id='word_1_131' title='bbox 915 1856 927 1876; x_wconf 89' lang='lat'><strong>,</strong></span> <span class='ocrx_word' id='word_1_132' title='bbox 962 1819 1220 1886; x_wconf 76' lang='lat' dir='ltr'><strong>auferetur</strong></span> <span class='ocrx_word' id='word_1_133' title='bbox 1249 1819 1514 1884; x_wconf 72' lang='lat' dir='ltr'><strong>velamen,-</strong></span> <span class='ocrx_word' id='word_1_134' title='bbox 1543 1819 1643 1875; x_wconf 90' lang='lat' dir='ltr'><strong>hoc</strong></span> <span class='ocrx_word' id='word_1_135' title='bbox 1668 1819 1855 1876; x_wconf 75' lang='lat' dir='ltr'><strong>Judtco</strong></span> <span class='ocrx_word' id='word_1_136' title='bbox 1911 1823 2124 1892; x_wconf 86' lang='lat' dir='ltr'><strong>proprie</strong></span> <span class='ocrx_word' id='word_1_137' title='bbox 2154 1823 2317 1886; x_wconf 91' lang='lat' dir='ltr'><strong>dicit,</strong></span> 
     </span>
    </p>
   </div>
   <div class='ocr_carea' id='block_1_19' title="bbox 2417 609 4020 683">
    <p class='ocr_par' dir='ltr' id='par_1_19' title="bbox 2417 609 4020 683">
     <span class='ocr_line' id='line_1_19' title="bbox 2417 609 4020 683; baseline -0.001 -17"><span class='ocrx_word' id='word_1_138' title='bbox 2417 613 2557 668; x_wconf 90' lang='lat' dir='ltr'><strong>ultro</strong></span> <span class='ocrx_word' id='word_1_139' title='bbox 2583 612 2992 683; x_wconf 79' lang='lat' dir='ltr'><strong>recognorerint</strong></span> <span class='ocrx_word' id='word_1_140' title='bbox 3014 611 3082 666; x_wconf 91' lang='lat' dir='ltr'><strong>de</strong></span> <span class='ocrx_word' id='word_1_141' title='bbox 3109 610 3400 681; x_wconf 89' lang='lat' dir='ltr'><strong>Scripturis</strong></span> <span class='ocrx_word' id='word_1_142' title='bbox 3420 651 3435 676; x_wconf 89' lang='lat'><strong>,</strong></span> <span class='ocrx_word' id='word_1_143' title='bbox 3479 609 3906 680; x_wconf 86' lang='lat' dir='ltr'><strong>intelligendum.</strong></span> <span class='ocrx_word' id='word_1_144' title='bbox 3950 609 4020 665; x_wconf 83' lang='lat' dir='ltr'><strong>Et</strong></span> 
     </span>
    </p>
   </div>
   <div class='ocr_carea' id='block_1_20' title="bbox 2421 704 4018 776">
    <p class='ocr_par' dir='ltr' id='par_1_20' title="bbox 2421 704 4018 776">
     <span class='ocr_line' id='line_1_20' title="bbox 2421 704 4018 776; baseline 0 -18"><span class='ocrx_word' id='word_1_145' title='bbox 2421 706 2649 776; x_wconf 86' lang='lat' dir='ltr'><strong>positum</strong></span> <span class='ocrx_word' id='word_1_146' title='bbox 2687 706 2740 761; x_wconf 90' lang='lat' dir='ltr'><strong>in</strong></span> <span class='ocrx_word' id='word_1_147' title='bbox 2782 706 3126 776; x_wconf 73' lang='lat' dir='ltr'><strong>ambiguitate</strong></span> <span class='ocrx_word' id='word_1_148' title='bbox 3166 705 3522 759; x_wconf 77' lang='lat' dir='ltr'><strong>distinctionis</strong></span> <span class='ocrx_word' id='word_1_149' title='bbox 3572 704 3832 759; x_wconf 82' lang='lat' dir='ltr'><strong>hactenus</strong></span> <span class='ocrx_word' id='word_1_150' title='bbox 3875 714 4018 758; x_wconf 87' lang='lat' dir='ltr'><strong>trac-</strong></span> 
     </span>
    </p>
   </div>
   <div class='ocr_carea' id='block_1_21' title="bbox 2422 797 4017 868">
    <p class='ocr_par' dir='ltr' id='par_1_21' title="bbox 2422 797 4017 868">
     <span class='ocr_line' id='line_1_21' title="bbox 2422 797 4017 868; baseline -0.003 -14"><span class='ocrx_word' id='word_1_151' title='bbox 2422 809 2595 866; x_wconf 89' lang='lat' dir='ltr'><strong>tasse,</strong></span> <span class='ocrx_word' id='word_1_152' title='bbox 2626 813 2693 854; x_wconf 89' lang='lat' dir='ltr'><strong>ne</strong></span> <span class='ocrx_word' id='word_1_153' title='bbox 2734 798 3042 853; x_wconf 82' lang='lat' dir='ltr'><strong>adversario</strong></span> <span class='ocrx_word' id='word_1_154' title='bbox 3075 797 3388 868; x_wconf 86' lang='lat' dir='ltr'><strong>prodesset,</strong></span> <span class='ocrx_word' id='word_1_155' title='bbox 3421 805 3703 851; x_wconf 86' lang='lat' dir='ltr'><strong>contentus</strong></span> <span class='ocrx_word' id='word_1_156' title='bbox 3735 797 3974 851; x_wconf 78' lang='lat' dir='ltr'><strong>victoria:</strong></span> <span class='ocrx_word' id='word_1_157' title='bbox 4001 838 4017 860; x_wconf 90' lang='lat'><strong>,</strong></span> 
     </span>
    </p>
   </div>
   <div class='ocr_carea' id='block_1_22' title="bbox 2423 888 4021 962">
    <p class='ocr_par' dir='ltr' id='par_1_22' title="bbox 2423 888 4021 962">
     <span class='ocr_line' id='line_1_22' title="bbox 2423 888 4021 962; baseline 0 -18"><span class='ocrx_word' id='word_1_158' title='bbox 2423 906 2504 945; x_wconf 79' lang='lat' dir='ltr'><strong>na:</strong></span> <span class='ocrx_word' id='word_1_159' title='bbox 2543 890 2682 944; x_wconf 91' lang='lat' dir='ltr'><strong>ultro</strong></span> <span class='ocrx_word' id='word_1_160' title='bbox 2714 889 2792 962; x_wconf 77' lang='lat'><strong>(5)</strong></span> <span class='ocrx_word' id='word_1_161' title='bbox 2821 903 3035 956; x_wconf 87' lang='lat' dir='ltr'><strong>possum</strong></span> <span class='ocrx_word' id='word_1_162' title='bbox 3061 899 3115 943; x_wconf 91' lang='lat' dir='ltr'><strong>et</strong></span> <span class='ocrx_word' id='word_1_163' title='bbox 3145 890 3197 943; x_wconf 94' lang='lat' dir='ltr'><strong>in</strong></span> <span class='ocrx_word' id='word_1_164' title='bbox 3228 897 3396 943; x_wconf 93' lang='lat' dir='ltr'><strong>totum</strong></span> <span class='ocrx_word' id='word_1_165' title='bbox 3437 888 3838 943; x_wconf 89' lang='lat' dir='ltr'><strong>contentionem</strong></span> <span class='ocrx_word' id='word_1_166' title='bbox 3883 888 4021 944; x_wconf 90' lang='lat' dir='ltr'><strong>hanc</strong></span> 
     </span>
    </p>
   </div>
   <div class='ocr_carea' id='block_1_23' title="bbox 2424 981 4021 1054">
    <p class='ocr_par' dir='ltr' id='par_1_23' title="bbox 2424 981 4021 1054">
     <span class='ocr_line' id='line_1_23' title="bbox 2424 981 4021 1054; baseline -0.003 -15"><span class='ocrx_word' id='word_1_167' title='bbox 2424 985 2724 1053; x_wconf 71' lang='lat' dir='ltr'><strong>praeterisse</strong></span> <span class='ocrx_word' id='word_1_168' title='bbox 2753 983 3058 1054; x_wconf 89' lang='lat' dir='ltr'><strong>simpliciori</strong></span> <span class='ocrx_word' id='word_1_169' title='bbox 3085 996 3363 1050; x_wconf 74' lang='lat' dir='ltr'><strong>reSponso.</strong></span> <span class='ocrx_word' id='word_1_170' title='bbox 3399 982 3514 1036; x_wconf 61' lang='lat' dir='ltr'><strong>Prae</strong></span> <span class='ocrx_word' id='word_1_171' title='bbox 3540 997 3701 1037; x_wconf 89' lang='lat' dir='ltr'><strong>manu</strong></span> <span class='ocrx_word' id='word_1_172' title='bbox 3727 983 3828 1036; x_wconf 92' lang='lat' dir='ltr'><strong>erit</strong></span> <span class='ocrx_word' id='word_1_173' title='bbox 3873 981 4021 1035; x_wconf 86' lang='lat' dir='ltr'><strong>scili-</strong></span> 
     </span>
    </p>
   </div>
   <div class='ocr_carea' id='block_1_24' title="bbox 2423 1075 4020 1151">
    <p class='ocr_par' dir='ltr' id='par_1_24' title="bbox 2423 1075 4020 1151">
     <span class='ocr_line' id='line_1_24' title="bbox 2423 1075 4020 1151; baseline -0.005 -17"><span class='ocrx_word' id='word_1_174' title='bbox 2423 1085 2510 1134; x_wconf 92' lang='lat' dir='ltr'><strong>cet</strong></span> <span class='ocrx_word' id='word_1_175' title='bbox 2542 1075 2620 1151; x_wconf 77' lang='grc'><strong>(4)</strong></span> <span class='ocrx_word' id='word_1_176' title='bbox 2659 1076 2816 1147; x_wconf 85' lang='lat' dir='ltr'><strong>hujus</strong></span> <span class='ocrx_word' id='word_1_177' title='bbox 2861 1077 2958 1132; x_wconf 57' lang='lat' dir='ltr'><strong>aevi</strong></span> <span class='ocrx_word' id='word_1_178' title='bbox 3003 1075 3279 1131; x_wconf 86' lang='lat' dir='ltr'><strong>dominum</strong></span> <span class='ocrx_word' id='word_1_179' title='bbox 3326 1076 3594 1130; x_wconf 88' lang='lat' dir='ltr'><strong>diabolum</strong></span> <span class='ocrx_word' id='word_1_180' title='bbox 3642 1076 4020 1144; x_wconf 90' lang='lat' dir='ltr'><strong>interpretari,</strong></span> 
     </span>
    </p>
   </div>
   <div class='ocr_carea' id='block_1_25' title="bbox 2424 1167 4024 1242">
    <p class='ocr_par' dir='ltr' id='par_1_25' title="bbox 2424 1167 4024 1242">
     <span class='ocr_line' id='line_1_25' title="bbox 2424 1167 4024 1242; baseline -0.003 -17"><span class='ocrx_word' id='word_1_181' title='bbox 2424 1171 2512 1242; x_wconf 90' lang='lat' dir='ltr'><strong>qui</strong></span> <span class='ocrx_word' id='word_1_182' title='bbox 2538 1171 2762 1234; x_wconf 76' lang='lat' dir='ltr'><strong>dixerit,</strong></span> <span class='ocrx_word' id='word_1_183' title='bbox 2806 1171 3060 1240; x_wconf 83' lang='lat' dir='ltr'><strong>propheta</strong></span> <span class='ocrx_word' id='word_1_184' title='bbox 3090 1169 3356 1225; x_wconf 81' lang='lat' dir='ltr'><strong>referente</strong></span> <span class='ocrx_word' id='word_1_185' title='bbox 3386 1169 3488 1241; x_wconf 97' lang='lat' dir='ltr'><strong>(Is.</strong></span> <span class='ocrx_word' id='word_1_186' title='bbox 3533 1168 3674 1233; x_wconf 87' lang='lat' dir='ltr'><strong>XIV,</strong></span> <span class='ocrx_word' id='word_1_187' title='bbox 3707 1169 3795 1241; x_wconf 73' lang='grc'><strong>14)</strong></span> <span class='ocrx_word' id='word_1_188' title='bbox 3848 1186 3862 1222; x_wconf 93' lang='lat'><strong>:</strong></span> <span class='ocrx_word' id='word_1_189' title='bbox 3917 1167 4024 1222; x_wconf 87' lang='lat' dir='ltr'><strong>Ero</strong></span> 
     </span>
    </p>
   </div>
   <div class='ocr_carea' id='block_1_26' title="bbox 2423 1261 4024 1331">
    <p class='ocr_par' dir='ltr' id='par_1_26' title="bbox 2423 1261 4024 1331">
     <span class='ocr_line' id='line_1_26' title="bbox 2423 1261 4024 1331; baseline -0.002 -15"><span class='ocrx_word' id='word_1_190' title='bbox 2423 1261 2602 1316; x_wconf 89' lang='lat' dir='ltr'><strong>similis</strong></span> <span class='ocrx_word' id='word_1_191' title='bbox 2646 1262 2931 1326; x_wconf 78' lang='lat' dir='ltr'><strong>Altissimi,</strong></span> <span class='ocrx_word' id='word_1_192' title='bbox 2975 1277 3160 1331; x_wconf 84' lang='lat' dir='ltr'><strong>ponam</strong></span> <span class='ocrx_word' id='word_1_193' title='bbox 3200 1262 3253 1314; x_wconf 91' lang='lat' dir='ltr'><strong>in</strong></span> <span class='ocrx_word' id='word_1_194' title='bbox 3277 1261 3490 1315; x_wconf 87' lang='lat' dir='ltr'><strong>nubibus</strong></span> <span class='ocrx_word' id='word_1_195' title='bbox 3533 1262 3770 1315; x_wconf 81' lang='lat' dir='ltr'><strong>thronum</strong></span> <span class='ocrx_word' id='word_1_196' title='bbox 3813 1276 4024 1325; x_wconf 87' lang='lat' dir='ltr'><strong>meum;</strong></span> 
     </span>
    </p>
   </div>
   <div class='ocr_carea' id='block_1_27' title="bbox 2425 1351 4028 1424">
    <p class='ocr_par' dir='ltr' id='par_1_27' title="bbox 2425 1351 4028 1424">
     <span class='ocr_line' id='line_1_27' title="bbox 2425 1351 4028 1424; baseline -0.003 -15"><span class='ocrx_word' id='word_1_197' title='bbox 2425 1357 2562 1410; x_wconf 89' lang='lat' dir='ltr'><strong>sicut</strong></span> <span class='ocrx_word' id='word_1_198' title='bbox 2587 1363 2639 1408; x_wconf 89' lang='lat' dir='ltr'><strong>et</strong></span> <span class='ocrx_word' id='word_1_199' title='bbox 2671 1363 2778 1408; x_wconf 91' lang='lat' dir='ltr'><strong>tota</strong></span> <span class='ocrx_word' id='word_1_200' title='bbox 2808 1353 2965 1424; x_wconf 89' lang='lat' dir='ltr'><strong>hujus</strong></span> <span class='ocrx_word' id='word_1_201' title='bbox 2989 1357 3085 1408; x_wconf 77' lang='lat' dir='ltr'><strong>:evi</strong></span> <span class='ocrx_word' id='word_1_202' title='bbox 3114 1353 3422 1423; x_wconf 85' lang='lat' dir='ltr'><strong>superstitio</strong></span> <span class='ocrx_word' id='word_1_203' title='bbox 3447 1351 3522 1406; x_wconf 91' lang='lat' dir='ltr'><strong>illi</strong></span> <span class='ocrx_word' id='word_1_204' title='bbox 3571 1353 3872 1421; x_wconf 81' lang='lat' dir='ltr'><strong>mancipata</strong></span> <span class='ocrx_word' id='word_1_205' title='bbox 3902 1360 3984 1404; x_wconf 87' lang='lat' dir='ltr'><strong>cst</strong></span> <span class='ocrx_word' id='word_1_206' title='bbox 4010 1391 4028 1415; x_wconf 89' lang='lat'><strong>,</strong></span> 
     </span>
    </p>
   </div>
   <div class='ocr_carea' id='block_1_28' title="bbox 2423 1444 4030 1518">
    <p class='ocr_par' dir='ltr' id='par_1_28' title="bbox 2423 1444 4030 1518">
     <span class='ocr_line' id='line_1_28' title="bbox 2423 1444 4030 1518; baseline -0.002 -19"><span class='ocrx_word' id='word_1_207' title='bbox 2423 1447 2514 1518; x_wconf 90' lang='lat' dir='ltr'><strong>qui</strong></span> <span class='ocrx_word' id='word_1_208' title='bbox 2539 1455 2774 1500; x_wconf 71' lang='lat' dir='ltr'><strong>excarcet</strong></span> <span class='ocrx_word' id='word_1_209' title='bbox 2801 1444 3090 1500; x_wconf 90' lang='lat' dir='ltr'><strong>iulidelium</strong></span> <span class='ocrx_word' id='word_1_210' title='bbox 3117 1444 3278 1499; x_wconf 87' lang='lat' dir='ltr'><strong>corda</strong></span> <span class='ocrx_word' id='word_1_211' title='bbox 3302 1486 3315 1509; x_wconf 95' lang='lat'><strong>,</strong></span> <span class='ocrx_word' id='word_1_212' title='bbox 3348 1455 3402 1498; x_wconf 90' lang='lat' dir='ltr'><strong>et</strong></span> <span class='ocrx_word' id='word_1_213' title='bbox 3432 1444 3484 1498; x_wconf 90' lang='lat' dir='ltr'><strong>in</strong></span> <span class='ocrx_word' id='word_1_214' title='bbox 3515 1444 3731 1513; x_wconf 87' lang='lat' dir='ltr'><strong>primis,</strong></span> <span class='ocrx_word' id='word_1_215' title='bbox 3765 1452 4030 1512; x_wconf 71' lang='lat' dir='ltr'><strong>apostata:</strong></span> 
     </span>
    </p>
   </div>
   <div class='ocr_carea' id='block_1_29' title="bbox 2425 1536 4020 1609">
    <p class='ocr_par' dir='ltr' id='par_1_29' title="bbox 2425 1536 4020 1609">
     <span class='ocr_line' id='line_1_29' title="bbox 2425 1536 4020 1609; baseline -0.004 -14"><span class='ocrx_word' id='word_1_216' title='bbox 2425 1539 2724 1595; x_wconf 87' lang='lat' dir='ltr'><strong>Marcionis.</strong></span> <span class='ocrx_word' id='word_1_217' title='bbox 2759 1538 3013 1609; x_wconf 86' lang='lat' dir='ltr'><strong>Denique,</strong></span> <span class='ocrx_word' id='word_1_218' title='bbox 3049 1553 3152 1593; x_wconf 90' lang='lat' dir='ltr'><strong>non</strong></span> <span class='ocrx_word' id='word_1_219' title='bbox 3183 1537 3315 1592; x_wconf 88' lang='lat' dir='ltr'><strong>vidit</strong></span> <span class='ocrx_word' id='word_1_220' title='bbox 3343 1548 3714 1591; x_wconf 86' lang='lat' dir='ltr'><strong>occurrentem</strong></span> <span class='ocrx_word' id='word_1_221' title='bbox 3745 1538 3846 1591; x_wconf 88' lang='lat' dir='ltr'><strong>sibi</strong></span> <span class='ocrx_word' id='word_1_222' title='bbox 3867 1536 4020 1590; x_wconf 83' lang='lat' dir='ltr'><strong>clau-</strong></span> 
     </span>
    </p>
   </div>
   <div class='ocr_carea' id='block_1_30' title="bbox 2430 1630 4028 1701">
    <p class='ocr_par' dir='ltr' id='par_1_30' title="bbox 2430 1630 4028 1701">
     <span class='ocr_line' id='line_1_30' title="bbox 2430 1630 4028 1701; baseline -0.004 -14"><span class='ocrx_word' id='word_1_223' title='bbox 2430 1632 2600 1688; x_wconf 86' lang='lat' dir='ltr'><strong>sulam</strong></span> <span class='ocrx_word' id='word_1_224' title='bbox 2629 1647 2854 1686; x_wconf 85' lang='lat' dir='ltr'><strong>sensus:</strong></span> <span class='ocrx_word' id='word_1_225' title='bbox 2883 1631 3135 1699; x_wconf 82' lang='lat' dir='ltr'><strong>Quoniam</strong></span> <span class='ocrx_word' id='word_1_226' title='bbox 3160 1630 3313 1695; x_wconf 90' lang='lat' dir='ltr'><strong>Deus,</strong></span> <span class='ocrx_word' id='word_1_227' title='bbox 3334 1631 3421 1701; x_wconf 89' lang='lat' dir='ltr'><strong>qui</strong></span> <span class='ocrx_word' id='word_1_228' title='bbox 3450 1630 3579 1684; x_wconf 75' lang='lat' dir='ltr'><strong>dixit</strong></span> <span class='ocrx_word' id='word_1_229' title='bbox 3605 1646 3668 1683; x_wconf 77' lang='lat' dir='ltr'><strong>ea:</strong></span> <span class='ocrx_word' id='word_1_230' title='bbox 3697 1630 3915 1682; x_wconf 81' lang='lat' dir='ltr'><strong>tenebris</strong></span> <span class='ocrx_word' id='word_1_231' title='bbox 3943 1630 4028 1680; x_wconf 83' lang='lat' dir='ltr'><strong>lu-</strong></span> 
     </span>
    </p>
   </div>
   <div class='ocr_carea' id='block_1_31' title="bbox 2424 1721 4033 1790">
    <p class='ocr_par' dir='ltr' id='par_1_31' title="bbox 2424 1721 4033 1790">
     <span class='ocr_line' id='line_1_31' title="bbox 2424 1721 4033 1790; baseline -0.003 -11"><span class='ocrx_word' id='word_1_232' title='bbox 2424 1743 2528 1780; x_wconf 84' lang='lat' dir='ltr'><strong>cent</strong></span> <span class='ocrx_word' id='word_1_233' title='bbox 2551 1726 2812 1790; x_wconf 78' lang='lat' dir='ltr'><strong>lucescere,</strong></span> <span class='ocrx_word' id='word_1_234' title='bbox 2841 1725 3028 1778; x_wconf 76' lang='lat' dir='ltr'><strong>reluxit</strong></span> <span class='ocrx_word' id='word_1_235' title='bbox 3053 1725 3106 1778; x_wconf 87' lang='lat' dir='ltr'><strong>in</strong></span> <span class='ocrx_word' id='word_1_236' title='bbox 3132 1724 3365 1777; x_wconf 83' lang='lat' dir='ltr'><strong>cordibus</strong></span> <span class='ocrx_word' id='word_1_237' title='bbox 3391 1723 3577 1776; x_wconf 85' lang='lat' dir='ltr'><strong>nostris</strong></span> <span class='ocrx_word' id='word_1_238' title='bbox 3601 1723 3670 1774; x_wconf 91' lang='lat' dir='ltr'><strong>ad</strong></span> <span class='ocrx_word' id='word_1_239' title='bbox 3690 1721 4003 1774; x_wconf 86' lang='lat' dir='ltr'><strong>illuminatio</strong></span> <span class='ocrx_word' id='word_1_240' title='bbox 4021 1752 4033 1762; x_wconf 88' lang='lat'><strong><em>-</em></strong></span> 
     </span>
    </p>
   </div>
   <div class='ocr_carea' id='block_1_32' title="bbox 2423 1813 4030 1888">
    <p class='ocr_par' dir='ltr' id='par_1_32' title="bbox 2423 1813 4030 1888">
     <span class='ocr_line' id='line_1_32' title="bbox 2423 1813 4030 1888; baseline -0.002 -17"><span class='ocrx_word' id='word_1_241' title='bbox 2423 1835 2537 1872; x_wconf 81' lang='lat' dir='ltr'><strong>nem</strong></span> <span class='ocrx_word' id='word_1_242' title='bbox 2561 1817 2832 1888; x_wconf 88' lang='lat' dir='ltr'><strong>agnitionis</strong></span> <span class='ocrx_word' id='word_1_243' title='bbox 2859 1831 2993 1878; x_wconf 70' lang='lat' dir='ltr'><strong>sua.</strong></span> <span class='ocrx_word' id='word_1_244' title='bbox 3025 1816 3076 1869; x_wconf 89' lang='lat' dir='ltr'><strong>in</strong></span> <span class='ocrx_word' id='word_1_245' title='bbox 3103 1831 3317 1886; x_wconf 84' lang='lat' dir='ltr'><strong>persona</strong></span> <span class='ocrx_word' id='word_1_246' title='bbox 3344 1815 3550 1870; x_wconf 82' lang='lat' dir='ltr'><strong>Christi.</strong></span> <span class='ocrx_word' id='word_1_247' title='bbox 3577 1815 3708 1883; x_wconf 86' lang='lat' dir='ltr'><strong>Quis</strong></span> <span class='ocrx_word' id='word_1_248' title='bbox 3739 1813 3818 1883; x_wconf 68' lang='grc' dir='ltr'><strong>(ὃ)</strong></span> <span class='ocrx_word' id='word_1_249' title='bbox 3852 1813 3991 1867; x_wconf 81' lang='lat' dir='ltr'><strong>dixit</strong></span> <span class='ocrx_word' id='word_1_250' title='bbox 4015 1832 4030 1868; x_wconf 90' lang='lat'><strong>:</strong></span> 
     </span>
    </p>
   </div>
   <div class='ocr_carea' id='block_1_33' title="bbox 729 1907 4032 1987">
    <p class='ocr_par' dir='ltr' id='par_1_33' title="bbox 729 1907 4032 1987">
     <span class='ocr_line' id='line_1_33' title="bbox 729 1907 4032 1987; baseline 0.002 -31"><span class='ocrx_word' id='word_1_251' title='bbox 729 1907 866 1974; x_wconf 76' lang='lat' dir='ltr'><strong>apud</strong></span> <span class='ocrx_word' id='word_1_252' title='bbox 899 1923 1055 1977; x_wconf 87' lang='lat' dir='ltr'><strong>quem</strong></span> <span class='ocrx_word' id='word_1_253' title='bbox 1083 1919 1138 1965; x_wconf 87' lang='lat' dir='ltr'><strong>et</strong></span> <span class='ocrx_word' id='word_1_254' title='bbox 1167 1920 1250 1966; x_wconf 87' lang='lat' dir='ltr'><strong>est</strong></span> <span class='ocrx_word' id='word_1_255' title='bbox 1275 1912 1514 1967; x_wconf 87' lang='lat' dir='ltr'><strong>velamen</strong></span> <span class='ocrx_word' id='word_1_256' title='bbox 1545 1913 1715 1985; x_wconf 83' lang='lat' dir='ltr'><strong>Moysi</strong></span> <span class='ocrx_word' id='word_1_257' title='bbox 1741 1933 1754 1968; x_wconf 92' lang='lat'><strong>:</strong></span> <span class='ocrx_word' id='word_1_258' title='bbox 1787 1917 1876 1987; x_wconf 90' lang='lat' dir='ltr'><strong>qui</strong></span> <span class='ocrx_word' id='word_1_259' title='bbox 1905 1929 2025 1971; x_wconf 91' lang='lat' dir='ltr'><strong>cum</strong></span> <span class='ocrx_word' id='word_1_260' title='bbox 2059 1917 2327 1971; x_wconf 88' lang='lat' dir='ltr'><strong>transierit</strong></span> <span class='ocrx_word' id='word_1_261' title='bbox 2357 1916 2405 1977; x_wconf 88' lang='lat' dir='ltr'><strong><em>B</em></strong></span> <span class='ocrx_word' id='word_1_262' title='bbox 2436 1910 2553 1965; x_wconf 84' lang='lat' dir='ltr'><strong>Fiat</strong></span> <span class='ocrx_word' id='word_1_263' title='bbox 2574 1910 2789 1965; x_wconf 78' lang='lat' dir='ltr'><strong>lua:?Et</strong></span> <span class='ocrx_word' id='word_1_264' title='bbox 2813 1911 2880 1965; x_wconf 87' lang='lat' dir='ltr'><strong>de</strong></span> <span class='ocrx_word' id='word_1_265' title='bbox 2902 1909 3288 1964; x_wconf 86' lang='lat' dir='ltr'><strong>itluminatione</strong></span> <span class='ocrx_word' id='word_1_266' title='bbox 3325 1909 3532 1972; x_wconf 87' lang='lat' dir='ltr'><strong>mundi,</strong></span> <span class='ocrx_word' id='word_1_267' title='bbox 3563 1910 3682 1978; x_wconf 90' lang='lat' dir='ltr'><strong>quis</strong></span> <span class='ocrx_word' id='word_1_268' title='bbox 3711 1909 3931 1964; x_wconf 82' lang='lat' dir='ltr'><strong>Christo</strong></span> <span class='ocrx_word' id='word_1_269' title='bbox 3957 1909 4032 1962; x_wconf 85' lang='lat' dir='ltr'><strong>ait</strong></span> 
     </span>
    </p>
   </div>
   <div class='ocr_carea' id='block_1_34' title="bbox 732 1998 2333 2078">
    <p class='ocr_par' dir='ltr' id='par_1_34' title="bbox 732 1998 2333 2078">
     <span class='ocr_line' id='line_1_34' title="bbox 732 1998 2333 2078; baseline 0.006 -26"><span class='ocrx_word' id='word_1_270' title='bbox 732 1999 784 2052; x_wconf 90' lang='lat' dir='ltr'><strong>iu</strong></span> <span class='ocrx_word' id='word_1_271' title='bbox 821 1998 977 2054; x_wconf 88' lang='lat' dir='ltr'><strong>ﬁdem</strong></span> <span class='ocrx_word' id='word_1_272' title='bbox 1005 2000 1239 2068; x_wconf 88' lang='lat' dir='ltr'><strong>Christi,</strong></span> <span class='ocrx_word' id='word_1_273' title='bbox 1271 2003 1515 2074; x_wconf 75' lang='lat' dir='ltr'><strong>intelligit</strong></span> <span class='ocrx_word' id='word_1_274' title='bbox 1557 2005 1771 2078; x_wconf 81' lang='lat' dir='ltr'><strong>Moysen</strong></span> <span class='ocrx_word' id='word_1_275' title='bbox 1800 2005 1870 2062; x_wconf 88' lang='lat' dir='ltr'><strong>de</strong></span> <span class='ocrx_word' id='word_1_276' title='bbox 1897 2006 2111 2062; x_wconf 90' lang='lat' dir='ltr'><strong>Christo</strong></span> <span class='ocrx_word' id='word_1_277' title='bbox 2141 2006 2333 2078; x_wconf 70' lang='lat' dir='ltr'><strong>praedi-</strong></span> 
     </span>
    </p>
   </div>
   <div class='ocr_carea' id='block_1_35' title="bbox 727 2092 2332 2167">
    <p class='ocr_par' dir='ltr' id='par_1_35' title="bbox 727 2092 2332 2167">
     <span class='ocr_line' id='line_1_35' title="bbox 727 2092 2332 2167; baseline 0.009 -24"><span class='ocrx_word' id='word_1_278' title='bbox 727 2106 898 2146; x_wconf 81' lang='lat' dir='ltr'><strong>casse.</strong></span> <span class='ocrx_word' id='word_1_279' title='bbox 951 2092 1253 2161; x_wconf 73' lang='lat' dir='ltr'><strong>Czeterum,</strong></span> <span class='ocrx_word' id='word_1_280' title='bbox 1308 2097 1578 2167; x_wconf 90' lang='lat' dir='ltr'><strong>quomodo</strong></span> <span class='ocrx_word' id='word_1_281' title='bbox 1628 2098 1904 2156; x_wconf 80' lang='lat' dir='ltr'><strong>auferetur</strong></span> <span class='ocrx_word' id='word_1_282' title='bbox 1967 2101 2332 2158; x_wconf 86' lang='lat' dir='ltr'><strong>velamentum</strong></span> 
     </span>
    </p>
   </div>
   <div class='ocr_carea' id='block_1_36' title="bbox 727 2184 2332 2264">
    <p class='ocr_par' dir='ltr' id='par_1_36' title="bbox 727 2184 2332 2264">
     <span class='ocr_line' id='line_1_36' title="bbox 727 2184 2332 2264; baseline 0.009 -29"><span class='ocrx_word' id='word_1_283' title='bbox 727 2184 998 2241; x_wconf 84' lang='lat' dir='ltr'><strong>Creatoris</strong></span> <span class='ocrx_word' id='word_1_284' title='bbox 1025 2189 1076 2242; x_wconf 92' lang='lat' dir='ltr'><strong>in</strong></span> <span class='ocrx_word' id='word_1_285' title='bbox 1127 2188 1343 2245; x_wconf 86' lang='lat' dir='ltr'><strong>Christo</strong></span> <span class='ocrx_word' id='word_1_286' title='bbox 1378 2190 1473 2246; x_wconf 89' lang='lat' dir='ltr'><strong>Dei</strong></span> <span class='ocrx_word' id='word_1_287' title='bbox 1515 2192 1766 2259; x_wconf 84' lang='lat' dir='ltr'><strong>alterius,</strong></span> <span class='ocrx_word' id='word_1_288' title='bbox 1807 2193 1961 2264; x_wconf 90' lang='lat' dir='ltr'><strong>cujus</strong></span> <span class='ocrx_word' id='word_1_289' title='bbox 2001 2203 2332 2250; x_wconf 84' lang='lat' dir='ltr'><strong>sacramenta</strong></span> 
     </span>
    </p>
   </div>
   <div class='ocr_carea' id='block_1_37' title="bbox 728 2276 2328 2355">
    <p class='ocr_par' dir='ltr' id='par_1_37' title="bbox 728 2276 2328 2355">
     <span class='ocr_line' id='line_1_37' title="bbox 728 2276 2328 2355; baseline 0.008 -30"><span class='ocrx_word' id='word_1_290' title='bbox 728 2276 937 2333; x_wconf 67' lang='lat' dir='ltr'><strong>velasse</strong></span> <span class='ocrx_word' id='word_1_291' title='bbox 966 2293 1069 2332; x_wconf 90' lang='lat' dir='ltr'><strong>non</strong></span> <span class='ocrx_word' id='word_1_292' title='bbox 1118 2280 1284 2348; x_wconf 90' lang='lat' dir='ltr'><strong>potuit</strong></span> <span class='ocrx_word' id='word_1_293' title='bbox 1323 2280 1581 2347; x_wconf 88' lang='lat' dir='ltr'><strong>Creator.</strong></span> <span class='ocrx_word' id='word_1_294' title='bbox 1623 2284 1786 2352; x_wconf 90' lang='lat' dir='ltr'><strong>ignoti</strong></span> <span class='ocrx_word' id='word_1_295' title='bbox 1811 2284 2061 2339; x_wconf 86' lang='lat' dir='ltr'><strong>videlicet</strong></span> <span class='ocrx_word' id='word_1_296' title='bbox 2105 2284 2328 2355; x_wconf 84' lang='lat' dir='ltr'><strong>ignota?</strong></span> 
     </span>
    </p>
   </div>
   <div class='ocr_carea' id='block_1_38' title="bbox 734 2368 2332 2448">
    <p class='ocr_par' dir='ltr' id='par_1_38' title="bbox 734 2368 2332 2448">
     <span class='ocr_line' id='line_1_38' title="bbox 734 2368 2332 2448; baseline 0.008 -27"><span class='ocrx_word' id='word_1_297' title='bbox 734 2368 869 2422; x_wconf 85' lang='lat' dir='ltr'><strong>Dicit</strong></span> <span class='ocrx_word' id='word_1_298' title='bbox 890 2384 1017 2440; x_wconf 85' lang='lat' dir='ltr'><strong>ergo</strong></span> <span class='ocrx_word' id='word_1_299' title='bbox 1036 2413 1052 2437; x_wconf 94' lang='lat'><strong>,</strong></span> <span class='ocrx_word' id='word_1_300' title='bbox 1085 2389 1175 2424; x_wconf 87' lang='lat' dir='ltr'><strong>nos</strong></span> <span class='ocrx_word' id='word_1_301' title='bbox 1193 2374 1307 2442; x_wconf 86' lang='lat' dir='ltr'><strong>jam</strong></span> <span class='ocrx_word' id='word_1_302' title='bbox 1334 2384 1510 2443; x_wconf 86' lang='lat' dir='ltr'><strong>aperta</strong></span> <span class='ocrx_word' id='word_1_303' title='bbox 1534 2376 1667 2446; x_wconf 81' lang='lat' dir='ltr'><strong>faeie</strong></span> <span class='ocrx_word' id='word_1_304' title='bbox 1690 2417 1704 2438; x_wconf 87' lang='lat'><strong>,</strong></span> <span class='ocrx_word' id='word_1_305' title='bbox 1736 2377 1920 2447; x_wconf 92' lang='lat' dir='ltr'><strong>utique</strong></span> <span class='ocrx_word' id='word_1_306' title='bbox 1948 2377 2155 2442; x_wconf 90' lang='lat' dir='ltr'><strong>cordis,</strong></span> <span class='ocrx_word' id='word_1_307' title='bbox 2187 2378 2332 2448; x_wconf 85' lang='lat' dir='ltr'><strong>quod</strong></span> 
     </span>
    </p>
   </div>
   <div class='ocr_carea' id='block_1_39' title="bbox 730 2460 2330 2537">
    <p class='ocr_par' dir='ltr' id='par_1_39' title="bbox 730 2460 2330 2537">
     <span class='ocr_line' id='line_1_39' title="bbox 730 2460 2330 2537; baseline 0.008 -26"><span class='ocrx_word' id='word_1_308' title='bbox 730 2460 958 2514; x_wconf 90' lang='lat' dir='ltr'><strong>velatum</strong></span> <span class='ocrx_word' id='word_1_309' title='bbox 977 2472 1058 2516; x_wconf 92' lang='lat' dir='ltr'><strong>est</strong></span> <span class='ocrx_word' id='word_1_310' title='bbox 1081 2463 1132 2515; x_wconf 89' lang='lat' dir='ltr'><strong>itt</strong></span> <span class='ocrx_word' id='word_1_311' title='bbox 1151 2462 1350 2518; x_wconf 72' lang='lat' dir='ltr'><strong>Jndteis</strong></span> <span class='ocrx_word' id='word_1_312' title='bbox 1369 2507 1384 2530; x_wconf 89' lang='lat'><strong>,</strong></span> <span class='ocrx_word' id='word_1_313' title='bbox 1414 2467 1813 2537; x_wconf 79' lang='lat' dir='ltr'><strong>contemplantes</strong></span> <span class='ocrx_word' id='word_1_314' title='bbox 1833 2467 2092 2523; x_wconf 84' lang='lat' dir='ltr'><strong>Clu-istum</strong></span> <span class='ocrx_word' id='word_1_315' title='bbox 2110 2511 2126 2535; x_wconf 92' lang='lat'><strong>,</strong></span> <span class='ocrx_word' id='word_1_316' title='bbox 2156 2470 2330 2523; x_wconf 73' lang='lat' dir='ltr'><strong>eadem</strong></span> 
     </span>
    </p>
   </div>
   <div class='ocr_carea' id='block_1_40' title="bbox 729 2554 2332 2635">
    <p class='ocr_par' dir='ltr' id='par_1_40' title="bbox 729 2554 2332 2635">
     <span class='ocr_line' id='line_1_40' title="bbox 729 2554 2332 2635; baseline 0.009 -30"><span class='ocrx_word' id='word_1_317' title='bbox 729 2554 952 2625; x_wconf 87' lang='lat' dir='ltr'><strong>imagine</strong></span> <span class='ocrx_word' id='word_1_318' title='bbox 978 2558 1333 2627; x_wconf 78' lang='lat' dir='ltr'><strong>transﬁgurari</strong></span> <span class='ocrx_word' id='word_1_319' title='bbox 1359 2575 1392 2612; x_wconf 88' lang='lat' dir='ltr'><strong>a</strong></span> <span class='ocrx_word' id='word_1_320' title='bbox 1418 2559 1581 2630; x_wconf 82' lang='lat' dir='ltr'><strong>gloria</strong></span> <span class='ocrx_word' id='word_1_321' title='bbox 1607 2561 1626 2630; x_wconf 95' lang='lat'><strong>(</strong></span> <span class='ocrx_word' id='word_1_322' title='bbox 1665 2576 1767 2632; x_wconf 90' lang='lat' dir='ltr'><strong>qua</strong></span> <span class='ocrx_word' id='word_1_323' title='bbox 1798 2562 2003 2617; x_wconf 88' lang='lat' dir='ltr'><strong>scilicet</strong></span> <span class='ocrx_word' id='word_1_324' title='bbox 2041 2572 2095 2618; x_wconf 86' lang='lat' dir='ltr'><strong>et</strong></span> <span class='ocrx_word' id='word_1_325' title='bbox 2124 2562 2332 2635; x_wconf 89' lang='lat' dir='ltr'><strong>Moyses</strong></span> 
     </span>
    </p>
   </div>
   <div class='ocr_carea' id='block_1_41' title="bbox 737 2646 2334 2723">
    <p class='ocr_par' dir='ltr' id='par_1_41' title="bbox 737 2646 2334 2723">
     <span class='ocr_line' id='line_1_41' title="bbox 737 2646 2334 2723; baseline 0.006 -25"><span class='ocrx_word' id='word_1_326' title='bbox 737 2646 1210 2717; x_wconf 74' lang='lat' dir='ltr'><strong>transﬁgurabatur</strong></span> <span class='ocrx_word' id='word_1_327' title='bbox 1240 2667 1266 2702; x_wconf 91' lang='lat' dir='ltr'><strong>a</strong></span> <span class='ocrx_word' id='word_1_328' title='bbox 1289 2651 1454 2719; x_wconf 83' lang='lat' dir='ltr'><strong>gloria</strong></span> <span class='ocrx_word' id='word_1_329' title='bbox 1483 2651 1716 2721; x_wconf 87' lang='lat' dir='ltr'><strong>Domini)</strong></span> <span class='ocrx_word' id='word_1_330' title='bbox 1748 2653 1800 2705; x_wconf 89' lang='lat' dir='ltr'><strong>in</strong></span> <span class='ocrx_word' id='word_1_331' title='bbox 1825 2653 2040 2723; x_wconf 84' lang='lat' dir='ltr'><strong>gloriam</strong></span> <span class='ocrx_word' id='word_1_332' title='bbox 2071 2670 2088 2707; x_wconf 93' lang='lat'><strong>:</strong></span> <span class='ocrx_word' id='word_1_333' title='bbox 2119 2654 2188 2707; x_wconf 88' lang='lat' dir='ltr'><strong>ita</strong></span> <span class='ocrx_word' id='word_1_334' title='bbox 2215 2669 2334 2708; x_wconf 90' lang='lat' dir='ltr'><strong>cor-</strong></span> 
     </span>
    </p>
   </div>
   <div class='ocr_carea' id='block_1_42' title="bbox 735 2738 2328 2812">
    <p class='ocr_par' dir='ltr' id='par_1_42' title="bbox 735 2738 2328 2812">
     <span class='ocr_line' id='line_1_42' title="bbox 735 2738 2328 2812; baseline 0.007 -25"><span class='ocrx_word' id='word_1_335' title='bbox 735 2740 972 2805; x_wconf 84' lang='lat' dir='ltr'><strong>poralem</strong></span> <span class='ocrx_word' id='word_1_336' title='bbox 1002 2738 1169 2810; x_wconf 74' lang='lat' dir='ltr'><strong>Moysi</strong></span> <span class='ocrx_word' id='word_1_337' title='bbox 1201 2740 1662 2796; x_wconf 87' lang='lat' dir='ltr'><strong>inluminationem</strong></span> <span class='ocrx_word' id='word_1_338' title='bbox 1689 2743 1757 2796; x_wconf 91' lang='lat' dir='ltr'><strong>de</strong></span> <span class='ocrx_word' id='word_1_339' title='bbox 1778 2757 2070 2812; x_wconf 87' lang='lat' dir='ltr'><strong>congressu</strong></span> <span class='ocrx_word' id='word_1_340' title='bbox 2099 2744 2328 2811; x_wconf 88' lang='lat' dir='ltr'><strong>Domini,</strong></span> 
     </span>
    </p>
   </div>
   <div class='ocr_carea' id='block_1_43' title="bbox 732 2832 2334 2907">
    <p class='ocr_par' dir='ltr' id='par_1_43' title="bbox 732 2832 2334 2907">
     <span class='ocr_line' id='line_1_43' title="bbox 732 2832 2334 2907; baseline 0.005 -22"><span class='ocrx_word' id='word_1_341' title='bbox 732 2839 787 2885; x_wconf 91' lang='lat' dir='ltr'><strong>et</strong></span> <span class='ocrx_word' id='word_1_342' title='bbox 812 2832 1088 2900; x_wconf 90' lang='lat' dir='ltr'><strong>corporale</strong></span> <span class='ocrx_word' id='word_1_343' title='bbox 1119 2834 1359 2889; x_wconf 90' lang='lat' dir='ltr'><strong>velamen</strong></span> <span class='ocrx_word' id='word_1_344' title='bbox 1387 2833 1454 2889; x_wconf 90' lang='lat' dir='ltr'><strong>de</strong></span> <span class='ocrx_word' id='word_1_345' title='bbox 1483 2834 1791 2891; x_wconf 74' lang='lat' dir='ltr'><strong>infirmitate</strong></span> <span class='ocrx_word' id='word_1_346' title='bbox 1817 2836 1998 2907; x_wconf 88' lang='lat' dir='ltr'><strong>populi</strong></span> <span class='ocrx_word' id='word_1_347' title='bbox 2029 2852 2334 2906; x_wconf 89' lang='lat' dir='ltr'><strong>proponens</strong></span> 
     </span>
    </p>
   </div>
   <div class='ocr_carea' id='block_1_44' title="bbox 736 2922 2332 2998">
    <p class='ocr_par' dir='ltr' id='par_1_44' title="bbox 736 2922 2332 2998">
     <span class='ocr_line' id='line_1_44' title="bbox 736 2922 2332 2998; baseline 0.006 -23"><span class='ocrx_word' id='word_1_348' title='bbox 736 2930 792 2976; x_wconf 92' lang='lat' dir='ltr'><strong>ct</strong></span> <span class='ocrx_word' id='word_1_349' title='bbox 810 2922 1100 2990; x_wconf 85' lang='lat' dir='ltr'><strong>spiritalem</strong></span> <span class='ocrx_word' id='word_1_350' title='bbox 1126 2925 1422 2981; x_wconf 87' lang='lat' dir='ltr'><strong>claritatem</strong></span> <span class='ocrx_word' id='word_1_351' title='bbox 1445 2928 1494 2980; x_wconf 89' lang='lat' dir='ltr'><strong>itt</strong></span> <span class='ocrx_word' id='word_1_352' title='bbox 1517 2926 1730 2982; x_wconf 84' lang='lat' dir='ltr'><strong>Christo</strong></span> <span class='ocrx_word' id='word_1_353' title='bbox 1752 2929 2193 2998; x_wconf 86' lang='lat' dir='ltr'><strong>sttperiuduccus,</strong></span> <span class='ocrx_word' id='word_1_354' title='bbox 2219 2941 2332 2984; x_wconf 89' lang='lat' dir='ltr'><strong>tan-</strong></span> 
     </span>
    </p>
   </div>
   <div class='ocr_carea' id='block_1_45' title="bbox 737 3015 2331 3093">
    <p class='ocr_par' dir='ltr' id='par_1_45' title="bbox 737 3015 2331 3093">
     <span class='ocr_line' id='line_1_45' title="bbox 737 3015 2331 3093; baseline 0.008 -27"><span class='ocrx_word' id='word_1_355' title='bbox 737 3032 888 3084; x_wconf 91' lang='lat' dir='ltr'><strong>quam</strong></span> <span class='ocrx_word' id='word_1_356' title='bbox 916 3033 947 3069; x_wconf 90' lang='lat' dir='ltr'><strong>a</strong></span> <span class='ocrx_word' id='word_1_357' title='bbox 976 3015 1215 3078; x_wconf 88' lang='lat' dir='ltr'><strong>Domino.</strong></span> <span class='ocrx_word' id='word_1_358' title='bbox 1250 3019 1438 3090; x_wconf 87' lang='lat' dir='ltr'><strong>inquit,</strong></span> <span class='ocrx_word' id='word_1_359' title='bbox 1471 3021 1738 3090; x_wconf 82' lang='lat' dir='ltr'><strong>spirituum</strong></span> <span class='ocrx_word' id='word_1_360' title='bbox 1768 3021 1868 3093; x_wconf 84' lang='grc'><strong>(1),</strong></span> <span class='ocrx_word' id='word_1_361' title='bbox 1892 3032 2057 3076; x_wconf 93' lang='lat' dir='ltr'><strong>totum</strong></span> <span class='ocrx_word' id='word_1_362' title='bbox 2089 3023 2331 3079; x_wconf 84' lang='lat' dir='ltr'><strong>ordinem</strong></span> 
     </span>
    </p>
   </div>
   <div class='ocr_carea' id='block_1_46' title="bbox 738 3107 2334 3184">
    <p class='ocr_par' dir='ltr' id='par_1_46' title="bbox 738 3107 2334 3184">
     <span class='ocr_line' id='line_1_46' title="bbox 738 3107 2334 3184; baseline 0.006 -23"><span class='ocrx_word' id='word_1_363' title='bbox 738 3107 938 3178; x_wconf 86' lang='lat' dir='ltr'><strong>Moysi,</strong></span> <span class='ocrx_word' id='word_1_364' title='bbox 979 3111 1199 3178; x_wconf 86' lang='lat' dir='ltr'><strong>ﬁgurant</strong></span> <span class='ocrx_word' id='word_1_365' title='bbox 1245 3112 1470 3181; x_wconf 77' lang='lat' dir='ltr'><strong>ignorati</strong></span> <span class='ocrx_word' id='word_1_366' title='bbox 1511 3111 1650 3181; x_wconf 82' lang='lat' dir='ltr'><strong>apud</strong></span> <span class='ocrx_word' id='word_1_367' title='bbox 1697 3111 1947 3178; x_wconf 70' lang='lat' dir='ltr'><strong>Iudaeos,</strong></span> <span class='ocrx_word' id='word_1_368' title='bbox 1994 3115 2156 3184; x_wconf 78' lang='lat' dir='ltr'><strong>agniti</strong></span> <span class='ocrx_word' id='word_1_369' title='bbox 2204 3130 2334 3170; x_wconf 86' lang='lat' dir='ltr'><strong>vero</strong></span> 
     </span>
    </p>
   </div>
   <div class='ocr_carea' id='block_1_47' title="bbox 740 3202 2330 3276">
    <p class='ocr_par' dir='ltr' id='par_1_47' title="bbox 740 3202 2330 3276">
     <span class='ocr_line' id='line_1_47' title="bbox 740 3202 2330 3276; baseline 0.004 -22"><span class='ocrx_word' id='word_1_370' title='bbox 740 3202 878 3270; x_wconf 86' lang='lat' dir='ltr'><strong>apud</strong></span> <span class='ocrx_word' id='word_1_371' title='bbox 925 3217 1021 3255; x_wconf 93' lang='lat' dir='ltr'><strong>nos</strong></span> <span class='ocrx_word' id='word_1_372' title='bbox 1070 3203 1268 3257; x_wconf 87' lang='lat' dir='ltr'><strong>Christi</strong></span> <span class='ocrx_word' id='word_1_373' title='bbox 1315 3205 1478 3258; x_wconf 82' lang='lat' dir='ltr'><strong>fuisse</strong></span> <span class='ocrx_word' id='word_1_374' title='bbox 1523 3213 1766 3259; x_wconf 86' lang='lat' dir='ltr'><strong>testatur.</strong></span> <span class='ocrx_word' id='word_1_375' title='bbox 1819 3203 2030 3260; x_wconf 88' lang='lat' dir='ltr'><strong>Scimus</strong></span> <span class='ocrx_word' id='word_1_376' title='bbox 2073 3207 2330 3276; x_wconf 87' lang='lat' dir='ltr'><strong>quosdam</strong></span> 
     </span>
    </p>
   </div>
   <div class='ocr_carea' id='block_1_48' title="bbox 2435 2000 4035 2076">
    <p class='ocr_par' dir='ltr' id='par_1_48' title="bbox 2435 2000 4035 2076">
     <span class='ocr_line' id='line_1_48' title="bbox 2435 2000 4035 2076; baseline -0.004 -18"><span class='ocrx_word' id='word_1_377' title='bbox 2435 2003 2536 2076; x_wconf 88' lang='lat' dir='ltr'><strong>(Is.</strong></span> <span class='ocrx_word' id='word_1_378' title='bbox 2586 2002 2765 2070; x_wconf 86' lang='lat' dir='ltr'><strong>XLII,</strong></span> <span class='ocrx_word' id='word_1_379' title='bbox 2799 2000 2896 2075; x_wconf 82' lang='lat'><strong>6):</strong></span> <span class='ocrx_word' id='word_1_380' title='bbox 2939 2001 3102 2056; x_wconf 87' lang='lat' dir='ltr'><strong>Posui</strong></span> <span class='ocrx_word' id='word_1_381' title='bbox 3129 2004 3254 2057; x_wconf 87' lang='lat' dir='ltr'><strong>tein</strong></span> <span class='ocrx_word' id='word_1_382' title='bbox 3283 2002 3452 2056; x_wconf 86' lang='lat' dir='ltr'><strong>lumen</strong></span> <span class='ocrx_word' id='word_1_383' title='bbox 3498 2005 3761 2056; x_wconf 87' lang='lat' dir='ltr'><strong>nationum</strong></span> <span class='ocrx_word' id='word_1_384' title='bbox 3785 2043 3800 2065; x_wconf 89' lang='lat'><strong>,</strong></span> <span class='ocrx_word' id='word_1_385' title='bbox 3836 2001 4035 2055; x_wconf 78' lang='lat' dir='ltr'><strong>seden-</strong></span> 
     </span>
    </p>
   </div>
   <div class='ocr_carea' id='block_1_49' title="bbox 2435 2093 4032 2159">
    <p class='ocr_par' dir='ltr' id='par_1_49' title="bbox 2435 2093 4032 2159">
     <span class='ocr_line' id='line_1_49' title="bbox 2435 2093 4032 2159; baseline -0.004 -7"><span class='ocrx_word' id='word_1_386' title='bbox 2435 2099 2564 2152; x_wconf 89' lang='lat' dir='ltr'><strong>tium</strong></span> <span class='ocrx_word' id='word_1_387' title='bbox 2591 2096 2794 2153; x_wconf 88' lang='lat' dir='ltr'><strong>scilicet</strong></span> <span class='ocrx_word' id='word_1_388' title='bbox 2825 2096 2874 2150; x_wconf 93' lang='lat' dir='ltr'><strong>in</strong></span> <span class='ocrx_word' id='word_1_389' title='bbox 2908 2094 3168 2159; x_wconf 76' lang='lat' dir='ltr'><strong>tenebris,</strong></span> <span class='ocrx_word' id='word_1_390' title='bbox 3215 2103 3269 2150; x_wconf 91' lang='lat' dir='ltr'><strong>et</strong></span> <span class='ocrx_word' id='word_1_391' title='bbox 3318 2095 3368 2148; x_wconf 91' lang='lat' dir='ltr'><strong>in</strong></span> <span class='ocrx_word' id='word_1_392' title='bbox 3414 2095 3604 2149; x_wconf 91' lang='lat' dir='ltr'><strong>umbra</strong></span> <span class='ocrx_word' id='word_1_393' title='bbox 3656 2094 3887 2147; x_wconf 81' lang='lat' dir='ltr'><strong>mortis?</strong></span> <span class='ocrx_word' id='word_1_394' title='bbox 3935 2093 4032 2149; x_wconf 88' lang='lat' dir='ltr'><strong>Cui</strong></span> 
     </span>
    </p>
   </div>
   <div class='ocr_carea' id='block_1_50' title="bbox 2433 2187 4032 2258">
    <p class='ocr_par' dir='ltr' id='par_1_50' title="bbox 2433 2187 4032 2258">
     <span class='ocr_line' id='line_1_50' title="bbox 2433 2187 4032 2258; baseline -0.003 -14"><span class='ocrx_word' id='word_1_395' title='bbox 2433 2189 2724 2258; x_wconf 89' lang='lat' dir='ltr'><strong>respondet</strong></span> <span class='ocrx_word' id='word_1_396' title='bbox 2759 2187 2987 2258; x_wconf 85' lang='lat' dir='ltr'><strong>Spiritus</strong></span> <span class='ocrx_word' id='word_1_397' title='bbox 3018 2188 3069 2243; x_wconf 94' lang='lat' dir='ltr'><strong>in</strong></span> <span class='ocrx_word' id='word_1_398' title='bbox 3103 2188 3307 2256; x_wconf 85' lang='lat' dir='ltr'><strong>psalmo</strong></span> <span class='ocrx_word' id='word_1_399' title='bbox 3333 2230 3348 2252; x_wconf 96' lang='lat'><strong>,</strong></span> <span class='ocrx_word' id='word_1_400' title='bbox 3381 2202 3449 2242; x_wconf 81' lang='lat' dir='ltr'><strong>ex</strong></span> <span class='ocrx_word' id='word_1_401' title='bbox 3479 2187 3815 2257; x_wconf 71' lang='lat' dir='ltr'><strong>providentia</strong></span> <span class='ocrx_word' id='word_1_402' title='bbox 3869 2187 4032 2243; x_wconf 79' lang='lat' dir='ltr'><strong>futuri</strong></span> 
     </span>
    </p>
   </div>
   <div class='ocr_carea' id='block_1_51' title="bbox 2436 2279 4033 2354">
    <p class='ocr_par' dir='ltr' id='par_1_51' title="bbox 2436 2279 4033 2354">
     <span class='ocr_line' id='line_1_51' title="bbox 2436 2279 4033 2354; baseline -0.001 -20"><span class='ocrx_word' id='word_1_403' title='bbox 2436 2281 2553 2354; x_wconf 88' lang='lat' dir='ltr'><strong>(Ps.</strong></span> <span class='ocrx_word' id='word_1_404' title='bbox 2584 2280 2674 2348; x_wconf 85' lang='lat' dir='ltr'><strong>IV,</strong></span> <span class='ocrx_word' id='word_1_405' title='bbox 2701 2281 2754 2352; x_wconf 87' lang='lat'>7)</span> <span class='ocrx_word' id='word_1_406' title='bbox 2779 2299 2791 2335; x_wconf 90' lang='lat'><strong>:</strong></span> <span class='ocrx_word' id='word_1_407' title='bbox 2821 2280 3182 2349; x_wconf 80' lang='lat' dir='ltr'><strong>Signiﬁcatum</strong></span> <span class='ocrx_word' id='word_1_408' title='bbox 3207 2288 3279 2333; x_wconf 85' lang='lat' dir='ltr'><strong>est</strong></span> <span class='ocrx_word' id='word_1_409' title='bbox 3303 2321 3318 2344; x_wconf 92' lang='lat'><strong>,</strong></span> <span class='ocrx_word' id='word_1_410' title='bbox 3352 2279 3544 2349; x_wconf 89' lang='lat' dir='ltr'><strong>inquit,</strong></span> <span class='ocrx_word' id='word_1_411' title='bbox 3569 2295 3720 2346; x_wconf 84' lang='lat' dir='ltr'><strong>super</strong></span> <span class='ocrx_word' id='word_1_412' title='bbox 3742 2296 3834 2332; x_wconf 82' lang='lat' dir='ltr'><strong>nos</strong></span> <span class='ocrx_word' id='word_1_413' title='bbox 3860 2279 4033 2332; x_wconf 88' lang='lat' dir='ltr'><strong>lumen</strong></span> 
     </span>
    </p>
   </div>
   <div class='ocr_carea' id='block_1_52' title="bbox 2435 2373 4036 2445">
    <p class='ocr_par' dir='ltr' id='par_1_52' title="bbox 2435 2373 4036 2445">
     <span class='ocr_line' id='line_1_52' title="bbox 2435 2373 4036 2445; baseline -0.001 -16"><span class='ocrx_word' id='word_1_414' title='bbox 2435 2390 2663 2445; x_wconf 78' lang='lat' dir='ltr'><strong>persona:</strong></span> <span class='ocrx_word' id='word_1_415' title='bbox 2688 2384 2818 2437; x_wconf 74' lang='lat' dir='ltr'><strong>true,</strong></span> <span class='ocrx_word' id='word_1_416' title='bbox 2854 2373 3088 2427; x_wconf 88' lang='lat' dir='ltr'><strong>Domine.</strong></span> <span class='ocrx_word' id='word_1_417' title='bbox 3120 2373 3351 2428; x_wconf 84' lang='lat' dir='ltr'><strong>Persona</strong></span> <span class='ocrx_word' id='word_1_418' title='bbox 3374 2383 3552 2428; x_wconf 87' lang='lat' dir='ltr'><strong>autem</strong></span> <span class='ocrx_word' id='word_1_419' title='bbox 3599 2373 3688 2427; x_wconf 86' lang='lat' dir='ltr'><strong>Dei</strong></span> <span class='ocrx_word' id='word_1_420' title='bbox 3717 2415 3731 2435; x_wconf 81' lang='lat'><strong>,</strong></span> <span class='ocrx_word' id='word_1_421' title='bbox 3785 2373 4036 2428; x_wconf 91' lang='lat' dir='ltr'><strong>Christus</strong></span> 
     </span>
    </p>
   </div>
   <div class='ocr_carea' id='block_1_53' title="bbox 2435 2465 4040 2537">
    <p class='ocr_par' dir='ltr' id='par_1_53' title="bbox 2435 2465 4040 2537">
     <span class='ocr_line' id='line_1_53' title="bbox 2435 2465 4040 2537; baseline -0.002 -14"><span class='ocrx_word' id='word_1_422' title='bbox 2435 2468 2711 2523; x_wconf 79' lang='lat' dir='ltr'><strong>Dominus.</strong></span> <span class='ocrx_word' id='word_1_423' title='bbox 2742 2465 2893 2522; x_wconf 88' lang='lat' dir='ltr'><strong>Unde</strong></span> <span class='ocrx_word' id='word_1_424' title='bbox 2918 2475 2973 2521; x_wconf 91' lang='lat' dir='ltr'><strong>et</strong></span> <span class='ocrx_word' id='word_1_425' title='bbox 2995 2465 3220 2537; x_wconf 86' lang='lat' dir='ltr'><strong>apostoli</strong></span> <span class='ocrx_word' id='word_1_426' title='bbox 3253 2481 3411 2535; x_wconf 89' lang='lat' dir='ltr'><strong>supra</strong></span> <span class='ocrx_word' id='word_1_427' title='bbox 3442 2483 3456 2519; x_wconf 90' lang='lat'><strong>:</strong></span> <span class='ocrx_word' id='word_1_428' title='bbox 3485 2465 3585 2531; x_wconf 80' lang='lat' dir='ltr'><strong>Qui</strong></span> <span class='ocrx_word' id='word_1_429' title='bbox 3613 2477 3683 2520; x_wconf 87' lang='lat' dir='ltr'><strong>est</strong></span> <span class='ocrx_word' id='word_1_430' title='bbox 3715 2467 3884 2536; x_wconf 87' lang='lat' dir='ltr'><strong>imago</strong></span> <span class='ocrx_word' id='word_1_431' title='bbox 3909 2509 3923 2530; x_wconf 88' lang='lat'><strong>,</strong></span> <span class='ocrx_word' id='word_1_432' title='bbox 3958 2468 4040 2520; x_wconf 80' lang='lat' dir='ltr'><strong>iu-</strong></span> 
     </span>
    </p>
   </div>
   <div class='ocr_carea' id='block_1_54' title="bbox 2433 2557 4038 2630">
    <p class='ocr_par' dir='ltr' id='par_1_54' title="bbox 2433 2557 4038 2630">
     <span class='ocr_line' id='line_1_54' title="bbox 2433 2557 4038 2630; baseline -0.001 -17"><span class='ocrx_word' id='word_1_433' title='bbox 2433 2560 2546 2628; x_wconf 87' lang='lat' dir='ltr'><strong>qttit</strong></span> <span class='ocrx_word' id='word_1_434' title='bbox 2571 2601 2585 2623; x_wconf 92' lang='lat'><strong>,</strong></span> <span class='ocrx_word' id='word_1_435' title='bbox 2618 2557 2730 2614; x_wconf 89' lang='lat' dir='ltr'><strong>Dei.</strong></span> <span class='ocrx_word' id='word_1_436' title='bbox 2763 2557 2927 2628; x_wconf 85' lang='lat' dir='ltr'><strong>Igitur</strong></span> <span class='ocrx_word' id='word_1_437' title='bbox 2946 2559 2989 2613; x_wconf 89' lang='lat' dir='ltr'><strong>si</strong></span> <span class='ocrx_word' id='word_1_438' title='bbox 3015 2558 3262 2614; x_wconf 90' lang='lat' dir='ltr'><strong>Christus</strong></span> <span class='ocrx_word' id='word_1_439' title='bbox 3290 2574 3516 2630; x_wconf 88' lang='lat' dir='ltr'><strong>persona</strong></span> <span class='ocrx_word' id='word_1_440' title='bbox 3549 2559 3820 2614; x_wconf 80' lang='lat' dir='ltr'><strong>Creatoris</strong></span> <span class='ocrx_word' id='word_1_441' title='bbox 3851 2559 4038 2613; x_wconf 71' lang='lat' dir='ltr'><strong>dieeo-</strong></span> 
     </span>
    </p>
   </div>
   <div class='ocr_carea' id='block_1_55' title="bbox 2435 2651 4034 2720">
    <p class='ocr_par' dir='ltr' id='par_1_55' title="bbox 2435 2651 4034 2720">
     <span class='ocr_line' id='line_1_55' title="bbox 2435 2651 4034 2720; baseline -0.001 -13"><span class='ocrx_word' id='word_1_442' title='bbox 2435 2653 2503 2708; x_wconf 91' lang='lat' dir='ltr'><strong>tis</strong></span> <span class='ocrx_word' id='word_1_443' title='bbox 2526 2693 2540 2714; x_wconf 92' lang='lat'><strong>,</strong></span> <span class='ocrx_word' id='word_1_444' title='bbox 2577 2651 2694 2704; x_wconf 84' lang='lat' dir='ltr'><strong>Fiat</strong></span> <span class='ocrx_word' id='word_1_445' title='bbox 2720 2651 2849 2715; x_wconf 70' lang='lat' dir='ltr'><strong>lux;</strong></span> <span class='ocrx_word' id='word_1_446' title='bbox 2897 2660 2952 2708; x_wconf 93' lang='lat' dir='ltr'><strong>et</strong></span> <span class='ocrx_word' id='word_1_447' title='bbox 2980 2651 3239 2715; x_wconf 88' lang='lat' dir='ltr'><strong>Christus,</strong></span> <span class='ocrx_word' id='word_1_448' title='bbox 3269 2661 3323 2704; x_wconf 93' lang='lat' dir='ltr'><strong>et</strong></span> <span class='ocrx_word' id='word_1_449' title='bbox 3352 2651 3592 2720; x_wconf 86' lang='lat' dir='ltr'><strong>Apostoli</strong></span> <span class='ocrx_word' id='word_1_450' title='bbox 3619 2693 3634 2717; x_wconf 97' lang='lat'><strong>,</strong></span> <span class='ocrx_word' id='word_1_451' title='bbox 3677 2661 3732 2705; x_wconf 88' lang='lat' dir='ltr'><strong>et</strong></span> <span class='ocrx_word' id='word_1_452' title='bbox 3784 2653 4034 2720; x_wconf 78' lang='lat' dir='ltr'><strong>Evange-</strong></span> 
     </span>
    </p>
   </div>
   <div class='ocr_carea' id='block_1_56' title="bbox 2437 2742 4040 2814">
    <p class='ocr_par' dir='ltr' id='par_1_56' title="bbox 2437 2742 4040 2814">
     <span class='ocr_line' id='line_1_56' title="bbox 2437 2742 4040 2814; baseline -0.002 -16"><span class='ocrx_word' id='word_1_453' title='bbox 2437 2745 2566 2799; x_wconf 90' lang='lat' dir='ltr'><strong>Iium</strong></span> <span class='ocrx_word' id='word_1_454' title='bbox 2593 2785 2608 2809; x_wconf 94' lang='lat'><strong>,</strong></span> <span class='ocrx_word' id='word_1_455' title='bbox 2640 2754 2692 2797; x_wconf 90' lang='lat' dir='ltr'><strong>et</strong></span> <span class='ocrx_word' id='word_1_456' title='bbox 2728 2744 2971 2797; x_wconf 89' lang='lat' dir='ltr'><strong>velamen</strong></span> <span class='ocrx_word' id='word_1_457' title='bbox 2996 2753 3052 2798; x_wconf 90' lang='lat' dir='ltr'><strong>et</strong></span> <span class='ocrx_word' id='word_1_458' title='bbox 3083 2742 3290 2814; x_wconf 69' lang='lat' dir='ltr'><strong>Moyses</strong></span> <span class='ocrx_word' id='word_1_459' title='bbox 3317 2785 3331 2805; x_wconf 89' lang='lat'><strong>,</strong></span> <span class='ocrx_word' id='word_1_460' title='bbox 3362 2752 3414 2796; x_wconf 92' lang='lat' dir='ltr'><strong>et</strong></span> <span class='ocrx_word' id='word_1_461' title='bbox 3465 2753 3572 2796; x_wconf 91' lang='lat' dir='ltr'><strong>tota</strong></span> <span class='ocrx_word' id='word_1_462' title='bbox 3622 2743 3791 2798; x_wconf 88' lang='lat' dir='ltr'><strong>series</strong></span> <span class='ocrx_word' id='word_1_463' title='bbox 3844 2758 4040 2799; x_wconf 87' lang='lat' dir='ltr'><strong>secun-</strong></span> 
     </span>
    </p>
   </div>
   <div class='ocr_carea' id='block_1_57' title="bbox 2436 2834 4038 2904">
    <p class='ocr_par' dir='ltr' id='par_1_57' title="bbox 2436 2834 4038 2904">
     <span class='ocr_line' id='line_1_57' title="bbox 2436 2834 4038 2904; baseline -0.003 -11"><span class='ocrx_word' id='word_1_464' title='bbox 2436 2838 2560 2894; x_wconf 88' lang='lat' dir='ltr'><strong>dum</strong></span> <span class='ocrx_word' id='word_1_465' title='bbox 2592 2836 2954 2893; x_wconf 88' lang='lat' dir='ltr'><strong>testimonium</strong></span> <span class='ocrx_word' id='word_1_466' title='bbox 3000 2835 3253 2890; x_wconf 72' lang='lat' dir='ltr'><strong>clausula:</strong></span> <span class='ocrx_word' id='word_1_467' title='bbox 3297 2834 3568 2890; x_wconf 88' lang='lat' dir='ltr'><strong>Creatoris</strong></span> <span class='ocrx_word' id='word_1_468' title='bbox 3607 2845 3689 2890; x_wconf 79' lang='lat' dir='ltr'><strong>est</strong></span> <span class='ocrx_word' id='word_1_469' title='bbox 3735 2835 3830 2889; x_wconf 92' lang='lat' dir='ltr'><strong>Dci</strong></span> <span class='ocrx_word' id='word_1_470' title='bbox 3878 2835 4038 2904; x_wconf 80' lang='lat' dir='ltr'><strong>hujus</strong></span> 
     </span>
    </p>
   </div>
   <div class='ocr_carea' id='block_1_58' title="bbox 2434 2926 4033 2998">
    <p class='ocr_par' dir='ltr' id='par_1_58' title="bbox 2434 2926 4033 2998">
     <span class='ocr_line' id='line_1_58' title="bbox 2434 2926 4033 2998; baseline -0.002 -13"><span class='ocrx_word' id='word_1_471' title='bbox 2434 2931 2532 2986; x_wconf 69' lang='lat' dir='ltr'><strong>aevi</strong></span> <span class='ocrx_word' id='word_1_472' title='bbox 2565 2973 2578 2996; x_wconf 87' lang='lat'><strong>,</strong></span> <span class='ocrx_word' id='word_1_473' title='bbox 2609 2941 2756 2985; x_wconf 90' lang='lat' dir='ltr'><strong>certe</strong></span> <span class='ocrx_word' id='word_1_474' title='bbox 2797 2944 2902 2984; x_wconf 90' lang='lat' dir='ltr'><strong>non</strong></span> <span class='ocrx_word' id='word_1_475' title='bbox 2932 2927 3048 2997; x_wconf 90' lang='lat' dir='ltr'><strong>ejus</strong></span> <span class='ocrx_word' id='word_1_476' title='bbox 3076 2929 3164 2998; x_wconf 90' lang='lat' dir='ltr'><strong>qui</strong></span> <span class='ocrx_word' id='word_1_477' title='bbox 3208 2943 3479 2998; x_wconf 91' lang='lat' dir='ltr'><strong>nunquam</strong></span> <span class='ocrx_word' id='word_1_478' title='bbox 3524 2929 3697 2982; x_wconf 79' lang='lat' dir='ltr'><strong>dixit:</strong></span> <span class='ocrx_word' id='word_1_479' title='bbox 3753 2926 3876 2980; x_wconf 82' lang='lat' dir='ltr'><strong>Fiat</strong></span> <span class='ocrx_word' id='word_1_480' title='bbox 3924 2930 4033 2982; x_wconf 75' lang='lat' dir='ltr'><strong>lux.</strong></span> 
     </span>
    </p>
   </div>
   <div class='ocr_carea' id='block_1_59' title="bbox 2438 3019 4040 3091">
    <p class='ocr_par' dir='ltr' id='par_1_59' title="bbox 2438 3019 4040 3091">
     <span class='ocr_line' id='line_1_59' title="bbox 2438 3019 4040 3091; baseline -0.004 -11"><span class='ocrx_word' id='word_1_481' title='bbox 2438 3025 2705 3080; x_wconf 73' lang='lat' dir='ltr'><strong>Praetereo</strong></span> <span class='ocrx_word' id='word_1_482' title='bbox 2729 3023 2814 3077; x_wconf 90' lang='lat' dir='ltr'><strong>hic</strong></span> <span class='ocrx_word' id='word_1_483' title='bbox 2838 3032 2892 3077; x_wconf 90' lang='lat' dir='ltr'><strong>ct</strong></span> <span class='ocrx_word' id='word_1_484' title='bbox 2916 3022 2983 3076; x_wconf 91' lang='lat' dir='ltr'><strong>de</strong></span> <span class='ocrx_word' id='word_1_485' title='bbox 3010 3021 3111 3075; x_wconf 90' lang='lat' dir='ltr'><strong>alia</strong></span> <span class='ocrx_word' id='word_1_486' title='bbox 3142 3021 3400 3091; x_wconf 72' lang='lat' dir='ltr'><strong>Epistula,</strong></span> <span class='ocrx_word' id='word_1_487' title='bbox 3449 3037 3605 3090; x_wconf 83' lang='lat' dir='ltr'><strong>quant</strong></span> <span class='ocrx_word' id='word_1_488' title='bbox 3637 3035 3735 3074; x_wconf 89' lang='lat' dir='ltr'><strong>nos</strong></span> <span class='ocrx_word' id='word_1_489' title='bbox 3757 3021 3825 3073; x_wconf 87' lang='lat' dir='ltr'><strong>ad</strong></span> <span class='ocrx_word' id='word_1_490' title='bbox 3858 3019 4040 3087; x_wconf 78' lang='lat' dir='ltr'><strong>Ephe-</strong></span> 
     </span>
    </p>
   </div>
   <div class='ocr_carea' id='block_1_60' title="bbox 2437 3111 4039 3185">
    <p class='ocr_par' dir='ltr' id='par_1_60' title="bbox 2437 3111 4039 3185">
     <span class='ocr_line' id='line_1_60' title="bbox 2437 3111 4039 3185; baseline -0.004 -15"><span class='ocrx_word' id='word_1_491' title='bbox 2437 3118 2546 3170; x_wconf 90' lang='lat' dir='ltr'><strong>sios</strong></span> <span class='ocrx_word' id='word_1_492' title='bbox 2577 3116 2938 3185; x_wconf 72' lang='lat' dir='ltr'><strong>prmscriptam</strong></span> <span class='ocrx_word' id='word_1_493' title='bbox 2970 3114 3245 3172; x_wconf 80' lang='lat' dir='ltr'><strong>trahemus.</strong></span> <span class='ocrx_word' id='word_1_494' title='bbox 3272 3111 3347 3184; x_wconf 71' lang='grc' dir='ltr'><strong>(ἐν)</strong></span> <span class='ocrx_word' id='word_1_495' title='bbox 3384 3112 3618 3166; x_wconf 63' lang='lat' dir='ltr'><strong>haeretici</strong></span> <span class='ocrx_word' id='word_1_496' title='bbox 3643 3127 3768 3166; x_wconf 77' lang='lat' dir='ltr'><strong>vero</strong></span> <span class='ocrx_word' id='word_1_497' title='bbox 3796 3113 3862 3165; x_wconf 88' lang='lat' dir='ltr'><strong>ad</strong></span> <span class='ocrx_word' id='word_1_498' title='bbox 3894 3113 4039 3166; x_wconf 76' lang='lat' dir='ltr'><strong>Lao-</strong></span> 
     </span>
    </p>
   </div>
   <div class='ocr_carea' id='block_1_61' title="bbox 2437 3201 4038 3273">
    <p class='ocr_par' dir='ltr' id='par_1_61' title="bbox 2437 3201 4038 3273">
     <span class='ocr_line' id='line_1_61' title="bbox 2437 3201 4038 3273; baseline -0.002 -13"><span class='ocrx_word' id='word_1_499' title='bbox 2437 3208 2673 3261; x_wconf 74' lang='lat' dir='ltr'><strong>IIICCIltlS.</strong></span> <span class='ocrx_word' id='word_1_500' title='bbox 2711 3208 2794 3260; x_wconf 75' lang='lat' dir='ltr'><strong>Ait</strong></span> <span class='ocrx_word' id='word_1_501' title='bbox 2831 3204 2972 3258; x_wconf 88' lang='lat' dir='ltr'><strong>enim</strong></span> <span class='ocrx_word' id='word_1_502' title='bbox 3016 3201 3179 3273; x_wconf 79' lang='lat' dir='ltr'><strong>(Epit.</strong></span> <span class='ocrx_word' id='word_1_503' title='bbox 3214 3201 3274 3260; x_wconf 88' lang='lat' dir='ltr'><strong>II.</strong></span> <span class='ocrx_word' id='word_1_504' title='bbox 3308 3203 3396 3273; x_wconf 71' lang='lat' dir='ltr'><strong>l9.)</strong></span> <span class='ocrx_word' id='word_1_505' title='bbox 3432 3203 3738 3255; x_wconf 86' lang='lat' dir='ltr'><strong>meminisse</strong></span> <span class='ocrx_word' id='word_1_506' title='bbox 3766 3203 4038 3269; x_wconf 82' lang='lat' dir='ltr'><strong>nationes,</strong></span> 
     </span>
    </p>
   </div>
   <div class='ocr_carea' id='block_1_62' title="bbox 739 3291 4041 3371">
    <p class='ocr_par' dir='ltr' id='par_1_62' title="bbox 739 3291 4041 3371">
     <span class='ocr_line' id='line_1_62' title="bbox 739 3291 4041 3371; baseline -0 -24"><span class='ocrx_word' id='word_1_507' title='bbox 739 3309 930 3347; x_wconf 88' lang='lat' dir='ltr'><strong>sensus</strong></span> <span class='ocrx_word' id='word_1_508' title='bbox 959 3295 1360 3364; x_wconf 85' lang='lat' dir='ltr'><strong>ambiguitatem</strong></span> <span class='ocrx_word' id='word_1_509' title='bbox 1407 3297 1510 3365; x_wconf 89' lang='lat' dir='ltr'><strong>pati</strong></span> <span class='ocrx_word' id='word_1_510' title='bbox 1539 3311 1696 3366; x_wconf 84' lang='lat' dir='ltr'><strong>posse</strong></span> <span class='ocrx_word' id='word_1_511' title='bbox 1715 3341 1730 3361; x_wconf 88' lang='lat'><strong><em>.</em></strong></span> <span class='ocrx_word' id='word_1_512' title='bbox 1763 3296 1830 3353; x_wconf 90' lang='lat' dir='ltr'><strong>de</strong></span> <span class='ocrx_word' id='word_1_513' title='bbox 1859 3300 1992 3353; x_wconf 77' lang='lat' dir='ltr'><strong>Sono</strong></span> <span class='ocrx_word' id='word_1_514' title='bbox 2022 3302 2332 3371; x_wconf 85' lang='lat' dir='ltr'><strong>pronttutia-</strong></span> <span class='ocrx_word' id='word_1_515' title='bbox 2359 3308 2403 3368; x_wconf 66' lang='grc' dir='ltr'><strong>(ζ</strong></span> <span class='ocrx_word' id='word_1_516' title='bbox 2437 3297 2577 3368; x_wconf 88' lang='lat' dir='ltr'><strong>quod</strong></span> <span class='ocrx_word' id='word_1_517' title='bbox 2603 3297 2690 3350; x_wconf 90' lang='lat' dir='ltr'><strong>illo</strong></span> <span class='ocrx_word' id='word_1_518' title='bbox 2718 3296 2769 3349; x_wconf 87' lang='lat' dir='ltr'><strong>itt</strong></span> <span class='ocrx_word' id='word_1_519' title='bbox 2802 3305 3040 3364; x_wconf 89' lang='lat' dir='ltr'><strong>tempore</strong></span> <span class='ocrx_word' id='word_1_520' title='bbox 3070 3311 3182 3347; x_wconf 90' lang='lat' dir='ltr'><strong>cum</strong></span> <span class='ocrx_word' id='word_1_521' title='bbox 3210 3303 3372 3348; x_wconf 78' lang='lat' dir='ltr'><strong>essent</strong></span> <span class='ocrx_word' id='word_1_522' title='bbox 3393 3293 3499 3348; x_wconf 91' lang='lat' dir='ltr'><strong>sine</strong></span> <span class='ocrx_word' id='word_1_523' title='bbox 3524 3291 3725 3346; x_wconf 85' lang='lat' dir='ltr'><strong>Christo</strong></span> <span class='ocrx_word' id='word_1_524' title='bbox 3749 3334 3764 3356; x_wconf 90' lang='lat'><strong>,</strong></span> <span class='ocrx_word' id='word_1_525' title='bbox 3792 3293 3953 3347; x_wconf 85' lang='lat' dir='ltr'><strong>alieni</strong></span> <span class='ocrx_word' id='word_1_526' title='bbox 3977 3295 4041 3348; x_wconf 77' lang='lat' dir='ltr'><strong>ab</strong></span> 
     </span>
    </p>
   </div>
   <div class='ocr_carea' id='block_1_63' title="bbox 738 3386 2333 3460">
    <p class='ocr_par' dir='ltr' id='par_1_63' title="bbox 738 3386 2333 3460">
     <span class='ocr_line' id='line_1_63' title="bbox 738 3386 2333 3460; baseline 0.004 -20"><span class='ocrx_word' id='word_1_527' title='bbox 738 3386 934 3452; x_wconf 85' lang='lat' dir='ltr'><strong>tionis,</strong></span> <span class='ocrx_word' id='word_1_528' title='bbox 983 3395 1074 3439; x_wconf 88' lang='lat' dir='ltr'><strong>aut</strong></span> <span class='ocrx_word' id='word_1_529' title='bbox 1121 3387 1188 3442; x_wconf 89' lang='lat' dir='ltr'><strong>de</strong></span> <span class='ocrx_word' id='word_1_530' title='bbox 1237 3388 1395 3442; x_wconf 86' lang='lat' dir='ltr'><strong>modo</strong></span> <span class='ocrx_word' id='word_1_531' title='bbox 1434 3387 1834 3456; x_wconf 87' lang='lat' dir='ltr'><strong>distinctionis,</strong></span> <span class='ocrx_word' id='word_1_532' title='bbox 1882 3405 2003 3444; x_wconf 92' lang='lat' dir='ltr'><strong>cum</strong></span> <span class='ocrx_word' id='word_1_533' title='bbox 2050 3390 2333 3460; x_wconf 82' lang='lat' dir='ltr'><strong>dttplicitas</strong></span> 
     </span>
    </p>
   </div>
   <div class='ocr_carea' id='block_1_64' title="bbox 741 3479 2334 3553">
    <p class='ocr_par' dir='ltr' id='par_1_64' title="bbox 741 3479 2334 3553">
     <span class='ocr_line' id='line_1_64' title="bbox 741 3479 2334 3553; baseline 0.006 -23"><span class='ocrx_word' id='word_1_534' title='bbox 741 3493 925 3532; x_wconf 84' lang='lat' dir='ltr'><strong>carum</strong></span> <span class='ocrx_word' id='word_1_535' title='bbox 951 3479 1250 3534; x_wconf 88' lang='lat' dir='ltr'><strong>intercedit.</strong></span> <span class='ocrx_word' id='word_1_536' title='bbox 1285 3482 1431 3534; x_wconf 84' lang='lat' dir='ltr'><strong>lianc</strong></span> <span class='ocrx_word' id='word_1_537' title='bbox 1461 3481 1692 3536; x_wconf 85' lang='lat' dir='ltr'><strong>Marcion</strong></span> <span class='ocrx_word' id='word_1_538' title='bbox 1723 3484 1954 3551; x_wconf 83' lang='lat' dir='ltr'><strong>captavit</strong></span> <span class='ocrx_word' id='word_1_539' title='bbox 1979 3484 2056 3538; x_wconf 89' lang='lat' dir='ltr'><strong>sie</strong></span> <span class='ocrx_word' id='word_1_540' title='bbox 2087 3484 2334 3553; x_wconf 85' lang='lat' dir='ltr'><strong>legendo,</strong></span> 
     </span>
    </p>
   </div>
   <div class='ocr_carea' id='block_1_65' title="bbox 742 3569 2338 3641">
    <p class='ocr_par' dir='ltr' id='par_1_65' title="bbox 742 3569 2338 3641">
     <span class='ocr_line' id='line_1_65' title="bbox 742 3569 2338 3641; baseline 0.005 -19"><span class='ocrx_word' id='word_1_541' title='bbox 742 3569 806 3623; x_wconf 90' lang='lat' dir='ltr'><strong>In</strong></span> <span class='ocrx_word' id='word_1_542' title='bbox 837 3572 1015 3641; x_wconf 83' lang='lat' dir='ltr'><strong>quibus</strong></span> <span class='ocrx_word' id='word_1_543' title='bbox 1039 3571 1112 3641; x_wconf 76' lang='lat' dir='ltr'><strong>la)</strong></span> <span class='ocrx_word' id='word_1_544' title='bbox 1140 3571 1389 3641; x_wconf 42' lang='grc' dir='ltr'><strong>θεας,ωυί</strong></span> <span class='ocrx_word' id='word_1_545' title='bbox 1413 3573 1569 3641; x_wconf 84' lang='lat' dir='ltr'><strong>Itujus</strong></span> <span class='ocrx_word' id='word_1_546' title='bbox 1593 3589 1611 3636; x_wconf 81' lang='lat'><strong>,&#39;</strong></span> <span class='ocrx_word' id='word_1_547' title='bbox 1637 3583 1691 3627; x_wconf 94' lang='lat' dir='ltr'><strong>ut</strong></span> <span class='ocrx_word' id='word_1_548' title='bbox 1711 3574 2022 3630; x_wconf 86' lang='lat' dir='ltr'><strong>Creatorem</strong></span> <span class='ocrx_word' id='word_1_549' title='bbox 2046 3575 2338 3631; x_wconf 85' lang='lat' dir='ltr'><strong>ostendens</strong></span> 
     </span>
    </p>
   </div>
   <div class='ocr_carea' id='block_1_66' title="bbox 743 3666 2335 3737">
    <p class='ocr_par' dir='ltr' id='par_1_66' title="bbox 743 3666 2335 3737">
     <span class='ocr_line' id='line_1_66' title="bbox 743 3666 2335 3737; baseline 0.003 -18"><span class='ocrx_word' id='word_1_550' title='bbox 743 3666 909 3719; x_wconf 80' lang='lat' dir='ltr'><strong>Deum</strong></span> <span class='ocrx_word' id='word_1_551' title='bbox 944 3667 1100 3735; x_wconf 89' lang='lat' dir='ltr'><strong>hujus</strong></span> <span class='ocrx_word' id='word_1_552' title='bbox 1129 3667 1224 3720; x_wconf 71' lang='lat' dir='ltr'><strong>aevi</strong></span> <span class='ocrx_word' id='word_1_553' title='bbox 1248 3708 1261 3728; x_wconf 88' lang='lat'><strong>,</strong></span> <span class='ocrx_word' id='word_1_554' title='bbox 1291 3666 1452 3720; x_wconf 83' lang='lat' dir='ltr'><strong>alium</strong></span> <span class='ocrx_word' id='word_1_555' title='bbox 1493 3678 1739 3737; x_wconf 81' lang='lat' dir='ltr'><strong>suggerat</strong></span> <span class='ocrx_word' id='word_1_556' title='bbox 1765 3668 1932 3722; x_wconf 89' lang='lat' dir='ltr'><strong>Deum</strong></span> <span class='ocrx_word' id='word_1_557' title='bbox 1963 3669 2184 3723; x_wconf 90' lang='lat' dir='ltr'><strong>alterius</strong></span> <span class='ocrx_word' id='word_1_558' title='bbox 2212 3670 2335 3723; x_wconf 66' lang='lat' dir='ltr'><strong>aevi.</strong></span> 
     </span>
    </p>
   </div>
   <div class='ocr_carea' id='block_1_67' title="bbox 744 3756 2340 3828">
    <p class='ocr_par' dir='ltr' id='par_1_67' title="bbox 744 3756 2340 3828">
     <span class='ocr_line' id='line_1_67' title="bbox 744 3756 2340 3828; baseline 0.003 -18"><span class='ocrx_word' id='word_1_559' title='bbox 744 3756 850 3810; x_wconf 77' lang='lat' dir='ltr'><strong>Nos</strong></span> <span class='ocrx_word' id='word_1_560' title='bbox 900 3770 1083 3810; x_wconf 85' lang='lat' dir='ltr'><strong>contra</strong></span> <span class='ocrx_word' id='word_1_561' title='bbox 1111 3800 1124 3823; x_wconf 98' lang='lat'><strong>,</strong></span> <span class='ocrx_word' id='word_1_562' title='bbox 1176 3760 1251 3811; x_wconf 87' lang='lat' dir='ltr'><strong>sic</strong></span> <span class='ocrx_word' id='word_1_563' title='bbox 1273 3757 1704 3828; x_wconf 88' lang='lat' dir='ltr'><strong>distinguendum</strong></span> <span class='ocrx_word' id='word_1_564' title='bbox 1756 3757 2023 3813; x_wconf 90' lang='lat' dir='ltr'><strong>dicimus:</strong></span> <span class='ocrx_word' id='word_1_565' title='bbox 2057 3763 2117 3813; x_wconf 89' lang='lat' dir='ltr'><strong>In</strong></span> <span class='ocrx_word' id='word_1_566' title='bbox 2159 3760 2340 3828; x_wconf 85' lang='lat' dir='ltr'><strong>quibus</strong></span> 
     </span>
    </p>
   </div>
   <div class='ocr_carea' id='block_1_68' title="bbox 748 3847 2340 3922">
    <p class='ocr_par' dir='ltr' id='par_1_68' title="bbox 748 3847 2340 3922">
     <span class='ocr_line' id='line_1_68' title="bbox 748 3847 2340 3922; baseline 0.004 -22"><span class='ocrx_word' id='word_1_567' title='bbox 748 3847 920 3912; x_wconf 83' lang='lat' dir='ltr'><strong>Deus;</strong></span> <span class='ocrx_word' id='word_1_568' title='bbox 947 3849 1140 3905; x_wconf 74' lang='lat' dir='ltr'><strong>III&#39;IIIIIC</strong></span> <span class='ocrx_word' id='word_1_569' title='bbox 1163 3869 1172 3902; x_wconf 90' lang='lat'><strong>:</strong></span> <span class='ocrx_word' id='word_1_570' title='bbox 1199 3853 1291 3904; x_wconf 69' lang='lat' dir='ltr'><strong>(cvi</strong></span> <span class='ocrx_word' id='word_1_571' title='bbox 1317 3852 1468 3915; x_wconf 83' lang='lat' dir='ltr'><strong>huius</strong></span> <span class='ocrx_word' id='word_1_572' title='bbox 1497 3855 1764 3905; x_wconf 68' lang='lat' dir='ltr'><strong>excaecauit</strong></span> <span class='ocrx_word' id='word_1_573' title='bbox 1791 3862 1977 3906; x_wconf 85' lang='lat' dir='ltr'><strong>mentes</strong></span> <span class='ocrx_word' id='word_1_574' title='bbox 2007 3853 2295 3922; x_wconf 80' lang='lat' dir='ltr'><strong>inﬁdelium</strong></span> <span class='ocrx_word' id='word_1_575' title='bbox 2320 3870 2340 3919; x_wconf 87' lang='lat'><strong><em>;</em></strong></span> 
     </span>
    </p>
   </div>
   <div class='ocr_carea' id='block_1_69' title="bbox 747 3940 2344 4016">
    <p class='ocr_par' dir='ltr' id='par_1_69' title="bbox 747 3940 2344 4016">
     <span class='ocr_line' id='line_1_69' title="bbox 747 3940 2344 4016; baseline 0.004 -22"><span class='ocrx_word' id='word_1_576' title='bbox 747 3942 799 3994; x_wconf 86' lang='lat' dir='ltr'><strong>in</strong></span> <span class='ocrx_word' id='word_1_577' title='bbox 825 3941 1001 4008; x_wconf 81' lang='lat' dir='ltr'><strong>quibus</strong></span> <span class='ocrx_word' id='word_1_578' title='bbox 1026 3983 1038 4000; x_wconf 83' lang='lat'><strong>,</strong></span> <span class='ocrx_word' id='word_1_579' title='bbox 1069 3940 1270 3995; x_wconf 71' lang='lat' dir='ltr'><strong>Iudaeis</strong></span> <span class='ocrx_word' id='word_1_580' title='bbox 1296 3941 1596 3996; x_wconf 89' lang='lat' dir='ltr'><strong>inﬁdelibus</strong></span> <span class='ocrx_word' id='word_1_581' title='bbox 1616 3983 1631 4005; x_wconf 86' lang='lat'><strong>,</strong></span> <span class='ocrx_word' id='word_1_582' title='bbox 1664 3942 1716 3995; x_wconf 93' lang='lat' dir='ltr'><strong>in</strong></span> <span class='ocrx_word' id='word_1_583' title='bbox 1755 3943 1948 4012; x_wconf 91' lang='lat' dir='ltr'><strong>quibus</strong></span> <span class='ocrx_word' id='word_1_584' title='bbox 1992 3953 2236 4016; x_wconf 87' lang='lat' dir='ltr'><strong>opertum</strong></span> <span class='ocrx_word' id='word_1_585' title='bbox 2261 3955 2344 4000; x_wconf 89' lang='lat' dir='ltr'><strong>est</strong></span> 
     </span>
    </p>
   </div>
   <div class='ocr_carea' id='block_1_70' title="bbox 747 4033 2344 4108">
    <p class='ocr_par' dir='ltr' id='par_1_70' title="bbox 747 4033 2344 4108">
     <span class='ocr_line' id='line_1_70' title="bbox 747 4033 2344 4108; baseline 0.004 -23"><span class='ocrx_word' id='word_1_586' title='bbox 747 4033 1012 4102; x_wconf 79' lang='lat' dir='ltr'><strong>aliquibus</strong></span> <span class='ocrx_word' id='word_1_587' title='bbox 1042 4033 1387 4103; x_wconf 75' lang='lat' dir='ltr'><strong>Evangelium</strong></span> <span class='ocrx_word' id='word_1_588' title='bbox 1415 4034 1586 4088; x_wconf 92' lang='lat' dir='ltr'><strong>adhuc</strong></span> <span class='ocrx_word' id='word_1_589' title='bbox 1607 4034 1706 4087; x_wconf 87' lang='lat' dir='ltr'><strong>sub</strong></span> <span class='ocrx_word' id='word_1_590' title='bbox 1728 4035 1989 4090; x_wconf 88' lang='lat' dir='ltr'><strong>velamine</strong></span> <span class='ocrx_word' id='word_1_591' title='bbox 2016 4035 2203 4108; x_wconf 84' lang='lat' dir='ltr'><strong>Moysi.</strong></span> <span class='ocrx_word' id='word_1_592' title='bbox 2235 4037 2344 4092; x_wconf 90' lang='lat' dir='ltr'><strong>Illis</strong></span> 
     </span>
    </p>
   </div>
   <div class='ocr_carea' id='block_1_71' title="bbox 750 4127 2336 4201">
    <p class='ocr_par' dir='ltr' id='par_1_71' title="bbox 750 4127 2336 4201">
     <span class='ocr_line' id='line_1_71' title="bbox 750 4127 2336 4201; baseline 0.003 -20"><span class='ocrx_word' id='word_1_593' title='bbox 750 4131 894 4182; x_wconf 74' lang='lat' dir='ltr'><strong>enim</strong></span> <span class='ocrx_word' id='word_1_594' title='bbox 949 4133 1086 4183; x_wconf 89' lang='lat' dir='ltr'><strong>Deus</strong></span> <span class='ocrx_word' id='word_1_595' title='bbox 1137 4128 1238 4201; x_wconf 92' lang='lat' dir='ltr'><strong>(Is.</strong></span> <span class='ocrx_word' id='word_1_596' title='bbox 1286 4127 1477 4193; x_wconf 84' lang='lat' dir='ltr'><strong>XXIX,</strong></span> <span class='ocrx_word' id='word_1_597' title='bbox 1505 4129 1618 4200; x_wconf 79' lang='lat' dir='ltr'><strong>l3),</strong></span> <span class='ocrx_word' id='word_1_598' title='bbox 1657 4129 1804 4182; x_wconf 88' lang='lat' dir='ltr'><strong>labiis</strong></span> <span class='ocrx_word' id='word_1_599' title='bbox 1846 4130 2166 4200; x_wconf 77' lang='lat' dir='ltr'><strong>diligentibus</strong></span> <span class='ocrx_word' id='word_1_600' title='bbox 2201 4148 2336 4197; x_wconf 84' lang='lat' dir='ltr'><strong>eum,</strong></span> 
     </span>
    </p>
   </div>
   <div class='ocr_carea' id='block_1_72' title="bbox 750 4221 2347 4293">
    <p class='ocr_par' dir='ltr' id='par_1_72' title="bbox 750 4221 2347 4293">
     <span class='ocr_line' id='line_1_72' title="bbox 750 4221 2347 4293; baseline 0.003 -19"><span class='ocrx_word' id='word_1_601' title='bbox 750 4223 904 4276; x_wconf 70' lang='lat' dir='ltr'><strong>corde</strong></span> <span class='ocrx_word' id='word_1_602' title='bbox 929 4233 1097 4275; x_wconf 75' lang='lat' dir='ltr'><strong>(intem</strong></span> <span class='ocrx_word' id='word_1_603' title='bbox 1125 4223 1274 4293; x_wconf 88' lang='lat' dir='ltr'><strong>longe</strong></span> <span class='ocrx_word' id='word_1_604' title='bbox 1301 4221 1654 4275; x_wconf 84' lang='lat' dir='ltr'><strong>absistentibus</strong></span> <span class='ocrx_word' id='word_1_605' title='bbox 1683 4221 1745 4274; x_wconf 89' lang='lat' dir='ltr'><strong>ab</strong></span> <span class='ocrx_word' id='word_1_606' title='bbox 1775 4238 1862 4283; x_wconf 86' lang='lat' dir='ltr'><strong>eo,</strong></span> <span class='ocrx_word' id='word_1_607' title='bbox 1907 4222 2135 4276; x_wconf 91' lang='lat' dir='ltr'><strong>minatus</strong></span> <span class='ocrx_word' id='word_1_608' title='bbox 2177 4223 2347 4279; x_wconf 77' lang='lat' dir='ltr'><strong>fuerat</strong></span> 
     </span>
    </p>
   </div>
   <div class='ocr_carea' id='block_1_73' title="bbox 752 4313 2344 4386">
    <p class='ocr_par' dir='ltr' id='par_1_73' title="bbox 752 4313 2344 4386">
     <span class='ocr_line' id='line_1_73' title="bbox 752 4313 2344 4386; baseline -0.001 -17"><span class='ocrx_word' id='word_1_609' title='bbox 752 4314 854 4386; x_wconf 87' lang='lat' dir='ltr'><strong>(Is.</strong></span> <span class='ocrx_word' id='word_1_610' title='bbox 875 4315 960 4378; x_wconf 72' lang='lat' dir='ltr'><strong>VI,</strong></span> <span class='ocrx_word' id='word_1_611' title='bbox 981 4315 1069 4384; x_wconf 88' lang='grc'><strong>10)</strong></span> <span class='ocrx_word' id='word_1_612' title='bbox 1103 4331 1117 4367; x_wconf 89' lang='lat'><strong>:</strong></span> <span class='ocrx_word' id='word_1_613' title='bbox 1149 4315 1286 4368; x_wconf 80' lang='lat' dir='ltr'><strong>Anre</strong></span> <span class='ocrx_word' id='word_1_614' title='bbox 1304 4313 1542 4376; x_wconf 86' lang='lat' dir='ltr'><strong>audietis,</strong></span> <span class='ocrx_word' id='word_1_615' title='bbox 1559 4323 1722 4366; x_wconf 88' lang='lat' dir='ltr'><strong>etnon</strong></span> <span class='ocrx_word' id='word_1_616' title='bbox 1748 4313 1999 4376; x_wconf 85' lang='lat' dir='ltr'><strong>audietis;</strong></span> <span class='ocrx_word' id='word_1_617' title='bbox 2025 4315 2184 4368; x_wconf 84' lang='lat' dir='ltr'><strong>oculis</strong></span> <span class='ocrx_word' id='word_1_618' title='bbox 2205 4315 2344 4368; x_wconf 82' lang='lat' dir='ltr'><strong>vide-</strong></span> 
     </span>
    </p>
   </div>
   <div class='ocr_carea' id='block_1_74' title="bbox 750 4403 2345 4476">
    <p class='ocr_par' dir='ltr' id='par_1_74' title="bbox 750 4403 2345 4476">
     <span class='ocr_line' id='line_1_74' title="bbox 750 4403 2345 4476; baseline 0.003 -19"><span class='ocrx_word' id='word_1_619' title='bbox 750 4406 885 4466; x_wconf 86' lang='lat' dir='ltr'><strong>bitis,</strong></span> <span class='ocrx_word' id='word_1_620' title='bbox 906 4416 957 4458; x_wconf 87' lang='lat' dir='ltr'><strong>ut</strong></span> <span class='ocrx_word' id='word_1_621' title='bbox 988 4422 1087 4458; x_wconf 87' lang='lat' dir='ltr'><strong>non</strong></span> <span class='ocrx_word' id='word_1_622' title='bbox 1116 4406 1375 4468; x_wconf 84' lang='lat' dir='ltr'><strong>ridebitis;</strong></span> <span class='ocrx_word' id='word_1_623' title='bbox 1405 4415 1453 4459; x_wconf 93' lang='lat' dir='ltr'><strong>et</strong></span> <span class='ocrx_word' id='word_1_624' title='bbox 1489 4404 1589 4476; x_wconf 91' lang='lat' dir='ltr'><strong>(Is.</strong></span> <span class='ocrx_word' id='word_1_625' title='bbox 1618 4403 1724 4461; x_wconf 76' lang='lat' dir='ltr'><strong>VII.</strong></span> <span class='ocrx_word' id='word_1_626' title='bbox 1757 4405 1813 4474; x_wconf 85' lang='lat'>9)</span> <span class='ocrx_word' id='word_1_627' title='bbox 1844 4422 1858 4459; x_wconf 91' lang='lat'><strong>:</strong></span> <span class='ocrx_word' id='word_1_628' title='bbox 1889 4406 1984 4459; x_wconf 88' lang='lat' dir='ltr'><strong>nisi</strong></span> <span class='ocrx_word' id='word_1_629' title='bbox 2013 4407 2345 4475; x_wconf 84' lang='lat' dir='ltr'><strong>credideritis,</strong></span> 
     </span>
    </p>
   </div>
   <div class='ocr_carea' id='block_1_75' title="bbox 752 4496 2349 4568">
    <p class='ocr_par' dir='ltr' id='par_1_75' title="bbox 752 4496 2349 4568">
     <span class='ocr_line' id='line_1_75' title="bbox 752 4496 2349 4568; baseline 0.006 -21"><span class='ocrx_word' id='word_1_630' title='bbox 752 4514 840 4548; x_wconf 75' lang='lat' dir='ltr'><strong>nec</strong></span> <span class='ocrx_word' id='word_1_631' title='bbox 853 4497 1162 4565; x_wconf 74' lang='lat' dir='ltr'><strong>intelligetis;</strong></span> <span class='ocrx_word' id='word_1_632' title='bbox 1177 4509 1223 4550; x_wconf 91' lang='lat' dir='ltr'><strong>ct</strong></span> <span class='ocrx_word' id='word_1_633' title='bbox 1237 4497 1334 4565; x_wconf 89' lang='lat' dir='ltr'><strong>(Is.</strong></span> <span class='ocrx_word' id='word_1_634' title='bbox 1355 4496 1546 4562; x_wconf 88' lang='lat' dir='ltr'><strong>XXIX,</strong></span> <span class='ocrx_word' id='word_1_635' title='bbox 1563 4496 1652 4567; x_wconf 72' lang='grc'><strong>14)</strong></span> <span class='ocrx_word' id='word_1_636' title='bbox 1675 4516 1687 4548; x_wconf 77' lang='grc' dir='ltr'><strong><em>τ</em></strong></span> <span class='ocrx_word' id='word_1_637' title='bbox 1705 4500 1932 4566; x_wconf 80' lang='lat' dir='ltr'><strong>auferam</strong></span> <span class='ocrx_word' id='word_1_638' title='bbox 1954 4499 2250 4568; x_wconf 82' lang='lat' dir='ltr'><strong>sapientiam</strong></span> <span class='ocrx_word' id='word_1_639' title='bbox 2264 4519 2349 4555; x_wconf 86' lang='lat' dir='ltr'><strong>sa-</strong></span> 
     </span>
    </p>
   </div>
   <div class='ocr_carea' id='block_1_76' title="bbox 752 4591 2349 4664">
    <p class='ocr_par' dir='ltr' id='par_1_76' title="bbox 752 4591 2349 4664">
     <span class='ocr_line' id='line_1_76' title="bbox 752 4591 2349 4664; baseline 0.006 -23"><span class='ocrx_word' id='word_1_640' title='bbox 752 4591 992 4659; x_wconf 83' lang='lat' dir='ltr'><strong>pientium</strong></span> <span class='ocrx_word' id='word_1_641' title='bbox 1012 4632 1026 4656; x_wconf 90' lang='lat'><strong>,</strong></span> <span class='ocrx_word' id='word_1_642' title='bbox 1059 4602 1104 4644; x_wconf 80' lang='lat' dir='ltr'><strong>et</strong></span> <span class='ocrx_word' id='word_1_643' title='bbox 1134 4593 1452 4660; x_wconf 78' lang='lat' dir='ltr'><strong>prudentiam</strong></span> <span class='ocrx_word' id='word_1_644' title='bbox 1467 4594 1788 4664; x_wconf 79' lang='lat' dir='ltr'><strong>prudentium</strong></span> <span class='ocrx_word' id='word_1_645' title='bbox 1801 4594 1994 4648; x_wconf 83' lang='lat' dir='ltr'><strong>irritam</strong></span> <span class='ocrx_word' id='word_1_646' title='bbox 2013 4594 2349 4662; x_wconf 59' lang='lat' dir='ltr'><strong>facianuﬂtec</strong></span> 
     </span>
    </p>
   </div>
   <div class='ocr_carea' id='block_1_77' title="bbox 2437 3388 4044 3457">
    <p class='ocr_par' dir='ltr' id='par_1_77' title="bbox 2437 3388 4044 3457">
     <span class='ocr_line' id='line_1_77' title="bbox 2437 3388 4044 3457; baseline -0.002 -11"><span class='ocrx_word' id='word_1_647' title='bbox 2437 3391 2629 3447; x_wconf 88' lang='lat' dir='ltr'><strong>Israele</strong></span> <span class='ocrx_word' id='word_1_648' title='bbox 2650 3431 2666 3457; x_wconf 95' lang='lat'><strong>,</strong></span> <span class='ocrx_word' id='word_1_649' title='bbox 2699 3391 2809 3444; x_wconf 85' lang='lat' dir='ltr'><strong>sine</strong></span> <span class='ocrx_word' id='word_1_650' title='bbox 2837 3389 3214 3442; x_wconf 76' lang='lat' dir='ltr'><strong>conuersatione</strong></span> <span class='ocrx_word' id='word_1_651' title='bbox 3237 3428 3251 3452; x_wconf 93' lang='lat'><strong>,</strong></span> <span class='ocrx_word' id='word_1_652' title='bbox 3281 3398 3326 3440; x_wconf 89' lang='lat' dir='ltr'><strong>et</strong></span> <span class='ocrx_word' id='word_1_653' title='bbox 3356 3388 3664 3442; x_wconf 81' lang='lat' dir='ltr'><strong>testamentis</strong></span> <span class='ocrx_word' id='word_1_654' title='bbox 3689 3431 3701 3449; x_wconf 88' lang='lat'><strong>.</strong></span> <span class='ocrx_word' id='word_1_655' title='bbox 3731 3398 3777 3440; x_wconf 88' lang='lat' dir='ltr'><strong>et</strong></span> <span class='ocrx_word' id='word_1_656' title='bbox 3805 3405 3896 3455; x_wconf 86' lang='lat' dir='ltr'><strong>spe</strong></span> <span class='ocrx_word' id='word_1_657' title='bbox 3924 3404 4044 3456; x_wconf 83' lang='lat' dir='ltr'><strong>pro-</strong></span> 
     </span>
    </p>
   </div>
   <div class='ocr_carea' id='block_1_78' title="bbox 2436 3479 4041 3551">
    <p class='ocr_par' dir='ltr' id='par_1_78' title="bbox 2436 3479 4041 3551">
     <span class='ocr_line' id='line_1_78' title="bbox 2436 3479 4041 3551; baseline -0.002 -11"><span class='ocrx_word' id='word_1_658' title='bbox 2436 3486 2690 3540; x_wconf 88' lang='lat' dir='ltr'><strong>missionis</strong></span> <span class='ocrx_word' id='word_1_659' title='bbox 2713 3525 2729 3549; x_wconf 94' lang='lat'><strong>,</strong></span> <span class='ocrx_word' id='word_1_660' title='bbox 2754 3484 2904 3536; x_wconf 87' lang='lat' dir='ltr'><strong>etiam</strong></span> <span class='ocrx_word' id='word_1_661' title='bbox 2930 3483 3038 3536; x_wconf 87' lang='lat' dir='ltr'><strong>sine</strong></span> <span class='ocrx_word' id='word_1_662' title='bbox 3060 3480 3165 3534; x_wconf 84' lang='lat' dir='ltr'><strong>Deo</strong></span> <span class='ocrx_word' id='word_1_663' title='bbox 3188 3480 3268 3551; x_wconf 84' lang='lat'><strong>(6)</strong></span> <span class='ocrx_word' id='word_1_664' title='bbox 3291 3489 3451 3533; x_wconf 80' lang='lat' dir='ltr'><strong>essent</strong></span> <span class='ocrx_word' id='word_1_665' title='bbox 3475 3520 3491 3544; x_wconf 91' lang='lat'><strong>,</strong></span> <span class='ocrx_word' id='word_1_666' title='bbox 3523 3481 3575 3532; x_wconf 93' lang='lat' dir='ltr'><strong>in</strong></span> <span class='ocrx_word' id='word_1_667' title='bbox 3599 3479 3798 3533; x_wconf 89' lang='lat' dir='ltr'><strong>mundo</strong></span> <span class='ocrx_word' id='word_1_668' title='bbox 3823 3481 4004 3549; x_wconf 89' lang='lat' dir='ltr'><strong>utique</strong></span> <span class='ocrx_word' id='word_1_669' title='bbox 4025 3523 4041 3545; x_wconf 90' lang='lat'><strong>,</strong></span> 
     </span>
    </p>
   </div>
   <div class='ocr_carea' id='block_1_79' title="bbox 2438 3569 4039 3642">
    <p class='ocr_par' dir='ltr' id='par_1_79' title="bbox 2438 3569 4039 3642">
     <span class='ocr_line' id='line_1_79' title="bbox 2438 3569 4039 3642; baseline -0.003 -11"><span class='ocrx_word' id='word_1_670' title='bbox 2438 3577 2537 3632; x_wconf 92' lang='lat' dir='ltr'><strong>etsi</strong></span> <span class='ocrx_word' id='word_1_671' title='bbox 2559 3575 2627 3630; x_wconf 90' lang='lat' dir='ltr'><strong>de</strong></span> <span class='ocrx_word' id='word_1_672' title='bbox 2651 3574 2926 3630; x_wconf 88' lang='lat' dir='ltr'><strong>Creatore.</strong></span> <span class='ocrx_word' id='word_1_673' title='bbox 2954 3572 3154 3642; x_wconf 84' lang='lat' dir='ltr'><strong>Ergosi</strong></span> <span class='ocrx_word' id='word_1_674' title='bbox 3182 3572 3426 3626; x_wconf 80' lang='lat' dir='ltr'><strong>nationes</strong></span> <span class='ocrx_word' id='word_1_675' title='bbox 3452 3570 3569 3624; x_wconf 89' lang='lat' dir='ltr'><strong>sine</strong></span> <span class='ocrx_word' id='word_1_676' title='bbox 3599 3571 3706 3624; x_wconf 87' lang='lat' dir='ltr'><strong>Deo</strong></span> <span class='ocrx_word' id='word_1_677' title='bbox 3735 3569 3869 3625; x_wconf 65' lang='lat' dir='ltr'><strong>dixit</strong></span> <span class='ocrx_word' id='word_1_678' title='bbox 3897 3586 4039 3635; x_wconf 75' lang='lat' dir='ltr'><strong>esse,</strong></span> 
     </span>
    </p>
   </div>
   <div class='ocr_carea' id='block_1_80' title="bbox 2441 3663 4043 3733">
    <p class='ocr_par' dir='ltr' id='par_1_80' title="bbox 2441 3663 4043 3733">
     <span class='ocr_line' id='line_1_80' title="bbox 2441 3663 4043 3733; baseline -0.004 -8"><span class='ocrx_word' id='word_1_679' title='bbox 2441 3671 2583 3725; x_wconf 87' lang='lat' dir='ltr'><strong>Deus</strong></span> <span class='ocrx_word' id='word_1_680' title='bbox 2612 3678 2787 3723; x_wconf 90' lang='lat' dir='ltr'><strong>autem</strong></span> <span class='ocrx_word' id='word_1_681' title='bbox 2819 3667 2922 3721; x_wconf 88' lang='lat' dir='ltr'><strong>illis</strong></span> <span class='ocrx_word' id='word_1_682' title='bbox 2950 3664 3194 3720; x_wconf 85' lang='lat' dir='ltr'><strong>diabolus</strong></span> <span class='ocrx_word' id='word_1_683' title='bbox 3233 3673 3348 3729; x_wconf 90' lang='lat' dir='ltr'><strong>est,</strong></span> <span class='ocrx_word' id='word_1_684' title='bbox 3403 3679 3507 3718; x_wconf 91' lang='lat' dir='ltr'><strong>non</strong></span> <span class='ocrx_word' id='word_1_685' title='bbox 3539 3663 3793 3729; x_wconf 86' lang='lat' dir='ltr'><strong>Creator,</strong></span> <span class='ocrx_word' id='word_1_686' title='bbox 3818 3672 4043 3733; x_wconf 89' lang='lat' dir='ltr'><strong>apparet</strong></span> 
     </span>
    </p>
   </div>
   <div class='ocr_carea' id='block_1_81' title="bbox 2439 3753 4040 3827">
    <p class='ocr_par' dir='ltr' id='par_1_81' title="bbox 2439 3753 4040 3827">
     <span class='ocr_line' id='line_1_81' title="bbox 2439 3753 4040 3827; baseline -0.005 -11"><span class='ocrx_word' id='word_1_687' title='bbox 2439 3761 2713 3817; x_wconf 90' lang='lat' dir='ltr'><strong>dominum</strong></span> <span class='ocrx_word' id='word_1_688' title='bbox 2745 3759 2841 3812; x_wconf 62' lang='lat' dir='ltr'><strong>arvi</strong></span> <span class='ocrx_word' id='word_1_689' title='bbox 2873 3757 3031 3827; x_wconf 90' lang='lat' dir='ltr'><strong>hujus</strong></span> <span class='ocrx_word' id='word_1_690' title='bbox 3058 3770 3179 3808; x_wconf 89' lang='lat' dir='ltr'><strong>eum</strong></span> <span class='ocrx_word' id='word_1_691' title='bbox 3207 3753 3611 3824; x_wconf 88' lang='lat' dir='ltr'><strong>intelligendum</strong></span> <span class='ocrx_word' id='word_1_692' title='bbox 3637 3797 3651 3819; x_wconf 95' lang='lat'><strong>,</strong></span> <span class='ocrx_word' id='word_1_693' title='bbox 3679 3769 3838 3823; x_wconf 91' lang='lat' dir='ltr'><strong>quem</strong></span> <span class='ocrx_word' id='word_1_694' title='bbox 3873 3756 4040 3808; x_wconf 85' lang='lat' dir='ltr'><strong>natio-</strong></span> 
     </span>
    </p>
   </div>
   <div class='ocr_carea' id='block_1_82' title="bbox 2441 3844 4041 3922">
    <p class='ocr_par' dir='ltr' id='par_1_82' title="bbox 2441 3844 4041 3922">
     <span class='ocr_line' id='line_1_82' title="bbox 2441 3844 4041 3922; baseline -0.004 -15"><span class='ocrx_word' id='word_1_695' title='bbox 2441 3867 2538 3907; x_wconf 89' lang='lat' dir='ltr'><strong>nes</strong></span> <span class='ocrx_word' id='word_1_696' title='bbox 2564 3866 2659 3922; x_wconf 90' lang='lat' dir='ltr'><strong>pro</strong></span> <span class='ocrx_word' id='word_1_697' title='bbox 2694 3849 2806 3904; x_wconf 90' lang='lat' dir='ltr'><strong>Deo</strong></span> <span class='ocrx_word' id='word_1_698' title='bbox 2839 3855 3154 3914; x_wconf 81' lang='lat' dir='ltr'><strong>receperunt</strong></span> <span class='ocrx_word' id='word_1_699' title='bbox 3176 3887 3190 3911; x_wconf 89' lang='lat'><strong>,</strong></span> <span class='ocrx_word' id='word_1_700' title='bbox 3224 3861 3332 3898; x_wconf 93' lang='lat' dir='ltr'><strong>non</strong></span> <span class='ocrx_word' id='word_1_701' title='bbox 3361 3844 3672 3900; x_wconf 85' lang='lat' dir='ltr'><strong>Creatorem</strong></span> <span class='ocrx_word' id='word_1_702' title='bbox 3700 3859 3857 3914; x_wconf 86' lang='lat' dir='ltr'><strong>quem</strong></span> <span class='ocrx_word' id='word_1_703' title='bbox 3889 3847 4041 3914; x_wconf 83' lang='lat' dir='ltr'><strong>igno—</strong></span> 
     </span>
    </p>
   </div>
   <div class='ocr_carea' id='block_1_83' title="bbox 2444 3937 4044 4012">
    <p class='ocr_par' dir='ltr' id='par_1_83' title="bbox 2444 3937 4044 4012">
     <span class='ocr_line' id='line_1_83' title="bbox 2444 3937 4044 4012; baseline -0.006 -11"><span class='ocrx_word' id='word_1_704' title='bbox 2444 3955 2584 4002; x_wconf 87' lang='lat' dir='ltr'><strong>rant.</strong></span> <span class='ocrx_word' id='word_1_705' title='bbox 2612 3943 2781 4012; x_wconf 85' lang='lat' dir='ltr'><strong>Quale</strong></span> <span class='ocrx_word' id='word_1_706' title='bbox 2808 3951 2891 3996; x_wconf 89' lang='lat' dir='ltr'><strong>est</strong></span> <span class='ocrx_word' id='word_1_707' title='bbox 2933 3949 3108 3994; x_wconf 84' lang='lat' dir='ltr'><strong>autem</strong></span> <span class='ocrx_word' id='word_1_708' title='bbox 3136 3947 3191 3993; x_wconf 92' lang='lat' dir='ltr'><strong>ut</strong></span> <span class='ocrx_word' id='word_1_709' title='bbox 3222 3953 3326 3992; x_wconf 91' lang='lat' dir='ltr'><strong>non</strong></span> <span class='ocrx_word' id='word_1_710' title='bbox 3351 3937 3589 4004; x_wconf 86' lang='lat' dir='ltr'><strong>ejusdem</strong></span> <span class='ocrx_word' id='word_1_711' title='bbox 3624 3938 3888 3992; x_wconf 77' lang='lat' dir='ltr'><strong>habeatur</strong></span> <span class='ocrx_word' id='word_1_712' title='bbox 3931 3939 4044 3991; x_wconf 82' lang='lat' dir='ltr'><strong>tlte-</strong></span> 
     </span>
    </p>
   </div>
   <div class='ocr_carea' id='block_1_84' title="bbox 2443 4029 4043 4104">
    <p class='ocr_par' dir='ltr' id='par_1_84' title="bbox 2443 4029 4043 4104">
     <span class='ocr_line' id='line_1_84' title="bbox 2443 4029 4043 4104; baseline -0.006 -13"><span class='ocrx_word' id='word_1_713' title='bbox 2443 4054 2625 4092; x_wconf 88' lang='lat' dir='ltr'><strong>saurus</strong></span> <span class='ocrx_word' id='word_1_714' title='bbox 2653 4037 2705 4089; x_wconf 90' lang='lat' dir='ltr'><strong>in</strong></span> <span class='ocrx_word' id='word_1_715' title='bbox 2751 4033 2992 4104; x_wconf 77' lang='lat' dir='ltr'><strong>ﬁctilibus</strong></span> <span class='ocrx_word' id='word_1_716' title='bbox 3020 4033 3154 4085; x_wconf 78' lang='lat' dir='ltr'><strong>vasis</strong></span> <span class='ocrx_word' id='word_1_717' title='bbox 3199 4030 3381 4084; x_wconf 89' lang='lat' dir='ltr'><strong>nostris</strong></span> <span class='ocrx_word' id='word_1_718' title='bbox 3405 4071 3420 4092; x_wconf 89' lang='lat'><strong>,</strong></span> <span class='ocrx_word' id='word_1_719' title='bbox 3453 4029 3605 4099; x_wconf 88' lang='lat' dir='ltr'><strong>cujus</strong></span> <span class='ocrx_word' id='word_1_720' title='bbox 3633 4037 3687 4084; x_wconf 87' lang='lat' dir='ltr'><strong>et</strong></span> <span class='ocrx_word' id='word_1_721' title='bbox 3714 4045 3838 4084; x_wconf 85' lang='lat' dir='ltr'><strong>vasa</strong></span> <span class='ocrx_word' id='word_1_722' title='bbox 3869 4030 4043 4084; x_wconf 76' lang='lat' dir='ltr'><strong>sunt?</strong></span> 
     </span>
    </p>
   </div>
   <div class='ocr_carea' id='block_1_85' title="bbox 2445 4120 4045 4197">
    <p class='ocr_par' dir='ltr' id='par_1_85' title="bbox 2445 4120 4045 4197">
     <span class='ocr_line' id='line_1_85' title="bbox 2445 4120 4045 4197; baseline -0.006 -13"><span class='ocrx_word' id='word_1_723' title='bbox 2445 4129 2576 4184; x_wconf 84' lang='lat' dir='ltr'><strong>Nam</strong></span> <span class='ocrx_word' id='word_1_724' title='bbox 2609 4129 2653 4182; x_wconf 91' lang='lat' dir='ltr'><strong>si</strong></span> <span class='ocrx_word' id='word_1_725' title='bbox 2680 4125 2847 4197; x_wconf 85' lang='lat' dir='ltr'><strong>gloria</strong></span> <span class='ocrx_word' id='word_1_726' title='bbox 2875 4124 2970 4179; x_wconf 88' lang='lat' dir='ltr'><strong>Dei</strong></span> <span class='ocrx_word' id='word_1_727' title='bbox 2998 4133 3080 4177; x_wconf 76' lang='lat' dir='ltr'><strong>est</strong></span> <span class='ocrx_word' id='word_1_728' title='bbox 3105 4123 3156 4176; x_wconf 91' lang='lat' dir='ltr'><strong>in</strong></span> <span class='ocrx_word' id='word_1_729' title='bbox 3186 4121 3436 4177; x_wconf 87' lang='lat' dir='ltr'><strong>ﬁctililms</strong></span> <span class='ocrx_word' id='word_1_730' title='bbox 3483 4121 3624 4174; x_wconf 87' lang='lat' dir='ltr'><strong>vasis</strong></span> <span class='ocrx_word' id='word_1_731' title='bbox 3671 4131 3874 4175; x_wconf 89' lang='lat' dir='ltr'><strong>tantum</strong></span> <span class='ocrx_word' id='word_1_732' title='bbox 3923 4120 4045 4176; x_wconf 85' lang='lat' dir='ltr'><strong>the-</strong></span> 
     </span>
    </p>
   </div>
   <div class='ocr_carea' id='block_1_86' title="bbox 2446 4212 4046 4282">
    <p class='ocr_par' dir='ltr' id='par_1_86' title="bbox 2446 4212 4046 4282">
     <span class='ocr_line' id='line_1_86' title="bbox 2446 4212 4046 4282; baseline -0.006 -6"><span class='ocrx_word' id='word_1_733' title='bbox 2446 4221 2588 4276; x_wconf 88' lang='lat' dir='ltr'><strong>sauri</strong></span> <span class='ocrx_word' id='word_1_734' title='bbox 2619 4218 2802 4274; x_wconf 89' lang='lat' dir='ltr'><strong>haberi</strong></span> <span class='ocrx_word' id='word_1_735' title='bbox 2828 4234 2842 4279; x_wconf 87' lang='lat'><strong>;</strong></span> <span class='ocrx_word' id='word_1_736' title='bbox 2872 4230 2995 4270; x_wconf 89' lang='lat' dir='ltr'><strong>vasa</strong></span> <span class='ocrx_word' id='word_1_737' title='bbox 3026 4223 3201 4269; x_wconf 93' lang='lat' dir='ltr'><strong>autem</strong></span> <span class='ocrx_word' id='word_1_738' title='bbox 3230 4212 3408 4268; x_wconf 91' lang='lat' dir='ltr'><strong>ﬁctilia</strong></span> <span class='ocrx_word' id='word_1_739' title='bbox 3425 4212 3698 4266; x_wconf 89' lang='lat' dir='ltr'><strong>Creatoris</strong></span> <span class='ocrx_word' id='word_1_740' title='bbox 3727 4222 3854 4267; x_wconf 88' lang='lat' dir='ltr'><strong>sunt</strong></span> <span class='ocrx_word' id='word_1_741' title='bbox 3878 4231 3893 4279; x_wconf 88' lang='lat'><strong>;</strong></span> <span class='ocrx_word' id='word_1_742' title='bbox 3916 4227 4046 4282; x_wconf 80' lang='lat' dir='ltr'><strong>ergo</strong></span> 
     </span>
    </p>
   </div>
   <div class='ocr_carea' id='block_1_87' title="bbox 2446 4303 4046 4383">
    <p class='ocr_par' dir='ltr' id='par_1_87' title="bbox 2446 4303 4046 4383">
     <span class='ocr_line' id='line_1_87' title="bbox 2446 4303 4046 4383; baseline -0.008 -14"><span class='ocrx_word' id='word_1_743' title='bbox 2446 4324 2501 4369; x_wconf 90' lang='lat' dir='ltr'><strong>ct</strong></span> <span class='ocrx_word' id='word_1_744' title='bbox 2529 4311 2694 4383; x_wconf 85' lang='lat' dir='ltr'><strong>gloria</strong></span> <span class='ocrx_word' id='word_1_745' title='bbox 2723 4307 2996 4364; x_wconf 86' lang='lat' dir='ltr'><strong>Creatoris</strong></span> <span class='ocrx_word' id='word_1_746' title='bbox 3039 4313 3123 4361; x_wconf 90' lang='lat' dir='ltr'><strong>est</strong></span> <span class='ocrx_word' id='word_1_747' title='bbox 3145 4347 3161 4372; x_wconf 93' lang='lat'><strong>,</strong></span> <span class='ocrx_word' id='word_1_748' title='bbox 3206 4305 3360 4372; x_wconf 87' lang='lat' dir='ltr'><strong>cujus</strong></span> <span class='ocrx_word' id='word_1_749' title='bbox 3388 4319 3511 4358; x_wconf 89' lang='lat' dir='ltr'><strong>vasa</strong></span> <span class='ocrx_word' id='word_1_750' title='bbox 3543 4304 3893 4358; x_wconf 87' lang='lat' dir='ltr'><strong>eminentiam</strong></span> <span class='ocrx_word' id='word_1_751' title='bbox 3939 4303 4046 4357; x_wconf 86' lang='lat' dir='ltr'><strong>vir-</strong></span> 
     </span>
    </p>
   </div>
   <div class='ocr_carea' id='block_1_88' title="bbox 2450 4396 4048 4472">
    <p class='ocr_par' dir='ltr' id='par_1_88' title="bbox 2450 4396 4048 4472">
     <span class='ocr_line' id='line_1_88' title="bbox 2450 4396 4048 4472; baseline -0.007 -11"><span class='ocrx_word' id='word_1_752' title='bbox 2450 4408 2576 4461; x_wconf 87' lang='lat' dir='ltr'><strong>tutis</strong></span> <span class='ocrx_word' id='word_1_753' title='bbox 2600 4403 2692 4459; x_wconf 90' lang='lat' dir='ltr'><strong>Dei</strong></span> <span class='ocrx_word' id='word_1_754' title='bbox 2711 4403 2945 4472; x_wconf 85' lang='lat' dir='ltr'><strong>sapiunt,</strong></span> <span class='ocrx_word' id='word_1_755' title='bbox 2965 4409 3020 4453; x_wconf 88' lang='lat' dir='ltr'><strong>et</strong></span> <span class='ocrx_word' id='word_1_756' title='bbox 3037 4399 3204 4453; x_wconf 88' lang='lat' dir='ltr'><strong>virtus</strong></span> <span class='ocrx_word' id='word_1_757' title='bbox 3229 4397 3360 4466; x_wconf 88' lang='lat' dir='ltr'><strong>ipsa.</strong></span> <span class='ocrx_word' id='word_1_758' title='bbox 3387 4396 3515 4464; x_wconf 87' lang='lat' dir='ltr'><strong>Quia</strong></span> <span class='ocrx_word' id='word_1_759' title='bbox 3537 4405 3821 4467; x_wconf 82' lang='lat' dir='ltr'><strong>prepterea</strong></span> <span class='ocrx_word' id='word_1_760' title='bbox 3845 4397 3899 4449; x_wconf 92' lang='lat' dir='ltr'><strong>in</strong></span> <span class='ocrx_word' id='word_1_761' title='bbox 3922 4409 4048 4450; x_wconf 80' lang='lat' dir='ltr'><strong>vasa</strong></span> 
     </span>
    </p>
   </div>
   <div class='ocr_carea' id='block_1_89' title="bbox 2450 4487 4046 4558">
    <p class='ocr_par' dir='ltr' id='par_1_89' title="bbox 2450 4487 4046 4558">
     <span class='ocr_line' id='line_1_89' title="bbox 2450 4487 4046 4558; baseline -0.007 -5"><span class='ocrx_word' id='word_1_762' title='bbox 2450 4499 2628 4554; x_wconf 86' lang='lat' dir='ltr'><strong>ﬁctilia</strong></span> <span class='ocrx_word' id='word_1_763' title='bbox 2655 4495 2938 4550; x_wconf 85' lang='lat' dir='ltr'><strong>commissa</strong></span> <span class='ocrx_word' id='word_1_764' title='bbox 2961 4499 3084 4546; x_wconf 90' lang='lat' dir='ltr'><strong>sunt</strong></span> <span class='ocrx_word' id='word_1_765' title='bbox 3106 4532 3121 4556; x_wconf 93' lang='lat'><strong>,</strong></span> <span class='ocrx_word' id='word_1_766' title='bbox 3153 4499 3208 4544; x_wconf 91' lang='lat' dir='ltr'><strong>ut</strong></span> <span class='ocrx_word' id='word_1_767' title='bbox 3241 4489 3529 4544; x_wconf 90' lang='lat' dir='ltr'><strong>eminentia</strong></span> <span class='ocrx_word' id='word_1_768' title='bbox 3559 4487 3676 4558; x_wconf 88' lang='lat' dir='ltr'><strong>ejus</strong></span> <span class='ocrx_word' id='word_1_769' title='bbox 3706 4488 4046 4557; x_wconf 81' lang='lat' dir='ltr'><strong>probaretur.</strong></span> 
     </span>
    </p>
   </div>
   <div class='ocr_carea' id='block_1_90' title="bbox 2450 4579 4048 4657">
    <p class='ocr_par' dir='ltr' id='par_1_90' title="bbox 2450 4579 4048 4657">
     <span class='ocr_line' id='line_1_90' title="bbox 2450 4579 4048 4657; baseline -0.01 -9"><span class='ocrx_word' id='word_1_770' title='bbox 2450 4592 2715 4647; x_wconf 69' lang='lat' dir='ltr'><strong>Czeterum</strong></span> <span class='ocrx_word' id='word_1_771' title='bbox 2746 4630 2762 4654; x_wconf 89' lang='lat'><strong>,</strong></span> <span class='ocrx_word' id='word_1_772' title='bbox 2794 4587 2902 4657; x_wconf 89' lang='lat' dir='ltr'><strong>jam</strong></span> <span class='ocrx_word' id='word_1_773' title='bbox 2942 4599 3045 4639; x_wconf 90' lang='lat' dir='ltr'><strong>non</strong></span> <span class='ocrx_word' id='word_1_774' title='bbox 3077 4583 3182 4638; x_wconf 89' lang='lat' dir='ltr'><strong>erit</strong></span> <span class='ocrx_word' id='word_1_775' title='bbox 3208 4581 3428 4636; x_wconf 84' lang='lat' dir='ltr'><strong>alterius</strong></span> <span class='ocrx_word' id='word_1_776' title='bbox 3457 4580 3549 4635; x_wconf 91' lang='lat' dir='ltr'><strong>Dei</strong></span> <span class='ocrx_word' id='word_1_777' title='bbox 3577 4580 3744 4650; x_wconf 83' lang='lat' dir='ltr'><strong>gloria</strong></span> <span class='ocrx_word' id='word_1_778' title='bbox 3771 4621 3787 4644; x_wconf 89' lang='lat'><strong>,</strong></span> <span class='ocrx_word' id='word_1_779' title='bbox 3821 4579 4048 4649; x_wconf 88' lang='lat' dir='ltr'><strong>ideoque</strong></span> 
     </span>
    </p>
   </div>
   <div class='ocr_carea' id='block_1_91' title="bbox 754 4670 4049 4762">
    <p class='ocr_par' dir='ltr' id='par_1_91' title="bbox 754 4670 4049 4762">
     <span class='ocr_line' id='line_1_91' title="bbox 754 4670 4049 4762; baseline -0.004 -26"><span class='ocrx_word' id='word_1_780' title='bbox 754 4692 930 4738; x_wconf 89' lang='lat' dir='ltr'><strong>autem</strong></span> <span class='ocrx_word' id='word_1_781' title='bbox 963 4700 1065 4739; x_wconf 91' lang='lat' dir='ltr'><strong>non</strong></span> <span class='ocrx_word' id='word_1_782' title='bbox 1097 4685 1279 4755; x_wconf 81' lang='lat' dir='ltr'><strong>utique</strong></span> <span class='ocrx_word' id='word_1_783' title='bbox 1307 4685 1373 4741; x_wconf 89' lang='lat' dir='ltr'><strong>de</strong></span> <span class='ocrx_word' id='word_1_784' title='bbox 1401 4685 1691 4758; x_wconf 80' lang='lat' dir='ltr'><strong>Erangelio</strong></span> <span class='ocrx_word' id='word_1_785' title='bbox 1712 4686 1804 4741; x_wconf 90' lang='lat' dir='ltr'><strong>Dei</strong></span> <span class='ocrx_word' id='word_1_786' title='bbox 1831 4686 1993 4758; x_wconf 89' lang='lat' dir='ltr'><strong>ignoti</strong></span> <span class='ocrx_word' id='word_1_787' title='bbox 2023 4685 2348 4742; x_wconf 86' lang='lat' dir='ltr'><strong>abscondcn-</strong></span> <span class='ocrx_word' id='word_1_788' title='bbox 2371 4700 2426 4762; x_wconf 83' lang='grc' dir='ltr'><strong>Ῑ)</strong></span> <span class='ocrx_word' id='word_1_789' title='bbox 2454 4698 2553 4741; x_wconf 91' lang='lat' dir='ltr'><strong>nee</strong></span> <span class='ocrx_word' id='word_1_790' title='bbox 2582 4683 2748 4736; x_wconf 85' lang='lat' dir='ltr'><strong>virtus</strong></span> <span class='ocrx_word' id='word_1_791' title='bbox 2767 4722 2782 4746; x_wconf 89' lang='lat'><strong>,</strong></span> <span class='ocrx_word' id='word_1_792' title='bbox 2815 4677 2906 4733; x_wconf 88' lang='lat' dir='ltr'><strong>sed</strong></span> <span class='ocrx_word' id='word_1_793' title='bbox 2937 4675 3107 4745; x_wconf 87' lang='lat' dir='ltr'><strong>magis</strong></span> <span class='ocrx_word' id='word_1_794' title='bbox 3146 4673 3379 4728; x_wconf 89' lang='lat' dir='ltr'><strong>dedecus</strong></span> <span class='ocrx_word' id='word_1_795' title='bbox 3423 4679 3478 4726; x_wconf 88' lang='lat' dir='ltr'><strong>et</strong></span> <span class='ocrx_word' id='word_1_796' title='bbox 3523 4671 3811 4725; x_wconf 82' lang='lat' dir='ltr'><strong>inﬁrmitas</strong></span> <span class='ocrx_word' id='word_1_797' title='bbox 3833 4712 3850 4736; x_wconf 87' lang='lat'><strong>,</strong></span> <span class='ocrx_word' id='word_1_798' title='bbox 3898 4670 4049 4740; x_wconf 88' lang='lat' dir='ltr'><strong>cujus</strong></span> 
     </span>
    </p>
   </div>
   <div class='ocr_carea' id='block_1_92' title="bbox 753 4777 2345 4852">
    <p class='ocr_par' dir='ltr' id='par_1_92' title="bbox 753 4777 2345 4852">
     <span class='ocr_line' id='line_1_92' title="bbox 753 4777 2345 4852; baseline 0.003 -22"><span class='ocrx_word' id='word_1_799' title='bbox 753 4777 826 4831; x_wconf 91' lang='lat' dir='ltr'><strong>do</strong></span> <span class='ocrx_word' id='word_1_800' title='bbox 856 4777 1172 4834; x_wconf 86' lang='lat' dir='ltr'><strong>minabatur.</strong></span> <span class='ocrx_word' id='word_1_801' title='bbox 1198 4779 1295 4846; x_wconf 89' lang='lat' dir='ltr'><strong>Ita,</strong></span> <span class='ocrx_word' id='word_1_802' title='bbox 1325 4794 1429 4835; x_wconf 91' lang='lat' dir='ltr'><strong>non</strong></span> <span class='ocrx_word' id='word_1_803' title='bbox 1452 4780 1528 4852; x_wconf 69' lang='grc' dir='ltr'><strong>(Ξ)</strong></span> <span class='ocrx_word' id='word_1_804' title='bbox 1552 4779 1708 4851; x_wconf 88' lang='lat' dir='ltr'><strong>hujus</strong></span> <span class='ocrx_word' id='word_1_805' title='bbox 1726 4780 1824 4838; x_wconf 78' lang='lat' dir='ltr'><strong>:evi</strong></span> <span class='ocrx_word' id='word_1_806' title='bbox 1850 4777 2015 4845; x_wconf 89' lang='lat' dir='ltr'><strong>Deus,</strong></span> <span class='ocrx_word' id='word_1_807' title='bbox 2043 4778 2136 4834; x_wconf 90' lang='lat' dir='ltr'><strong>sed</strong></span> <span class='ocrx_word' id='word_1_808' title='bbox 2157 4779 2345 4849; x_wconf 75' lang='lat' dir='ltr'><strong>inﬁde-</strong></span> 
     </span>
    </p>
   </div>
   <div class='ocr_carea' id='block_1_93' title="bbox 2451 4763 4050 4839">
    <p class='ocr_par' dir='ltr' id='par_1_93' title="bbox 2451 4763 4050 4839">
     <span class='ocr_line' id='line_1_93' title="bbox 2451 4763 4050 4839; baseline -0.011 -4"><span class='ocrx_word' id='word_1_809' title='bbox 2451 4776 2794 4835; x_wconf 87' lang='lat' dir='ltr'><strong>eminentiam</strong></span> <span class='ocrx_word' id='word_1_810' title='bbox 2821 4769 3003 4828; x_wconf 87' lang='lat' dir='ltr'><strong>ﬁctilia</strong></span> <span class='ocrx_word' id='word_1_811' title='bbox 3030 4778 3085 4824; x_wconf 92' lang='lat' dir='ltr'><strong>et</strong></span> <span class='ocrx_word' id='word_1_812' title='bbox 3111 4766 3327 4839; x_wconf 89' lang='lat' dir='ltr'><strong>quidem</strong></span> <span class='ocrx_word' id='word_1_813' title='bbox 3353 4765 3524 4822; x_wconf 83' lang='lat' dir='ltr'><strong>aliena</strong></span> <span class='ocrx_word' id='word_1_814' title='bbox 3561 4773 3841 4837; x_wconf 89' lang='lat' dir='ltr'><strong>ceperunt.</strong></span> <span class='ocrx_word' id='word_1_815' title='bbox 3895 4763 4050 4833; x_wconf 83' lang='lat' dir='ltr'><strong>Quod</strong></span> 
     </span>
    </p>
   </div>
   <div class='ocr_carea' id='block_1_94' title="bbox 1967 4887 2788 4950">
    <p class='ocr_par' dir='ltr' id='par_1_94' title="bbox 1967 4887 2788 4950">
     <span class='ocr_line' id='line_1_94' title="bbox 1967 4887 2788 4950; baseline -0.004 -2"><span class='ocrx_word' id='word_1_816' title='bbox 1967 4889 2343 4950; x_wconf 82' lang='lat' dir='ltr'><strong>LECTIONES</strong></span> <span class='ocrx_word' id='word_1_817' title='bbox 2368 4893 2459 4950; x_wconf 83' lang='lat' dir='ltr'><strong>VA</strong></span> <span class='ocrx_word' id='word_1_818' title='bbox 2468 4887 2788 4950; x_wconf 77' lang='lat' dir='ltr'><strong>RIAN’I‘ES.</strong></span> 
     </span>
    </p>
   </div>
   <div class='ocr_carea' id='block_1_95' title="bbox 849 5003 1186 5056">
    <p class='ocr_par' dir='ltr' id='par_1_95' title="bbox 849 5003 1186 5056">
     <span class='ocr_line' id='line_1_95' title="bbox 849 5003 1186 5056; baseline 0.009 -3"><span class='ocrx_word' id='word_1_819' title='bbox 849 5003 893 5056; x_wconf 78' lang='lat' dir='ltr'><strong>II</strong></span> <span class='ocrx_word' id='word_1_820' title='bbox 917 5004 1098 5056; x_wconf 81' lang='lat' dir='ltr'><strong>Spiritu</strong></span> <span class='ocrx_word' id='word_1_821' title='bbox 1119 5003 1186 5056; x_wconf 87' lang='lat' dir='ltr'><strong>al.</strong></span> 
     </span>
    </p>
   </div>
   <div class='ocr_carea' id='block_1_96' title="bbox 848 5068 1212 5120">
    <p class='ocr_par' dir='ltr' id='par_1_96' title="bbox 848 5068 1212 5120">
     <span class='ocr_line' id='line_1_96' title="bbox 848 5068 1212 5120; baseline 0.014 -7"><span class='ocrx_word' id='word_1_822' title='bbox 848 5068 898 5120; x_wconf 70' lang='grc'><strong>2)</strong></span> <span class='ocrx_word' id='word_1_823' title='bbox 922 5068 1022 5116; x_wconf 87' lang='lat' dir='ltr'><strong>Etsi</strong></span> <span class='ocrx_word' id='word_1_824' title='bbox 1053 5075 1212 5120; x_wconf 78' lang='lat' dir='ltr'><strong>Venet.</strong></span> 
     </span>
    </p>
   </div>
   <div class='ocr_carea' id='block_1_97' title="bbox 818 5003 1300 5195">
    <p class='ocr_par' dir='ltr' id='par_1_97' title="bbox 818 5003 1300 5195">
     <span class='ocr_line' id='line_1_97' title="bbox 849 5003 1186 5116; baseline 0.009 -63"><span class='ocrx_word' id='word_1_825' title='bbox 849 5006 861 5053; x_wconf 94' lang='lat' dir='ltr'><strong>l</strong></span> <span class='ocrx_word' id='word_1_826' title='bbox 917 5004 1098 5116; x_wconf 55' lang='grc' dir='ltr'><strong>ἓρίςίιιι</strong></span> <span class='ocrx_word' id='word_1_827' title='bbox 1119 5003 1186 5056; x_wconf 87' lang='lat' dir='ltr'><strong>al.</strong></span> 
     </span>
     <span class='ocr_line' id='line_1_98' title="bbox 818 5003 1300 5195; baseline 0.004 -17"><span class='ocrx_word' id='word_1_828' title='bbox 922 5076 1027 5180; x_wconf 61' lang='grc' dir='ltr'><strong>Νξέ</strong></span> <span class='ocrx_word' id='word_1_829' title='bbox 1049 5075 1300 5182; x_wconf 63' lang='lat' dir='ltr'><strong>ias.</strong></span> 
     </span>
    </p>
   </div>
   <div class='ocr_carea' id='block_1_98' title="bbox 2539 4997 3174 5055">
    <p class='ocr_par' dir='ltr' id='par_1_98' title="bbox 2539 4997 3174 5055">
     <span class='ocr_line' id='line_1_99' title="bbox 2539 4997 3174 5055; baseline -0.016 1"><span class='ocrx_word' id='word_1_830' title='bbox 2539 5005 2590 5055; x_wconf 73' lang='lat' dir='ltr'><strong>tl</strong></span> <span class='ocrx_word' id='word_1_831' title='bbox 2612 5003 2811 5054; x_wconf 88' lang='lat' dir='ltr'><strong>Scilicet</strong></span> <span class='ocrx_word' id='word_1_832' title='bbox 2827 4997 2976 5051; x_wconf 90' lang='lat' dir='ltr'><strong>omitt.</strong></span> <span class='ocrx_word' id='word_1_833' title='bbox 3011 5002 3174 5048; x_wconf 81' lang='lat' dir='ltr'><strong>Venet.</strong></span> 
     </span>
    </p>
   </div>
   <div class='ocr_carea' id='block_1_99' title="bbox 2511 5005 3012 5196">
    <p class='ocr_par' dir='ltr' id='par_1_99' title="bbox 2511 5005 3012 5196">
     <span class='ocr_line' id='line_1_100' title="bbox 2539 5005 3012 5055; baseline -0.027 1"><span class='ocrx_word' id='word_1_834' title='bbox 2539 5007 2567 5055; x_wconf 71' lang='grc' dir='ltr'>ι</span> <span class='ocrx_word' id='word_1_835' title='bbox 2612 5005 2811 5054; x_wconf 88' lang='lat' dir='ltr'><strong>Scilicet</strong></span> <span class='ocrx_word' id='word_1_836' title='bbox 2827 5005 2976 5051; x_wconf 84' lang='lat' dir='ltr'><strong>omitt.</strong></span> <span class='ocrx_word' id='word_1_837' title='bbox 3011 5039 3012 5043; x_wconf 45' lang='grc' dir='ltr'><strong>η</strong></span> 
     </span>
     <span class='ocr_line' id='line_1_101' title="bbox 2537 5060 3012 5118; baseline -0.017 0"><span class='ocrx_word' id='word_1_838' title='bbox 2537 5071 2566 5118; x_wconf 84' lang='grc'>5</span> <span class='ocrx_word' id='word_1_839' title='bbox 2611 5067 2694 5117; x_wconf 88' lang='lat' dir='ltr'><strong>Sic</strong></span> <span class='ocrx_word' id='word_1_840' title='bbox 2716 5062 2835 5114; x_wconf 84' lang='lat' dir='ltr'><strong>add.</strong></span> <span class='ocrx_word' id='word_1_841' title='bbox 2863 5060 3012 5113; x_wconf 86' lang='lat' dir='ltr'><strong>Seml.</strong></span> 
     </span>
     <span class='ocr_line' id='line_1_102' title="bbox 2511 5005 2974 5196; baseline -0.017 -16"><span class='ocrx_word' id='word_1_842' title='bbox 2511 5005 2590 5196; x_wconf 50' lang='lat'><strong>{6)</strong></span> <span class='ocrx_word' id='word_1_843' title='bbox 2607 5130 2806 5179; x_wconf 85' lang='lat' dir='ltr'><strong>Domino</strong></span> <span class='ocrx_word' id='word_1_844' title='bbox 2830 5125 2974 5177; x_wconf 86' lang='lat' dir='ltr'><strong>Ober.</strong></span> 
     </span>
    </p>
   </div>
   <div class='ocr_carea' id='block_1_100' title="bbox 2533 5125 2974 5180">
    <p class='ocr_par' dir='ltr' id='par_1_100' title="bbox 2533 5125 2974 5180">
     <span class='ocr_line' id='line_1_103' title="bbox 2533 5125 2974 5180; baseline -0.018 0"><span class='ocrx_word' id='word_1_845' title='bbox 2533 5125 2587 5180; x_wconf 67' lang='lat'>6)</span> <span class='ocrx_word' id='word_1_846' title='bbox 2607 5130 2806 5179; x_wconf 85' lang='lat' dir='ltr'><strong>Domino</strong></span> <span class='ocrx_word' id='word_1_847' title='bbox 2830 5125 2974 5177; x_wconf 86' lang='lat' dir='ltr'><strong>Ober.</strong></span> 
     </span>
    </p>
   </div>
   <div class='ocr_carea' id='block_1_101' title="bbox 2118 5233 2679 5293">
    <p class='ocr_par' dir='ltr' id='par_1_101' title="bbox 2118 5233 2679 5293">
     <span class='ocr_line' id='line_1_104' title="bbox 2118 5233 2679 5293; baseline -0.005 -2"><span class='ocrx_word' id='word_1_848' title='bbox 2118 5233 2679 5293; x_wconf 77' lang='lat' dir='ltr'><strong>COMMENTARIUS.</strong></span> 
     </span>
    </p>
   </div>
   <div class='ocr_carea' id='block_1_102' title="bbox 759 5351 2346 5426">
    <p class='ocr_par' dir='ltr' id='par_1_102' title="bbox 759 5351 2346 5426">
     <span class='ocr_line' id='line_1_105' title="bbox 759 5351 2346 5426; baseline -0.001 -18"><span class='ocrx_word' id='word_1_849' title='bbox 759 5363 882 5409; x_wconf 90' lang='lat' dir='ltr'><strong>runt</strong></span> <span class='ocrx_word' id='word_1_850' title='bbox 907 5353 1328 5408; x_wconf 90' lang='lat' dir='ltr'><strong>misericordiam</strong></span> <span class='ocrx_word' id='word_1_851' title='bbox 1351 5363 1405 5409; x_wconf 89' lang='lat' dir='ltr'><strong>et</strong></span> <span class='ocrx_word' id='word_1_852' title='bbox 1432 5353 1654 5426; x_wconf 83' lang='lat' dir='ltr'><strong>gratiam</strong></span> <span class='ocrx_word' id='word_1_853' title='bbox 1681 5351 1999 5407; x_wconf 89' lang='lat' dir='ltr'><strong>delictorum</strong></span> <span class='ocrx_word' id='word_1_854' title='bbox 2020 5393 2053 5426; x_wconf 85' lang='lat'><strong>._</strong></span> <span class='ocrx_word' id='word_1_855' title='bbox 2087 5360 2143 5407; x_wconf 93' lang='lat' dir='ltr'><strong>et</strong></span> <span class='ocrx_word' id='word_1_856' title='bbox 2183 5353 2346 5426; x_wconf 63' lang='lat' dir='ltr'><strong>vitam</strong></span> 
     </span>
    </p>
   </div>
   <div class='ocr_carea' id='block_1_103' title="bbox 761 5422 2348 5494">
    <p class='ocr_par' dir='ltr' id='par_1_103' title="bbox 761 5422 2348 5494">
     <span class='ocr_line' id='line_1_106' title="bbox 761 5422 2348 5494; baseline 0 -15"><span class='ocrx_word' id='word_1_857' title='bbox 761 5437 1036 5489; x_wconf 87' lang='lat' dir='ltr'><strong>:etemam;</strong></span> <span class='ocrx_word' id='word_1_858' title='bbox 1054 5442 1171 5494; x_wconf 75' lang='lat' dir='ltr'><strong>qua:</strong></span> <span class='ocrx_word' id='word_1_859' title='bbox 1191 5422 1604 5492; x_wconf 56' lang='lat' dir='ltr'><strong>ctelestia&#39;sunt,</strong></span> <span class='ocrx_word' id='word_1_860' title='bbox 1629 5438 1736 5480; x_wconf 91' lang='lat' dir='ltr'><strong>non</strong></span> <span class='ocrx_word' id='word_1_861' title='bbox 1767 5433 2000 5479; x_wconf 84' lang='lat' dir='ltr'><strong>terrena.</strong></span> <span class='ocrx_word' id='word_1_862' title='bbox 2020 5422 2139 5479; x_wconf 83' lang='lat' dir='ltr'><strong>th.</strong></span> <span class='ocrx_word' id='word_1_863' title='bbox 2166 5454 2235 5465; x_wconf 89' lang='lat'><strong>——</strong></span> <span class='ocrx_word' id='word_1_864' title='bbox 2255 5422 2348 5479; x_wconf 58' lang='lat' dir='ltr'><strong>Li-</strong></span> 
     </span>
    </p>
   </div>
   <div class='ocr_carea' id='block_1_104' title="bbox 762 5497 1520 5553">
    <p class='ocr_par' dir='ltr' id='par_1_104' title="bbox 762 5497 1520 5553">
     <span class='ocr_line' id='line_1_107' title="bbox 762 5497 1520 5553; baseline 0.005 -4"><span class='ocrx_word' id='word_1_865' title='bbox 762 5508 866 5550; x_wconf 77' lang='lat' dir='ltr'><strong>tera</strong></span> <span class='ocrx_word' id='word_1_866' title='bbox 891 5497 1184 5551; x_wconf 81' lang='lat' dir='ltr'><strong>occidentis.</strong></span> <span class='ocrx_word' id='word_1_867' title='bbox 1217 5497 1520 5553; x_wconf 88' lang='lat' dir='ltr'><strong>Menander:</strong></span> 
     </span>
    </p>
   </div>
   <div class='ocr_carea' id='block_1_105' title="bbox 1014 5617 1791 5675">
    <p class='ocr_par' dir='ltr' id='par_1_105' title="bbox 1014 5617 1791 5675">
     <span class='ocr_line' id='line_1_108' title="bbox 1014 5617 1791 5675; baseline 0 -13"><span class='ocrx_word' id='word_1_868' title='bbox 1014 5623 1133 5673; x_wconf 55' lang='lat' dir='ltr'><strong>nam</strong></span> <span class='ocrx_word' id='word_1_869' title='bbox 1151 5623 1354 5675; x_wconf 66' lang='grc' dir='ltr'><strong>γυλιιθιὶς.</strong></span> <span class='ocrx_word' id='word_1_870' title='bbox 1373 5617 1480 5662; x_wconf 66' lang='grc' dir='ltr'><strong>ὠδὶν</strong></span> <span class='ocrx_word' id='word_1_871' title='bbox 1498 5624 1596 5661; x_wconf 68' lang='grc' dir='ltr'><strong>ιρι-εν</strong></span> <span class='ocrx_word' id='word_1_872' title='bbox 1617 5620 1642 5670; x_wconf 63' lang='lat' dir='ltr'><strong>t</strong></span> <span class='ocrx_word' id='word_1_873' title='bbox 1658 5622 1765 5671; x_wconf 69' lang='grc' dir='ltr'><strong>νόμος</strong></span> <span class='ocrx_word' id='word_1_874' title='bbox 1777 5647 1791 5662; x_wconf 89' lang='grc'><strong>.</strong></span> 
     </span>
    </p>
   </div>
   <div class='ocr_carea' id='block_1_106' title="bbox 1010 5675 1840 5737">
    <p class='ocr_par' dir='ltr' id='par_1_106' title="bbox 1010 5675 1840 5737">
     <span class='ocr_line' id='line_1_109' title="bbox 1010 5675 1840 5737; baseline -0.006 -12"><span class='ocrx_word' id='word_1_875' title='bbox 1010 5675 1041 5725; x_wconf 85' lang='grc' dir='ltr'>ὁ</span> <span class='ocrx_word' id='word_1_876' title='bbox 1060 5687 1109 5736; x_wconf 61' lang='lat' dir='ltr'><strong>at</strong></span> <span class='ocrx_word' id='word_1_877' title='bbox 1127 5685 1327 5737; x_wconf 65' lang='grc' dir='ltr'><strong>γυλιχοάς.</strong></span> <span class='ocrx_word' id='word_1_878' title='bbox 1345 5685 1406 5723; x_wconf 72' lang='grc' dir='ltr'><strong>ιιι</strong></span> <span class='ocrx_word' id='word_1_879' title='bbox 1421 5687 1546 5733; x_wconf 72' lang='grc' dir='ltr'><strong>νόμος,</strong></span> <span class='ocrx_word' id='word_1_880' title='bbox 1562 5685 1622 5722; x_wconf 72' lang='grc' dir='ltr'><strong>..ι</strong></span> <span class='ocrx_word' id='word_1_881' title='bbox 1640 5681 1779 5731; x_wconf 63' lang='grc' dir='ltr'><strong>δήμιος.</strong></span> <span class='ocrx_word' id='word_1_882' title='bbox 1831 5690 1840 5701; x_wconf 68' lang='grc' dir='ltr'>ι</span> 
     </span>
    </p>
   </div>
   <div class='ocr_carea' id='block_1_107' title="bbox 761 5757 2352 5829">
    <p class='ocr_par' dir='ltr' id='par_1_107' title="bbox 761 5757 2352 5829">
     <span class='ocr_line' id='line_1_110' title="bbox 761 5757 2352 5829; baseline -0.003 -18"><span class='ocrx_word' id='word_1_883' title='bbox 761 5758 835 5811; x_wconf 88' lang='lat' dir='ltr'><strong>De</strong></span> <span class='ocrx_word' id='word_1_884' title='bbox 862 5757 1010 5812; x_wconf 86' lang='lat' dir='ltr'><strong>litera</strong></span> <span class='ocrx_word' id='word_1_885' title='bbox 1055 5758 1233 5814; x_wconf 84' lang='lat' dir='ltr'><strong>Musis.</strong></span> <span class='ocrx_word' id='word_1_886' title='bbox 1260 5759 1688 5829; x_wconf 69' lang='grc' dir='ltr'><strong>Οἰιιτγεοειοηιιιε,</strong></span> <span class='ocrx_word' id='word_1_887' title='bbox 1723 5762 1749 5809; x_wconf 81' lang='grc' dir='ltr'><strong>ὁ</strong></span> <span class='ocrx_word' id='word_1_888' title='bbox 1776 5759 1909 5823; x_wconf 55' lang='lat' dir='ltr'><strong>rapo:</strong></span> <span class='ocrx_word' id='word_1_889' title='bbox 1934 5761 2024 5809; x_wconf 61' lang='grc' dir='ltr'><strong>ἰὰν</strong></span> <span class='ocrx_word' id='word_1_890' title='bbox 2043 5758 2164 5817; x_wconf 71' lang='grc' dir='ltr'><strong>λάϐῃ</strong></span> <span class='ocrx_word' id='word_1_891' title='bbox 2192 5763 2352 5825; x_wconf 66' lang='grc' dir='ltr'><strong>ᾳονξή,</strong></span> 
     </span>
    </p>
   </div>
   <div class='ocr_carea' id='block_1_108' title="bbox 760 5832 2350 5899">
    <p class='ocr_par' dir='ltr' id='par_1_108' title="bbox 760 5832 2350 5899">
     <span class='ocr_line' id='line_1_111' title="bbox 760 5832 2350 5899; baseline -0.002 -16"><span class='ocrx_word' id='word_1_892' title='bbox 760 5835 968 5898; x_wconf 70' lang='grc' dir='ltr'><strong>ἀνισρεῖ’</strong></span> <span class='ocrx_word' id='word_1_893' title='bbox 995 5834 1076 5882; x_wconf 74' lang='grc' dir='ltr'><strong>καὶ</strong></span> <span class='ocrx_word' id='word_1_894' title='bbox 1106 5841 1151 5884; x_wconf 80' lang='grc' dir='ltr'><strong>τι</strong></span> <span class='ocrx_word' id='word_1_895' title='bbox 1181 5839 1294 5898; x_wconf 73' lang='grc' dir='ltr'><strong>λξγῳ</strong></span> <span class='ocrx_word' id='word_1_896' title='bbox 1318 5837 1489 5897; x_wconf 69' lang='grc' dir='ltr'><strong>φονέας</strong></span> <span class='ocrx_word' id='word_1_897' title='bbox 1519 5832 1638 5893; x_wconf 71' lang='grc' dir='ltr'><strong>ξύλα</strong></span> <span class='ocrx_word' id='word_1_898' title='bbox 1665 5836 1822 5881; x_wconf 72' lang='grc' dir='ltr'><strong>τλιϐεν</strong></span> <span class='ocrx_word' id='word_1_899' title='bbox 1845 5833 1890 5882; x_wconf 69' lang='grc' dir='ltr'><strong>ἕν</strong></span> <span class='ocrx_word' id='word_1_900' title='bbox 1931 5834 2148 5899; x_wconf 63' lang='grc' dir='ltr'><strong>σαϐϐάτῳ</strong></span> <span class='ocrx_word' id='word_1_901' title='bbox 2185 5836 2350 5881; x_wconf 71' lang='grc' dir='ltr'><strong>συ)λὲ-</strong></span> 
     </span>
    </p>
   </div>
   <div class='ocr_carea' id='block_1_109' title="bbox 765 5899 1632 5968">
    <p class='ocr_par' dir='ltr' id='par_1_109' title="bbox 765 5899 1632 5968">
     <span class='ocr_line' id='line_1_112' title="bbox 765 5899 1632 5968; baseline -0.002 -16"><span class='ocrx_word' id='word_1_902' title='bbox 765 5910 910 5962; x_wconf 72' lang='grc' dir='ltr'><strong>ξαντα</strong></span> <span class='ocrx_word' id='word_1_903' title='bbox 939 5906 964 5953; x_wconf 79' lang='grc' dir='ltr'><em>ὁ</em></span> <span class='ocrx_word' id='word_1_904' title='bbox 994 5904 1146 5968; x_wconf 74' lang='grc' dir='ltr'><strong>νόμος,</strong></span> <span class='ocrx_word' id='word_1_905' title='bbox 1177 5908 1256 5956; x_wconf 64' lang='grc' dir='ltr'><strong>καὶ</strong></span> <span class='ocrx_word' id='word_1_906' title='bbox 1285 5907 1487 5956; x_wconf 72' lang='grc' dir='ltr'><strong>ϋίθασι.</strong></span> <span class='ocrx_word' id='word_1_907' title='bbox 1521 5899 1632 5954; x_wconf 71' lang='grc' dir='ltr'><strong>Βια,</strong></span> 
     </span>
    </p>
   </div>
   <div class='ocr_carea' id='block_1_110' title="bbox 2525 5338 4054 5435">
    <p class='ocr_par' dir='ltr' id='par_1_110' title="bbox 2525 5338 4054 5435">
     <span class='ocr_line' id='line_1_113' title="bbox 2525 5338 4054 5435; baseline 0 0"><span class='ocrx_word' id='word_1_908' title='bbox 2525 5350 2602 5435; x_wconf 73' lang='grc' dir='ltr'><strong>(τι)</strong></span> <span class='ocrx_word' id='word_1_909' title='bbox 2637 5350 2772 5435; x_wconf 62' lang='lat' dir='ltr'><strong>Dee</strong></span> <span class='ocrx_word' id='word_1_910' title='bbox 2797 5348 2890 5405; x_wconf 72' lang='grc' dir='ltr'><strong>ωυί</strong></span> <span class='ocrx_word' id='word_1_911' title='bbox 2917 5346 3089 5435; x_wconf 62' lang='lat' dir='ltr'><strong>uie.-</strong></span> <span class='ocrx_word' id='word_1_912' title='bbox 3119 5342 3589 5435; x_wconf 58' lang='lat' dir='ltr'><strong>.9299dse029a</strong></span> <span class='ocrx_word' id='word_1_913' title='bbox 3619 5338 4054 5435; x_wconf 49' lang='lat' dir='ltr'><strong>&quot;suae&quot;???</strong></span> 
     </span>
    </p>
   </div>
   <div class='ocr_carea' id='block_1_111' title="bbox 2450 5413 4060 5495">
    <p class='ocr_par' dir='ltr' id='par_1_111' title="bbox 2450 5413 4060 5495">
     <span class='ocr_line' id='line_1_114' title="bbox 2450 5413 4060 5495; baseline -0.01 -15"><span class='ocrx_word' id='word_1_914' title='bbox 2450 5413 2688 5495; x_wconf 81' lang='lat' dir='ltr'><strong>gentium</strong></span> <span class='ocrx_word' id='word_1_915' title='bbox 2716 5413 2999 5495; x_wconf 65' lang='lat' dir='ltr'><strong>daemonia.</strong></span> <span class='ocrx_word' id='word_1_916' title='bbox 3032 5427 3090 5472; x_wconf 89' lang='lat' dir='ltr'><strong>ut</strong></span> <span class='ocrx_word' id='word_1_917' title='bbox 3119 5415 3343 5472; x_wconf 88' lang='lat' dir='ltr'><strong>habetur</strong></span> <span class='ocrx_word' id='word_1_918' title='bbox 3383 5415 3440 5495; x_wconf 75' lang='lat' dir='ltr'><strong>in</strong></span> <span class='ocrx_word' id='word_1_919' title='bbox 3462 5413 3604 5495; x_wconf 84' lang='lat' dir='ltr'><strong>Ps_a_l.</strong></span> <span class='ocrx_word' id='word_1_920' title='bbox 3637 5422 3692 5467; x_wconf 90' lang='lat' dir='ltr'><strong>et</strong></span> <span class='ocrx_word' id='word_1_921' title='bbox 3733 5413 3878 5483; x_wconf 88' lang='lat' dir='ltr'><strong>apud</strong></span> <span class='ocrx_word' id='word_1_922' title='bbox 3911 5417 4060 5481; x_wconf 83' lang='lat' dir='ltr'><strong>Apo-</strong></span> 
     </span>
    </p>
   </div>
   <div class='ocr_carea' id='block_1_112' title="bbox 2451 5485 3620 5564">
    <p class='ocr_par' dir='ltr' id='par_1_112' title="bbox 2451 5485 3620 5564">
     <span class='ocr_line' id='line_1_115' title="bbox 2451 5485 3620 5564; baseline -0.01 -13"><span class='ocrx_word' id='word_1_923' title='bbox 2451 5485 2676 5553; x_wconf 64' lang='lat' dir='ltr'><strong>stolum:</strong></span> <span class='ocrx_word' id='word_1_924' title='bbox 2707 5506 2917 5564; x_wconf 85' lang='lat' dir='ltr'><strong>quorum</strong></span> <span class='ocrx_word' id='word_1_925' title='bbox 2947 5489 3085 5543; x_wconf 87' lang='lat' dir='ltr'><strong>Deus</strong></span> <span class='ocrx_word' id='word_1_926' title='bbox 3102 5496 3270 5541; x_wconf 78' lang='lat' dir='ltr'><strong>venter</strong></span> <span class='ocrx_word' id='word_1_927' title='bbox 3296 5495 3388 5540; x_wconf 90' lang='lat' dir='ltr'><strong>est.</strong></span> <span class='ocrx_word' id='word_1_928' title='bbox 3419 5485 3496 5541; x_wconf 73' lang='lat' dir='ltr'><strong>La</strong></span> <span class='ocrx_word' id='word_1_929' title='bbox 3525 5485 3620 5540; x_wconf 79' lang='lat' dir='ltr'><strong>I’tt.</strong></span> 
     </span>
    </p>
   </div>
   <div class='ocr_carea' id='block_1_113' title="bbox 2529 5598 4057 5680">
    <p class='ocr_par' dir='ltr' id='par_1_113' title="bbox 2529 5598 4057 5680">
     <span class='ocr_line' id='line_1_116' title="bbox 2529 5598 4057 5680; baseline -0.007 -17"><span class='ocrx_word' id='word_1_930' title='bbox 2529 5606 2610 5680; x_wconf 93' lang='lat' dir='ltr'><strong>(b)</strong></span> <span class='ocrx_word' id='word_1_931' title='bbox 2637 5606 3027 5680; x_wconf 13' lang='lat' dir='ltr'><strong>Hcreticirvero</strong></span> <span class='ocrx_word' id='word_1_932' title='bbox 3072 5604 3140 5658; x_wconf 88' lang='lat' dir='ltr'><strong>ad</strong></span> <span class='ocrx_word' id='word_1_933' title='bbox 3167 5602 3517 5680; x_wconf 77' lang='lat' dir='ltr'><strong>_Laodicei_tos._</strong></span> <span class='ocrx_word' id='word_1_934' title='bbox 3569 5601 3645 5656; x_wconf 90' lang='lat' dir='ltr'><strong>De</strong></span> <span class='ocrx_word' id='word_1_935' title='bbox 3682 5598 3789 5680; x_wconf 67' lang='lat' dir='ltr'><strong>bac</strong></span> <span class='ocrx_word' id='word_1_936' title='bbox 3824 5599 4057 5680; x_wconf 75' lang='lat' dir='ltr'><strong>epistola</strong></span> 
     </span>
    </p>
   </div>
   <div class='ocr_carea' id='block_1_114' title="bbox 2457 5673 4048 5744">
    <p class='ocr_par' dir='ltr' id='par_1_114' title="bbox 2457 5673 4048 5744">
     <span class='ocr_line' id='line_1_117' title="bbox 2457 5673 4048 5744; baseline -0.007 -10"><span class='ocrx_word' id='word_1_937' title='bbox 2457 5673 2713 5735; x_wconf 59' lang='lat' dir='ltr'><strong>adversus</strong></span> <span class='ocrx_word' id='word_1_938' title='bbox 2745 5679 3084 5731; x_wconf 91' lang='lat' dir='ltr'><strong>marcionitas</strong></span> <span class='ocrx_word' id='word_1_939' title='bbox 3111 5675 3269 5730; x_wconf 91' lang='lat' dir='ltr'><strong>etiam</strong></span> <span class='ocrx_word' id='word_1_940' title='bbox 3300 5674 3545 5744; x_wconf 89' lang='lat' dir='ltr'><strong>producit</strong></span> <span class='ocrx_word' id='word_1_941' title='bbox 3575 5673 3879 5744; x_wconf 79' lang='lat' dir='ltr'><strong>testimonia</strong></span> <span class='ocrx_word' id='word_1_942' title='bbox 3923 5685 4048 5739; x_wconf 83' lang='lat' dir='ltr'><strong>cap.</strong></span> 
     </span>
    </p>
   </div>
   <div class='ocr_carea' id='block_1_115' title="bbox 2458 5743 4057 5814">
    <p class='ocr_par' dir='ltr' id='par_1_115' title="bbox 2458 5743 4057 5814">
     <span class='ocr_line' id='line_1_118' title="bbox 2458 5743 4057 5814; baseline -0.011 -6"><span class='ocrx_word' id='word_1_943' title='bbox 2458 5751 2597 5808; x_wconf 78' lang='lat' dir='ltr'><strong>XVII</strong></span> <span class='ocrx_word' id='word_1_944' title='bbox 2630 5751 2793 5814; x_wconf 81' lang='lat' dir='ltr'><strong>infra,</strong></span> <span class='ocrx_word' id='word_1_945' title='bbox 2823 5750 2906 5803; x_wconf 89' lang='lat' dir='ltr'><strong>ubi</strong></span> <span class='ocrx_word' id='word_1_946' title='bbox 2938 5748 3229 5814; x_wconf 77' lang='lat' dir='ltr'><strong>explicatur</strong></span> <span class='ocrx_word' id='word_1_947' title='bbox 3255 5743 3413 5800; x_wconf 86' lang='lat' dir='ltr'><strong>etiam</strong></span> <span class='ocrx_word' id='word_1_948' title='bbox 3449 5744 3614 5805; x_wconf 88' lang='lat' dir='ltr'><strong>illud,</strong></span> <span class='ocrx_word' id='word_1_949' title='bbox 3652 5743 3937 5794; x_wconf 75' lang='lat' dir='ltr'><strong>meminisse</strong></span> <span class='ocrx_word' id='word_1_950' title='bbox 3967 5759 4057 5814; x_wconf 83' lang='lat' dir='ltr'><strong>na-</strong></span> 
     </span>
    </p>
   </div>
   <div class='ocr_carea' id='block_1_116' title="bbox 2458 5813 4059 5890">
    <p class='ocr_par' dir='ltr' id='par_1_116' title="bbox 2458 5813 4059 5890">
     <span class='ocr_line' id='line_1_119' title="bbox 2458 5813 4059 5890; baseline -0.006 -12"><span class='ocrx_word' id='word_1_951' title='bbox 2458 5827 2640 5888; x_wconf 84' lang='lat' dir='ltr'><strong>tiones,</strong></span> <span class='ocrx_word' id='word_1_952' title='bbox 2673 5813 2808 5882; x_wconf 76' lang='lat' dir='ltr'><strong>ctc.,</strong></span> <span class='ocrx_word' id='word_1_953' title='bbox 2849 5818 2942 5874; x_wconf 85' lang='lat' dir='ltr'><strong>sed</strong></span> <span class='ocrx_word' id='word_1_954' title='bbox 2993 5813 3147 5890; x_wconf 80' lang='lat' dir='ltr'><strong>longe</strong></span> <span class='ocrx_word' id='word_1_955' title='bbox 3187 5817 3303 5873; x_wconf 81' lang='lat' dir='ltr'><strong>aliis</strong></span> <span class='ocrx_word' id='word_1_956' title='bbox 3354 5816 3528 5871; x_wconf 74' lang='lat' dir='ltr'><strong>Verbis</strong></span> <span class='ocrx_word' id='word_1_957' title='bbox 3575 5815 3741 5884; x_wconf 82' lang='lat' dir='ltr'><strong>magis</strong></span> <span class='ocrx_word' id='word_1_958' title='bbox 3795 5813 4059 5882; x_wconf 79' lang='lat' dir='ltr'><strong>Apostolo</strong></span> 
     </span>
    </p>
   </div>
   <div class='ocr_carea' id='block_1_117' title="bbox 2459 5890 3052 5962">
    <p class='ocr_par' dir='ltr' id='par_1_117' title="bbox 2459 5890 3052 5962">
     <span class='ocr_line' id='line_1_120' title="bbox 2459 5890 3052 5962; baseline -0.015 -10"><span class='ocrx_word' id='word_1_959' title='bbox 2459 5891 2890 5962; x_wconf 83' lang='lat' dir='ltr'><strong>congruentibus.</strong></span> <span class='ocrx_word' id='word_1_960' title='bbox 2919 5890 3052 5945; x_wconf 72' lang='lat' dir='ltr'><strong>Psu.</strong></span> 
     </span>
    </p>
   </div>
  </div>
