4268 6492
225 401 318 459 501

1255 400 1388 456 LIB.
1453 399 1498 456 ν
1538 393 1899 456 ADVERSUS
1925 394 2351 455 MARCIONEM.

3396 400 3504 457 509.

223 524 264 578 si
290 523 406 578 bmc
427 530 553 578 sunt
583 523 762 592 ﬁctilia
791 539 911 578 vasa
944 523 1000 577 in
1025 521 1203 593 quibus
1232 529 1373 575 tanta
1402 537 1494 575 nos
1524 520 1632 591 pati
1660 519 1803 583 dicit,
1832 515 1884 576 Α
1911 517 2011 572 tale
2037 518 2176 572 istud
2199 517 2644 576 immortalitatem.
2691 515 2772 574 Illi
2818 518 3044 576 induunt
3071 562 3087 587 ,
3115 535 3237 576 cum
3271 535 3496 592 recepe-

218 615 269 668 in
292 615 473 684 quibus
513 617 663 670 etiam
707 616 1141 685 mortiﬁcationem
1180 615 1583 684 circum/erimus
1626 611 1809 666 Domi-

219 707 267 759 ni
295 704 399 777 (l);
429 708 562 762 satis
589 709 825 778 ingratus
854 708 990 762 Deus
1015 715 1070 763 et
1099 708 1349 774 iniustus,
1390 706 1436 760 si
1463 721 1568 761 nun
1591 713 1645 761 et
1675 705 1812 760 hanc

219 800 569 856 Substantiam
610 803 1023 857 resuscitaturns
1065 816 1118 856 es
1191 797 1270 873 (2)
1297 841 1311 864 ,
1346 798 1397 853 in
1439 813 1542 869 qua
1571 813 1668 869 pro
1708 797 1812 854 ﬁde

218 894 331 961 ejus
359 899 503 946 tanta
534 892 851 961 tolerantur,
896 894 946 947 in
976 908 1078 964 qua
1108 904 1162 947 et
1193 908 1336 946 mers
1359 884 1556 946 Christi
1584 890 1813 945 circum-

221 981 405 1048 fertur,
438 984 490 1038 in
523 999 624 1051 qua
670 992 724 1039 et
742 984 1028 1039 eminentia
1057 984 1269 1038 virtutis
1308 994 1676 1038 consecratur.
1703 980 1811 1037 Sed

218 1074 356 1129 enim
381 1076 649 1144 proponit:
677 1073 745 1130 Ut
767 1084 814 1129 et
832 1076 932 1130 vita
953 1074 1143 1130 Christi
1160 1076 1508 1146 manifestetur
1527 1076 1579 1128 in
1602 1090 1816 1144 corpore

217 1179 406 1230 nostro,
437 1167 642 1224 scilicet
663 1170 798 1223 sicut
818 1179 870 1224 et
898 1183 1043 1223 mors
1066 1167 1182 1237 ejus
1205 1165 1580 1223 circumfertur
1609 1167 1660 1221 in
1685 1181 1802 1222 cor-

216 1275 362 1331 pore.
400 1261 475 1316 De
501 1276 604 1332 qua
635 1277 764 1332 ergo
785 1261 984 1317 Christi
1013 1262 1117 1315 vita
1148 1260 1277 1316 dicit
1302 1261 1326 1315 ἲ
1349 1261 1460 1328 Qua
1499 1276 1640 1314 nunc
1675 1260 1811 1315 vivi-

217 1368 332 1408 mus
362 1353 415 1407 in
446 1352 577 1408 illo?
607 1352 674 1408 Et
699 1353 969 1423 quomodo
997 1354 1048 1408 in
1081 1353 1426 1424 sequentibus
1457 1367 1561 1407 non
1592 1351 1657 1407 ad
1691 1351 1815 1407 visi-

218 1447 336 1501 bilia
363 1487 379 1512 ,
412 1461 516 1502 nec
551 1445 618 1500 ad
663 1446 1004 1516 temporalia,
1052 1446 1146 1501 sed
1198 1445 1264 1500 ad
1317 1445 1600 1500 invisibilia
1649 1452 1703 1499 et
1745 1443 1812 1498 ad

215 1547 416 1594 acterna
442 1579 456 1602 ,
491 1537 544 1592 id
574 1549 656 1592 eet
683 1578 699 1604 ,
730 1552 834 1592 non
864 1537 929 1592 ad
959 1538 1240 1608 praesentia
1264 1580 1278 1601 ,
1309 1538 1402 1592 sed
1431 1536 1497 1592 ad
1525 1536 1695 1590 futura
1721 1550 1816 1591 ex-

217 1630 500 1685 hortatur?
525 1629 680 1697 Quod
707 1630 750 1685 si
777 1630 844 1685 de
875 1629 1048 1685 futura
1080 1629 1181 1685 vita
1212 1629 1340 1684 dicit
1367 1628 1591 1692 Christi,
1615 1627 1670 1682 in
1696 1641 1817 1682 cor-

217 1738 344 1792 pore
365 1737 486 1778 eam
505 1721 688 1778 dicens
718 1724 1098 1792 appariturum,
1128 1720 1406 1776 manifeste
1425 1721 1602 1776 carnis
1631 1735 1814 1776 resur-

215 1816 512 1872 rectionem
545 1815 881 1885 praidicavit,
916 1814 1238 1870 exteriorem
1283 1813 1500 1885 quidem
1545 1812 1814 1868 hominem

1914 609 2022 665 rint
2050 624 2284 682 corpus;
2315 611 2398 666 isti
2426 611 2854 681 superinduunt,
2902 613 3025 683 quia
3076 629 3181 667 non
3227 613 3502 668 amiserint

1912 715 2128 772 corpus.
2164 703 2228 756 Et
2259 703 2380 758 ideo
2403 717 2508 758 non
2537 711 2739 760 temere
2763 703 2898 758 dixit
2927 720 2940 758 :
2976 703 3219 759 Nolentes
3247 705 3365 760 exui
3393 722 3504 759 cor-

1914 809 2069 863 pore,
2097 793 2187 848 sed
2210 793 2511 862 superindui
2536 811 2555 859 ;
2582 793 2632 848 id
2659 803 2742 849 est
2766 835 2781 861 ,
2834 793 3080 850 nolentes
3130 804 3356 850 mortem
3404 810 3504 850 ex-

1914 885 2076 957 periri
2104 927 2118 950 ,
2150 885 2243 940 sed
2271 885 2378 940 vita
2409 887 2689 954 przeveniri
2716 903 2731 952 ;
2758 887 2831 941 uti
2860 887 3124 942 devoretur
3149 888 3365 942 mortale
3410 890 3504 941 hoc

1913 979 2092 1042 avita,
2141 977 2269 1033 dum
2317 977 2576 1047 eripietur
2622 979 2780 1034 morti
2830 994 2926 1048 per
2967 979 3504 1050 superindumentum

1913 1071 2312 1127 demutationis.
2344 1069 2473 1126 Ideo
2501 1071 2623 1141 quia
2647 1069 2726 1144 (8)
2749 1071 2986 1126 ostendit
3008 1072 3110 1126 hoc
3139 1071 3332 1126 melius
3361 1086 3502 1133 esse,

1916 1180 1983 1220 ne
2006 1165 2387 1220 contristemur
2415 1164 2602 1219 mortis
2631 1163 2676 1218 si
2708 1162 2844 1219 forte
2867 1173 3142 1233 przeventu
3169 1204 3184 1229 ,
3231 1173 3286 1218 et
3322 1163 3508 1218 arrha-

1917 1257 2113 1313 bouem
2141 1270 2241 1311 nos
2267 1255 2484 1325 Spiritus
2508 1255 2635 1310 dicit
2661 1270 2690 1308 a
2722 1255 2834 1311 Deo
2857 1254 3059 1311 habere
3085 1297 3100 1321 ,
3131 1257 3281 1327 quasi
3326 1257 3510 1327 pigno-

1915 1360 2063 1403 ratos
2089 1348 2140 1401 in
2171 1345 2412 1402 eamdem
2439 1360 2591 1417 spem
2630 1347 3087 1418 superindumenti
3112 1388 3126 1414 ,
3171 1357 3227 1402 et
3269 1349 3440 1403 abesse
3479 1365 3510 1402 a

1917 1439 2173 1506 Domino,
2213 1439 2457 1508 quamdiu
2487 1440 2539 1493 in
2567 1456 2720 1494 carne
2745 1456 2922 1495 sumus
2947 1481 2963 1507 ,
3010 1456 3072 1494 ac
3113 1451 3377 1513 propterea
3418 1441 3510 1494 dc-

1919 1538 2031 1590 bere
2057 1534 2174 1588 boni
2203 1535 2385 1589 ducere
2411 1535 2581 1589 abesse
2607 1536 2776 1608 potius
2805 1552 2837 1589 a
2872 1552 3084 1605 corpore
3107 1578 3121 1601 ,
3156 1548 3204 1591 et
3246 1553 3352 1591 esse
3397 1553 3513 1590 cum

1918 1624 2179 1690 Domino,
2210 1633 2268 1679 ut
2314 1633 2370 1679 et
2413 1635 2642 1680 mortem
2674 1625 2903 1682 libenter
2949 1627 3295 1698 excipiamus.
3342 1628 3513 1698 Atque

1918 1718 2073 1782 adeo,
2107 1733 2279 1772 omnes
2317 1718 2393 1771 ait
2419 1733 2512 1771 nos
2560 1728 2794 1789 oportere
2835 1719 3151 1789 manifestari
3190 1730 3308 1774 ante
3349 1721 3512 1773 tribu-

1921 1813 2006 1866 nal
2033 1811 2240 1874 Christi,
2271 1819 2323 1864 ut
2349 1811 2561 1881 recipiat
2590 1812 2934 1882 unusquisque
2949 1829 3064 1882 qua:
3093 1830 3180 1882 per
3212 1830 3398 1885 corpus
3422 1817 3517 1869 ad-

218 1917 463 1964 nostrum
495 1909 765 1979 corrumpi
796 1909 981 1963 dicens
1003 1949 1017 1972 ,
1051 1917 1102 1962 et
1133 1923 1238 1962 non
1263 1911 1412 1977 quasi
1441 1917 1644 1962 mterno
1674 1908 1813 1964 inte-
1847 1908 1896 1968 B
1925 1907 2096 1970 misit,
2124 1906 2226 1960 sive
2255 1905 2478 1968 bonum,
2507 1905 2611 1959 sive
2641 1905 2937 1960 malum.£i
2966 1907 3108 1960 enim
3139 1915 3264 1961 tunc
3289 1907 3517 1960 retribu-

217 2001 319 2076 ritu
352 2011 472 2070 post
502 2014 727 2055 mortem
757 2043 770 2064 ,
796 2016 979 2056 verum
1011 2000 1284 2055 laboribus
1326 2009 1380 2055 et
1419 2000 1774 2057 incommodis
1798 2045 1814 2070 ,

216 2091 284 2148 de
333 2093 530 2162 quibus
584 2093 876 2162 praemisit,
921 2093 1179 2162 adjicicns
1215 2109 1230 2148 ε
1263 2092 1329 2146 Et
1358 2110 1459 2148 non
1505 2095 1818 2164 deﬁciemus.

217 2185 348 2240 Nam
381 2197 436 2240 et
463 2187 754 2240 interiorem
783 2186 1034 2239 hominem
1067 2196 1295 2240 nostrum
1322 2188 1554 2241 renovari
1581 2188 1645 2243 de
1669 2189 1752 2243 die
1769 2190 1823 2244 in

219 2279 353 2330 diem
381 2276 604 2342 dicens,
642 2276 728 2333 hic
758 2286 1042 2348 utrmnque
1071 2277 1443 2345 demonstrat,
1483 2288 1540 2334 et
1580 2282 1824 2350 corporis

157 2379 160 2382 ’
218 2373 624 2442 corruptionem
651 2386 714 2427 ex
745 2372 1028 2426 vexatione
1057 2372 1410 2427 tentationnm
1431 2416 1443 2436 ,
1475 2382 1528 2428 et
1549 2374 1712 2430 animi
1739 2391 1824 2431 re-

219 2480 354 2521 nova
374 2467 575 2520 tionem
607 2480 670 2519 ex
697 2465 1151 2535 contemplatione
1179 2465 1616 2535 promissionum.

832 2559 1060 2617 CAPUT
1100 2559 1211 2615 XII.

294 2652 506 2707 Τεντεηὶ
534 2651 612 2722 (a)
639 2652 883 2706 domicilii
921 2657 1080 2706 nostri
1120 2652 1185 2725 (Il
1217 2652 1334 2710 Cor.
1365 2654 1433 2722 γ,
1463 2653 1552 2721 VI,
1587 2653 1698 2722 VII,
1726 2655 1820 2722 XI,

224 2743 314 2799 XII
338 2755 382 2798 et
405 2742 550 2812 XIII)
580 2741 682 2818 (3):
712 2743 824 2799 Non
854 2745 929 2799 sic
950 2744 1218 2799 aithaberc
1234 2762 1325 2801 nos
1341 2747 1546 2801 domum
1561 2757 1822 2813 aeternam,

221 2853 324 2889 non
366 2852 524 2890 manu
561 2840 751 2908 [actam
779 2837 833 2888 in
858 2836 998 2890 caelis
1026 2834 1104 2908 (lt)
1130 2880 1142 2896 .
1176 2837 1298 2907 quia
1327 2853 1446 2908 qua:
1479 2855 1636 2894 manu
1687 2839 1825 2895 facta

223 2930 290 2982 sit
320 2928 626 2990 Creatoris,
662 2929 919 2992 intereat,
963 2928 1014 2981 in
1047 2938 1214 2983 totum
1242 2929 1498 2986 dissoluta
1531 2941 1652 3001 post
1678 2947 1824 2989 mor-

226 3029 352 3074 tem.
387 3019 516 3074 Ilmc
537 3019 678 3073 enim
709 3019 774 3073 ad
805 3020 993 3073 mortis
1019 3030 1218 3074 metum
1245 3063 1258 3085 ,
1287 3029 1342 3076 et
1369 3021 1433 3076 ad
1463 3022 1628 3093 ipsius
1655 3023 1830 3079 disso-

227 3111 450 3166 lutionis
467 3112 932 3166 contristationem
954 3112 1335 3166 consolandam
1355 3121 1652 3170 retraetans
1666 3115 1827 3171 etiam

226 3218 321 3274 per
355 3202 636 3274 sequentia
680 3200 1045 3268 manifestius,
1086 3218 1208 3258 cum
1261 3204 1510 3275 subjicit:
1565 3203 1830 3277 Ingemere

1925 2001 1999 2055 tio
2029 1999 2373 2064 meritorum,
2404 1996 2676 2068 quomodo
2697 1998 2806 2066 jam
2834 1997 2996 2070 aliqui
3039 2013 3159 2054 cum
3210 2000 3317 2054 Deo
3361 2007 3514 2069 pote-

1923 2103 2047 2151 runt
2074 2093 2356 2165 deputari?
2386 2093 2453 2148 Et
2478 2094 2708 2148 tribunal
2737 2103 2916 2149 autem
2948 2094 3305 2160 nominando,
3336 2104 3386 2148 et
3415 2094 3520 2149 dis-

1927 2188 2269 2260 punctionem
2302 2188 2426 2243 boni
2458 2202 2522 2242 ac
2567 2187 2690 2242 mali
2720 2189 2936 2257 Operis,
2984 2189 3259 2257 utriusque
3303 2199 3518 2244 senten-

1925 2283 2012 2335 tias
2038 2280 2272 2350 jndicem
2303 2280 2569 2346 ostendit,
2608 2289 2662 2335 et
2703 2294 2988 2348 corporum
3033 2282 3269 2336 omnium
3318 2297 3518 2351 reprre-

1924 2375 2280 2431 sentationem
2325 2373 2680 2430 conlirmavit.
2725 2373 2840 2428 Non
2890 2375 3033 2429 enim
3107 2376 3326 2444 poterit,
3376 2375 3518 2444 quod

1925 2483 2150 2540 corpore
2188 2469 2477 2523 admissum
2522 2475 2638 2530 est.
2689 2482 2797 2522 non
2843 2483 3070 2538 corpore
3113 2468 3370 2524 vindicari
3414 2468 3513 2540 (9).

1925 2559 2144 2632 Iniquus
2169 2563 2310 2617 enim
2338 2562 2478 2616 Deus
2497 2601 2512 2626 ,
2546 2561 2589 2614 si
2621 2574 2726 2614 non
2757 2575 2850 2630 per
2873 2561 2922 2614 id
2948 2561 3164 2628 punitur
3183 2562 3301 2630 quis
3327 2571 3415 2614 aut
3437 2562 3524 2630 jn-

1928 2665 2080 2710 vatnr
2106 2698 2122 2722 ,
2151 2670 2248 2725 per
2275 2656 2416 2725 quod
2445 2665 2699 2726 operatus
2729 2665 2829 2710 est.
2865 2654 2940 2727 (ὁ)
2972 2655 3034 2708 Si
3067 2671 3167 2725 qua
3193 2671 3311 2724 ergo
3340 2656 3520 2708 condio

1928 2750 1998 2804 tio
2023 2765 2152 2804 nova
2175 2749 2230 2802 in
2249 2746 2449 2803 Christo
2471 2790 2485 2811 ,
2513 2757 2694 2801 cratera
2722 2747 3063 2810 transierunt,
3088 2762 3201 2800 ecce
3228 2762 3357 2799 nova
3388 2745 3523 2814 facta

1928 2853 2045 2898 sunt
2073 2840 2243 2896 omnia
2264 2882 2280 2908 ,
2313 2839 2528 2910 impleta
2553 2847 2637 2894 est
2667 2837 2840 2892 Esaize
2869 2838 3146 2909 prophetia
3191 2837 3292 2907 (Is.
3326 2836 3521 2903 XLIII,

1930 2937 2042 3007 I9).
2067 2936 2123 2993 Si
2149 2936 2308 2991 etiam
2334 2935 2486 3005 jubet
2511 2942 2569 2988 ut
2612 2933 2913 2986 mttndcntus
2943 2949 3034 2986 nos
3061 2931 3122 2987 ab
3149 2933 3525 3001 inquinamento

1931 3029 2100 3084 carnis
2112 3039 2157 3082 ct
2175 3028 2456 3098 sanguinis,
2472 3039 2577 3080 non
2591 3025 2942 3079 substantinm
2969 3022 3079 3095 (10)
3096 3039 3285 3090 capere
3303 3039 3524 3091 regnum

1934 3119 2025 3175 Dei
2051 3161 2064 3184 ,
2095 3119 2136 3172 si
2167 3127 2222 3172 et
2262 3119 2504 3189 virginem
2535 3125 2758 3170 sanctam
2797 3117 3014 3170 destinat
3049 3113 3329 3168 Ecclesium
3359 3117 3524 3186 Insig-

1933 3229 2058 3266 nare
2080 3210 2301 3274 Christo,
2318 3210 2497 3279 utique
2513 3219 2566 3262 ut
2587 3223 2825 3275 sponsam
2847 3223 3056 3279 sponso;
3077 3222 3180 3260 non
3202 3215 3375 3275 potest
3396 3207 3529 3264 ima-

226 3315 319 3352 nos
351 3298 417 3351 de
442 3299 539 3351 isto
568 3296 895 3351 tabernaculo
921 3297 1149 3365 corporis
1181 3299 1398 3363 terreni,
1425 3299 1561 3363 quod
1600 3300 1663 3352 de
1704 3301 1829 3354 calo
1857 3299 1902 3363 C
1938 3320 2005 3373 go
2021 3302 2271 3372 conjungi
2295 3302 2510 3356 inimico
2528 3299 2763 3354 veritatis
2777 3301 2855 3354 rei
2880 3299 3064 3368 ipsius.
3083 3298 3138 3353 Si
3155 3307 3208 3354 et
3227 3299 3530 3368 pseudapo-

226 3401 304 3446 est
333 3390 638 3459 superindui
665 3387 745 3460 (5)
777 3390 1035 3460 cupientes
1057 3406 1076 3455 ,°
1101 3390 1346 3459 siquidem
1370 3401 1419 3444 et
1445 3392 1714 3464 despoliati
1736 3408 1841 3448 non

228 3481 546 3534 inveniemur
573 3478 654 3552 (ti)
688 3479 810 3532 nudi
834 3496 853 3543 ;
884 3477 934 3533 id
964 3486 1046 3533 est
1072 3520 1086 3543 ,
1118 3480 1434 3550 recipiemus
1473 3482 1616 3550 quod
1641 3483 1840 3553 despo-

229 3575 343 3631 liati
373 3587 596 3638 sumus,
626 3574 676 3627 id
725 3582 809 3629 est
853 3586 1069 3643 corpus.
1112 3572 1181 3627 Et
1228 3587 1458 3629 rursus:
1512 3576 1714 3632 Etenim
1756 3594 1846 3650 qu;

229 3683 409 3723 sumus
465 3666 518 3719 in
562 3665 661 3719 isto
702 3663 1027 3719 tabernaculo
1067 3667 1294 3739 corporis
1321 3709 1333 3731 ,
1384 3668 1683 3739 ingemimus
1709 3674 1846 3741 quod

231 3773 508 3829 graventur
533 3799 548 3823 ,
601 3759 824 3812 nolentes
865 3759 985 3812 exui
1008 3799 1024 3824 ,
1061 3760 1150 3813 sed
1189 3761 1506 3830 superimlui.
1556 3763 1651 3818 llic
1695 3767 1838 3822 enim

234 3851 531 3922 expressit,
566 3850 643 3924 (a)
675 3851 814 3920 quod
864 3853 915 3905 iii
966 3853 1133 3923 prima
1189 3852 1431 3922 Epistula
1466 3856 1718 3924 strinxit,
1766 3856 1837 3912 Et

234 3943 430 3997 mortui
457 3953 718 4014 resin-gent
741 3944 1056 4013 incorrupti,
1079 3947 1166 4015 qui
1193 3947 1299 4015 jam
1324 3947 1610 4014 obierunt;
1667 3960 1712 4004 et
1756 3967 1849 4005 nos

235 4036 553 4091 uiolabimur
575 4078 589 4101 ,
621 4038 710 4106 qui
740 4037 792 4091 in
818 4051 986 4093 carne
1018 4036 1276 4095 fuerimus
1303 4040 1624 4112 deprehensi
1651 4059 1681 4099 a
1713 4045 1847 4102 Deo.

239 4129 310 4184 Et
334 4128 412 4184 illi
436 4130 577 4185 enim
609 4138 886 4201 resnrgent
909 4131 1236 4203 incorrupti,
1260 4145 1482 4204 recepto
1504 4136 1708 4192 scilicet
1733 4153 1852 4194 cor-

242 4239 378 4295 pore
404 4267 419 4290 ,
448 4234 504 4279 et
533 4223 746 4295 quidem
786 4223 1025 4294 integro,
1049 4233 1107 4280 ut
1128 4233 1184 4280 et
1213 4226 1315 4282 hoc
1357 4229 1464 4281 sint
1508 4229 1805 4300 incorrupti
1834 4248 1848 4286 :

243 4326 301 4373 et
332 4315 386 4370 hi
423 4324 641 4386 propter
669 4317 926 4385 temporis
964 4317 1212 4372 ultimum
1235 4319 1344 4388 jam
1389 4331 1714 4377 momentum
1740 4365 1754 4388 ,
1799 4333 1856 4380 et

245 4419 476 4481 propter
501 4409 692 4464 merita
723 4409 1062 4465 vexationum
1094 4412 1406 4467 Antichriin
1435 4455 1450 4474 .
1479 4416 1852 4486 compendium

248 4501 481 4566 mortis;
529 4501 622 4556 sed
673 4501 858 4555 mutati
907 4515 1306 4574 consequentur
1353 4502 1460 4576 (7),
1519 4508 1854 4577 superinduti

249 4595 427 4663 magis
454 4591 596 4662 quod
637 4592 706 4648 de
731 4593 872 4649 caelo
899 4603 982 4648 est
1006 4637 1020 4661 ,
1051 4611 1209 4666 quam
1254 4599 1398 4652 exuti
1429 4613 1643 4672 corpus.
1692 4602 1768 4658 Ita
1812 4604 1856 4659 sl

1944 3396 2114 3452 stolos
2143 3393 2272 3449 dicit
2298 3392 2559 3464 operarios
2585 3390 2808 3456 dolosas,
2836 3391 3278 3460 transﬁguratorcs
3304 3391 3402 3455 sui,
3433 3406 3530 3460 per

1946 3487 2254 3561 hypocrisin
2275 3486 2517 3551 scilicet,
2542 3483 2984 3550 conversationis,
3013 3498 3118 3538 non
3139 3484 3533 3554 praedicationis

1947 3579 2255 3634 adulterata
2281 3591 2404 3632 reos
2453 3583 2640 3641 taxat;
2694 3574 2831 3631 adeo
2854 3574 2922 3630 de
2965 3575 3280 3646 disciplina,
3332 3590 3439 3631 non
3467 3578 3536 3632 de

1947 3673 2224 3730 divinitate
2263 3669 2642 3726 dissidebatur.
2695 3667 2751 3725 Si
2779 3669 3173 3741 transﬁguratur
3215 3670 3435 3725 Satanas
3480 3672 3534 3726 in

1949 3767 2185 3838 angelum
2213 3764 2342 3818 lucis
2373 3804 2389 3829 ,
2425 3777 2529 3817 non
2584 3770 2756 3833 potest
2795 3760 2899 3817 hoc
2919 3761 3073 3832 dirigi
3125 3762 3175 3816 in
3202 3759 3534 3818 Creatorem.

1952 3859 2092 3913 Deus
2112 3858 2256 3912 enim
2281 3897 2297 3922 ,
2329 3869 2434 3910 non
2465 3854 2683 3925 angelus
2704 3897 2720 3921 ,
2749 3853 3005 3918 Creator;
3057 3853 3109 3908 in
3139 3853 3304 3908 Deum
3361 3854 3496 3909 lucis
3522 3897 3538 3921 ,

1952 3949 2124 4004 nonin
2163 3946 2412 4018 angelum
2452 3944 2834 4017 transﬁgurare
2859 3959 2918 4000 se
2954 3945 3129 4001 dictus
3160 3954 3322 4014 esset,
3353 3947 3397 4002 si
3431 3962 3539 4002 non

1951 4057 2073 4100 eum
2097 4042 2347 4099 Satanam
2374 4042 2741 4114 signiﬁcaret,
2780 4056 2937 4112 quem
2987 4051 3042 4098 et
3070 4057 3169 4098 nos
3221 4051 3279 4097 et
3306 4042 3542 4100 Marcion

1955 4138 2202 4208 angelum
2231 4138 2500 4192 novimus.
2547 4135 2622 4190 De
2650 4133 2899 4205 paradiso
2941 4149 3071 4190 suus
3119 4134 3292 4206 stylus
3334 4145 3418 4190 est
3471 4136 3541 4190 ad

1955 4249 2169 4290 omnem
2198 4245 2357 4303 quam
2379 4229 2578 4300 patitur
2597 4227 2970 4298 quaestionem.
2994 4227 3091 4282 Hic
3117 4227 3244 4281 illud
3277 4226 3414 4283 forte
3443 4229 3546 4283 mi.

1957 4327 2135 4390 rabor,
2170 4325 2215 4380 si
2249 4323 2520 4394 preprium
2553 4320 2727 4392 potuit
2756 4319 2955 4376 habere
3000 4319 3306 4390 paradisum
3362 4321 3502 4377 Deus
3528 4363 3544 4390 ,

1959 4417 2157 4473 nullius
2185 4426 2412 4470 terrena:
2442 4412 2814 4484 dispositionis
2841 4454 2857 4478 ,
2904 4412 3006 4468 nisi
3037 4413 3080 4467 si
3107 4413 3267 4467 etiam
3303 4412 3549 4482 paradiso

1957 4511 2231 4568 Creatoris
2248 4508 2494 4580 precario
2514 4520 2640 4562 usus
2663 4515 2766 4574 est,
2787 4507 2926 4561 sicut
2947 4515 3003 4561 et
3022 4505 3241 4560 mundo.
3272 4503 3340 4558 Et
3367 4514 3547 4560 tamen

1961 4607 2232 4662 hominem
2263 4602 2452 4657 tollere
2479 4599 2546 4655 ad
2587 4599 2784 4655 caelum
2815 4599 3106 4662 Creatoris,
3143 4596 3446 4667 exemplum
3470 4606 3554 4653 est

253 4683 311 4738 hi
365 4697 535 4753 super
578 4698 774 4754 corpus
823 4684 1045 4741 induent
1091 4688 1312 4744 eteleste
1358 4690 1485 4747 illud
1516 4735 1530 4758 ,
1584 4695 1767 4764 utique
1805 4690 1938 4752 etD
1964 4702 2016 4757 in
2041 4698 2188 4754 Helia
2219 4695 2310 4770 (IV
2340 4694 2463 4766 Reg.
2498 4693 2587 4762 II).
2621 4692 2788 4763 Magis
2809 4707 2938 4749 vero
2971 4690 3210 4745 mirabor
3254 4690 3542 4746 Dominum

254 4779 460 4833 mortui
491 4777 749 4848 recipient
772 4793 967 4848 corpus
995 4821 1010 4846 ,
1051 4796 1212 4851 super
1239 4783 1379 4850 quod
1409 4795 1462 4840 et
1506 4786 1604 4860 ipsi
1635 4786 1860 4844 induant
1960 4793 2220 4862 Optimum
2249 4831 2264 4855 ,
2289 4785 2618 4857 percutiendi
2659 4795 2713 4841 et
2733 4783 2991 4840 smvietttli
3018 4783 3277 4847 alienum,
3301 4798 3398 4838 nec.
3429 4799 3543 4859 pro-

258 4871 681 4942 ineorruptelam
711 4870 779 4926 de
803 4872 941 4928 ccelo
967 4889 980 4926 :
1014 4874 1134 4943 quia
1163 4886 1217 4929 et
1241 4875 1307 4929 de
1339 4876 1443 4930 illis
1484 4879 1594 4933 ait:
1643 4879 1862 4938 Necesse
1964 4883 2140 4954 prium
2165 4879 2356 4935 saltem
2383 4917 2399 4942 ,
2429 4875 2523 4932 sed
2551 4876 2820 4932 Creatoris
2844 4875 3081 4946 angelum
3103 4873 3313 4928 Satana:
3327 4874 3558 4942 colaphi-

258 4973 336 5018 est
364 4964 710 5034 corruptivum
735 4963 871 5018 istud
897 4965 1106 5020 induere
1143 4967 1537 5039 incorruptelam
1568 5011 1584 5037 ,
1634 4983 1679 5026 et
1725 4959 1860 5028 mor-
1957 4973 2122 5030 scindo
2152 4967 2393 5036 Apostolo
2419 4983 2513 5022 suo
2538 4967 2867 5039 applicuisse,
2886 4975 2931 5020 ct
2957 4975 3031 5020 ter
3055 4966 3118 5020 ab
3153 4981 3211 5019 eo
3241 4963 3555 5019 obsecratunt

1481 5059 1858 5126 LECTIONES
1879 5065 2299 5126 VARIANTES.

360 5149 405 5220 ί.)
425 5151 515 5220 Εείῄ
536 5147 688 5220 59".“:
730 5211 779 5220 -.
2034 5156 2110 5220 (ϐ)
2135 5159 2448 5209 Inveniamur
2472 5155 2626 5206 Fran.

357 5211 408 5278 ὲ)
436 5212 524 5262 Est
541 5211 691 5263 omitt.
720 5211 867 5266 Ober.
897 5275 910 5278 _
1058 5275 1086 5278 _,
2035 5211 2111 5278 (7)
2131 5220 2303 5272 Mortis
2322 5220 2492 5269 mutati
2512 5218 2872 5278 consequantur
2896 5213 2997 5262 Lat.

354 5274 409 5346 ξ)
436 5283 582 5346 forte
601 5281 860 5346 terrenum
882 5275 1177 5328 domicilium
1192 5281 1414 5329 nosuum
1434 5288 1496 5330 ea:
1521 5279 1660 5331 Pam.
2037 5274 2111 5346 (8)
2137 5281 2256 5346 Ideo
2277 5285 2358 5346 qui
2381 5279 2447 5331 al.
2475 5274 2931 5346 ideoqueiciaccon:

434 5337 571 5408 9M0
839 5401 887 5408 _.
2127 5337 2346 5408 iudicari
2378 5337 2639 5408 ναίει.κό
2654 5340 2887 5408 vindicari

334 5399 412 5464 (ὅ)
431 5400 803 5464 Superinduere
828 5401 971 5453 θῦεν.
2036 5399 2142 5472 (to)
2167 5407 2496 5458 Substantiam
2519 5403 2684 5455 caueri
2704 5413 2866 5453 omnes
2886 5399 3021 5451 nullo
3041 5411 3199 5451 sensu.

1656 5487 2210 5546 COMMENTARIUS.

355 5595 514 5676 CA_P.
547 5595 672 5676 X_ll._
687 5627 758 5676 -_-_-
781 5597 863 5676 _(a)
893 5598 1044 5676 Quod
1079 5599 1134 5676 in
1179 5601 1343 5676 prima
1377 5599 1606 5670 Epistola
1637 5601 1864 5676 strinxit.
1974 5617 2123 5658 more
2150 5599 2530 5676 Tertullianico
2551 5639 2567 5666 ,
2607 5597 2866 5676 accipitur
2910 5608 3017 5676 pro.
3051 5603 3295 5676 creatura
3319 5635 3335 5662 ,
3382 5608 3558 5676 graece

267 5669 541 5738 Loquitur
561 5669 628 5724 de
650 5668 673 5723 Ι
697 5665 867 5740 Epist.
897 5665 960 5724 ad
991 5665 1232 5726 Corinth.
1262 5665 1494 5727 Annotat
1519 5684 1701 5728 autem
1726 5673 1868 5728 llbc-
1969 5685 2140 5735 κτίσις.
2171 5673 2448 5728 Consentit
2490 5685 2617 5725 vero
2639 5665 2800 5723 etiam
2843 5681 2963 5722 cum
3006 5665 3295 5740 interprete
3343 5665 3558 5740 vulgato

274 5735 478 5805 nanus,
510 5741 676 5810 accipi
703 5735 906 5795 strinxit
936 5759 1030 5811 ιιι-ι)
1058 5744 1349 5810 perstrinxit
1376 5785 1391 5810 ,
1423 5747 1522 5798 hoc
1565 5753 1649 5800 est
1695 5745 1871 5799 obiter
1974 5747 2162 5801 Latino
2190 5755 2436 5808 vertens,
2471 5741 2531 5797 Si
2558 5757 2688 5812 qua,
2719 5753 2905 5812 proco
2920 5735 3067 5812 quod
3095 5735 3326 5792 Isidorus
3359 5736 3555 5794 clarius

278 5815 565 5877 indicarit,
587 5807 670 5867 vel
691 5813 879 5868 leviter
902 5807 1093 5882 aitigit.
1123 5814 1258 5868 Pu.
1379 5807 1386 5810 ’
1977 5833 2096 5874 cum
2124 5817 2342 5872 Erasmo
2369 5807 2525 5870 nimis
2552 5807 2758 5878 libere,
2787 5809 2849 5865 Si
2873 5807 3002 5880 quis.
3035 5807 3175 5866 Pu.

357 5883 442 5960 (b)
473 5882 537 5938 Si
564 5901 663 5954 qua
689 5901 806 5956 ergo
836 5885 1053 5940 conditio
1085 5901 1210 5940 nova
1258 5887 1312 5940 in
1357 5885 1579 5941 Christo.
1626 5885 1878 5944 Conditio
