4268 6492
744 384 851 442 505

2170 379 2631 439 τεητυιωΑΝι

3945 392 4037 448 50$

747 517 848 553 non
877 500 1196 556 concessisse.
1235 499 1496 556 Emendat
1518 499 1680 571 igitur
1704 508 1757 555 et
1777 497 1912 556 deus
1938 499 2224 555 Marcionis
2249 514 2333 555 sc-
2362 493 2414 555 A
2443 495 2620 564 utique
2645 495 2692 549 is
2721 494 2859 550 Deus
2892 493 3172 565 iudicabit.
3197 494 3348 565 cujus
3377 506 3502 551 sunt
3527 508 3582 553 et
3604 497 3710 562 lex,
3740 509 3790 554 el
3825 500 4038 570 ipsam-

747 593 980 648 cundum
1011 592 1534 653 Creatorem.elatos
1550 593 1892 647 tctnulantent
1923 633 1937 656 ,
1969 603 2024 645 ut
2066 592 2344 663 deponen-

750 697 858 739 tem
887 687 1088 740 scilicet
1121 686 1187 741 de
1217 687 1352 741 solio
1371 687 1644 757 dynastas.
1673 690 1780 742 Aut
1817 686 2076 756 numquid
2107 688 2220 757 ipse
2258 697 2343 744 est

745 781 835 848 qui
861 790 913 834 et
937 781 989 835 in
1019 795 1217 851 corpus
1244 781 1344 836 Job
1367 781 1518 837 dedit
1540 781 1753 836 Satanas
1796 788 2142 852 potestatem,
2165 791 2222 834 ut
2240 783 2340 836 vir-

747 885 827 929 tus
843 876 893 929 in
914 875 1208 939 inﬁrmitate
1224 874 1676 946 comprobaretur?
1693 874 1829 943 Quid
1848 883 1902 930 et
1930 873 2158 929 formam
2181 873 2341 945 Legis

741 966 920 1021 adhuc
951 966 1427 1023 tenetGaIatarum
1458 967 1750 1038 castigator
1771 1008 1784 1030 ,
1837 965 1893 1020 in
1928 966 2088 1021 tribus
2132 965 2340 1021 testibus

742 1060 1030 1127 praeﬁniens
1054 1067 1302 1113 staturum
1329 1076 1474 1115 omne
1505 1059 1742 1113 uerbum."
1761 1058 1897 1127 Quid
1927 1067 1983 1114 et
2027 1075 2128 1113 non
2151 1075 2334 1131 parsu~

738 1167 850 1204 rum
879 1169 932 1206 se
957 1155 1304 1222 peccatoribus
1329 1155 1690 1208 comminatur
1714 1193 1729 1220 ,
1764 1152 2023 1208 lenissimi
2072 1154 2164 1208 Dei
2197 1169 2335 1224 prte-

737 1241 946 1296 dicator
969 1244 991 1295 ?
1018 1243 1131 1298 Imo
1151 1254 1205 1299 et
1225 1245 1387 1314 ipsam
1405 1245 1579 1298 durius
1605 1245 1793 1316 agendi
1843 1245 1896 1298 in
1946 1246 2216 1316 prasentia
2245 1261 2338 1315 po-

740 1343 969 1388 testatem
997 1353 1027 1388 α
1055 1336 1271 1390 Domino
1298 1337 1472 1390 datam
1501 1338 1595 1392 sibi
1635 1336 1913 1392 adlirmat.
1951 1336 2096 1408 Nega
2151 1354 2295 1393 nunc
2315 1381 2331 1406 ,

742 1423 1018 1494 haeretice,
1080 1428 1250 1484 timeri
1289 1429 1456 1484 Deum
1509 1439 1694 1497 tuum,
1730 1428 1884 1499 cujus
1914 1428 2206 1500 Apostolus
2264 1430 2332 1486 ti-

738 1518 1000 1573 mebatur.

1346 1610 1571 1668 CAPUT
1601 1611 1736 1668 XIII.

819 1704 1046 1772 Quando
1068 1707 1385 1777 opusculum
1407 1706 1738 1776 proﬂigatur,
1763 1705 1997 1764 breviter
2012 1709 2122 1778 jam
2138 1719 2333 1766 retrac-

733 1799 897 1855 tanda
929 1810 1054 1854 sunt
1083 1817 1202 1870 qua:
1233 1815 1418 1855 rursus
1447 1810 1774 1864 occurrunt;
1806 1800 2052 1871 qumdam
2081 1817 2210 1858 vero
2233 1810 2332 1856 tm-

2448 599 2563 642 tura
2589 588 2666 659 (6)
2688 603 2806 658 qua:
2834 588 2958 658 legis
2987 597 3058 641 est
3083 589 3245 643 instar
3265 590 3612 658 ignorantibus
3626 591 4035 662 legemJudica-

2444 680 2517 736 hit
2531 693 2706 736 autem
2721 682 3016 752 quomodo?
3033 682 3326 737 Secundum
3345 683 3692 757 Evangelium,
3726 688 3899 758 inquit
3920 731 3933 753 ,
3957 707 4038 758 per

2444 772 2722 830 Christum.
2759 775 2898 846 Ergo
2914 784 2972 831 et
2993 776 3342 846 Evangelium
3371 787 3424 832 et
3449 778 3697 834 Christus
3731 780 3875 834 illius
3898 792 4032 846 sunt,

2441 867 2596 936 cujus
2615 876 2672 922 et
2698 867 2782 921 lex
2813 875 2869 922 et
2901 876 3106 934 natura,
3133 884 3254 939 qua:
3283 885 3378 940 per
3404 869 3748 940 Evangelium
3781 882 3830 927 et
3861 872 4036 928 Chris-

2443 965 2556 1012 tum
2582 957 3014 1026 vindicabuntur,
3039 959 3178 1016 adeo
3204 960 3294 1014 illo
3311 960 3516 1028 judicio
3543 961 3636 1016 Dei
3681 963 3826 1032 quod
3883 975 3934 1018 et
3954 981 4036 1018 stt-

2439 1066 2560 1124 pra,
2584 1051 2877 1108 secundum
2899 1053 3201 1108 veritatem.
3231 1054 3370 1123 Ergo
3395 1069 3498 1124 qua
3527 1053 3863 1110 defendenda
3891 1071 4036 1110 reve-

2443 1143 2585 1198 letur
2608 1143 2677 1200 de
2697 1144 2838 1200 ccelo
2868 1145 2970 1211 ira,
3003 1145 3217 1200 nonnisi
3268 1161 3297 1198 a
3333 1146 3441 1201 Deo
3467 1147 3589 1210 irae;
3621 1147 3692 1200 ita
3713 1157 3767 1202 et
3796 1148 3884 1202 hic
3913 1163 4033 1202 sen-

2439 1250 2535 1290 sus
2589 1235 2817 1305 pristino
2865 1237 3176 1302 coluerens,
3230 1238 3280 1291 in
3311 1253 3417 1310 quo
3457 1239 3721 1306 judicium
3765 1240 4035 1297 Creatoris

2439 1328 2687 1393 edicitur,
2709 1344 2812 1382 non
2837 1339 3012 1400 potest
3033 1329 3084 1384 in
3113 1330 3278 1384 alium
3304 1331 3468 1386 Deutn
3493 1330 3704 1397 referri,
3727 1333 3816 1403 qtti
3838 1348 3935 1387 nec
3954 1335 4036 1402 ju-

2438 1422 2624 1488 dicat,
2671 1439 2771 1478 uec
2800 1424 3088 1490 irascitur;
3118 1425 3213 1480 sed
3254 1426 3307 1479 in
3360 1425 3510 1479 illum
3545 1469 3559 1490 ,
3592 1427 3747 1495 cujus
3795 1429 3923 1482 dum
3956 1430 4032 1501 (7)

2439 1513 2554 1568 lure
2583 1525 2727 1581 sunt,
2757 1514 3013 1584 judicium
3045 1516 3169 1571 dico
3214 1526 3268 1571 et
3304 1517 3437 1570 iram
3481 1517 3588 1588 (8).
3633 1520 3797 1574 etiam
3847 1522 3932 1574 illa
3955 1523 4033 1591 ip-

2438 1609 2551 1662 sius
2581 1609 2688 1663 sint
2713 1624 2937 1664 necesse
2964 1619 3069 1673 est,
3105 1625 3202 1680 per
3227 1626 3388 1680 quem
3417 1611 3533 1666 hmc
3562 1613 3760 1667 habent
3791 1617 4030 1684 transigi,

2437 1698 2788 1771 Evangelium
2814 1702 3152 1769 etChristus,
3177 1713 3232 1757 et
3254 1703 3374 1758 ideo
3403 1704 3619 1758 vehitur
3645 1707 3697 1759 iu
3728 1716 4032 1776 transgres-

2436 1807 2589 1848 sores
2616 1793 2796 1864 Lt'gis,
2826 1794 3063 1848 docentes
3090 1811 3190 1849 non
3215 1795 3402 1864 furari,
3434 1806 3480 1849 et
3510 1796 3759 1864 furantes,
3791 1809 3848 1851 ut
3876 1797 4034 1854 homo

734 1892 993 1946 mittenda
1033 1908 1150 1963 qua:
1177 1893 1373 1962 Saepius
1395 1903 1768 1947 occurrerunt.
1804 1884 1956 1963 Piget
1981 1893 2046 1948 de
2064 1893 2205 1966 Lege
2229 1895 2326 1950 ad-
2360 1887 2408 1948 B
2439 1885 2530 1942 Dei
2551 1886 2704 1956 lcgiS.
2729 1901 2837 1942 non
2862 1886 3247 1943 lIlCrcalorem
3271 1888 3444 1958 ipsum
3473 1889 3556 1944 his
3585 1890 3760 1946 modis
3788 1901 4030 1962 tangens,

738 1983 845 2037 huc
873 1983 1146 2052 eougretli,
1168 1984 1253 2053 qui
1284 1985 1441 2038 toties
1462 1983 1541 2056 (I)
1567 1983 1903 2054 probaverim
1924 1989 2329 2044 concessionem

737 2076 817 2147 (ἓ)
849 2077 963 2146 ejus
984 2076 1184 2130 nullum
1206 2089 1582 2147 argumentum
1612 2087 1871 2148 prmstare
1898 2078 2096 2135 diversi
2126 2081 2244 2144 Dei,
2275 2083 2328 2138 in

733 2167 950 2223 Christo
985 2170 1325 2239 praedicatum
1355 2171 1579 2235 scilicet,
1607 2180 1660 2224 et
1680 2173 2060 2242 repromissam
2089 2173 2143 2228 iu
2174 2173 2330 2230 Chri—

734 2271 877 2316 stum
901 2263 1040 2330 apud
1064 2262 1400 2329 Creatorem,
1426 2276 1691 2334 quatenus
1719 2274 1772 2320 et
1806 2266 1919 2336 ipse
1940 2267 2228 2336 Apostolus
2249 2270 2329 2339 (5)

732 2356 904 2424 legem
931 2357 1215 2425 plurimum
1246 2357 1456 2413 videtur
1473 2359 1762 2415 excludere
1789 2359 1968 2430 (Rom,
1998 2360 2039 2428 I,
2073 2360 2137 2427 II,
2166 2361 2325 2427 III,V,

731 2445 964 2518 \'I,Vll).
989 2449 1093 2506 Sed
1115 2463 1167 2505 et
1182 2450 1421 2522 judicem
1446 2453 1614 2508 Deum
1637 2453 1705 2509 ab
1724 2455 2326 2524 Apostolocireumferri

733 2555 880 2611 saepe
905 2543 1015 2610 jam
1045 2543 1400 2608 ostendimus,
1429 2554 1485 2599 et
1514 2547 1566 2600 in
1594 2544 1776 2614 judice
1815 2545 2064 2613 ultorem,
2090 2556 2144 2603 et
2168 2563 2326 2604 erea-

736 2639 910 2689 torein
937 2636 986 2688 in
1015 2636 1206 2691 ultore.
1242 2636 1427 2707 Itaque
1457 2648 1512 2691 et
1543 2639 1630 2691 hic
1659 2652 1782 2691 cum
1813 2637 1942 2692 dicit
1975 2657 1987 2693 :
2022 2636 2146 2693 Non
2191 2640 2327 2694 enim

733 2746 815 2783 me
835 2729 991 2800 pudet
1027 2730 1292 2801 Evangelii
1321 2747 1338 2794 ;
1388 2731 1547 2784 virtus
1594 2731 1727 2785 enim
1763 2730 1858 2785 Dei
1906 2740 1981 2786 est
2019 2733 2072 2786 in
2112 2733 2328 2788 salutem

732 2823 871 2874 omni
895 2823 1115 2876 credenti
1145 2865 1158 2887 ,
1186 2822 1372 2877 Jutle
1397 2835 1442 2878 et
1471 2823 1669 2888 Graeco,
1703 2826 1822 2894 quia
1844 2825 2049 2895 justitia
2078 2825 2174 2881 Dei
2194 2827 2246 2880 in
2270 2843 2328 2881 co

731 2917 1026 2979 reveletur,
1068 2931 1130 2968 ea:
1151 2916 1252 2982 ﬁde
1298 2918 1350 2969 in
1395 2917 1546 2986 ﬁdem
1575 2933 1590 2982 ;
1619 2916 1738 2972 sine
1787 2916 1953 2973 dubio
1997 2927 2053 2973 et
2081 2918 2328 2988 Evange-

732 3006 863 3060 Iitun
890 3016 940 3061 et
970 3007 1201 3064 salutem
1238 3009 1385 3079 justo
1416 3008 1526 3064 Deo
1547 3009 1790 3080 deputat,
1821 3025 1927 3065 non
1960 3009 2102 3064 bono
2135 3053 2151 3078 ,
2177 3021 2235 3066 ut
2256 3013 2326 3067 ita

738 3099 968 3154 dixerim
997 3141 1013 3167 ,
1048 3101 1345 3155 secundum
1370 3100 1608 3156 lueretici
1639 3101 2062 3166 distinctionem,
2094 3104 2324 3159 transfe-

732 3192 871 3245 renti
905 3208 968 3246 ex
998 3192 1098 3247 fide
1139 3192 1295 3262 Legis
1347 3194 1398 3246 in
1442 3191 1600 3247 ﬁdem
1649 3193 2095 3261 Evangelii;sute
2143 3195 2326 3263 utique

2434 1979 2524 2050 qui
2548 1992 2601 2035 et
2630 1979 2794 2034 furari
2826 1989 3036 2048 vetans,
3071 1979 3314 2035 fraudem
3348 1980 3683 2035 mandaverit
3726 1983 3776 2036 in
3828 1981 4032 2053 Egyp-

2436 2072 2538 2128 tios
2567 2073 2682 2127 auri
2729 2083 2783 2128 et
2830 2073 3072 2143 argenti,
3101 2074 3552 2145 quemadmodum
3585 2086 3642 2131 et
3664 2085 3859 2132 caetera
3890 2079 3940 2130 in
3972 2079 4034 2132 il-

2434 2165 2544 2221 lum
2572 2174 2904 2236 retorquent.
2946 2165 3164 2221 Scilicet
3193 2167 3484 2237 Apostolus
3513 2169 3802 2223 verebatur
3847 2171 4034 2224 eonvi-

2434 2258 2573 2312 cium
2596 2257 2704 2311 Deo
2734 2257 2907 2326 palam
2935 2256 3134 2318 facere,
3168 2271 3198 2310 a
3238 2273 3344 2327 quo
3372 2272 3478 2311 nou
3521 2259 3809 2313 verebatur
3857 2260 4027 2316 diver-

2433 2350 2604 2406 tisse?
2627 2351 2776 2406 Adeo
2805 2359 2984 2405 autem
3014 2350 3232 2406 Iudaeos
3283 2352 3597 2416 incesserat,
3629 2364 3685 2407 ut
3744 2355 4028 2425 ingesserit

2435 2431 3281 2518 propltetieamincrepationetu.
3342 2445 3567 2516 Propter
3617 2465 3704 2501 ros
3731 2465 3916 2503 nomen
3939 2450 4034 2504 Dei

2433 2537 2832 2606 blasphematur.
2850 2537 3019 2604 Quam
3051 2552 3182 2608 ergo
3207 2551 3541 2608 perversum,
3571 2550 3627 2594 ut
3645 2539 3758 2609 ipse
3785 2539 4034 2610 blasphe-

2433 2639 2606 2685 maret
2635 2646 2779 2696 eum,
2805 2630 2956 2699 cujus
2981 2630 3390 2701 blaspltetnandi
3419 2646 3607 2685 caussa
3638 2633 3810 2687 malos
3837 2649 4035 2702 expro-

2433 2722 2584 2776 brat!
2619 2722 2843 2777 Prailcrt
2865 2731 2909 2776 et
2949 2722 3377 2777 circumcisionem
3410 2723 3576 2777 contis
3605 2726 3987 2793 prcrputiatioui
4017 2743 4034 2780 :

2432 2815 2573 2887 apud
2607 2816 2774 2871 Deum
2805 2816 2884 2888 (9)
2928 2815 3108 2886 Legis,
3141 2824 3226 2871 est
3275 2817 3413 2871 facta
3443 2817 3783 2872 circumcisio
3826 2819 4031 2884 cordis,

2432 2927 2538 2966 nun
2563 2910 2742 2966 carnis
2772 2927 2786 2974 ;
2816 2910 3028 2980 spiritu,
3065 2925 3170 2964 non
3197 2910 3369 2964 litera.
3413 2910 3567 2977 Quod
3595 2910 3636 2965 si
3663 2909 3778 2966 lucc
3798 2922 3885 2966 est
3924 2913 4004 2966 cir

2431 3003 2690 3058 cumeisio
2713 3003 3228 3074 llieremia:(lerem.
3253 3002 3345 3066 IV,
3374 3005 3431 3072 4)
3465 3002 3565 3057 :Et
3599 3005 4033 3059 circumcidemini

2430 3098 2686 3166 prwputia
2705 3097 2895 3161 cordis,
2927 3096 3067 3151 sicut
3093 3105 3148 3150 et
3177 3094 3376 3166 Moysis
3401 3096 3418 3166 (
3446 3093 3599 3149 Deut.
3628 3095 3695 3156 Χ,
3730 3098 3796 3151 Ili
3821 3095 3840 3168 )
3870 3098 3984 3168 (I0)
4018 3116 4030 3150 :

2433 3189 2870 3245 Circumcidemini
2896 3189 3240 3243 duricortliam
3263 3199 3514 3252 vestram;
3561 3190 3679 3258 ejus
3710 3191 3813 3244 erit
3863 3192 4029 3260 Spiri-

731 3282 914 3352 Legis,
956 3294 1011 3339 et
1053 3285 1135 3338 sui
1163 3284 1459 3355 Evangelii.
1511 3283 1773 3353 Quoniam
1799 3295 1853 3339 et
1877 3286 2007 3338 iram
2073 3285 2152 3357 (lt)
2196 3287 2326 3342 dicit
2354 3274 2398 3336 C
2435 3291 2521 3336 tus
2553 3280 2947 3336 circumcidens
2987 3295 3102 3346 cor,
3155 3280 3308 3348 cujus
3352 3290 3406 3334 et
3450 3281 3600 3334 litera
3652 3292 3861 3335 metens
3913 3298 4035 3337 car-

733 3375 948 3428 rrvrlari
974 3374 1038 3428 de
1066 3375 1191 3429 cmlo
1217 3391 1368 3444 super
1394 3376 1702 3444 impietatem
1727 3383 1774 3431 et
1815 3376 2120 3447 injustitiam
2164 3377 2331 3431 Itami-

732 3483 877 3532 stum,
927 3469 1014 3537 qui
1068 3468 1322 3521 veritatem
1359 3469 1413 3521 in
1458 3468 1714 3537 iniustitia
1755 3469 1977 3524 detinent
2012 3469 2116 3541 (5).
2164 3468 2328 3542 Cujus

734 3559 830 3613 Dei
863 3560 976 3613 ira?
1007 3559 1192 3630 utique
1218 3559 1512 3614 Creatoris.
1538 3559 1681 3630 Ergo
1710 3570 1766 3615 et
1818 3561 2022 3615 veritas
2049 3562 2167 3632 ejus
2225 3563 2329 3618 erit

733 3650 889 3718 cujus
918 3659 972 3704 et
995 3650 1091 3715 ira,
1123 3665 1244 3720 qua:
1270 3651 1495 3706 revelari
1526 3651 1687 3706 habet
1718 3651 1770 3705 in
1816 3652 2074 3710 ultionem
2126 3655 2324 3709 verita-

733 3744 824 3797 tis.
853 3744 1021 3798 Etiam
1051 3743 1312 3811 adjiciens
1343 3761 1356 3797 :
1387 3743 1591 3799 Scimus
1620 3754 1788 3799 autem
1818 3746 2072 3816 judicium
2108 3745 2208 3801 Dei
2252 3765 2329 3802 se-

729 3836 956 3888 cundum
994 3836 1251 3889 veritatem
1288 3850 1432 3898 esse;
1461 3846 1515 3890 et
1555 3835 1687 3890 iram
1720 3837 1890 3906 ipsam
1935 3837 2181 3907 probavit
2207 3880 2221 3902 ,
2255 3854 2324 3894 ex

735 3943 840 3998 qua
867 3930 1014 3983 venit
1035 3928 1291 3997 judicium
1327 3943 1424 3998 pro
1454 3929 1699 3994 veritate,
1731 3940 1787 3984 et
1834 3932 2113 3986 veritatem
2142 3946 2328 3987 rursus

735 4021 979 4091 ejusdem
1017 4022 1108 4074 Dei
1139 4021 1500 4086 conﬁrmavit,
1528 4022 1682 4090 cujus
1712 4022 1845 4076 iram
1899 4022 2154 4092 probavit
2204 4040 2328 4095 pro-

729 4114 1210 4184 hatulojndicium.
1237 4113 1392 4168 Aliud
1423 4124 1504 4168 est
1531 4155 1546 4179 ,
1573 4115 1616 4169 si
1675 4116 1954 4170 veritatem
1986 4116 2078 4172 Dei
2107 4117 2327 4174 alterius

729 4207 783 4261 in
799 4208 1001 4276 justitia
1025 4207 1296 4261 detentam
1318 4207 1538 4261 Creator
1562 4207 1726 4262 iratus
1743 4208 2038 4263 ulciscitur.
2054 4210 2129 4283 (a)
2147 4210 2326 4278 Quan-

730 4309 812 4353 tas
842 4309 1020 4353 autem
1053 4297 1232 4353 foveas
1259 4299 1425 4352 inista
1458 4298 1546 4353 vel
1577 4300 1811 4355 maxime
1835 4300 2074 4369 Epistula
2091 4300 2324 4358 Marcion

731 4392 940 4454 fecerit,
973 4390 1270 4446 auferendo
1295 4407 1415 4460 qua:
1454 4392 1644 4457 voluit,
1677 4392 1745 4448 de
1775 4394 1942 4448 nostri
1975 4393 2325 4450 Instrumenti

732 4484 1043 4554 integritate
1061 4484 1282 4553 patebit.
1308 4483 1431 4537 Mihi
1449 4483 1648 4538 sufﬁcit
1665 4499 1784 4554 qua:
1805 4485 2032 4554 proinde
2051 4486 2325 4543 eradenda

730 4593 837 4633 non
858 4578 1005 4638 vidit.
1028 4579 1175 4646 quasi
1200 4579 1548 4649 negligentias
1567 4587 1620 4635 et
1635 4589 1904 4636 caecitates
1919 4581 2038 4651 ejus
2055 4582 2321 4652 accipere.

2433 3388 2556 3428 uem
2588 3371 2704 3442 ejus
2728 3388 2742 3437 ;
2771 3383 2826 3427 et
2847 3371 3065 3425 Iudaeus
3092 3373 3177 3441 qui
3204 3372 3258 3424 iu
3303 3372 3517 3434 occulto,
3571 3375 3718 3438 cuius
3739 3384 3785 3426 et
3816 3373 4036 3429 Judwus

2432 3465 2486 3518 in
2511 3476 2686 3535 aperto
2714 3482 2732 3529 ;
2762 3467 2881 3535 quia
2934 3480 3036 3520 nec
3062 3463 3305 3519 Jndmum
3357 3465 3634 3521 nominare
3674 3467 3837 3522 vellet
3885 3471 4004 3538 Apo

2433 3557 2623 3623 stolus,
2643 3571 2750 3611 non
2769 3555 3076 3611 Judzeormn
3102 3558 3194 3613 Dei
3209 3573 3440 3613 servum.
3461 3557 3608 3611 Tunc
3637 3559 3736 3625 leas,
3760 3577 3899 3614 nunc
3917 3563 4034 3630 jus-

2432 3650 2540 3702 titia
2575 3648 2670 3703 Dei
2708 3665 2798 3716 per
2850 3649 3003 3716 ﬁdem
3031 3647 3240 3702 Christi.
3297 3650 3430 3714 Qute
3455 3658 3537 3703 est
3576 3650 3674 3702 ista
3718 3651 4036 3707 distinctio?

2431 3742 2666 3797 Servivit
2722 3741 2864 3796 Deus
2913 3751 3034 3795 tuus
3063 3741 3404 3810 dispositioni
3459 3743 3769 3808 Creatoris,
3800 3745 3937 3800 dans
3984 3749 4036 3802 ei

2434 3845 2644 3906 letnpus
2663 3843 2717 3890 et
2742 3833 2869 3904 Legi
2900 3834 3018 3904 ejus
3048 3852 3060 3886 :
3089 3849 3156 3888 an
3203 3833 3320 3904 ejus
3347 3842 3474 3889 tunc
3501 3877 3516 3901 ,
3544 3835 3696 3904 cujus
3733 3847 3789 3891 et
3839 3854 3982 3893 nunc
4011 3839 4037 3892 ?

2431 3927 2549 3998 ejus
2577 3927 2660 3983 lex
2683 3969 2698 3995 ,
2729 3927 2882 3997 cujus
2910 3935 2964 3982 et
3011 3925 3164 3982 fides.
3190 3926 3386 3982 Christi
3417 3927 3693 3984 distinctio
3719 3928 4036 4000 diSpositio-

2435 4036 2564 4075 nutu
2596 4027 2682 4076 est
2705 4059 2722 4085 ,
2756 4034 2866 4074 non
2895 4019 3143 4076 deorum.
3193 4018 3269 4092 (b)
3302 4019 3479 4075 Mouet
3501 4022 3812 4091 iustiﬁcata:
3844 4039 3908 4076 ea:
3930 4024 4039 4092 ﬁde

2429 4112 2638 4180 Christi,
2669 4128 2767 4166 non
2787 4129 2853 4166 ea:
2873 4114 2998 4182 lege,
3018 4128 3192 4182 pacem
3207 4112 3276 4164 ad
3293 4111 3454 4166 Deum
3482 4114 3686 4168 habere.
3720 4115 3799 4168 Ad
3829 4132 3994 4186 quem
4011 4119 4036 4171 ἲ

2430 4206 2597 4276 Cujus
2621 4221 2881 4276 nusquam
2933 4204 3130 4260 luimus
3160 4205 3345 4261 hostes
3366 4247 3382 4272 ,
3412 4221 3479 4261 an
3501 4207 3656 4277 cujus
3693 4209 3794 4278 legi
3821 4221 3878 4263 et
3936 4227 4038 4264 na-

2429 4309 2563 4356 tura:
2616 4299 3036 4356 rebellavimus?
3064 4297 3198 4354 Nam
3225 4300 3271 4353 si
3332 4300 3384 4354 in
3413 4315 3536 4354 eum
3620 4304 3882 4372 competit
3928 4320 4034 4375 pax

2428 4407 2549 4448 cum
2576 4406 2684 4462 quo
2708 4390 2807 4447 fuit
2837 4390 3058 4458 bellum,
3109 4390 3156 4445 ei
3211 4401 3267 4445 et
3304 4391 3720 4460 justiﬁeahimur
3749 4436 3766 4460 ,
3825 4405 3885 4450 et
3911 4396 4036 4464 ejus

2427 4485 2532 4539 erit
2553 4483 2800 4539 Christus
2828 4525 2843 4549 ,
2875 4498 2941 4539 ex
2958 4483 3113 4553 cujus
3144 4483 3248 4538 [ide
3283 4483 3695 4552 jttstilieabituur
3715 4529 3728 4553 ,
3749 4488 3815 4541 ad
3876 4489 4037 4558 cujus

2427 4592 2615 4649 pacem
2632 4575 3070 4648 competitredigi
3104 4575 3285 4631 hostes
3315 4577 3432 4646 ejtts
3457 4577 3766 4648 aliquando.
3815 4581 3922 4635 Lex
3937 4599 4036 4636 mt-

728 4671 784 4727 Si
812 4672 952 4724 enim
978 4672 1224 4739 iudicabit
1255 4672 1392 4726 Deus
1427 4673 1624 4725 occulta
1673 4672 1934 4726 hominum
1953 4713 1970 4738 ,
2001 4683 2106 4727 tam
2145 4690 2318 4728 eorum
2349 4692 2402 4753 Ι)
2430 4680 2548 4737 tem,
2572 4670 2763 4741 inquit,
2787 4668 3128 4734 subintroiuit,
3156 4679 3211 4722 ut
3234 4668 3514 4724 abundaret
3537 4672 3798 4728 delictum.
3822 4675 4036 4742 Quare?

728 4765 815 4827 qui
845 4764 895 4816 in
917 4763 1026 4833 lege
1055 4763 1388 4830 deliquerunt,
1419 4779 1570 4833 quant
1596 4780 1768 4818 eorum
1796 4765 1882 4835 qui
1905 4766 2014 4820 sine
2050 4765 2177 4838 lege,
2205 4768 2327 4838 quia

727 4872 775 4916 et
815 4861 868 4912 hi
896 4861 1051 4930 legent
1076 4859 1331 4930 ignorant,
1365 4868 1412 4912 et
1442 4866 1626 4912 natura
1649 4859 1842 4929 faciunt
1866 4877 1980 4932 qua:
2009 4872 2126 4915 sunt
2165 4864 2326 4933 legis;

2435 4766 2502 4822 Ut
2529 4765 2983 4837 superabundant,
3020 4763 3211 4834 inquit,
3233 4767 3417 4835 gratia.
3445 4764 3610 4834 Cujus
3639 4766 3732 4820 Dei
3758 4770 3956 4837 gratia,
3988 4771 4035 4823 si

2432 4875 2539 4916 non
2566 4861 2719 4928 cujus
2744 4868 2798 4915 et
2827 4857 2960 4914 lex?
2989 4857 3088 4912 nisi
3119 4857 3164 4912 si
3193 4854 3420 4914 Creator
3449 4858 3571 4914 ideo
3598 4859 3671 4932 (ε)
3703 4861 3876 4931 legem
3908 4864 4032 4936 (II)

1930 4953 2313 5014 LECTIONES
2352 4950 2771 5011 VARIANTES.

788 5050 866 5113 (1)
892 5051 1153 5112 Congredi,
1183 5052 1376 5110 quoties
1399 5048 1548 5100 Seml.

787 5115 861 5180 (ε’)
882 5116 1161 5180 (iussionem
1184 5114 1338 5180 Eran,

792 5173 866 5240 (δ’)
895 5178 1123 5236 Quamvis
1148 5184 1198 5240 et
1220 5179 1320 5238 ipsa
1336 5173 1551 5240 Epistola
1573 5176 1676 5225 Lat.

787 5240 862 5297 (ι)
885 5242 970 5289 Dei
995 5239 1114 5289 add.
1142 5239 1293 5287 Fran.

789 5300 863 5361 (ii)
889 5305 1143 5353 nctincaut
1169 5300 1311 5352 Uber.

790 5361 865 5432 (ti)
894 5367 1178 5429 Iguorantcs
1199 5371 1369 5415 natura
1390 5361 1610 5416 Ciaccon.

2487 5045 2562 5167 (Ίζ
2582 5053 2700 5094 Dum
2722 5042 2851 5094 abest
2876 5045 2997 5094 Par.

2487 5107 2540 5166 (8
2588 5107 2665 5157 Ira
2686 5104 2836 5157 Seml.

2486 5104 2562 5166 (8)
2588 5107 2665 5157 Ira
2686 5104 2836 5157 Seml.

2486 5171 2561 5234 (9)
2583 5171 2722 5234 Enim
2741 5170 2861 5219 add.
2890 5177 3038 5218 I-‘ran.

2619 5233 2812 5359 ἶ.ιὲἔὲῗὲ
2824 5235 3122 5346 ἔὲηείιυιεη.

2089 5446 2649 5504 COMMENTARIUS.

793 5539 946 5593 CAP.
981 5538 1116 5593 XIII.
1146 5537 1311 5608 -—(a)
1347 5539 1576 5606 Quantas
1604 5547 1770 5592 autem
1793 5542 1960 5609 foveas
2001 5539 2054 5593 in
2102 5541 2201 5593 ista
2230 5541 2304 5593 rel

723 5613 942 5663 maxime
961 5610 1124 5678 Epist.
1155 5610 1352 5665 Iudicat
1377 5627 1434 5664 se
1460 5611 1735 5664 dumtaxat
1755 5619 2000 5671 tractare,
2028 5626 2146 5680 quas
2171 5610 2305 5665 Mar-

722 5683 845 5735 cion
870 5682 1134 5735 eradenda
1162 5698 1265 5735 non
1293 5682 1470 5746 videt,
1496 5696 1616 5735 cum
1649 5692 1823 5734 tamen
1852 5681 2129 5735 abstulerit
2184 5698 2304 5751 quae

727 5754 912 5812 voluit;
941 5755 1060 5805 hinc
1091 5752 1309 5816 factum,
1341 5763 1396 5804 ut
1445 5752 1795 5821 paucissimos
1845 5751 1993 5806 locos
2050 5752 2303 5819 EDISIOIiB

721 5823 1091 5890 prolixissime
1125 5826 1174 5877 itt
1223 5824 1456 5877 medium
1510 5823 1798 5890 producat,
1845 5824 1980 5877 sicut
2029 5826 2188 5878 etiam
2237 5825 2298 5878 Β.

722 5893 914 5965 Epiph.
946 5895 1140 5950 Eodem
1185 5895 1589 5966 pertinentqua:
1614 5894 1770 5950 habet
1811 5909 1928 5965 cap.
1958 5911 2050 5966 seq
2107 5912 2121 5953 :
2154 5896 2300 5951 Salio

2411 5549 2456 5594 et
2474 5541 2553 5592 hic
2581 5539 2970 5610 amplissimum,
2999 5547 3110 5610 ejc.
3138 5539 3272 5594 Plut.

2482 5611 2562 5682 (h)
2593 5609 2764 5682 Monet
2779 5609 3089 5680 justi/iantes
3119 5627 3180 5664 ex
3213 5611 3327 5676 (ide,
3359 5621 3486 5676 elc.,
3533 5627 3706 5681 pacem
3739 5613 3807 5664 ad
3854 5612 4026 5666 Deum

2411 5681 2611 5735 habere.
2647 5681 2700 5733 lu
2732 5681 2812 5733 his
2858 5682 3038 5735 verbis
3075 5683 3224 5736 initio
3254 5698 3372 5752 cap.
3406 5682 3470 5747 V,
3496 5684 3698 5736 omisso
3753 5695 3864 5735 toto
3891 5700 4019 5752 cap.

2410 5753 2474 5808 IV
2509 5752 2762 5825 Epistolas
2783 5752 2849 5804 ad
2873 5752 3143 5825 Romanos
3190 5754 3314 5823 legit
3359 5756 3556 5808 Auctor
3599 5764 3790 5823 ἔχομεν,
3827 5772 3922 5825 pro
3955 5776 4026 5810 co

2407 5824 2547 5896 quod
2570 5824 2662 5896 alii
2689 5832 2866 5896 ἔκοψαν
2913 5822 3203 5896 habeamus.
3237 5822 3370 5878 I'AH.

2480 5894 2556 5965 (e)
2589 5894 2769 5965 Lrgem
2794 5895 3126 5950 intercalavit.
3154 5895 3205 5951 Id
3236 5905 3334 5964 est,
3367 5897 3554 5967 inquit,
3588 5896 3904 5966 Rhenanus,
3935 5899 4027 5952 in-
