4268 6492
214 413 320 470 505

1321 411 1448 467 LIB.
1494 409 1534 465 V
1578 409 1940 469 ΛΜΝΞΒὸυὸ
1976 410 2395 468 MARCIONESI.

3403 409 3509 466 506

214 523 550 580 intercalavit
575 565 590 590 ,
647 534 706 579 ut
758 525 1029 594 negotium
1078 533 1390 596 procuraret
1461 527 1648 596 gratiae
1705 525 1798 580 Dei
1829 529 1875 587 Α
1905 527 2045 584 milis
2064 537 2228 592 esset,
2257 542 2378 581 cum
2407 525 2672 598 peccatrix
2698 525 2810 597 ipsa
2835 539 2939 581 non
2967 533 3134 592 esset,
3159 538 3284 580 nam
3311 530 3365 580 ct
3390 522 3506 578 lure

210 618 472 683 alterius,
524 628 579 671 ct
645 617 858 688 quidem
905 619 1122 683 aemuli,
1187 632 1254 672 ne
1299 617 1526 673 dixerim
1605 619 1800 689 ignoti;

212 722 264 765 tit
289 712 716 778 quemadmodum
748 713 888 782 apud
913 713 1080 781 ipsum
1119 723 1416 784 regnaverat
1447 724 1705 782 peccatum
1753 716 1804 769 in

215 813 426 857 mortem
446 845 460 868 ,
485 804 555 856 ita
582 813 628 856 et
653 806 818 874 gratia
847 813 1076 874 regnaret
1106 805 1156 857 in
1181 805 1384 872 justitia
1407 805 1461 859 in
1497 806 1652 858 vitam
1716 821 1804 875 per

207 892 388 948 Jesnm
419 894 711 961 Christum,
751 895 1116 951 adversorium
1168 897 1353 966 ipsius.
1401 897 1624 966 Propter
1658 898 1757 953 hoc
1787 941 1802 965 ,

208 988 388 1039 omnia
411 987 749 1042 concluscrat
776 989 857 1042 lex
894 987 1168 1043 Creatoris
1209 987 1310 1043 sub
1337 987 1614 1056 delictum,
1644 999 1698 1044 et
1727 1001 1804 1045 to-

211 1087 321 1130 tum
346 1077 609 1132 mundmn
638 1079 934 1134 deduxerat
973 1081 1026 1133 in
1059 1089 1265 1136 reatum
1290 1123 1303 1146 ,
1333 1089 1387 1134 ct
1413 1097 1573 1136 omne
1622 1096 1685 1137 os
1718 1082 1808 1137 ob—

206 1179 257 1223 st
289 1181 510 1236 uxcrat,
543 1173 731 1242 nequi
784 1175 1105 1244 gloriaretur
1149 1196 1242 1249 per
1294 1179 1478 1245 illam;
1534 1189 1590 1233 ut
1635 1181 1805 1250 gratia

205 1274 515 1319 servaretur
561 1267 611 1319 in
644 1266 866 1334 gloriam
896 1269 1140 1338 Christi,
1195 1289 1300 1327 non
1341 1273 1613 1328 Creatoris
1645 1317 1658 1336 ,
1711 1275 1804 1329 sed

210 1355 520 1411 Marcionis.
563 1360 786 1414 Possum
831 1373 885 1416 ct
917 1362 1002 1417 hic
1027 1365 1095 1419 de
1124 1365 1426 1421 substantia
1448 1368 1647 1422 Christi
1672 1384 1807 1438 prte-

205 1464 439 1516 stroere,
481 1466 546 1505 cx
594 1465 874 1524 pr05pcctu
900 1458 1212 1525 (ιιιίῑιδιίυιιὶε
1242 1459 1630 1514 subsecuturze.
1664 1460 1806 1514 Mor-

208 1552 321 1596 tuos
351 1543 481 1596 enim
511 1560 599 1596 nos
640 1546 810 1614 inquit
858 1547 980 1618 Legi
1008 1547 1108 1618 (a).
1142 1548 1282 1620 Ergo
1344 1566 1540 1620 corpus
1573 1552 1803 1617 Christi;

205 1639 262 1686 ct
314 1633 392 1702 (Ι)
453 1643 628 1702 potest
686 1652 880 1706 corpus
921 1641 1208 1705 contendi,
1268 1658 1373 1696 non
1423 1643 1603 1696 statim
1657 1658 1803 1698 caro.

204 1723 310 1777 Sed
339 1733 393 1777 ct
420 1741 768 1796 quzemunque
799 1729 1098 1786 sobstantia
1125 1733 1194 1786 sit
1226 1773 1242 1798 ,
1291 1749 1411 1788 cum
1455 1735 1571 1805 eius
1603 1737 1804 1789 'nomi-

213 1823 308 1866 nat
339 1830 534 1884 corpus
562 1859 576 1882 ,
606 1833 761 1887 quem
792 1821 1008 1890 subjicit
1051 1839 1114 1876 cx
1165 1826 1389 1880 mortuis
1421 1828 1802 1894 resurrexisse,

206 1925 316 1962 non
347 1919 521 1977 potest
545 1913 688 1966 aliud
719 1931 916 1984 corpus
948 1917 1170 1987 intelligi
1205 1957 1220 1984 ,
1260 1934 1418 1988 quain
1471 1921 1648 1976 carnis
1676 1963 1690 1986 ,

204 2015 368 2068 quam
404 2002 490 2054 lex
523 2006 712 2060 mortis
733 2017 814 2060 est
841 2007 1004 2062 dicta.
1062 2009 1200 2065 Ecce
1250 2019 1426 2065 autem
1459 2021 1512 2067 et
1561 2015 1800 2068 testimo-

205 2093 352 2146 nium
382 2093 627 2160 perhibet
663 2099 761 2167 legi
797 2140 810 2164 ,
853 2111 907 2153 et
946 2116 1135 2156 caussa
1185 2103 1364 2158 delicti
1418 2121 1534 2158 eam
1564 2117 1803 2163 excusat.

208 2183 346 2247 Quid
372 2201 489 2254 ergo
511 2187 773 2242 dicemus?
805 2191 937 2258 Quia
985 2196 1068 2246 lea:
1109 2197 1406 2262 precatum?
1456 2197 1616 2253 Absit.
1669 2199 1802 2254 Eru.

205 2280 392 2344 hosce,
419 2283 670 2338 Marcion.
708 2285 869 2338 Absit.
914 2289 1266 2344 Ahominatur
1293 2292 1579 2360 Apostolus
1626 2295 1803 2348 crimi-

206 2380 484 2434 nationem
517 2380 670 2449 legis.
703 2380 808 2433 Sed
831 2399 922 2450 ego
955 2383 1196 2436 delictum
1219 2401 1318 2438 non
1347 2387 1472 2448 scio,
1499 2388 1597 2441 nisi
1629 2405 1716 2456 per
1738 2390 1808 2443 le-

201 2488 336 2540 gcm.
367 2473 411 2526 0
439 2488 705 2527 summum
735 2488 798 2526 ex
832 2473 932 2528 hoe
962 2475 1288 2542 praconium
1321 2476 1452 2547 legis
1474 2519 1488 2542 ,
1521 2495 1616 2548 per
1643 2497 1804 2551 quam

208 2566 409 2632 qunuit
463 2565 541 2636 (ἒ)
621 2565 868 2620 delictum
921 2567 1086 2621 latere
1155 2566 1282 2638 (5)!
1342 2568 1461 2623 Non
1515 2586 1645 2642 ergo
1721 2572 1802 2627 lea:

202 2658 442 2724 scilua'it,
473 2661 563 2713 scil
583 2669 839 2725 peccatum
871 2677 957 2728 per
1003 2663 1240 2731 prtccepti
1282 2664 1616 2718 occasionem.
1663 2664 1803 2732 Quid

213 2749 328 2802 lico
361 2751 592 2818 imputas
631 2751 807 2820 chis,
839 2750 980 2820 quod
1009 2752 1133 2822 Legi
1168 2753 1284 2822 ejus
1315 2756 1600 2823 Apostolus
1633 2757 1777 2826 iinpu

203 2850 322 2894 tare
346 2857 451 2895 non
477 2843 672 2898 audet?
704 2847 898 2912 Atquin
924 2855 977 2899 et
1021 2847 1326 2901 accumulat
1357 2869 1368 2900 :
1402 2848 1509 2903 Lex
1532 2861 1728 2916 sancta,
1759 2861 1804 2907 et

203 2949 516 3006 prceceptnm
532 2941 642 3008 ejus
655 2942 854 3010 justum
885 2952 930 2994 et
972 2943 1177 2996 bonum.
1231 2943 1284 2998 Si
1312 2944 1492 3000 taliter
1518 2958 1805 3004 veneratur

204 3029 381 3097 legem
415 3028 707 3096 Creatoris,
759 3033 1028 3100 quomodo
1085 3035 1256 3102 ipsum
1300 3035 1536 3090 destruat
1595 3039 1799 3094 nescio.

201 3121 338 3188 Quis
389 3122 648 3178 discernit
703 3124 838 3178 duos
896 3126 1070 3187 deos.
1114 3127 1318 3196 justum
1376 3131 1568 3196 alium,
1602 3132 1800 3187 bonum

201 3215 370 3269 alium
407 3232 420 3278 ;
467 3231 590 3270 cum
618 3218 661 3271 is
685 3226 968 3290 utrmnque
995 3219 1191 3274 debeat
1244 3220 1426 3276 credi:
1477 3224 1628 3293 cojus
1660 3240 1802 3294 pra:-

1907 620 2008 674 erit
2034 620 2126 675 Dei
2169 621 2368 686 virtus,
2418 621 2470 676 in
2492 620 2791 676 substantia
2823 621 2939 692 pari
2967 619 3223 690 perlicere
3244 619 3501 674 salutem.

1907 710 2020 767 Non
2049 713 2190 768 enim
2221 728 2469 784 magnum
2494 757 2508 780 ,
2537 712 2584 770 si
2605 714 2824 783 spiritus
2856 712 2950 768 Dei
2982 727 3200 770 carnem
3232 711 3502 766 remedia-

1908 813 2022 868 ret;
2046 805 2140 860 sed
2159 807 2202 860 si
2231 819 2360 860 caro
2399 806 2698 861 consimilis
2727 806 3008 876 peccatrici
3040 848 3054 873 ,
3085 805 3209 860 dum
3239 819 3364 859 caro
3400 811 3503 868 est,

1908 897 2001 952 scd
2033 913 2138 951 non
2190 896 2413 968 peccati.
2472 896 2546 952 Ita
2596 897 2892 952 similitudo
2939 896 3004 952 ad
3057 896 3265 950 titulum
3297 895 3500 964 peccati

1909 990 2199 1058 pertinebit
2230 1033 2245 1058 ,
2279 1007 2384 1044 non
2411 989 2477 1045 ad
2501 990 2818 1045 substantia:
2841 989 3198 1046 mendacium.
3249 989 3377 1043 Nam
3405 1003 3504 1042 nec

1908 1083 2200 1140 addidisset
2229 1085 2439 1154 peccati.
2466 1083 2510 1138 si
2539 1083 2850 1139 substantias
2894 1083 3294 1138 similitudinem
3345 1080 3506 1136 vellet

1909 1176 2167 1245 intelligi,
2197 1185 2253 1230 ut
2277 1184 2499 1245 negaret
2536 1176 2834 1230 veritatem.
2870 1173 3098 1229 Tantum
3146 1173 3288 1228 enim
3337 1173 3504 1226 carnis

1909 1272 2193 1341 posuisset,
2223 1284 2328 1324 non
2363 1279 2416 1324 et
2445 1269 2659 1339 peccati.
2686 1268 2821 1323 Cum
2861 1282 2992 1322 vero
3023 1277 3148 1324 tunc
3185 1267 3263 1321 sic
3289 1275 3502 1319 struxe-

1913 1367 1985 1421 rit
2032 1365 2132 1435 (4),
2162 1365 2328 1418 carnis
2377 1364 2585 1435 peccati,
2636 1371 2689 1416 et
2733 1361 3079 1417 substantiam
3127 1361 3494 1425 conﬁrmavit,

1910 1456 1960 1512 id
2001 1467 2082 1512 est
2115 1471 2354 1522 carnem,
2387 1465 2441 1510 et
2478 1454 2881 1510 similitudinem
2921 1454 2987 1508 ad
3017 1453 3199 1508 vitium
3245 1452 3495 1506 substan-

1881 1549 1996 1608 tia:
2024 1546 2224 1612 retulit,
2257 1546 2307 1601 id
2333 1558 2414 1602 est
2440 1547 2506 1602 ad
2539 1554 2837 1616 peccatum.
2871 1545 3002 1600 Puta
3033 1560 3173 1599 nunc
3192 1544 3500 1599 similitudis

1919 1655 2038 1695 nem
2091 1639 2402 1693 substantia:
2437 1638 2633 1694 dictam
2661 1679 2676 1704 ,
2711 1653 2816 1693 non
2871 1638 2990 1692 ideo
3035 1637 3310 1708 negabitur
3365 1637 3491 1692 sub-

1908 1734 2118 1788 stantia:
2160 1732 2378 1788 vcritas.
2437 1731 2542 1787 Cur
2592 1747 2721 1802 ergo
2773 1731 2964 1786 similis
2992 1729 3159 1786 vera?
3204 1729 3336 1796 Quia
3364 1745 3488 1785 vera

1909 1827 2143 1896 quidem,
2169 1825 2262 1882 sed
2291 1841 2394 1880 non
2423 1841 2486 1879 cx
2527 1826 2752 1888 semine;
2780 1825 2848 1879 dc
2870 1832 3009 1878 statu
3053 1822 3262 1884 similis,
3295 1821 3389 1877 sed
3418 1820 3500 1891 (5)

1752 1927 1807 1976 in
1840 1919 1885 1978 Β
1914 1933 2036 1973 vera
2085 1919 2153 1974 de
2195 1933 2356 1974 censu
2391 1959 2406 1984 ,
2439 1933 2542 1972 non
2588 1932 2715 1972 vero
2743 1917 3018 1972 dissimilis
3057 1916 3157 1986 (6).
3207 1915 3500 1977 Caeterum,

1919 2011 2208 2066 similitudo
2281 2012 2332 2065 in
2383 2009 2665 2066 contrariis
2721 2009 2863 2064 nulla
2931 2017 3031 2064 est.
3089 2007 3317 2078 Spiritus
3387 2022 3494 2062 non

1908 2104 2174 2160 diceretur
2198 2105 2374 2158 carnis
2395 2104 2683 2158 similitudo
2703 2145 2716 2167 ,
2745 2105 2866 2173 quia
2915 2117 3012 2158 nec
3041 2117 3166 2158 caro
3189 2101 3492 2156 similitudi-

1909 2213 2030 2252 nem
2062 2197 2278 2266 spiritus
2302 2205 2550 2267 caperet;
2593 2196 2688 2251 sed
2725 2195 3038 2266 phantasma
3091 2194 3360 2249 diceretur
3385 2235 3400 2258 ,
3453 2192 3497 2246 si

1909 2289 1960 2344 id
1991 2288 2134 2358 quod
2161 2304 2266 2344 non
2295 2296 2413 2344 erat
2438 2328 2452 2348 ,
2478 2287 2778 2344 videbatur.
2812 2286 3119 2342 Similitudo
3161 2296 3338 2340 autem
3370 2284 3502 2338 dici-

1910 2391 2014 2447 tur,
2055 2395 2176 2434 cum
2220 2388 2302 2433 est
2341 2376 2482 2448 quod
2527 2379 2754 2432 videtur.
2781 2378 2876 2432 Est
2902 2379 3067 2445 enim,
3114 2379 3238 2432 dum
3279 2376 3497 2430 alterius

1910 2487 2005 2541 par
2054 2481 2154 2526 est.
2197 2469 2272 2541 (li)
2318 2469 2642 2525 Phantasma
2702 2479 2876 2525 autem
2935 2469 3036 2538 (7),
3094 2485 3197 2539 qua
3259 2471 3339 2542 (8)
3391 2470 3496 2526 hoc

1910 2574 2111 2619 tantum
2150 2563 2230 2634 (9)
2252 2571 2351 2628 est,
2393 2577 2500 2616 non
2532 2572 2612 2617 est
2653 2562 2966 2616 similitudo.
3001 2561 3065 2616 Et
3095 2563 3178 2616 hic
3205 2574 3382 2619 autem
3411 2566 3489 2635 ip-

1908 2675 1968 2715 se
1997 2659 2332 2724 cdissercns,
2375 2658 2647 2730 quomodo
2691 2659 2816 2711 nolit
2841 2675 2948 2713 esse
2974 2673 3065 2712 uos
3091 2659 3144 2712 in
3170 2675 3340 2725 carne,
3385 2677 3498 2714 cum

1907 2753 2065 2806 simus
2094 2752 2145 2805 in
2177 2767 2326 2805 carne
2356 2767 2370 2816 ;
2424 2761 2480 2806 ut
2523 2751 2730 2806 scilicet
2752 2767 2855 2804 non
2896 2751 3063 2806 simus
3092 2752 3142 2805 in
3185 2752 3301 2825 (l0)
3331 2756 3501 2824 Operi-

1908 2845 2006 2900 bus
2029 2845 2224 2910 carnis,
2255 2845 2487 2900 ostendit
2532 2846 2631 2900 hac
2684 2845 2890 2899 ratione
2943 2845 3307 2918 scripsisse“
3349 2848 3495 2912 Cor.,

1908 2940 2025 3007 XV,
2055 2940 2145 3008 50)
2172 2957 2184 3005 ;
2215 2938 2348 2993 Caro
2389 2948 2435 2992 et
2474 2940 2680 3010 sanguis
2713 2955 2924 3009 regnum
2971 2937 3067 2993 Dei
3111 2941 3345 3009 consequi
3390 2958 3498 2995 non

1907 3044 2152 3105 possunt;
2177 3047 2280 3087 non
2319 3031 2668 3087 substantiam
2695 3032 2977 3095 damnans.
3007 3033 3101 3088 sed
3129 3048 3290 3102 opera
3337 3033 3492 3102 ejus:

1905 3145 2041 3198 quin,
2072 3127 2192 3195 quia
2221 3134 2444 3195 possunt
2483 3138 2587 3178 non
2615 3123 2819 3178 admitti
2849 3138 2877 3178 a
2927 3124 3079 3179 nobis
3138 3126 3188 3178 in
3219 3140 3379 3179 carne
3406 3125 3500 3178 ad-

1905 3221 2010 3275 huc
2035 3220 2223 3290 positis
2255 3259 2270 3286 ,
2300 3233 2406 3272 nou
2433 3216 2499 3272 ad
2527 3227 2734 3272 reatum
2766 3216 3100 3282 substantizr,
3134 3219 3228 3273 sed
3277 3218 3342 3273 ad
3365 3234 3496 3274 con-

199 3317 420 3375 ceptum
449 3319 503 3362 ct
525 3310 721 3363 bonum
756 3319 805 3364 et
824 3311 1024 3379 justum
1053 3311 1175 3365 est?
1203 3315 1257 3366 Si
1285 3323 1462 3368 autem
1494 3325 1548 3370 et
1595 3317 1801 3384 spirita-
1827 3307 1871 3370 C
1907 3312 2227 3370 versationis
2259 3309 2615 3381 pertinebunt.
2649 3309 2778 3364 Item
2809 3353 2824 3374 ,
2853 3311 2898 3364 si
2926 3327 3110 3379 corpus
3135 3312 3334 3381 quidem
3361 3329 3499 3365 mor—

201 3395 303 3448 lem
338 3398 625 3452 conﬁrmat
651 3402 846 3469 legem,
874 3403 1056 3471 utique
1075 3412 1126 3455 et
1170 3404 1563 3472 propheticam,
1617 3408 1798 3475 utique

198 3497 253 3540 et
289 3487 594 3557 ﬁguratam.
624 3491 804 3546 Debeo
831 3494 972 3546 cnim
1028 3502 1082 3546 et
1113 3493 1237 3548 hinc
1262 3496 1594 3549 constituere
1637 3494 1797 3551 Chri-

195 3591 344 3635 Sllllll
378 3581 428 3634 in
461 3583 818 3652 legetiguratc
843 3585 1221 3655 pra-dicatum,
1251 3603 1357 3656 quo
1411 3603 1509 3643 nec
1543 3604 1572 3642 a
1594 3588 1798 3646 ,Ιιιάιεὶς

195 3678 454 3731 omnibus
475 3680 705 3746 potuerit
729 3681 964 3750 agnosci.

814 3774 1039 3830 CAPUT
1069 3775 1206 3831 XIV.

275 3861 450 3930 (Rom.
481 3863 616 3930 VIII,
643 3865 712 3927 Χ,
738 3864 828 3930 XI,
866 3865 978 3931 XII,
1010 3867 1147 3933 XIII,
1188 3869 1328 3939 XIV)
1353 3869 1502 3926 Ilunc
1544 3873 1588 3926 si
1635 3871 1790 3927 Pater

193 3957 338 4008 misit
368 3958 420 4008 iu
448 3957 831 4014 similitudinem
864 3963 1033 4016 carnis
1055 3964 1244 4030 peccati
1269 4006 1282 4026 ,
1313 3978 1418 4016 non
1467 3964 1586 4020 ideo
1625 3965 1796 4034 phan-

195 4057 375 4101 tasma
401 4049 608 4104 dicetur
631 4067 757 4106 caro
784 4068 902 4121 qua:
935 4053 986 4106 in
1012 4054 1104 4106 illo
1157 4054 1452 4109 ridebatur.
1516 4056 1797 4112 Peccatum

191 4143 346 4195 enim
381 4144 526 4197 carni
553 4159 712 4214 supra
738 4143 1046 4214 adscripsit,
1070 4157 1123 4200 et
1149 4146 1290 4200 illam
1319 4147 1444 4202 fecit
1474 4150 1646 4220 legem
1681 4167 1801 4220 pec-

189 4237 304 4289 cati
335 4234 662 4290 habitantem
697 4239 747 4290 in
775 4238 1034 4291 membris
1062 4241 1173 4293 suis
1199 4281 1211 4301 ,
1241 4252 1293 4293 et
1316 4241 1688 4298 adversantem
1721 4246 1796 4298 le-

191 4329 246 4399 gi
273 4341 491 4381 sensus.
520 4326 600 4382 Ob
624 4327 723 4382 hoc
753 4328 913 4398 igitur
935 4331 1160 4384 missum
1190 4330 1379 4386 Filium
1405 4335 1456 4388 in
1491 4337 1794 4391 similitudi-

187 4435 323 4475 nem
346 4418 530 4472 carnis
560 4421 761 4488 peccati
786 4463 800 4486 ,
829 4433 884 4474 ut
909 4423 1103 4494 peccati
1123 4439 1326 4476 carnem
1354 4424 1513 4480 simili
1544 4429 1792 4484 substan-

189 4517 266 4569 tia
300 4514 608 4581 redimeret,
643 4514 693 4568 id
714 4525 797 4570 est
819 4529 1012 4571 carnea
1037 4558 1052 4582 ,
1083 4533 1200 4588 quze
1234 4519 1516 4588 peccatrici
1543 4523 1690 4576 carni
1721 4524 1793 4577 si-

1900 3417 2040 3459 tuum
2057 3414 2262 3474 propter
2287 3403 2526 3457 delictum
2565 3401 2721 3474 (adeo
2748 3417 2853 3457 non
2880 3404 3093 3470 animm,
3126 3404 3219 3458 sed
3260 3405 3500 3474 corporis

1901 3514 2049 3554 mors
2100 3495 2227 3568 est),
2259 3497 2464 3564 spiritus
2515 3505 2683 3548 autem
2727 3495 2829 3548 rita
2877 3505 3082 3564 propter
3118 3496 3417 3564 justitiam;
3449 3497 3496 3550 ei

1902 3593 2087 3662 utique
2115 3590 2364 3645 Obveniet
2386 3589 2488 3643 vita
2515 3588 3031 3659 proptcrjustitiam,
3060 3590 3145 3643 cui
3200 3604 3346 3643 mors
3396 3589 3497 3642 ob-

1902 3685 2045 3740 venit
2075 3690 2294 3753 propter
2320 3681 2594 3746 delictum,
2628 3679 2676 3733 id
2700 3689 2781 3734 cst
2803 3681 3036 3749 corpori.
3061 3679 3176 3735 Non
3227 3681 3368 3735 enim
3396 3682 3499 3736 ali.

1904 3778 1988 3832 cui
2030 3775 2327 3831 restituitur
2354 3774 2502 3844 quid,
2527 3773 2628 3827 nisi
2652 3772 2774 3842 quid
2800 3772 2940 3827 aliud
2967 3773 3142 3826 amisit
3173 3790 3187 3837 ;
3222 3783 3275 3828 et
3304 3774 3373 3828 ita
3400 3775 3502 3830 erit

1909 3869 2236 3926 resurrectio
2298 3876 2632 3920 mortuorum
2665 3907 2677 3928 ,
2710 3865 2835 3918 dum
2873 3877 2970 3920 .est
3015 3880 3318 3936 corporum.
3361 3867 3495 3922 Nam

1904 3973 1954 4016 ct
1987 3963 2098 4030 (ll)
2131 3959 2402 4028 subjungit
2435 3975 2446 4008 :
2485 3957 2583 4024 Qui
2609 3957 2865 4010 suscitavit
2909 3955 3164 4011 Christum
3195 3975 3227 4012 a
3266 3961 3494 4024 mortuis,

1902 4050 2492 4121 riei/icabitetntortalio
2541 4066 2756 4117 corpora
2809 4060 2990 4103 vestra.
3041 4049 3191 4106 Adeo
3221 4061 3274 4104 et
3323 4054 3500 4106 carnis

1903 4148 2352 4204 resurrectionem
2379 4143 2738 4211 conﬁrmavit,
2771 4143 2974 4214 absque
3004 4161 3105 4215 qua
3161 4161 3257 4200 nec
3303 4161 3500 4216 c0rpus

1903 4243 2042 4298 aliud
2083 4242 2184 4297 dici
2207 4241 2367 4309 capit,
2401 4254 2500 4294 nec
2528 4238 2751 4293 mortale
2780 4237 2922 4292 aliud
2954 4237 3196 4307 intelligi,
3233 4249 3284 4291 et
3332 4238 3496 4293 Chrio

1901 4336 1969 4389 sti
1999 4334 2347 4389 substantiam
2373 4330 2706 4400 eoi-poralem
2730 4329 2992 4398 probavit.
3017 4327 3292 4398 Siquidem
3325 4331 3500 4400 proin-

1903 4427 1972 4483 de
1997 4424 2399 4480 vivilicabnntur
2437 4434 2490 4477 et
2539 4421 2781 4476 mortalia
2807 4434 3032 4492 corpora
3068 4429 3245 4477 nostra
3269 4463 3285 4488 ,
3315 4438 3499 4493 quein-

1915 4519 2200 4576 adinoduin
2231 4527 2286 4572 et
2338 4517 2428 4573 ille
2458 4516 2808 4572 resuscitatus
2860 4525 2941 4572 est
2965 4557 2980 4583 ,
3010 4528 3114 4571 non
3145 4515 3276 4570 alias
3328 4517 3500 4587 proin-

1409 4633 1793 4696 LECTIONES
1831 4635 2248 4697 VARIANTES.

295 4771 340 4841 t)
366 4769 602 4841 Legiper
629 4783 804 4841 corpus
825 4769 1018 4841 Christi.
1045 4770 1177 4834 Ergo
1203 4769 1424 4822 Ciaccon.

365 4830 526 4909 Licuit
548 4830 697 4909 Struit.
717 4830 932 4884 ‘Obertlt.

286 4899 316 4946 5
365 4896 547 4945 Latous
573 4896 731 4946 Ciacc.

607 4960 784 5009 struxit
804 4957 956 5011 Seml.
986 4964 1252 5022 utrumque
1274 4961 1609 5013 substruxcrit
1625 4962 1731 5014 Lat.

284 5042 336 5070 υι
365 5042 426 5070 Pal
445 5042 546 5069 bl“.

261 4774 276 4827 (

258 4903 280 4960 ί

257 5025 336 5085 (ῑὶ)
364 5025 426 5071 Et
445 5025 546 5069 Lat.

257 5085 334 5150 (t5)
359 5083 493 5134 Vera
514 5084 579 5134 de
597 5083 740 5135 simili
761 5085 863 5135 Lat.

256 4835 275 4891 (

255 4966 271 5016 I

255 5091 272 5144 ι

1827 4775 1881 4836 D
1965 4775 2040 4842 (7)
2067 4770 2396 4842 autcmjicgl.
2424 4767 2493 4821 al.

1961 4895 2038 4960 ('93
2065 4895 2158 4949 Pro
2182 4899 2272 4948 hoc
2293 4903 2481 4947 tantum
2503 4895 2599 4948 ruit
2621 4897 2722 4947 Lat.
2744 4902 3008 4947 ostentum.

1995 4961 2161 5012 IOlEx
2185 4961 2335 5012 Seml.

1968 4834 2033 4899 (δ’
2063 4839 2185 4896 Quia
2208 4834 2274 4886 al.

1968 4843 2050 5012 (9g
2065 4902 2158 4975 Pro
2182 4899 2272 4948 hoc

1968 4961 2007 5012 Il
2055 4963 2161 5012 lhx
2185 4965 2274 5012 Sen

1960 4961 2474 5096 ἓῖῗίἓῗῗηῖέῗῖφωη.

1577 5191 2144 5254 COMMENTARIUS.

182 5331 429 5397 lcrjccit,
445 5330 786 5399 interposuit,
804 5329 1136 5394 interseruit,
1153 5327 1382 5384 mediam
1398 5330 1645 5385 immisit:
1673 5345 1794 5385 nam

181 5405 280 5457 hic
298 5403 349 5455 id
373 5402 986 5470 signiticatintercalarc.
1019 5401 1152 5470 Ejus
1171 5401 1320 5454 verbi
1337 5402 1794 5455 meminitblacro—

178 5477 337 5538 hius,
371 5475 532 5527 etiam
554 5474 621 5526 de
650 5477 856 5527 ratione
895 5473 1241 5526 intercalandi
1267 5472 1476 5526 abunde
1499 5473 1791 5527 disserens.

178 5547 369 5600 Julius
396 5544 574 5597 C:L‘S:tt’
605 5544 831 5597 instituit
857 5553 913 5596 ut
944 5560 1080 5595 unus
1103 5544 1219 5597 dies
1243 5553 1433 5611 quarto
1457 5558 1668 5612 quoque
1695 5560 1790 5598 an-

179 5635 259 5671 im
289 5616 701 5668 intercalaretur
731 5657 745 5678 ,
778 5615 876 5667 hoc
907 5623 989 5668 est
1009 5613 1333 5668 insueretur
1359 5632 1373 5676 ;
1405 5615 1546 5668 unde
1586 5617 1791 5670 bissex-

176 5693 340 5742 tilein
376 5702 572 5738 annum
605 5686 803 5739 Plinius
856 5686 1228 5739 intercalarein
1276 5695 1448 5750 vocat,
1508 5696 1562 5740 ct
1605 5686 1787 5741 Livius

173 5772 438 5814 mensem
472 5757 603 5810 dixit
631 5755 1044 5830 intercalarium.
1080 5755 1250 5811 Graeci
1303 5761 1551 5826 suetique»
1598 5758 1782 5830 appel-

189 5835 309 5887 lant
339 5837 395 5881 et
418 5834 737 5895 ἰμϐολιμαίον.
768 5827 904 5882 ΡΔΙ.

263 5900 345 5968 (a)
375 5898 754 5955 Mortuosenim
809 5915 899 5954 nos
945 5899 1106 5971 inquit
1153 5897 1295 5970 Legi.
1346 5899 1518 5956 Etiam
1571 5902 1671 5958 hoc
1715 5915 1782 5957 ex

1911 5347 2135 5401 persona
2165 5330 2451 5386 Marcionis
2473 5371 2490 5397 ,
2521 5341 2574 5386 et
2615 5346 2680 5386 cx
2705 5337 2956 5399 corrupta
3011 5331 3128 5401 ejus
3188 5329 3449 5401 scriptura
3475 5375 3489 5396 ,

1897 5404 2093 5473 quippe
2121 5404 2209 5473 qui
2261 5405 2481 5458 verterit
2505 5445 2520 5464 ,
2550 5415 2772 5456 mortuos
2803 5418 2893 5456 nos
2917 5402 3035 5472 legi,
3065 5401 3150 5458 ubi
3204 5404 3494 5472 Apustolus

1895 5476 2042 5537 dicit,
2075 5484 2294 5527 mortuos
2327 5485 2545 5540 peccato.
2579 5474 2734 5527 Rom.
2763 5473 2848 5535 Vl,
2874 5475 2974 5527 sub
3002 5474 3203 5528 initium
3231 5491 3350 5541 cap.
3383 5473 3487 5528 Sed

1896 5557 2041 5600 recte
2069 5561 2192 5600 cum
2221 5544 2537 5599 conlutatex
2563 5546 2908 5608 sequentibus
2933 5545 3130 5612 verbis,
3165 5546 3249 5598 ubi
3278 5545 3493 5614 subjieit

1896 5615 2149 5670 Christum
2181 5634 2243 5669 ea?
2269 5617 2475 5669 mortuis
2499 5618 2847 5670 resurrexissc.
2878 5616 3010 5670 I‘ut.

1969 5687 2119 5742 CAI’.
2153 5686 2451 5758 XI\'.—-(b)
2479 5685 2794 5740 Pltautasma
2813 5698 2998 5740 autem.
3031 5688 3223 5758 Delum
3251 5687 3488 5755 pluribus

1886 5769 2010 5813 ante
2049 5759 2299 5812 disseruit
2361 5757 2544 5812 eontra
2598 5758 2916 5814 Marcionem
2947 5799 2963 5821 ,
3008 5757 3222 5812 Christo
3266 5773 3484 5812 carnem

1926 5830 2275 5884 liantastieain
2299 5839 2349 5882 et
2373 5829 2682 5898 phantasma
2721 5870 2738 5895 ,
2771 5847 2877 5886 non
2907 5845 3090 5886 verum
3133 5843 3326 5900 corpus
3378 5829 3472 5884 tri-

1885 5845 2155 5956 iiueutem.
2184 5900 2261 5956 Li:
2302 5901 2398 5956 Pu.

1925 5911 2155 5958 ucutem.
2184 5900 2261 5957 Li:
2302 5901 2398 5957 Pu.
