4268 6492
745 375 851 434 507

2121 379 2580 438 TERTULLIANI

3933 385 4041 444 508

744 492 853 562 de,
882 495 983 551 nisi
1035 496 1157 568 quia
1207 495 1288 571 (Ι)
1317 497 1368 554 in
1392 511 1642 569 corpore.
1682 498 1832 555 Salio
1855 507 1910 556 et
1934 498 2021 555 hic
2065 498 2334 571 amplissi-
2362 502 2412 560 Α
2440 499 2734 554 videamus.
2779 497 2952 567 Odio,
3012 499 3223 572 inquit,
3277 500 3515 557 habentes
3566 501 3785 569 malum,
3815 512 3864 560 et
3908 504 4040 559 bona

745 603 892 644 mum
919 590 1200 664 abruptum
1225 594 1491 650 intercisa:
1515 594 1839 664 Scriptura;
1868 593 1962 649 sed
1990 593 2338 664 apprehende

745 660 1085 738 testimonium
1130 687 1472 756 perhibentent
1521 660 1835 757 Apostolutn
1878 660 2223 756 Israeli-quod
2263 703 2340 742 ze-

746 764 852 830 lum
878 775 973 830 Dei
1000 777 1240 844 habeant,
1274 780 1358 834 sui
1385 780 1589 850 utique,
1625 795 1725 834 non
1741 790 1910 833 tamen
1934 797 2024 850 per
2050 781 2332 836 scientiam.

746 869 912 924 Deum
941 871 1098 935 enim,
1140 872 1332 943 inquit,
1359 873 1676 944 ignorantes,
1707 883 1754 927 et
1779 889 1926 927 suam
1945 874 2202 944 justitiam
2234 875 2335 928 sis-

746 970 848 1016 tere
892 973 1173 1028 querentes
1196 1006 1212 1032 ,
1240 981 1340 1020 non
1366 964 1684 1030 subiecerunt
1718 981 1772 1019 se
1781 967 2000 1037 justitite
2037 964 2154 1019 Dei.
2188 963 2338 1021 Finis

743 1055 880 1107 enim
931 1053 1057 1124 legis
1117 1054 1351 1110 Christus
1396 1057 1450 1110 in
1481 1057 1737 1126 justitiam
1783 1056 1862 1130 (9)
1904 1059 2041 1112 omni
2088 1058 2330 1113 credenti.

745 1143 843 1200 Hic
869 1148 972 1202 erit
997 1149 1390 1219 argumentatio
1423 1149 1692 1216 haeretici,
1719 1153 1868 1221 quasi
1899 1151 2064 1207 Deum
2091 1152 2335 1220 superio-

742 1251 858 1292 rem
899 1239 1266 1310 ignoraverint
1293 1241 1484 1310 ludai,
1513 1245 1601 1313 qui
1634 1243 1892 1299 adversus
1924 1259 2047 1298 eum
2074 1244 2334 1314 justitiam

742 1343 918 1398 suam,
951 1331 1003 1386 id
1029 1341 1132 1398 est,
1165 1333 1298 1405 legis
1321 1348 1432 1388 sua:
1447 1335 1840 1402 constituerint,
1876 1351 1982 1392 non
2014 1337 2336 1406 recipientes

741 1421 1014 1480 Christum
1065 1426 1226 1482 linem
1273 1429 1424 1500 legis.
1457 1429 1563 1486 Cur
1591 1445 1721 1501 ergo
1745 1439 1800 1486 et
1827 1432 1944 1486 zelo
1992 1445 2182 1486 eorum
2207 1446 2333 1502 erga

745 1516 912 1572 Deum
941 1520 1215 1590 proprium
1249 1521 1613 1579 testiinonium
1641 1521 1914 1593 perhibet,
1932 1524 1977 1578 si
2006 1539 2110 1577 non
2141 1534 2196 1579 et
2220 1525 2333 1580 ins-

751 1610 1002 1666 cientiam
1046 1626 1171 1683 erga
1203 1613 1451 1669 eumdem
1484 1614 1651 1670 Deum
1695 1615 1773 1670 eis
1805 1615 2137 1685 exprobrat?
2188 1616 2327 1684 quod

744 1702 861 1757 zelo
901 1703 1114 1774 quidem
1164 1704 1258 1761 Dei
1281 1717 1590 1777 agerentur,
1623 1707 1717 1763 sed
1747 1722 1853 1763 non
1882 1723 1979 1779 per
2004 1711 2284 1764 scientiam
2313 1726 2328 1776 ;

743 1795 1051 1865 ignorantes
1102 1799 1314 1856 scilicet
1357 1813 1503 1865 eum,
1547 1801 1673 1856 dum
1722 1801 2104 1871 dispositiones
2126 1804 2242 1872 ejus
2279 1805 2331 1858 in

2439 594 2775 648 adhterentes.
2809 592 2962 648 Aliud
2991 603 3074 649 est
3099 598 3242 649 enim
3277 595 3416 662 apud
3449 595 3784 652 Creatorem.
3823 598 4040 669 Auferte

2440 685 2630 738 malum
2656 685 2720 738 de
2743 684 2877 740 vobis
2895 726 2912 753 ,
2939 694 2994 740 et
3019 684 3137 757 (Ps.
3170 685 3408 753 XXXIII,
3439 687 3531 760 14)
3555 688 3757 743 declina
3793 706 3826 742 a
3846 691 3992 744 malo
4020 730 4038 757 ,

2439 787 2488 832 et
2539 778 2624 848 [ac
2667 777 2873 832 bonum.
2921 779 3106 833 Amore
3132 778 3468 846 fraternitatis
3502 780 3713 834 invicem
3744 779 4038 848 affectuosi.

2439 871 2556 928 Non
2577 874 2722 929 enim
2751 873 2803 928 id
2827 873 3002 944 ipsum
3025 884 3109 929 est
3133 872 3360 945 :Diliges
3376 877 3666 945 proximum
3687 885 3930 946 tanquam
3958 877 4043 931 te?

2439 968 2547 1037 Spe
2595 970 2906 1040 gaudentes;
2958 969 3142 1039 utique
3172 968 3302 1022 Dei:
3351 965 3551 1022 Bonum
3603 979 3676 1023 est
3723 969 3860 1023 enim
3911 967 4036 1040 (Ps.

2437 1058 2648 1132 CXVII)
2663 1077 2867 1130 sperare
2877 1060 2930 1114 in
2955 1058 3227 1114 Dominum
3241 1060 3339 1131 (7),
3359 1075 3512 1130 quam
3527 1075 3733 1128 sperare
3759 1061 3812 1114 in
3842 1061 4038 1130 inagis-

2438 1161 2621 1207 tratus.
2681 1151 2985 1206 Pressuram
3034 1153 3378 1207 sustinentes:
3436 1151 3690 1207 Exaudiet
3731 1154 3874 1207 enim
3911 1151 4032 1223 (Ps.

2446 1245 2656 1316 XIX,”
2685 1256 2732 1300 te
2763 1245 3012 1300 Dominus
3041 1246 3096 1300 in
3116 1245 3201 1300 die
3224 1261 3495 1316 pressura.
3531 1244 3708 1300 Habes
3737 1245 4034 1300 Psalmnni.

2439 1336 2760 1404 Beneaicile,
2809 1348 2855 1392 et
2899 1337 3056 1392 nolite
3107 1337 3446 1403 maledicere;
3474 1338 3595 1408 quis
3647 1337 3750 1392 hoc
3793 1336 4036 1404 docebit,

2438 1447 2598 1503 quam
2645 1432 2734 1501 qui
2763 1431 2943 1486 omnia
2994 1429 3458 1486 benedictionibus
3476 1430 3762 1486 condidit?
3803 1428 3929 1484 Non
3960 1433 4040 1484 al-

2439 1534 2546 1578 tum
2590 1524 2861 1592 sapientes,
2914 1523 3004 1578 sed
3029 1523 3302 1578 humilibus
3347 1531 3664 1577 assentantes
3690 1521 3794 1594 (8),
3825 1538 3891 1576 ne
3921 1523 4036 1576 sitis

2439 1617 2579 1686 apud
2602 1633 2690 1672 eos
2715 1619 3009 1687 sapientes;
3059 1632 3137 1672 me
3152 1618 3294 1672 enitn
3324 1616 3549 1671 audiunt
3575 1632 3672 1686 per
3690 1617 3901 1672 Esaiam
3928 1615 4033 1681 (Is.

2439 1707 2506 1773 V,
2556 1708 2676 1779 2|).
2729 1709 2925 1764 Malunt
2979 1725 3074 1780 pro
3125 1710 3264 1763 malo
3317 1709 3507 1763 nemini
3553 1709 3931 1774 retribueritis;
3982 1718 4036 1762 et

2443 1801 2627 1873 (Leuit.
2680 1801 2835 1870 XIX,
2897 1801 2992 1872 I8)
3024 1821 3040 1857 :
3074 1799 3292 1856 Malitia
3321 1801 3498 1873 fratris
3523 1803 3670 1856 vestri
3708 1819 3770 1855 ne
3796 1802 4038 1856 ηιιηεὶιιεο

742 1886 958 1943 Christo
985 1890 1232 1961 ignorant
1260 1894 1772 1949 consummationem
1802 1895 1903 1965 legi
1931 1904 2197 1951 statuturo
2229 1895 2331 1969 (5),
2365 1897 2410 1958 Β
2439 1895 2549 1950 ritis
2601 1893 2705 1966 (9).
2771 1893 2882 1949 Nec
2932 1895 3262 1964 vosmetipsos
3307 1892 3642 1949 ulciscentes:
3705 1893 3837 1947 Mihi
3901 1895 4037 1947 enim

745 1990 904 2050 atque
932 1981 1002 2035 ita
1027 1995 1179 2036 suam
1203 1983 1463 2052 justitiam
1495 1994 1712 2040 tuentur
1741 1987 2006 2042 adversus
2036 1989 2209 2044 illum.
2239 1995 2334 2044 At-

743 2087 848 2142 que
873 2072 1008 2128 adeo
1036 2074 1152 2143 ipse
1188 2073 1412 2130 Creator
1437 2086 1493 2131 et
1529 2079 1880 2148 ignorantiam
1903 2095 2029 2151 erga
2055 2096 2113 2137 se
2141 2097 2332 2137 eorum

743 2175 1073 2222 contestatur
1099 2167 1201 2239 (Is.
1231 2167 1272 2234 I,
1305 2169 1362 2243 5)
1392 2187 1407 2229 :
1438 2170 1608 2226 Israel
1655 2189 1735 2227 nte
1776 2189 1878 2227 non
1906 2175 2129 2243 agnovit,
2157 2185 2205 2229 et
2243 2193 2337 2245 po-

748 2259 898 2328 pulus
923 2275 1062 2314 meus
1083 2277 1163 2314 me
1185 2278 1286 2316 non
1302 2263 1611 2329 intellexit);
1640 2275 1693 2320 et
1719 2265 1859 2333 quod
1877 2267 2137 2336 justitiam
2184 2283 2335 2324 suam

746 2352 917 2422 magis
936 2354 1209 2419 sisterent,
1249 2355 1504 2410 docentes
1544 2356 1817 2411 doctrinas
1849 2369 2110 2427 praecepta
2163 2358 2340 2414 homi-

747 2458 875 2500 num
901 2443 1000 2514 (Is.
1030 2444 1222 2510 XXIX,
1255 2447 1368 2514 I3),
1408 2463 1507 2502 nec
1553 2464 1658 2503 non
1685 2459 1738 2504 et
1767 2448 1886 2520 (I’s.
1919 2449 1960 2505 II
1981 2493 1994 2515 ,
2025 2451 2083 2519 2)
2109 2466 2337 2523 congre-

746 2537 854 2606 gati
903 2546 1086 2593 essent
1113 2538 1370 2595 adversus
1429 2541 1734 2609 Domimnn,
1766 2551 1822 2598 et
1869 2543 2129 2599 adversus
2155 2543 2342 2600 Chris-

757 2637 870 2684 tum
901 2629 1089 2700 ipsius,
1121 2645 1186 2686 ex
1217 2631 1493 2688 inscientia
1525 2636 1750 2690 scilicet.
1796 2634 1937 2691 Nihil
1982 2635 2141 2706 igitur
2168 2647 2342 2706 potest

753 2723 809 2778 in
835 2723 998 2778 alium
1027 2725 1193 2780 Deum
1229 2729 1447 2796 exponi,
1488 2729 1630 2798 quod
1653 2732 1910 2800 competit
1937 2733 1987 2786 in
2005 2730 2340 2802 Creatorem,

747 2817 870 2886 quia
902 2826 958 2872 et
976 2818 1106 2872 alias
1137 2819 1406 2874 inuncrito
1433 2821 1720 2890 Apostolus
1745 2822 1960 2878 Iudaeos
1999 2825 2067 2880 de
2095 2827 2343 2896 ignoran-

750 2909 820 2963 tia
857 2909 1161 2977 sngillasset
1199 2925 1324 2981 erga
1362 2912 1536 2968 Deum
1588 2914 1846 2985 ignotum.
1871 2916 2007 2985 Quid
2035 2920 2179 2973 enim
2211 2919 2346 2974 deli-

748 3010 995 3070 querant,
1023 3001 1067 3057 si
1092 3002 1353 3072 justitiam
1387 3005 1478 3060 Dei
1504 3007 1584 3060 sui
1616 3006 1882 3063 adversus
1905 3023 2028 3064 eum
2057 3010 2340 3077 sistebant,

755 3107 914 3162 quem
964 3095 1320 3164 ignorabant?
1349 3097 1545 3167 Atquin
1571 3099 1879 3155 exclamat:
1929 3103 2011 3174 (a)
2051 3101 2097 3156 0
2127 3104 2346 3173 profun-

753 3184 877 3238 dum
902 3185 1196 3240 divitiarum
1238 3196 1285 3242 et
1330 3189 1597 3256 sapientite
1621 3188 1739 3253 Dei,
1772 3202 1818 3244 ct
1854 3193 1927 3262 (b)
1966 3193 2346 3264 inoestigabiles

2437 1987 2617 2060 (Deut.
2648 1987 2864 2052 XXXII,
2896 1989 2993 2058 55)
3021 1988 3298 2042 vindictam
3320 2029 3336 2053 ,
3369 1998 3417 2042 et
3446 2005 3538 2059 ego
3576 1988 3842 2042 vindicabo
3869 2028 3884 2051 ,
3915 1988 4041 2040 dicit

2441 2081 2708 2136 Dominus.
2742 2079 2933 2135 Pacem
2974 2097 3088 2135 cum
3131 2080 3361 2134 omnibus
3399 2078 3516 2151 (l0)
3547 2079 3834 2133 hominibus
3881 2078 4039 2132 habe-

2439 2183 2568 2237 tote;
2598 2189 2727 2243 ergo
2755 2185 2811 2228 et
2840 2172 3030 2243 legalis
3079 2172 3205 2226 talio
3253 2186 3357 2226 non
3387 2171 3794 2228 retributionem
3831 2171 4042 2240 injuria

2441 2267 2805 2338 permittebat,
2829 2265 2926 2320 sed
2945 2265 3310 2334 inceptionem
3340 2275 3485 2320 metu
3514 2264 3883 2320 retributionis
3905 2281 4039 2320 cnn-

2444 2360 2724 2430 primebat.
2753 2358 2943 2413 Merito
2977 2357 3159 2428 itaque
3190 2366 3352 2411 totam
3385 2356 3664 2411 Creatoris
3691 2355 4039 2426 disciplinam

2441 2451 2720 2522 principali
2754 2457 3022 2518 praecepto
3042 2449 3163 2517 ejus
3185 2447 3451 2503 conclusit
3477 2465 3491 2503 :
3525 2445 3723 2520 Diliges
3747 2449 4043 2518 proximum

2447 2553 2690 2613 tanquam
2715 2552 2780 2596 te.
2815 2541 2926 2596 Hoc
2952 2540 3110 2611 Legis
3131 2541 3559 2609 supplementum
3587 2541 3633 2595 si
3662 2555 3729 2595 ex
3757 2541 3868 2610 ipsa
3898 2539 4042 2610 Lege

2443 2645 2546 2700 est,
2575 2635 2694 2705 quis
2724 2635 2793 2689 sit
2823 2633 2963 2687 Deus
2995 2632 3152 2702 Legis
3171 2633 3281 2702 jam
3311 2631 3500 2702 ignoro
3532 2632 3751 2704 (metuo
3782 2648 3852 2687 nc
3895 2633 4035 2686 deus

2450 2728 2758 2796 Marcionis)
2784 2728 2862 2790 ;si
2882 2741 3011 2780 vero
3044 2724 3396 2796 Evangelium
3412 2726 3609 2781 Christi
3639 2726 3740 2782 hoc
3770 2737 4043 2796 praecepto

2454 2820 2796 2892 aditnpletur,
2824 2819 3022 2874 Christi
3065 2827 3241 2874 autem
3283 2833 3386 2873 non
3425 2829 3507 2875 est
3563 2819 3678 2891 (ll)
3719 2819 4000 2875 Creatoris
4026 2863 4041 2886 ,

2445 2931 2553 2986 quo
2593 2915 2704 2986 jam
2758 2913 3178 2970 contendimus?
3225 2913 3428 2968 Dixerit
3479 2911 3746 2976 Christus,
3777 2929 3848 2968 an
3885 2930 4036 2968 non:

2447 3009 2560 3079 Ego
2588 3024 2691 3062 non
2715 3008 2825 3061 veni
2847 3007 3006 3078 legent
3035 3005 3310 3060 dissolvere
3336 3046 3352 3068 ,
3402 3006 3493 3059 sed
3519 3006 3731 3074 implere
3763 3003 3948 3077 (Matt.
3982 3004 4048 3069 V,

2449 3103 2579 3172 I7)?
2619 3100 2838 3156 Frustra
2871 3101 2938 3155 de
2967 3101 3066 3153 ista
3098 3099 3361 3154 sententia
3395 3097 3632 3168 neganda
3662 3098 3731 3167 (ε)
3785 3098 4048 3152 Ponticus

2455 3192 2744 3248 laboravit.
2777 3189 2832 3245 Si
2874 3189 3223 3259 Evangelinm
3271 3188 3468 3258 Legem
3521 3202 3626 3242 non
3682 3187 4005 3256 adimplevit
4034 3230 4050 3254 ,

751 3279 849 3331 uia:
885 3278 1036 3348 ejus!
1075 3277 1227 3334 Unde
1272 3279 1360 3334 illa
1410 3280 1488 3352 (4)
1528 3283 1779 3352 eruptio?
1816 3284 1894 3338 Ex
1970 3286 2344 3342 recordatione
2371 3289 2416 3352 C
2451 3299 2577 3339 ecce
2615 3283 2726 3338 Lex
2766 3281 3114 3352 Evangelinm
3147 3279 3480 3349 adimplevit.
3511 3278 3656 3333 Bene
3683 3287 3864 3333 autem
3895 3281 4041 3347 quod

753 3371 956 3426 scilicet
977 3371 1395 3442 Scripturarum,
1423 3390 1557 3445 quas
1587 3386 1732 3431 retro
1759 3377 2081 3442 revolverat,
2113 3395 2180 3435 ex
2213 3395 2344 3436 con-

756 3461 1105 3532 templatione
1158 3476 1640 3535 sacramentorum,
1673 3485 1792 3538 qua:
1828 3483 1988 3541 supra
2014 3471 2349 3530 disseruerat

756 3556 808 3610 in
846 3555 1005 3612 ﬁdem
1031 3554 1252 3625 Christi,
1280 3575 1345 3615 ex
1376 3560 1492 3631 lege
1525 3563 1850 3618 venientem.
1885 3564 2009 3620 llaec
2035 3566 2079 3619 si
2111 3565 2346 3623 Marcion

755 3649 824 3704 de
865 3649 1119 3705 industria
1163 3666 1266 3706 non
1302 3651 1382 3724 (5)
1412 3655 1596 3721 erasit,
1626 3655 1750 3722 quid
1777 3657 2051 3726 apostolus
2095 3659 2215 3728 ejus
2248 3675 2347 3715 ex-

755 3741 972 3808 clamat,
989 3743 1160 3796 nullas
1175 3743 1387 3800 intuens
1399 3745 1610 3800 divitias
1626 3746 1715 3801 Dei
1734 3756 1840 3802 tam
1855 3749 2104 3818 pauperis
2125 3751 2349 3820 etegeni

759 3849 923 3904 quam
952 3835 1043 3906 qui
1074 3835 1204 3890 ttibil
1231 3837 1492 3904 condidit,
1525 3839 1652 3894 nihil
1683 3840 2008 3910 praedicavit,
2026 3841 2158 3897 niltil
2182 3841 2340 3897 deni-

763 3943 869 3998 que
893 3927 1094 3994 habuit,
1129 3938 1187 3983 ut
1212 3931 1304 4000 qui
1334 3932 1384 3984 in
1411 3932 1585 3986 aliena
1616 3932 1934 3988 descendit?
1973 3931 2079 3990 Sed
2118 3936 2264 3990 enim
2294 3945 2352 3991 et

758 4037 890 4093 opes
918 4029 972 4078 et
995 4022 1194 4078 divitia:
1213 4022 1487 4078 Creatoris
1513 4025 1642 4079 olim
1666 4027 2018 4091 absconditm,
2045 4043 2185 4083 nunc
2199 4043 2350 4085 rese-

759 4124 890 4171 rate
907 4116 1286 4186 rcpromiserat
1307 4114 1409 4187 (Is.
1433 4115 1594 4182 XLV,
1615 4119 1692 4183 3):
1713 4115 1780 4171 Et
1807 4119 1938 4173 dabo
1961 4120 2065 4175 illis
2087 4121 2353 4177 thesauros

761 4206 1002 4269 occultos,
1017 4208 1291 4262 invisibiles
1314 4210 1544 4278 aperiam
1572 4209 1665 4264 eis.
1690 4209 1815 4265 Inde
1841 4226 1970 4282 ergo
1987 4214 2347 4269 exclamatum

760 4310 845 4356 est
872 4317 889 4354 :
917 4300 962 4354 0
990 4301 1300 4372 profundum
1328 4302 1622 4357 divitiarum
1645 4314 1694 4357 et
1715 4305 1978 4376 sapientiae
2008 4305 2145 4361 Dei!
2191 4308 2349 4378 cujus

757 4392 871 4464 jam
903 4394 1138 4448 thesauri
1186 4393 1452 4464 patebant.
1509 4395 1564 4451 Id
1610 4395 1800 4460 Esaiar,
1855 4407 1908 4452 et
1939 4397 2021 4471 (6)
2073 4400 2354 4470 sequentia

762 4488 830 4542 de
874 4487 1114 4558 ejusdem
1167 4489 1440 4558 prophetae
1493 4489 1852 4546 instrumento
1897 4490 1997 4560 (Is.
2057 4491 2182 4558 XL,
2218 4495 2353 4566 l5):

775 4579 904 4646 Quis
933 4580 1068 4632 enim
1115 4580 1348 4650 cognovit
1388 4596 1593 4634 sensum
1646 4579 1893 4650 Domini,
1926 4593 2014 4638 aut
2047 4585 2161 4653 quis
2185 4587 2357 4640 consi-

2449 3387 2507 3434 ct
2531 3379 2583 3432 in
2609 3376 2852 3434 clausula
2884 3377 3108 3431 tribunal
3133 3376 3325 3432 Christi
3350 3376 3725 3441 comminatur,
3755 3377 3940 3448 utique
3963 3376 4055 3447 ju-

2456 3473 2592 3528 dieis
2616 3483 2671 3528 et
2698 3472 2919 3537 ultoris,
2953 3471 3135 3542 utique
3179 3471 3485 3537 Creatoris;
3548 3470 3695 3525 illum
3731 3480 3882 3527 certe
3911 3486 4045 3526 con-

2451 3566 2680 3621 stituens
2737 3562 3150 3634 promerendum
3179 3604 3194 3630 ,
3244 3578 3403 3634 quem
3456 3563 3684 3619 intentat
3729 3562 4058 3629 timendum,

2452 3658 2660 3712 etiamsi
2690 3657 2852 3711 alium
2877 3655 3211 3725 pravdicaret.

3064 3745 3293 3802 CAPUT
3326 3744 3444 3801 XV.

2527 3839 2875 3896 Brevioribus
2896 3854 3110 3910 quoque
3136 3837 3398 3909 Epistolis
3415 3852 3521 3894 non
3539 3837 3740 3910 pigebit
3753 3838 4053 3895 intendere:

2453 3941 2536 3988 est
2587 3945 2748 4001 sapor
2778 3941 2831 3988 et
2876 3931 2930 3986 itt
2963 3931 3166 4002 paucis.
3203 3929 3511 3986 Deciderant
3559 3930 3734 3987 Ιταάωὶ
3783 3935 4062 4005 prophetas

2454 4040 2594 4079 suos.
2617 4024 2838 4079 Possum
2854 4023 3035 4079 dicere
3059 4042 3071 4077 :
3095 4023 3231 4092 Quid
3259 4023 3327 4079 ad
3370 4024 3677 4095 apostolum
3695 4025 3787 4081 Dei
3803 4026 4057 4091 alterius,

2455 4126 2510 4171 et
2537 4116 2753 4187 quidem
2779 4116 2998 4185 Optimi,
3025 4116 3118 4185 qui
3170 4130 3268 4170 nec
3318 4129 3539 4170 suorum
3569 4115 3761 4171 delicta
3789 4116 4056 4173 damnare

2455 4207 2684 4274 dicatur,
2710 4208 2973 4278 quiqueet
3001 4207 3115 4277 ipse
3148 4207 3438 4277 protihetas
3462 4208 3682 4263 eosdem
3731 4208 4066 4263 destruendo

2456 4299 2852 4372 quodammodo
2883 4300 3154 4371 perimat?
3192 4299 3329 4368 Quid
3374 4300 3517 4356 enim
3540 4299 3658 4373 (IS)
3681 4301 3811 4357 mali
3838 4301 4061 4355 admisit

2457 4393 2596 4462 apud
2626 4392 2770 4446 illum
2798 4389 2998 4458 Israel,
3031 4393 3077 4447 si
3104 4391 3306 4447 occidit
3325 4407 3464 4462 quos
3499 4401 3556 4448 et
3585 4393 3679 4447 ille
3702 4393 4062 4464 reprobavit?

2460 4486 2504 4540 si
2536 4486 2681 4555 prior
2713 4483 2980 4538 inimicam
3003 4485 3058 4539 in
3082 4499 3176 4539 eos
3207 4484 3529 4539 sententiam
3555 4485 3779 4540 statuit?
3811 4485 4051 4556 Deliquit

2461 4588 2637 4634 autem
2665 4576 2804 4648 apud
2835 4576 2999 4630 Deum
3043 4578 3304 4646 ipsorum.
3356 4577 3404 4632 Is
3435 4575 3549 4650 (15)
3577 4577 3924 4648 exprobravit
3949 4578 4054 4633 ini-

772 4671 950 4724 liaritts
982 4672 1093 4742 ejus
1132 4672 1273 4744 fuit?
1303 4671 1431 4737 Quis
1459 4674 1683 4743 porrexit
1709 4675 1752 4729 ei
1775 4718 1789 4738 ,
1820 4683 1869 4729 ει
1893 4677 2199 4730 "tribuetur
2225 4678 2303 4731 illi
2330 4677 2356 4731 .9
2381 4687 2432 4748 ι)
2460 4673 2740 4743 quitatem,
2765 4669 2830 4724 ad
2848 4685 3006 4740 quem
3037 4671 3267 4739 pertinet
3294 4674 3488 4735 kesns;
3517 4679 3666 4726 certe
3691 4672 3870 4741 quivis
3897 4671 4059 4738 alius,

767 4761 867 4831 Qui
902 4772 1045 4816 tanta
1072 4763 1139 4817 de
1185 4762 1476 4832 Scriptnris
1517 4764 1786 4832 ademisti,
1818 4766 1946 4837 quid
1975 4766 2076 4822 ista
2103 4769 2352 4834 servasti,

2458 4778 2614 4834 quain
2639 4761 2978 4815 adversarius
3005 4761 3137 4816 laesi.
3175 4759 3283 4817 Sed
3311 4775 3414 4818 nec
3438 4770 3719 4818 onerasset
3747 4761 3872 4817 illos
3896 4804 3912 4828 ,
3946 4765 4049 4818 im-

768 4855 920 4925 quasi
946 4870 1054 4910 non
1074 4862 1128 4910 ct
1148 4853 1264 4911 btec
1286 4854 1598 4912 Creatoris?
1626 4855 1790 4914 Plane
1814 4859 1937 4914 novi
1963 4858 2059 4914 Dei
2092 4869 2356 4930 precepta
2459 4855 2694 4928 putando
2720 4856 2882 4910 etiam
2912 4854 3120 4910 Domini
3149 4869 3361 4924 necem,
3387 4856 3476 4928 qui
3497 4865 3544 4912 et
3581 4853 3866 4912 Dominum
3897 4858 4060 4912 inter-

1975 4975 2352 5035 LEC'I‘IONES
2387 4971 2798 5033 VARIANTES.

854 5094 909 5222 ii
925 5094 1302 5222 Igiliiig'sant.
1329 5155 1527 5210 Oberllt.

856 5219 910 5286 5)
930 5219 1135 5286 §tatur9
1158 5222 1261 5286 Rig.
1286 5228 1507 5273 statuero
1531 5227 1692 5274 Venet.

860 5283 910 5335 4)
929 5283 1072 5332 Enim
1095 5283 1310 5335 lanista
1332 5292 1446 5335 Jun.

2551 5090 2604 5140 8)
2629 5089 2957 5140 Adsectantes
2984 5094 3144 5139 renet.

2551 5093 2582 5140 8
2629 5093 2957 5140 Adsectautcs
2984 5095 3053 5138 re

2554 5093 2607 5216 9)
2633 5153 2923 5202 Memineris
2938 5159 3053 5200 Jun.

2562 5217 2620 5265 10
2666 5213 2904 5265 Omnibus
2922 5211 3053 5264 omill

2559 5279 2606 5327 Η
2658 5276 2719 5328 Ει
2742 5276 2846 5326 Lat.

2557 5340 2616 5389 12
2655 5339 2794 5389 Enim
2810 5335 2960 5389 omitt.
2981 5338 3053 5388 Se:

2658 5276 2719 5328 Et
2742 5276 2846 5326 Lat.

2562 5211 2620 5265 10
2666 5213 2904 5265 Omnibus
2922 5211 3076 5264 omitt.
3101 5211 3255 5264 Seml.

2559 5213 2642 5406 si
2655 5276 2960 5406 sa
2981 5335 3132 5406 ςρηι.

2557 5335 2638 5389 12)
2655 5339 2794 5389 Enim
2810 5335 2960 5389 omitt.
2981 5335 3132 5388 Sani.

858 5345 901 5396 5'
934 5345 1040 5396 Non
1061 5345 1211 5396 msitt.
1237 5349 1379 5397 Plan.
1399 5347 1486 5399 sed
1503 5345 1640 5399 estin
1671 5347 1782 5400 cod.
1814 5348 2001 5400 ποιεῖν.
2533 5345 2542 5388 1

857 5351 915 5535 ϐξ
937 5407 1180 5480 Patehant
1196 5410 1259 5460 de
1285 5409 1427 5472 Isaia,
1467 5416 1524 5462 ut
1545 5411 1647 5463 Lat.
2534 5395 2542 5457 4

857 5473 891 5535 _7
938 5469 1147 5521 Domum
1171 5469 1367 5525 Oberth.

1360 5365 1379 5396 ι.
1399 5347 1486 5399 sed
1503 5345 1640 5399 estin
1671 5347 1782 5400 cod.
1814 5348 2001 5400 ποίου.
2533 5345 2638 5406 (12)
2658 5345 2794 5389 Enim
2810 5345 2960 5389 omitt.
2981 5345 3045 5388 se

1365 5411 1427 5472 ia,
1467 5416 1524 5462 ut
1545 5411 1647 5463 Lat.
2534 5393 2640 5466 (15)
2665 5400 2725 5452 Et
2745 5398 2865 5452 add.
2893 5396 3045 5452 Seml.

863 5469 915 5525 7)
938 5469 1147 5521 Domino
1171 5469 1367 5525 θῦσαι.

2089 5578 2657 5638 COMMENTARIUS.

846 5695 923 5769 (a)
950 5696 1003 5774 ρ
1023 5699 1336 5774 profundunt
1356 5702 1664 5774 divitiarum.
1697 5707 1733 5756 ὣ
1753 5707 1924 5774 βάθος,
1979 5713 2078 5772 pro
2104 5713 2210 5770 quo
2235 5696 2366 5753 Vul-
2467 5695 2860 5774 inuestigabiles,
2893 5693 3052 5774 id_c_st
3090 5693 3180 5774 qui
3202 5693 3496 5774 ingestigari
3544 5699 3836 5774 περίεισιν-ζ..
3857 5691 3936 5748 Lr.
3967 5693 4062 5747 Pa.

775 5777 893 5839 gata
915 5788 929 5825 :
963 5769 1008 5822 0
1028 5769 1263 5826 altitudo.
1289 5771 1364 5828 Ls
1383 5772 1476 5827 Pa.

850 5838 928 5915 (b)
954 5843 1349 5916 Int'cstigabiles.
1373 5846 1634 5915 Quoniam
1653 5845 1701 5898 in
1724 5859 1898 5911 graeco
1920 5853 1996 5898 est
2014 5845 2362 5916 ἀνεξιχνίαστω

2543 5769 2615 5839 (c)
2651 5765 2890 5839 Ponticus
2936 5766 3201 5820 laboravit.
3245 5765 3457 5839 Optime
3499 5767 3734 5839 conjecit
3772 5765 4070 5839 lihenantts

2471 5834 2752 5908 legendum
2785 5838 3030 5891 Ponticus
3062 5880 3077 5900 ,
3129 5852 3225 5906 pro
3267 5836 3484 5906 Pontus,
3534 5834 3635 5892 huc
3663 5846 3747 5893 est
3793 5834 4066 5892 Hareione

782 5915 832 5972 id
854 5909 957 5982 est,
981 5931 1080 5970 non
1109 5909 1447 5989 rEstigabile},
1483 5917 1618 5973 bene
1659 5909 1806 5971 nnilti
1841 5915 2121 5985 legendum
2143 5909 2366 5970 censent
2472 5913 2640 5968 Ponto
2665 5909 2946 5969 oriundus.
2975 5909 3050 5964 Ls
3073 5909 3166 5963 l’n.
