4268 6492
227 415 335 472 509

1331 414 1456 471 LIB.
1505 414 1548 471 ν
1589 413 1952 473 ADVERSUS
1990 415 2420 476 MARCIONEM.

3408 421 3515 478 5I0

225 533 484 598 fecerunt,
535 526 786 596 dicendo,
816 537 862 583 et
901 529 1176 598 prophetas
1220 543 1380 595 suos;
1411 529 1536 584 licet
1577 545 1698 583 suos
1726 529 1820 583 ad—
1845 529 1896 589 A
1925 540 2059 586 utet
2086 531 2260 586 futura
2291 533 2630 603 prtenuntiet,
2668 544 2722 590 et
2747 533 2957 592 occulta
2983 533 3163 592 cordis
3189 534 3396 591 revelet
3418 578 3434 602 ,
3463 546 3518 592 et

233 623 400 691 jectio
427 624 496 677 sit
537 622 794 679 haeretici.
826 624 962 692 Quid
994 625 1138 679 enim
1169 634 1276 679 tam
1303 624 1578 692 acerbum,
1611 624 1656 680 si
1679 626 1818 679 alte-

227 719 338 772 rius
372 717 462 772 Dei
517 719 924 787 praedicatorem
953 718 1221 772 Christum
1277 719 1684 779 interemerunt,
1713 715 1804 788 qui

230 811 312 864 sui
347 810 439 864 Dei
485 810 779 881 prophetas
815 810 1363 866 contrucidaverunt?
1407 810 1593 866 Status
1634 819 1814 864 autem

227 903 676 972 exaggerationis,
701 903 841 973 quod
856 912 908 958 ct
925 904 1273 958 Dominumet
1297 903 1522 958 fatuulos
1545 903 1662 972 ejus
1694 918 1818 971 pcr-

227 998 507 1052 emissent.
545 996 805 1068 Denique,
839 998 883 1051 si
921 998 1143 1052 alterius
1178 997 1270 1053 Dei
1311 997 1585 1052 Christum
1611 1039 1624 1062 ,
1678 997 1817 1052 alte-

231 1089 344 1144 rius
367 1089 652 1159 prophetas
695 1101 1060 1159 peremerunt,
1098 1093 1324 1162 aequavit
1354 1092 1681 1162 impietates,
1712 1106 1819 1147 non

231 1183 594 1250 esaggcrarit.
624 1180 902 1254 Equanda
939 1194 1118 1239 autem
1151 1199 1256 1238 non
1315 1183 1448 1249 fuit;
1504 1199 1634 1253 ergo
1661 1199 1823 1256 exag-

229 1277 405 1344 gerari
463 1292 567 1330 non
625 1278 815 1346 potuit,
859 1278 961 1332 nisi
997 1279 1050 1333 in
1078 1279 1327 1333 eumdem
1359 1279 1644 1334 Dominum
1671 1294 1822 1334 com-

235 1370 420 1432 missa,
452 1385 516 1424 ex
548 1379 772 1440 utroque
806 1372 978 1427 titulo.
1015 1372 1154 1444 Ergo
1183 1373 1424 1442 ejusdem
1456 1373 1548 1427 Dei
1574 1373 1823 1427 Christus

232 1471 287 1516 ct
317 1463 617 1533 prophetas.
649 1463 816 1531 Quam
848 1475 1024 1528 autem
1055 1467 1371 1520 sanctitatem
1395 1475 1619 1520 nostram
1645 1466 1824 1521 volun-

231 1563 386 1610 tatem
412 1555 508 1611 Dei
527 1557 668 1611 dicat
692 1601 707 1624 ,
757 1573 824 1613 cx
864 1562 1149 1615 contrariis
1181 1576 1299 1630 qua:
1327 1561 1592 1630 prohibet,
1626 1575 1823 1632 agnos-

229 1663 406 1705 ceres.
464 1651 724 1705 Abstinere
769 1653 849 1721 (I)
881 1654 1071 1723 inquit,
1104 1670 1136 1707 a
1181 1667 1378 1724 stupro,
1436 1670 1543 1710 non
1575 1671 1602 1708 a
1633 1656 1818 1710 matri-

233 1749 433 1800 monio.
452 1748 598 1804 Scire
612 1765 1014 1820 unumquemque
1040 1769 1186 1805 suunt
1200 1768 1286 1808 uas
1301 1754 1353 1807 in
1373 1754 1567 1809 honore
1585 1764 1820 1810 tractare.

231 1838 559 1906 Quomodo?
608 1842 741 1896 Dum
791 1858 894 1898 non
927 1843 977 1897 in
1008 1844 1249 1908 libidine,
1278 1862 1379 1916 qua
1406 1855 1624 1917 gentes;
1658 1846 1824 1903 libido

1919 637 2253 682 sacramenta
2300 627 2592 684 edisserat.
2622 629 2757 684 Cum
2801 629 2935 686 nihil
2975 630 3083 686 tale
3136 628 3421 700 protulerit
3452 643 3516 686 ac

1919 720 2193 791 probarit,
2234 734 2329 774 nos
2376 719 2710 790 proferemus
2736 730 2790 777 et
2819 723 3062 793 spiritum
3103 730 3160 778 et
3199 722 3510 792 praphetias

1919 815 2192 872 Creatoris
2215 857 2230 882 ,
2261 814 2556 870 secundum
2609 817 2780 885 ipsum
2826 817 3206 886 prmdieantes.
3243 817 3415 886 Atque
3448 817 3516 871 ita

1921 909 2188 964 constabit
2226 908 2513 980 Apostolus
2563 906 2642 980 (8)
2691 907 2760 964 de
2798 910 2990 979 quibus
3039 909 3260 974 dixerit,
3313 908 3380 963 de
3434 910 3512 965 eis

1923 1002 2126 1057 scilicet
2173 1017 2292 1073 qua:
2324 1000 2498 1056 futura
2549 1010 2704 1055 erant
2750 1001 2801 1055 in
2842 1001 3075 1057 Ecclesia
3116 1002 3232 1070 ejus
3280 1000 3387 1064 dei,
3421 1001 3513 1071 qui

1922 1095 2050 1150 dum
2089 1104 2192 1160 est,
2249 1095 2467 1164 spiritus
2529 1108 2741 1165 quoque
2784 1092 2902 1162 ejus
2967 1094 3046 1164 (9)
3108 1102 3381 1165 operatur,
3461 1102 3515 1147 et

1926 1187 2210 1257 promissio
2242 1184 2564 1241 celebratur.
2625 1187 2736 1255 Age
2777 1198 2946 1250 nunc,
2977 1186 3066 1256 qui
3102 1187 3331 1240 salutem
3389 1200 3511 1241 car-

1925 1281 2012 1335 nis
2041 1279 2298 1344 abnuitis,
2334 1289 2388 1334 et
2417 1279 2459 1334 si
2489 1278 2705 1348 quando
2737 1293 2933 1348 corpus
2955 1279 3008 1333 in
3038 1277 3344 1350 bujusmodi
3380 1293 3519 1349 prae-

1926 1374 2255 1439 nomiuatur,
2288 1373 2428 1427 aliud
2484 1374 2665 1428 nescio
2710 1373 2834 1442 quid
2865 1373 3289 1442 interpretamini
3339 1373 3468 1428 illud
3497 1414 3512 1440 ,

1927 1485 2085 1541 quam
2108 1469 2457 1524 substantiam
2481 1467 2658 1522 carnis
2682 1485 2697 1534 ;
2721 1466 2990 1538 quomodo
3010 1469 3296 1536 Apostolus
3323 1483 3514 1523 omnes

1928 1563 1980 1618 in
2009 1564 2160 1617 novis
2200 1561 2530 1626 substantiis,
2580 1562 2741 1616 certis
2807 1560 3112 1616 nominibus
3151 1559 3429 1624 distinxit,
3466 1568 3524 1617 et

1929 1670 2115 1710 omnes
2142 1654 2194 1709 in
2231 1669 2339 1709 uno
2387 1663 2509 1710 voto
2535 1653 2809 1708 constituit
2859 1653 3068 1720 salutis,
3111 1662 3293 1724 optans
3329 1661 3384 1706 ut
3411 1654 3522 1722 spi-

1940 1748 2070 1801 ritus
2107 1756 2277 1800 noster
2305 1755 2352 1800 et
2379 1762 2564 1814 corpus
2588 1754 2638 1800 et
2663 1747 2835 1798 anima
2865 1745 2974 1798 sine
3019 1745 3224 1815 querela
3252 1744 3305 1798 in
3334 1744 3521 1799 aduen-

1931 1849 2039 1894 tum
2065 1837 2273 1892 Domini
2297 1848 2341 1892 et
2364 1838 2744 1905 saluti/icatoris
2785 1836 2946 1890 nostri
2991 1836 3181 1890 Christi
3217 1852 3518 1891 conserven-

232 1941 414 1984 autcm
458 1947 554 1986 nec
585 1934 724 2001 apud
749 1945 940 2002 gentes
966 1937 1310 1991 matrimonio
1338 1937 1664 1993 adscribitur
1687 1982 1700 2002 ,
1732 1940 1826 1994 sed

1934 1930 2055 1985 tur?
2079 1928 2211 1984 Nam
2243 1936 2296 1982 et
2319 1926 2549 1981 animam
2581 1924 2756 1995 posuit
2788 1933 2844 1979 et
2869 1938 3083 1993 corpus,
3135 1931 3240 1977 tam
3281 1921 3415 1978 duas
3439 1937 3525 1977 res

233 2025 693 2085 extraordinariis,
748 2034 804 2080 et
858 2042 961 2080 non
1008 2028 1336 2083 naturalibus
1366 2040 1420 2086 et
1474 2033 1824 2099 portentosis.

233 2116 498 2170 Sanctitas
519 2119 736 2172 luxnrize
765 2120 1270 2193 estturpitudini(a)
1298 2125 1831 2193 quoqueetitmnum

235 2208 386 2265 ditia:
417 2209 497 2281 (ἓ)
548 2214 838 2276 contraria,
881 2230 1000 2284 qum
1033 2230 1137 2269 non
1195 2216 1592 2272 matrimonium
1646 2220 1827 2274 exclu-

233 2300 346 2364 dat,
376 2303 469 2357 sed
498 2303 806 2369 libidinem;
834 2321 954 2375 qua:
978 2322 1068 2361 Vas
1100 2319 1340 2362 nostrum
1382 2309 1432 2362 iu
1478 2309 1682 2365 honore
1711 2327 1826 2365 ma-

235 2395 471 2448 trimonii
504 2406 712 2452 tractet.
759 2398 909 2454 llunc
957 2411 1133 2455 autem
1186 2401 1384 2465 locum,
1411 2404 1553 2457 salva
1583 2405 1824 2471 alterius,

235 2487 285 2540 id
304 2487 670 2557 est,plcnioris
683 2493 978 2546 sanctitatis
992 2494 1830 2562 pra-lationc,traetavcrim,eon-

232 2579 514 2632 liuentiam
542 2589 597 2634 et
625 2582 978 2652 virginitatem
1011 2585 1210 2652 nuptiis
1237 2597 1571 2655 anteponens
1605 2587 1707 2659 (ὁ),
1732 2590 1828 2644 sed

233 2687 344 2724 non
396 2671 711 2740 prohibitis;
766 2674 1132 2731 destructores
1174 2678 1316 2732 enim
1347 2679 1438 2734 Dei
1472 2682 1777 2749 nuptiarum
1807 2725 1822 2749 ,

230 2779 342 2816 non
372 2773 664 2820 sectatores
690 2768 953 2822 castitatis
980 2770 1229 2826 retundo.
1274 2771 1360 2824 Ait
1398 2788 1482 2826 eos
1523 2775 1610 2844 qui
1655 2791 1825 2828 rema-

229 2867 386 2909 neant
413 2859 466 2910 in
493 2859 762 2913 adventum
794 2861 874 2929 (3)
915 2860 1124 2928 Christi,
1178 2881 1293 2918 cum
1318 2867 1388 2919 eis
1432 2868 1517 2934 qui
1545 2869 1732 2922 mortui
1770 2870 1822 2922 in

230 2954 437 3010 Christo
460 2959 609 3027 primi
636 2969 896 3029 resurgent
919 3001 933 3024 ,
961 2962 1096 3030 quod
1123 2964 1174 3014 in
1201 2962 1416 3016 nubibus
1449 2963 1745 3032 auferentur
1774 2964 1827 3017 in

229 3067 402 3103 aerem
435 3052 516 3120 (4)
544 3054 738 3105 obviam
775 3053 1012 3110 Domino.
1039 3058 1284 3125 Agnosco
1313 3057 1395 3111 his
1418 3058 1526 3126 jam
1553 3068 1676 3113 tunc
1709 3075 1829 3129 pro-

230 3143 436 3210 spcctis
459 3145 636 3198 mirari
666 3147 992 3202 substantias
1023 3151 1273 3205 cmlestcs
1296 3151 1463 3221 ipsam
1494 3152 1826 3209 Ilicrusalcm

230 3250 355 3301 qua:
400 3251 608 3289 sursum
663 3249 742 3292 cst
791 3240 932 3312 (Cal.
970 3242 1056 3307 IV,
1095 3241 1213 3314 26),
1245 3253 1299 3297 ct
1339 3261 1431 3313 per
1463 3243 1675 3299 Esaiam
1726 3245 1826 3317 (Is.

1931 2037 2088 2094 quam
2119 2022 2399 2077 diversas:
2434 2020 2557 2076 licet
2581 2020 2724 2074 enim
2753 2027 2810 2073 et
2835 2017 3028 2072 animos
3076 2031 3272 2087 corpus
3311 2017 3390 2071 sit.
3419 2017 3525 2071 ali-

1931 2114 2073 2184 quod
2108 2129 2218 2168 sua:
2248 2113 2539 2183 qualitatis,
2581 2112 2793 2165 sicutet
2823 2109 3223 2178 spiritus;cum
3252 2119 3428 2163 tamen
3469 2117 3523 2164 et

1931 2220 2126 2275 corpus
2169 2213 2222 2260 et
2262 2205 2437 2258 anima
2492 2200 2745 2257 distincte
2792 2201 3137 2254 nominantur
3166 2242 3179 2266 ,
3217 2199 3377 2255 habet
3403 2201 3518 2254 ani-

1933 2314 2016 2353 ma
2040 2297 2160 2369 (ID)
2205 2312 2360 2352 suum
2399 2294 2712 2350 vocabulum
2741 2293 3038 2363 proprium,
3067 2308 3172 2346 non
3194 2307 3360 2363 egens
3382 2308 3526 2347 cotu-

1934 2390 2080 2444 muni
2111 2389 2369 2444 vocabulo
2395 2387 2672 2456 corporis;
2729 2385 2780 2439 id
2829 2383 3149 2454 relinquitur
3183 2385 3331 2438 carni
3362 2426 3377 2449 ,
3406 2401 3526 2455 quae

1935 2499 2038 2537 non
2071 2483 2339 2536 nominata
2385 2480 2618 2550 preprio.
2651 2477 2923 2532 communi
2955 2486 3132 2530 utatur
3164 2491 3388 2530 necesse
3418 2487 3522 2530 cst.

1935 2575 2140 2630 Etenim
2165 2573 2321 2626 aliam
2367 2570 2714 2625 substantiam
2745 2569 2795 2622 in
2827 2568 3046 2622 homine
3079 2583 3182 2622 non
3217 2567 3371 2622 video
3401 2577 3528 2638 post

1933 2670 2181 2740 spiritum
2208 2677 2262 2722 et
2289 2668 2546 2728 animam,
2578 2664 2660 2718 cui
2687 2661 3004 2718 vocabulum
3045 2661 3288 2731 corporis
3314 2677 3528 2717 accom-

1935 2765 2182 2820 modetur
2206 2805 2220 2828 ,
2278 2769 2474 2831 praeter
2517 2773 2755 2814 carnem.
2788 2756 2938 2812 Hanc
2969 2757 3166 2812 totiens
3194 2755 3245 2809 in
3277 2757 3527 2825 corporis

1934 2859 2148 2914 nomine
2188 2855 2490 2924 intelligens
2513 2895 2526 2918 ,
2557 2851 2808 2922 quotiens
2838 2866 2941 2904 non
2990 2851 3333 2915 nominatur;
3361 2849 3527 2903 multo

1934 2951 2101 3020 magis
2124 2949 2230 3015 hic,
2262 2961 2382 3003 cum
2410 2959 2527 3016 qum
2556 2942 2751 2998 dicitur
2780 2955 2976 3011 corpus
3001 2982 3017 3007 ,
3061 2954 3160 2994 suo
3181 2940 3400 2997 nomine
3433 2956 3525 3011 ap-

1935 3045 2177 3116 pellatur.

2524 3128 2753 3186 CAI‘UT
2788 3127 2926 3184 XVI.

2005 3255 2095 3325 (In
2123 3253 2223 3323 Ep.
2262 3249 2307 3305 II
2334 3249 2402 3304 ad
2437 3242 2641 3316 Thess.)
2671 3242 2926 3313 Cogimur
2952 3240 3194 3312 qumdam
3223 3240 3517 3296 identidem

232 3324 352 3390 LX,
386 3326 444 3396 8)
473 3331 858 3398 pronuntiare;
889 3332 1110 3397 Quinam
1137 3337 1235 3388 huc
1274 3336 1406 3389 velut
1438 3337 1591 3389 nubes
1615 3339 1783 3391 rotant
1809 3381 1824 3404 ,
1853 3319 1898 3381 ί1
1935 3319 2644 3412 iterareniteohmrentia‘cis
2665 3331 3353 3388 conlirmemusDomirmm
3370 3330 3524 3385 ethic

232 3427 494 3484 tamquam
520 3423 768 3476 columbae
795 3440 908 3476 cum
939 3427 1094 3494 pullis
1115 3426 1184 3479 ad
1209 3427 1329 3480 me?
1362 3427 1510 3482 Iluuc
1537 3444 1825 3484 ascensum

232 3511 281 3563 si
312 3511 557 3567 Christus
605 3517 756 3570 nobis
799 3521 1158 3588 praeparavit,
1213 3522 1316 3575 erit
1348 3523 1435 3576 ille
1481 3521 1730 3578 Christus
1761 3524 1828 3579 de

236 3618 349 3672 quo
398 3603 536 3661 Osee
579 3608 656 3680 (5)
712 3609 852 3680 (Am.
906 3611 1010 3678 IX,
1072 3613 1126 3683 (i)
1165 3633 1176 3666 :
1223 3615 1323 3682 Qui
1370 3632 1634 3669 ascensum
1680 3633 1829 3670 suum

231 3696 459 3763 wdiﬁcat
507 3699 559 3752 in
601 3700 771 3762 rwlos,
807 3703 992 3773 utique
1020 3705 1118 3758 sibi
1148 3715 1203 3760 et
1248 3707 1379 3762 suis.
1413 3708 1637 3772 Exinde,
1661 3725 1688 3763 a
1725 3726 1830 3781 quo

231 3791 465 3856 sperabo
497 3808 657 3857 nunc,
701 3795 800 3848 nisi
833 3811 861 3849 a
886 3813 992 3866 quo
1020 3796 1133 3851 luec
1160 3799 1379 3853 audivi?
1400 3800 1569 3868 Quem
1595 3802 1831 3870 spiritum

234 3884 484 3952 prohibet
515 3888 808 3956 exstingui?
836 3899 891 3944 et
915 3906 1046 3961 quas
1075 3893 1364 3962 praphetias
1391 3904 1534 3950 vetat
1562 3897 1707 3950 nihil:
1750 3897 1828 3970 (6)

234 3977 455 4031 haberi?
492 3980 673 4050 utique
694 3998 799 4038 non
825 3983 1097 4040 Creatoris
1125 3987 1394 4056 spirituum,
1429 4004 1528 4044 nec
1554 3986 1832 4046 Creatoris

234 4070 550 4139 prophetias
600 4076 890 4132 secundum
931 4079 1292 4146 Marcionem;
1346 4097 1465 4152 qua:
1520 4083 1664 4138 enim
1731 4084 1825 4139 de-

233 4167 453 4230 struxit,
492 4168 605 4237 ipse
631 4169 740 4237 jam
770 4172 1046 4239 exstinxit,
1096 4183 1150 4226 et
1182 4173 1312 4229 nihil
1342 4173 1466 4228 fecit
1488 4216 1501 4237 ,
1532 4190 1629 4230 nec
1659 4187 1834 4247 potest

234 4257 524 4326 prohibere
569 4276 689 4330 quin
732 4260 880 4315 nihili
915 4264 1054 4317 fecit.
1095 4263 1234 4334 Ergo
1284 4265 1546 4319 incumbit
1575 4265 1828 4321 Marcioui

233 4352 492 4406 exhibere
516 4354 836 4422 hodieapml
862 4354 1154 4410 Ecclesium
1183 4371 1331 4411 suam
1362 4358 1554 4412 exinde
1585 4359 1828 4425 Spiritum

235 4443 324 4496 dei
366 4443 446 4497 sui
479 4445 567 4513 qui
606 4461 709 4498 non
740 4447 809 4500 sit
834 4447 1273 4518 exStingucndus,
1301 4458 1353 4502 ct
1380 4450 1684 4520 prophetias
1713 4467 1830 4520 qua!

237 4553 346 4590 non
375 4539 485 4591 sint
516 4537 663 4592 nihili
694 4537 974 4594 habenda).
1015 4540 1083 4594 Et
1126 4541 1169 4594 si
1195 4541 1436 4596 exhibuit
1463 4543 1603 4613 quod
1639 4554 1824 4612 putat,

235 4632 373 4685 sciat
408 4630 486 4703 (ἶ)
537 4647 632 4686 nos
683 4633 1056 4705 quodcumque
1097 4635 1223 4690 illud
1277 4636 1342 4690 ad
1399 4636 1624 4693 formant
1665 4639 1827 4709 spiri-

1933 3439 2310 3496 retrilmtorem
2359 3431 2528 3488 utrius
2551 3444 2635 3506 lue
2676 3427 2891 3493 meriti,
2923 3424 3151 3479 dicimus
3176 3423 3515 3480 circumferri

1932 3527 2290 3598 abApostolo.
2312 3533 2400 3580 aut
2420 3522 2756 3584 Creatorem,
2776 3525 2866 3571 aut
2901 3515 3068 3586 (quod
3099 3517 3231 3570 nolit
3259 3515 3516 3585 Marcion)

1934 3637 2115 3693 parem
2149 3616 2441 3685 Creatoris,
2491 3613 2632 3684 apud
2663 3626 2807 3681 quem
2852 3607 2924 3678 (c)
2942 3611 3144 3680 justum
3171 3609 3234 3663 sit
3258 3609 3525 3679 afflictam-

1935 3715 2071 3770 ribus
2100 3714 2284 3768 nostris
2317 3709 2525 3782 rependi
2554 3704 2946 3778 aﬂlictationent,
2981 3710 3028 3757 et
3058 3702 3199 3756 nobis
3249 3702 3334 3771 qui
3364 3701 3520 3772 amic.

1935 3818 2097 3863 temur
2127 3808 2414 3876 requietem,
2464 3803 2516 3854 in
2541 3796 2844 3853 reuelatione
2869 3793 3078 3848 Domini
3127 3793 3254 3849 Iesu
3275 3794 3519 3848 uenientis

1934 3917 1966 3952 (ι
1992 3899 2114 3953 caelo
2135 3913 2248 3951 cum
2273 3894 2465 3965 angelis
2487 3890 2682 3945 virtutis
2710 3902 2836 3946 suae,
2867 3886 2982 3938 etin
3008 3886 3218 3955 flamma
3242 3885 3394 3955 ignis.
3421 3885 3525 3939 Sed

1935 3993 2192 4061 ﬂammant
2236 3997 2283 4040 et
2332 3988 2498 4056 iguent
2528 3983 2757 4040 delcndo
2811 3985 2895 4056 (tl)
2933 3983 3214 4038 hmrcticns
3241 3977 3524 4040 exstinxit,

1938 4099 2003 4136 ne
2034 4080 2236 4134 scilicet
2281 4087 2575 4132 nostratem
2621 4077 2790 4131 Deum
2839 4075 3060 4130 iaceret.
3119 4072 3289 4129 Lucet
3340 4078 3520 4123 tamen

1937 4174 2148 4228 vanitas
2176 4171 2368 4224 litura}.
2402 4167 2534 4223 Cum
2566 4168 2710 4222 enim
2736 4166 2807 4220 ad
2831 4165 3075 4220 ultionem
3104 4173 3369 4217 venturum
3394 4159 3527 4213 scri-

1938 4267 2023 4325 bat
2070 4259 2358 4332 Apostolus
2403 4258 2678 4314 Dominum
2726 4256 3021 4328 exigendam
3050 4257 3112 4309 de
3139 4255 3210 4308 eis
3234 4254 3322 4322 qui
3365 4250 3528 4304 Deum

1934 4361 2185 4428 ignorent,
2212 4363 2258 4405 ct
2280 4353 2364 4422 qui
2399 4369 2498 4404 non
2525 4349 2799 4404 obaudiunt
2833 4347 3130 4419 Evangelia,
3157 4361 3284 4415 quos
3313 4343 3386 4396 ait
3416 4359 3519 4414 pa:-

1936 4467 2053 4504 nam
2103 4447 2217 4520 (il)
2251 4447 2486 4511 luitttros,
2537 4445 2810 4504 exitialem,
2851 4452 3114 4507 teternam,
3152 4457 3185 4493 a
3227 4439 3357 4509 facie
3413 4436 3525 4488 lto-

1936 4545 2078 4607 nu‘ni,
2105 4553 2153 4598 et
2191 4559 2222 4595 a
2248 4541 2410 4611 gloria
2449 4538 2680 4592 raleutite
2722 4538 2864 4605 eius;
2904 4535 3145 4604 sequitur
3172 4541 3229 4585 ut
3253 4530 3524 4584 ﬂammam

1939 4638 2072 4708 ignis
2102 4634 2338 4694 inducat,
2384 4630 2588 4684 scilicet
2618 4629 2841 4682 veniens
2865 4627 2931 4680 ad
2965 4622 3336 4696 puniendum;
3370 4619 3441 4674 ita
3470 4627 3524 4674 et

243 4723 369 4780 talis
397 4725 790 4796 ctprOphetica:
809 4728 991 4797 gratim
1020 4739 1178 4800 atque
1193 4730 1402 4785 virtutis
1422 4744 1832 4800 provocatums.
1859 4727 1913 4785 D
1941 4731 1992 4783 in
2020 4729 2123 4783 hoc
2147 4769 2163 4792 ,
2223 4723 2442 4780 nolente
2470 4719 2758 4784 Mareione,
2807 4715 3124 4773 crematoris
3156 4714 3247 4769 Dei
3279 4711 3525 4767 Cltrtsms

1448 4842 1740 4900 LECTION
1748 4844 1827 4901 ES
1862 4837 2280 4900 VARIANTES.

397 4933 537 4985 Enim
559 4933 679 4985 add.
700 4932 844 4986 Ober.
877 4941 982 4997 post
1001 4934 1152 4986 Seml.

402 4997 985 5064 Portentuosis-_Lnxuria
1005 5004 1100 5060 est,
1129 5007 1256 5063 turp.
1279 5012 1327 5064 q.
1352 5000 1506 5051 etim.
1548 5013 1645 5051 non
1684 5000 1833 5053 Rhea.

397 5059 620 5109 Adventu
639 5059 791 5111 Serui.

322 4999 354 5046 2

321 5063 355 5108 5

325 5121 378 5174 4)
395 5121 525 5172 Acte
550 5122 695 5174 Ober.

323 5185 376 5246 5)
403 5185 552 5234 Amos
574 5185 669 5236 ruit
685 5193 822 5246 ποι,
854 5190 900 5238 α
921 5186 1107 5238 merito.

325 5246 380 5299 tt)
399 5246 530 5298 Nihil
547 5249 687 5299 Pam.

357 4932 380 5311 ἓ

2024 4993 2077 5109 3i
2099 4993 2620 5106 Eliss‘é’lﬁ'f‘ﬁ‘fi’iae.

2029 5111 2105 5169 I0)
2131 5120 2350 5168 Animam
2381 5121 2541 5164 Venet.
2562 5111 2802 5164 mendose.

1996 5059 2350 5249 (tipatam
2374 5059 2675 5188 mare.

2022 5184 2074 5234 11
2123 5181 2321 5231 Paulam
2343 5189 2466 5240 quos
2486 5186 2551 5228 ait
2574 5178 2675 5227 Lat.

2023 4938 2050 4985 7
2096 4933 2232 4983 Scias
2256 4935 2414 4980 Venet.

2024 5001 2053 5047 8
2099 4993 2414 5067 Apostoluml

2024 4933 2350 5170 ihhisnméi
2374 5068 2414 5163 τιξ

1561 5357 2124 5419 COMMENTARIUS.

309 5471 467 5547 (ΖΔΒ.
487 5469 760 5547 XV.—(a)
777 5471 1038 5547 Sanctitas
1050 5473 1267 5530 luxuria
1284 5483 1354 5531 est
1370 5475 1694 5547 turpitudini,
1709 5485 1817 5530 etc.

232 5545 358 5600 Non
384 5543 520 5598 adeo
552 5543 713 5598 textui
763 5545 1108 5617 consentiunt
1157 5549 1244 5616 qui
1283 5543 1464 5617 legunt
1507 5549 1734 5606 tttxiiria.
1765 5556 1820 5604 et

232 5619 329 5687 qui
369 5616 506 5687 adeo
555 5627 734 5687 nomn
761 5614 1090 5671 Tertulliano
1140 5614 1434 5686 impingunt
1481 5619 1617 5672 male
1655 5619 1816 5673 habiti

235 5686 598 5750 matrimonii;
633 5699 756 5759 nam
792 5703 912 5759 qua}
956 5687 1199 5757 sequitur
1236 5689 1518 5759 particula,
1564 5705 1686 5754 non,
1726 5689 1826 5744 du-

235 5759 388 5811 bimn
416 5771 575 5811 mune
605 5757 759 5811 tollit.
789 5756 864 5811 LE
895 5758 988 5812 PB.

312 5828 397 5899 (b)
426 5828 796 5900 Continentiam
827 5840 873 5882 et
906 5831 1236 5897 virginitatem
1268 5831 1459 5900 nuptiis
1487 5840 1818 5895 anteponens.

230 5901 338 5970 Qui
390 5899 706 5969 virginitatis
734 5912 851 5954 vota
881 5911 935 5955 et
964 5902 1310 5957 continentia)
1341 5904 1674 5959 insectantur
1708 5903 1819 5958 lue-

1923 5470 2094 5537 retici,
2124 5468 2191 5524 ad
2223 5467 2362 5521 hunc
2385 5464 2582 5537 locum
2634 5461 2950 5537 advertant,
2982 5458 3525 5537 aliosqueplurimos

1923 5477 2094 5537 retici,
2124 5477 2191 5524 ad
2223 5477 2362 5521 hunc
2407 5477 2582 5519 locum
2634 5477 2913 5518 advertant
2933 5503 2950 5529 ,
2982 5477 3234 5586 altosque
3257 5477 3518 5529 plurimos

1923 5542 2062 5614 apud
2115 5542 2257 5614 hunc
2272 5535 2615 5614 __SCprl0I“.‘-llt
2633 5535 2739 5614 ,‘dc
2760 5535 2908 5588 Cultu
2929 5539 3094 5606 fam,
3163 5551 3190 5587 e
3224 5531 3370 5601 Virg.
3395 5531 3518 5591 vel.,

1924 5604 1978 5671 ei
2004 5615 2094 5668 lib.
2129 5612 2237 5667 lad
2263 5604 2530 5682 Uxorem._
2551 5604 2628 5659 La
2650 5604 2767 5682 Pa._
2861 5604 2936 5682 ως
3097 5674 3127 5682 ,,
3328 5671 3384 5682 Α.
3436 5669 3491 5682 η.

1999 5685 2155 5741 CAP.
2181 5675 2701 5748 XVI.——(c)1ustt_tm
2726 5677 2790 5729 sit
2815 5674 3200 5741 a/[lictatoribus
3225 5669 3527 5748 nostris.Sic

1928 5759 2066 5812 istud
2091 5756 2240 5809 verti;
2260 5752 2299 5806 II
2323 5746 2596 5804 'I‘ttesSaH.
2613 5746 2685 5799 Gr
2703 5761 2799 5800 ccc
2814 5750 2869 5799 ἂν
2889 5749 3149 5800 ἀποδυῦναι
3172 5747 3269 5801 τοῖς
3292 5747 3523 5804 allegauit

1933 5839 2076 5894 ἡμᾶς.
2114 5827 2245 5881 Ρμι.
2616 5891 2626 5894 _
2830 5889 2841 5894 _
2880 5889 2891 5894 _
2982 5889 2991 5894 λ
3099 5886 3140 5894 “
3178 5885 3188 5894 _
3221 5883 3271 5894 η

2109 5858 2503 5968 ’βιωωιηηι
2531 5902 2575 5946 et
2610 5891 2776 5961 ignem
2806 5889 3043 5944 dolendo.
3099 5885 3191 5943 Vel
3221 5883 3344 5940 hinc
3375 5887 3522 5954 patet
