4268 6492
695 319 794 382 511

2098 319 2558 381 TERTULLIANI

3877 311 3997 371 5η

697 446 782 492 est
808 436 909 505 (l).
960 444 1017 492 et
1042 435 1094 491 in
1128 436 1218 492 illo
1255 433 1523 493 Creatoris
1548 444 1650 502 est,
1681 434 1821 508 quod
1849 436 2010 491 etiam
2048 434 2117 491 de
2144 438 2286 506 iguo-
2318 447 2365 507 Α
2391 438 2548 509 quale
2578 445 2677 503 est,
2708 442 2765 490 ut
2796 436 2866 490 illi
2899 434 3124 492 Satanas
3159 435 3381 507 angelus
3407 434 3680 491 Creatoris
3710 432 3779 489 sit
3803 445 3997 488 neces-

698 529 941 583 rantibus
966 528 1244 584 Dominum
1274 528 1566 596 ulciscitur,
1599 528 1649 583 id
1667 539 1749 585 est
1768 527 1837 584 de
1856 527 2107 583 ctlmicis.
2127 527 2288 584 Scor-

701 634 820 675 sum
877 621 1022 676 enim
1076 621 1256 691 posuit
1307 620 1582 694 Evangelia
1629 635 1730 674 non
1775 619 2134 687 obaudienles,
2182 621 2295 677 sive

702 711 1030 766 christianos
1060 722 1387 781 peccatores.
1421 713 1533 766 sive
1561 710 1800 766 Judaeos.
1840 711 2008 765 Porro
2033 710 2100 765 de
2123 712 2297 767 ethni-

705 803 786 858 cis
812 803 1032 872 exigere
1061 818 1268 873 pmuas,
1292 803 1379 869 qui
1407 801 1757 871 Evangeliunt
1782 800 1917 856 forte
1958 816 2062 855 non
2094 803 2293 865 norint.

705 909 815 951 non
840 906 922 950 cst
950 896 1040 949 Dei
1065 895 1181 965 ejus
1235 896 1324 966 qui
1358 894 1671 948 naturaliter
1710 894 1778 948 sit
1805 894 2031 965 ignotus,
2078 908 2179 950 nec
2207 910 2296 950 us-

707 1003 864 1060 quam
908 989 1007 1044 nisi
1056 989 1107 1044 in
1149 988 1440 1059 Evangelia
1476 989 1545 1043 sit
1590 988 1887 1056 revelatus,
1918 1004 2023 1042 non
2052 990 2301 1044 omnibus

706 1084 935 1142 scihilis.
964 1083 1396 1140 Creatoriautcm
1421 1083 1579 1139 etiam
1614 1082 2053 1151 naturaliagnitio
2076 1082 2303 1139 debetur

710 1191 775 1232 cx
804 1176 1055 1245 Operibus
1094 1174 1468 1245 intelligendo,
1498 1183 1553 1229 et
1592 1174 1853 1229 exiudein
1887 1174 2179 1244 pleniorem
2207 1190 2303 1228 nu-

710 1267 879 1323 titiam
947 1266 1291 1338 requirendo.
1344 1266 1489 1321 Illius
1519 1274 1603 1321 est
1630 1280 1758 1337 ergo
1796 1266 1955 1320 etiam
2000 1266 2304 1336 ignorantes

713 1361 879 1417 Deum
904 1360 1163 1430 plectere,
1202 1375 1359 1427 quem
1399 1374 1504 1415 non
1532 1359 1690 1415 liceat
1715 1360 1943 1430 ignorari
1992 1358 2096 1432 (2).
2127 1360 2302 1430 Ipsum

711 1452 852 1525 quod
882 1452 988 1507 ait:
1039 1454 1081 1506 Α
1116 1454 1248 1524 facie
1274 1451 1489 1505 Domini
1515 1462 1562 1507 et
1606 1469 1638 1504 a
1686 1452 1850 1522 gloria
1885 1452 2118 1505 valentia:
2144 1453 2254 1520 ejus
2284 1493 2299 1517 ,

711 1547 888 1601 verbis
910 1560 1033 1601 usus
1061 1546 1230 1602 Esaiae
1260 1545 1360 1619 (ls.
1382 1544 1542 1618 ll,l9)
1576 1560 1678 1601 :ex
1706 1547 1816 1616 ipsa
1838 1559 2025 1601 caussa
2057 1545 2304 1602 eumdem

712 1640 853 1711 sapit
883 1639 1165 1693 Dominum
1189 1649 1597 1709 consurgentem
1620 1682 1634 1701 ,
1667 1650 1723 1693 ut
1751 1640 2058 1694 comminuat
2096 1648 2303 1695 terram.

712 1730 845 1799 Quis
892 1739 1070 1785 autem
1098 1740 1180 1785 est
1228 1730 1305 1802 (a)
1349 1731 1501 1785 homo
1549 1731 1719 1787 delicti
1748 1771 1762 1795 ,
1797 1732 1935 1801 ﬁlius
1967 1732 2267 1802 perditionis
2291 1774 2306 1797 ,

714 1837 859 1892 quem
884 1821 1098 1876 revelari
1121 1822 1262 1890 prius
1284 1831 1477 1892 oportet
1504 1831 1623 1876 ante
1641 1821 1851 1877 Domini
1869 1823 2136 1877 adventum
2157 1866 2171 1890 ,
2203 1839 2308 1878 επ-
2339 1853 2385 1913 Β

722 1915 903 1970 tollens
940 1931 992 1970 se
1035 1931 1186 1987 super
1226 1932 1372 1969 omne
1395 1916 1530 1986 quod
1580 1913 1718 1970 Deus
1757 1916 1960 1981 dicitur,
2022 1927 2069 1971 et
2110 1934 2309 1972 onmem

715 2008 1052 2079 religionem;
1109 2009 1555 2083 confessurasj(5)
1598 2010 1651 2065 in
1692 2013 1877 2081 templo
1921 2011 2016 2065 Dei
2054 2022 2102 2066 et
2150 2012 2308 2067 Demn

720 2117 774 2156 se
792 2103 1130 2173 jactaturus?
1176 2094 1479 2158 Secundum
1531 2120 1629 2159 nos
1668 2105 1881 2176 quidem
1910 2106 2267 2161 Autichristus
2293 2149 2309 2172 ,

719 2202 778 2247 ut
817 2193 1013 2248 docent
1057 2204 1267 2250 veteres
1315 2207 1369 2250 ct
1403 2212 1556 2251 ηονυε
1605 2197 1935 2266 prophetiae;
1977 2207 2033 2252 ιιι
2077 2198 2313 2254 .Ioanucs

719 2285 1012 2357 apostolus,
1040 2287 1131 2356 qtti
1172 2287 1284 2357 jam
1307 2288 1651 2342 antichristus
1671 2288 1797 2342 dicit
1821 2288 1860 2353 (I
1882 2286 2038 2343 Joan.
2060 2289 2158 2356 ιν,
2178 2293 2229 2356 1,
2256 2290 2312 2359 2)

721 2379 1049 2447 processisse
1083 2381 1135 2432 in
1162 2379 1413 2433 mundum
1435 2420 1450 2444 ,
1485 2394 1846 2449 prmcursorcs
1873 2381 2181 2436 Antichristi
2204 2381 2313 2453 spi-

724 2470 881 2533 ritus,
914 2479 1169 2541 nrgantes
1198 2469 1468 2525 Christum
1501 2472 1551 2525 iu
1583 2486 1746 2527 carne
1776 2473 2006 2538 venisse,
2030 2482 2082 2527 ct
2103 2473 2316 2528 solven-

724 2569 805 2616 tes
832 2562 1046 2628 Jesuut,
1079 2563 1283 2618 scilicet
1311 2565 1360 2619 in
1396 2564 1503 2619 Deo
1548 2563 1825 2621 Creatorc.
1851 2565 2154 2621 Secundum
2188 2582 2316 2620 vero

724 2651 1083 2719 Marcioaem,
1131 2655 1345 2721 nescio,
1379 2671 1447 2710 ne
1485 2656 1731 2711 Christus
1775 2657 1844 2711 sit
1884 2656 1963 2726 (4)
2008 2656 2312 2713 Creatoris:

725 2744 960 2799 nomium
993 2748 1133 2801 enim
1170 2747 1251 2819 (ὅ)
1289 2748 1433 2802 venit
1469 2749 1606 2818 apud
1643 2749 1810 2803 illum.
1843 2732 2092 2821 Quisquis
2124 2760 2206 2806 est
2233 2752 2313 2824 (6)

727 2846 906 2891 autem
941 2853 1009 2891 ex
1045 2838 1287 2904 duobus,
1323 2855 1505 2909 qurere
1525 2882 1538 2904 ,
1582 2855 1677 2894 cur
1704 2842 1868 2894 veniat
1897 2842 1949 2895 in
1975 2845 2111 2896 omni
2140 2844 2319 2898 virtute

730 2936 779 2982 et
806 2928 963 2998 signis
989 2937 1034 2981 rt
1062 2932 1267 2984 ostentis
1292 2932 1542 2986 mendacii
1564 2932 1588 2986 2’
1618 2932 1918 3005 Propterea,
1950 2935 2153 3005 inquit,
2182 2938 2318 3007 quod

729 3018 1047 3073 dilectionem
1071 3022 1293 3078 veritatis
1318 3041 1421 3078 non
1445 3028 1775 3096 susceperint,
1805 3036 1857 3079 ut
1886 3028 2014 3082 salvi
2038 3039 2197 3084 essent
2231 3041 2317 3093 ;ct

730 3122 938 3183 promer
977 3114 1073 3168 ltoe
1113 3116 1206 3169 erit
1236 3115 1315 3187 (7)
1366 3119 1436 3172 eis
1469 3120 1766 3173 instinctum
1792 3120 2047 3191 fallacias,
2081 3134 2134 3175 at
2172 3124 2320 3193 judi-

733 3215 909 3257 centnr
931 3221 1101 3260 onmrs
1130 3209 1218 3273 qui
1249 3226 1349 3262 non
1391 3211 1709 3265 crediderunt
1739 3214 1969 3281 veritati,
1998 3215 2087 3268 sed
2112 3232 2322 3270 consen-

736 3304 911 3349 serant
956 3297 1228 3366 iniquitati.
1282 3299 1445 3371 Igitur
1494 3303 1537 3357 si
1592 3303 1950 3360 Antichristns
1986 3315 2067 3360 est
2106 3305 2189 3378 (8)
2230 3324 2317 3364 se-

734 3387 965 3442 cuudtuu
993 3388 1299 3446 Creatorem
1338 3391 1442 3463 (9).
1492 3393 1632 3449 Deus
1671 3396 1774 3450 erit
1798 3394 2034 3462 Creator,
2068 3399 2156 3468 qui
2198 3387 2324 3454 eum

674 3512 678 3517 ι
738 3477 898 3533 mittit
928 3478 993 3534 ad
1016 3481 1383 3553 impingendos
1404 3499 1497 3539 eos
1520 3486 1570 3539 in
1602 3501 1864 3550 errorem,
1899 3490 1985 3557 qui
2018 3505 2121 3544 non
2151 3490 2325 3546 credi-

740 3569 933 3627 derunt
961 3573 1172 3629 veritati
1202 3584 1260 3630 ut
1283 3578 1411 3632 salvi
1446 3578 1671 3645 tierent,
1712 3580 1952 3649 ejusdem
2000 3584 2103 3638 erit
2130 3584 2327 3639 veritas

741 3670 797 3718 et
825 3663 991 3731 salus,
1023 3666 1111 3735 qui
1157 3682 1223 3721 ex
1260 3669 1532 3723 submissu
1575 3674 1775 3727 erroris
1806 3674 2120 3741 ulciscitur,
2154 3675 2205 3730 id
2247 3684 2330 3731 est

742 3753 1035 3822 Creatoris,
1078 3758 1161 3812 eui
1193 3767 1248 3814 et
1277 3763 1535 3831 competit
1560 3764 1704 3818 zelus
1734 3765 1847 3834 ipse
1875 3782 2060 3822 errore
2083 3766 2331 3837 decipere

745 3863 881 3920 quos
906 3852 1129 3907 veritate
1158 3869 1262 3908 non
1293 3858 1453 3925 cepit.
1508 3856 1564 3912 Si
1602 3874 1730 3915 vero
1754 3875 1857 3915 non
1886 3872 1967 3917 est
1988 3862 2335 3922 antichristus

748 3942 1041 3997 secundum
1073 3960 1193 4013 nos,
1216 3962 1347 4017 ergo
1366 3948 1612 4004 Christus
1641 3962 1721 4005 est
1748 3953 2018 4009 Creatoris
2044 3957 2335 4013 secundum

750 4031 1093 4090 Mat-nionem.
1136 4036 1202 4092 Et
1249 4039 1403 4109 quale
1448 4042 1551 4095 erit
1592 4043 1726 4097 utail
1757 4044 2111 4102 ulciscendam
2140 4050 2334 4104 verita-

750 4137 858 4184 tem
902 4143 1051 4185 suam
1083 4174 1098 4198 ,
1151 4132 1422 4189 Christum
1453 4135 1695 4192 Creatori
1739 4135 1854 4212 (10)
1882 4139 2200 4196 submittat?
2230 4142 2333 4199 Sed

752 4222 877 4276 etsi
910 4220 1026 4294 (ll)
1060 4223 1127 4279 dc
1166 4225 1493 4282 Antichristo
1520 4233 1808 4298 consentit,
1838 4232 2062 4302 proinde
2083 4231 2334 4303 dixerim,

2399 532 2594 596 sarius,
2625 539 2678 585 et
2699 529 2962 584 occidatur
2980 528 3043 583 ab
3067 544 3148 593 eo,
3182 529 3386 586 habens
3424 528 3647 583 fallacize
3677 526 4003 598 operatione

2401 624 2547 694 fungi
2578 622 2861 678 Creatori?
2915 621 2968 676 ln
3006 637 3251 690 summa,
3292 623 3339 678 si
3378 621 3733 677 indubitatum
3762 631 3844 675 cst
3873 619 4004 689 ejus

2400 730 2522 772 esse
2545 724 2599 770 et
2624 714 2870 785 angelum
2891 757 2906 779 ,
2960 722 3017 769 et
3050 714 3327 771 veritatem
3350 756 3364 780 ,
3394 722 3448 769 et
3476 713 3728 780 salutem,
3760 712 3916 782 cujus
3943 722 4007 768 et

2404 808 2478 862 ira
2498 848 2513 871 ,
2547 814 2602 862 et
2629 806 2919 873 aemulatio,
2952 814 3009 861 et
3036 804 3260 861 fallacia:
3286 806 3551 862 immissio
3576 804 3836 861 adversus
3859 818 3997 859 eon-

2404 908 2699 971 temptores
2736 908 2790 955 et
2824 899 3160 965 desultorcs,
3206 899 3369 955 etiam
3399 899 3658 955 adversus
3688 898 4003 968 ignorantes

2407 990 2490 1063 (ut
2508 994 2617 1061 jam
2639 1000 2692 1047 et
2722 990 2954 1047 Marcion
2980 991 3047 1047 de
3072 991 3238 1062 gradu
3264 991 3440 1057 cedat,
3475 991 3640 1047 Deum
3662 1004 3876 1061 quoque
3904 1002 3999 1043 ze-

2408 1082 2553 1139 lotcn
2576 1082 2903 1154 concedens)
2928 1124 2944 1149 ,
2982 1083 3103 1154 quis
3144 1082 3358 1153 dignius
3385 1082 3646 1137 irascetur
3666 1083 3691 1134 ἲ
3719 1080 3878 1146 Puto,
3906 1079 4003 1150 qui

2406 1190 2436 1229 a
2472 1174 2764 1245 primordio
2802 1190 2980 1231 rerum
3021 1184 3266 1231 naturam
3316 1174 3434 1248 (12)
3483 1175 3759 1245 operibus,
3792 1174 4005 1229 beneli-

2407 1267 2527 1332 ciis,
2573 1267 2757 1337 plagis,
2794 1266 3266 1337 praedicationibus
3312 1268 3454 1339 (l3).
3492 1268 3716 1323 testibus
3753 1265 3820 1321 ad
3852 1266 4006 1337 agni-

2410 1360 2608 1416 tionem
2643 1361 2724 1415 sui
2753 1363 3202 1431 prmstruxit,uec
3240 1368 3417 1415 tamen
3434 1360 3641 1430 agnitus
3654 1367 3768 1423 est;
3791 1373 3857 1412 an
3881 1356 4005 1429 (Η)

2410 1455 2499 1525 qui
2526 1455 2690 1510 semel
2722 1454 2880 1510 unico
2927 1453 3042 1525 (l5)
3075 1453 3347 1524 Evangelii
3394 1453 3771 1517 instrumento,
3802 1462 3859 1508 et
3887 1454 4008 1522 ipso

2411 1546 2636 1612 incerto,
2666 1560 2768 1601 nec
2787 1545 2961 1616 palam
2988 1544 3153 1600 alium
3186 1544 3355 1600 Deum
3387 1543 3733 1615 przedicante,
3765 1542 4002 1613 produc-

2413 1648 2498 1692 tus
2525 1646 2605 1692 est
2629 1637 2653 1690 ?
2681 1637 2753 1692 Ita
2779 1637 2862 1692 cui
2892 1637 3147 1707 competit
3170 1635 3427 1703 vindicta,
3451 1644 3507 1691 et
3532 1643 3805 1706 competet
3826 1643 3998 1690 mate-

2414 1731 2489 1786 ria
2518 1730 2767 1786 vindictrr.
2798 1747 2811 1783 :
2844 1728 3191 1800 Evangelium
3224 1727 3379 1794 dico,
3412 1736 3467 1783 et
3491 1728 3715 1792 veritas,
3757 1734 3812 1781 et
3837 1725 4005 1781 salus.

2414 1823 2609 1880 lubere
2639 1832 2817 1878 autem
2850 1822 3051 1891 aperari
3076 1838 3192 1876 eum
3218 1822 3304 1887 qui
3333 1821 3450 1875 velit
3488 1820 3840 1887 manducare,
3890 1818 4008 1887 ejus

2415 1916 2696 1989 disciplina
2738 1924 2819 1972 est
2874 1916 2963 1985 qui
3006 1915 3126 1971 bovi
3180 1913 3447 1969 trituranti
3476 1927 3538 1967 os
3569 1911 3793 1967 liberum
3820 1909 4001 1980 jussit.

2994 2005 3222 2063 CAPUT
3266 2003 3429 2061 XVII.

2488 2102 2744 2157 Ecclesia:
2760 2100 2975 2172 quidem
3002 2101 3228 2155 veritate
3247 2098 3540 2168 Epistolam
3568 2097 3724 2151 istam
3751 2094 3818 2148 ad
3834 2091 4008 2161 Ephe-

2415 2194 2516 2247 sios
2547 2193 2802 2247 habemus
2832 2192 3080 2245 emissam
3115 2189 3204 2263 (In
3249 2188 3348 2259 Ep.
3379 2187 3445 2241 ad
3479 2186 3614 2257 Eph.
3645 2186 3737 2241 let
3761 2183 3855 2257 ll),
3894 2199 4001 2239 non

2416 2286 2483 2340 ad
2518 2282 2829 2338 Laodicenos
2864 2281 2963 2354 (li);
3003 2282 3097 2337 sed
3138 2281 3375 2336 Marcion
3407 2279 3457 2333 ci
3487 2278 3694 2332 titulum
3714 2274 4004 2345 aliquando

2417 2379 2743 2448 interpolare
2784 2378 2995 2447 gestiit,
3045 2376 3195 2446 quasi
3235 2386 3290 2429 et
3330 2374 3381 2427 in
3421 2373 3523 2426 isto
3560 2367 4001 2439 diligentissimus

2416 2473 2743 2543 explorator.
2788 2469 2927 2525 Nihil
2970 2478 3145 2523 autem
3177 2466 3246 2522 dc
3294 2465 3459 2520 titulis
3505 2464 3749 2525 interest,
3780 2475 3902 2515 cum
3930 2456 3998 2514 ad

2417 2580 2606 2620 omnes
2636 2562 2926 2633 Apostolus
2955 2560 3253 2630 scripserit.
3281 2558 3408 2613 dum
3436 2555 3501 2610 ad
3534 2554 3832 2625 quosdam;
3861 2562 4010 2608 certe

2418 2669 2595 2713 tamen
2624 2650 2755 2712 euut
2780 2655 2947 2709 Deum
2990 2652 3284 2723 praedicans
3314 2651 3369 2706 in
3394 2649 3630 2713 Christo,
3671 2648 3756 2701 eui
3785 2659 4007 2715 compe-

2419 2760 2539 2805 tunt
2565 2764 2684 2819 qua:
2707 2748 3081 2817 praedii-antur.
3115 2743 3208 2799 Cui
3239 2757 3369 2813 ergo
3395 2748 3707 2809 competent
3732 2738 4011 2793 secundum

2421 2844 2537 2898 boui
2566 2840 3021 2904 existimationem,
3044 2854 3195 2909 quam
3238 2834 3556 2907 proposuerit
3594 2833 3648 2886 in
3688 2838 4008 2886 sacramento

2420 2935 2693 2991 voluntatis
2717 2949 2842 2997 sure,
2874 2933 2924 2985 in
2955 2930 3379 3000 dispensationem
3413 2923 3789 2995 aditnpletionis
3818 2932 4014 2992 tempo-

2420 3045 2532 3082 rum
2556 3028 2635 3095 (ut
2667 3027 2737 3080 ita
2764 3025 3013 3089 dixerim,
3055 3024 3192 3077 sicut
3212 3021 3432 3077 verbum
3456 3018 3582 3074 illud
3611 3019 3662 3072 in
3692 3030 3870 3088 ειωοο
3910 3031 4006 3071 so-

2425 3119 2539 3191 nat)
2566 3118 2897 3188 recapitulare
2934 3116 3009 3189 (id
3042 3125 3121 3170 est
3144 3157 3158 3179 ,
3206 3112 3272 3168 ad
3304 3112 3513 3167 initium
3542 3109 3805 3180 redigere,
3837 3107 3921 3163 vel
3946 3107 4016 3161 ah

2349 3240 2394 3303 ρ
2429 3212 2579 3267 initio
2600 3208 2906 3282 recensere)
2948 3210 3118 3263 omnia
3144 3209 3197 3262 in
3223 3206 3504 3269 Christum,
3537 3218 3651 3274 quas
3677 3203 3732 3256 in
3753 3200 3896 3256 catis
3916 3241 3932 3266 ,
3970 3209 4018 3255 et

2428 3322 2543 3377 qua:
2562 3306 2614 3359 in
2642 3305 2829 3369 terris;
2862 3303 2962 3358 nisi
2991 3302 3145 3371 cujus
3172 3309 3329 3355 crunt
3358 3296 3537 3352 omnia
3562 3296 3631 3350 ah
3651 3292 3823 3358 initio,
3851 3292 4020 3348 etiam

2428 3400 2601 3470 ipsum
2646 3399 2874 3461 initium.
2898 3411 2929 3450 a
2954 3412 3060 3466 quo
3085 3405 3139 3450 et
3168 3403 3408 3463 tempora
3430 3399 3484 3447 et
3513 3399 3814 3460 temporum
3843 3384 4026 3440 adim-

2429 3491 2689 3563 pletiones
2728 3488 2843 3561 (lli)
2866 3531 2880 3553 ,
2931 3486 3281 3557 dispensatio,
3330 3483 3400 3539 ob
3430 3496 3588 3552 quam
3615 3476 3791 3533 omnia
3817 3478 3885 3534 ad
3921 3477 4031 3533 ini-

2434 3584 2563 3638 tium
2586 3594 2931 3638 receuseutur
2953 3581 3005 3634 in
3022 3576 3269 3633 Christo?
3300 3572 3533 3631 Alterius
3546 3579 3723 3626 autem
3745 3568 3862 3636 Dei,
3879 3567 4030 3638 quod

2433 3674 2641 3728 initium
2666 3714 2676 3734 .
2712 3670 2762 3726 id
2791 3681 2873 3726 est
2903 3669 3040 3723 unde
3060 3711 3076 3736 ,
3107 3668 3262 3737 cujus
3283 3679 3418 3734 opus
3438 3663 3641 3717 nullum
3665 3662 3688 3715 2
3716 3674 3836 3731 qua:
3867 3666 4023 3714 tem~

2437 3782 2563 3838 pora
2611 3766 2727 3821 sine
2767 3763 2953 3819 initio?
2992 3777 3111 3834 qua:
3151 3756 3464 3828 adimplctio
3497 3756 3614 3810 siue
3641 3751 3978 3823 temporibus
4008 3751 4036 3805 Ῥ

2435 3877 2556 3931 qua:
2593 3858 2923 3930 dispensatio
2966 3857 3083 3911 sine
3126 3850 3559 3924 adimpletione?
3602 3848 3858 3918 denique,
3898 3845 4038 3917 quid

2441 3956 2496 4013 in
2527 3955 2685 4011 terris
2728 3954 2838 4023 egit
2880 3952 2989 4022 jam
3023 3949 3172 4014 olim,
3201 3955 3261 4002 ut
3312 3946 3468 4015 longa
3509 3942 3684 4012 aliqua
3729 3950 4040 4010 temporum

2442 4044 2902 4117 adimpleudorum
2930 4041 3260 4112 dispensatio
3284 4045 3580 4107 reputetur,
3606 4031 3672 4086 ad
3699 4031 4043 4087 recensenda

2443 4141 2621 4198 omnia
2650 4139 2702 4193 in
2727 4137 2946 4194 Christo
2966 4177 2981 4202 ,
3011 4135 3172 4190 etiam
3201 4146 3321 4202 qua:
3357 4129 3409 4184 in
3436 4125 3619 4183 caelis?
3664 4121 3773 4179 Nec
3804 4122 3857 4177 iu
3884 4122 4051 4178 etatis

2445 4244 2621 4291 autem
2646 4247 2732 4289 res
2756 4232 2823 4287 ab
2847 4230 3019 4285 altero
3045 4235 3194 4283 actas
3223 4219 3651 4281 existimabimus
3685 4230 4050 4288 quacumque

1962 4344 2339 4404 LECTIONES
2382 4343 2791 4404 VARIANTES.

922 4450 1005 4502 Est
1028 4448 1177 4504 omitt.
1200 4455 1339 4504 Pam.

924 4514 1153 4576 Iguorare
1176 4519 1318 4567 Pam.

924 4577 1283 4627 Consecuturus
1303 4577 1369 4630 al.

818 4448 863 4507 (1

848 4514 874 4562 2

848 4578 875 4622 3

820 4450 863 4507 (1
922 4450 1005 4502 Est
1028 4450 1177 4504 omitt.
1200 4455 1339 4504 Pam.

848 4514 874 4562 ἐ
924 4514 1153 4576 Iguorare
1176 4519 1318 4567 Pam.

848 4578 875 4622 3
924 4577 1283 4646 tionsecuturus
1303 4577 1369 4630 al.

848 4638 871 4685 t
922 4637 1021 4711 rust
1044 4641 1109 4690 sit
1123 4640 1344 4709 Christus
1371 4652 1550 4695 u’ouw.
1577 4657 1641 4696 ue
1661 4644 1878 4697 Christus
1893 4646 1957 4697 sit
1976 4644 2127 4697 Scml.

848 4701 878 4748 5
926 4699 1063 4749 latum
1080 4708 1231 4754 attuli.
1260 4707 1399 4755 Pam.

826 4762 881 4819 (tl
931 4762 1176 4814 listomitt.
1204 4767 1356 4817 Fran.

848 4699 900 4755 5)
926 4699 1063 4749 Enim
1080 4699 1231 4754 αηὶιι.
1260 4707 1399 4755 Pam.

826 4762 902 4819 (tl)
931 4762 1012 4812 list
1026 4762 1176 4814 omitt.
1204 4767 1356 4817 Fran.

825 4825 902 4881 (ἲ)
932 4825 1069 4875 Dabit
1096 4828 1196 4878 Iltl.

830 4887 906 4951 (κ)
932 4886 989 4939 Et
1013 4892 1151 4941 Pam.

2511 4462 2586 4525 (9)
2610 4458 2890 4525 secundum
2906 4470 3012 4525 nos,
3037 4453 3247 4525 e_t__Deus
3262 4452 3371 4506 cod.
3401 4453 3588 4506 Wouw.

2516 4519 2620 4582 (l0)
2645 4522 2890 4575 Creatoris
2911 4520 3020 4572 cod.
3055 4519 3244 4570 Wouw.

2547 4582 2623 4635 11)
2646 4586 2698 4634 Si
2721 4582 2871 4635 omitt.
2899 4586 3039 4633 Pam.

2548 4644 2624 4698 121
2650 4647 2845 4698 Natura:
2863 4644 2972 4696 cod.
3002 4653 3181 4693 tt‘oatv.

2516 4708 2621 4767 (15)
2645 4708 3039 4759 Pratdicationum
3061 4708 3202 4756 Pam.

2548 4770 2623 4821 Hi
2646 4772 2752 4821 Nec
2773 4770 2883 4821 cod.
2910 4780 3088 4819 ttv'ouw.

2552 4830 2626 4883 liii
2650 4834 2795 4883 Unito
2814 4830 2925 4883 cod.
2952 4832 3138 4883 Wouw.

2604 4710 2626 4963 ἓ

2378 4875 2433 4935 1)
2520 4875 2626 4963 (ἰός
2651 4875 3018 4947 summa.

2079 5004 2629 5065 COMMENTARIUS.

772 5151 958 5215 verum
985 5141 1267 5215 essequod
1291 5142 1477 5199 scribit
1518 5144 1577 5199 Β.
1599 5144 1924 5215 Epiphanius
1952 5144 2191 5199 adversus
2217 5142 2361 5215 Marg

774 5210 969 5287 tionem
996 5211 1126 5287 nihil
1148 5210 1229 5268 se
1256 5215 1416 5287 etiam
1449 5210 1677 5272 tractare
1702 5210 1785 5273 'de
1813 5216 1913 5272 hac
1935 5216 2194 5287 Epistola,
2220 5213 2362 5285 quod

778 5281 1010 5354 nimium
1022 5282 1131 5351 jam
1156 5286 1430 5354 pervertit.
1459 5287 1595 5343 ΡΑιι.

853 5351 928 5428 (ἒ)
951 5351 1133 5428 ﬂama
1149 5351 1341 5428 delicti.
1361 5358 1502 5413 Satis
1526 5358 1764 5427 ettplicat
1787 5358 1967 5414 statim
1994 5358 2084 5428 qui
2107 5357 2178 5413 sit
2205 5358 2366 5412 homo

781 5421 985 5500 delicti,
1011 5423 1373 5500 Antichristus
1397 5421 1633 5495 scilicet;
1666 5445 1771 5500 quo
1800 5421 2368 5500 nomine'hlarcionitas

784 5508 889 5575 ilbi)
910 5495 1039 5575 θυαε.
1070 5497 1158 5566 (ιιιί
1183 5498 1371 5575 eadem
1391 5495 1728 5575 perpetrasse
1750 5500 1996 5555 videntur
2022 5515 2140 5570 qua:
2163 5499 2231 5555 de
2261 5502 2371 5554 An-

788 5565 1030 5620 tit'ltristn
1060 5565 1310 5633 prmdicta
1341 5565 1593 5627 stintﬁLI:
1633 5572 1729 5628 Ρη.

859 5634 1467 5720 t't\l’._Z(Yll.T-(bjlYOtt
1486 5642 1909 5720 ad_l:aotli_cenos.
1925 5641 2265 5720 Errantsane
2285 5641 2373 5712 qui

788 5717 980 5831 Putant.
1009 5707 1298 5776 Epistulam
1323 5712 1485 5767 luisse
1505 5714 1570 5768 ad
1589 5714 1915 5769 Laodicenos
1936 5707 2372 5784 scriptam,quam

814 5793 879 5830 uc
905 5794 1122 5831 mnuere
1135 5780 1342 5831 videtur
1360 5798 1424 5831 ex
1448 5783 1713 5831 Marciane.
1724 5784 2101 5831 Tertulliamts:
2120 5800 2239 5831 nam
2252 5799 2372 5831 nttm

814 5780 879 5855 tie
905 5780 1122 5834 iunuere
1135 5780 1342 5855 videtur
1360 5798 1425 5839 cx
1448 5783 1713 5840 Marciane
1724 5780 2103 5855 Tertulliauus;
2120 5780 2243 5839 nam
2252 5799 2372 5855 qua:

792 5848 1083 5920 fragmenta
1104 5852 1337 5911 citantur
1370 5855 1631 5912 habentur
1650 5871 1767 5930 cap.
1792 5853 1859 5912 IV
1878 5854 2048 5927 Epist.
2072 5848 2138 5912 ad
2167 5848 2367 5928 Eplies.

2465 5144 2720 5201 Errorem
2758 5144 2908 5200 dedit
2956 5142 3328 5212 interpretatio
3361 5156 3550 5213 parum
3595 5146 3843 5197 accurata
3876 5137 3953 5194 IV
3998 5142 4077 5197 ad

2466 5215 2673 5272 Coloss.
2705 5216 2790 5271 ubi
2816 5215 3037 5271 habetur
3073 5225 3163 5269 στὶ-ν
3200 5221 3252 5268 ἐκ
3272 5217 3577 5274 Λιοδιιιίας.
3609 5219 3883 5269 verterunt
3902 5214 4073 5267 enim

2467 5304 2579 5344 eam
2608 5304 2720 5354 quia
2763 5296 2835 5341 est
2872 5286 2940 5340 ad
2973 5284 3307 5339 Laodiceuses
3332 5325 3347 5350 ,
3395 5299 3516 5340 cum
3548 5282 3862 5341 vertendum
3888 5293 4079 5354 esset

2469 5376 2581 5437 eam
2605 5351 2718 5437 qua:
2742 5374 2803 5413 ατ
2844 5358 2963 5412 urbe
3002 5355 3293 5437 Laotlictea.’
3316 5355 3587 5437 Epistula
3626 5354 3714 5409 illa
3744 5368 3862 5437 qum
3888 5351 4079 5437 hgdie

2470 5422 2843 5486 circumfertur
2866 5471 2897 5499 ,ν
2913 5426 3218 5499 apocrypha
3246 5422 3457 5499 videtur
3470 5436 3523 5481 et
3546 5425 3899 5499 supposititia.
3920 5422 4085 5499 Bea-

2473 5511 2559 5556 tus
2610 5500 2827 5555 llieron.
2872 5495 3151 5567 deEpi'sl.
3184 5498 3275 5553 illa
3322 5497 3387 5552 ad
3416 5496 3563 5552 Laod
3624 5496 3757 5551 falsa
3787 5503 3841 5551 et
3862 5495 4083 5562 explo-

2474 5572 2645 5626 denda
2675 5572 2945 5626 lottuitur:
2996 5579 3288 5626 nutantque
3318 5567 3560 5623 nonnulli
3586 5568 3811 5626 primam
3844 5578 3980 5621 esse
4014 5567 4082 5623 ad

2512 5578 2645 5626 entia
2676 5578 2945 5626 lottttitur:
2996 5579 3288 5626 nutantque
3318 5578 3560 5623 nonnulli
3586 5578 3811 5626 primam
3844 5578 3980 5621 esse
4014 5583 4047 5622 θ

2474 5582 2645 5626 demta
2677 5582 2945 5641 loquitur:
2996 5582 3288 5639 putantque
3318 5582 3560 5623 nonnum
3586 5582 3811 5638 prunam
3844 5582 3980 5621 esse
4014 5582 4082 5623 ad

2474 5643 2817 5699 Timotheum
2863 5639 3327 5711 quaeALaodiczete
3354 5640 3553 5711 scripta
3581 5648 3686 5695 est.
3708 5636 4085 5711 Inscripsth

2477 5724 2654 5769 autem
2702 5708 2933 5767 Marcion
2980 5709 3277 5780 Epistulam
3305 5710 3375 5766 ad
3400 5708 3739 5778 Laodicenos,
3764 5723 3885 5780 qua:
3906 5709 4081 5766 nobis

2479 5796 2562 5839 est
2588 5784 2655 5839 ad
2686 5783 2950 5839 Ephesios.
2982 5780 3062 5838 Ls
3091 5782 3189 5838 Pa.

2479 5796 2562 5844 est
2588 5796 2654 5841 aa
2686 5796 2950 5854 Epttestos.
2983 5796 3062 5838 Ls
3093 5796 3189 5838 ιιι.
