4268 6492
211 400 318 456 513

1353 403 1478 458 LIB.
1527 403 1568 458 ν
1609 403 1970 462 ADVERSUS
2009 403 2432 462 MARCIONEM.

3395 409 3502 465 5M

209 523 356 581 sunt,
389 529 548 585 quam
589 513 656 570 ab
683 527 749 570 eo
782 553 797 578 ,
853 529 881 567 a
924 529 1031 585 quo
1065 523 1118 570 et
1147 515 1197 570 in
1245 516 1402 572 terris
1431 527 1544 570 acta
1579 516 1659 588 (I)
1696 532 1811 572 om-
1837 524 1886 583 Α
1916 531 2002 573 ses
2027 519 2368 588 superiorum
2399 518 2465 573 de
2503 515 2841 573 inferioribus
2869 526 3105 586 notatur,
3134 519 3258 576 licet
3286 529 3340 577 ct
3364 521 3503 579 infe-

215 608 372 662 nibus
400 616 630 662 constat.
660 605 811 673 Quod
843 607 886 660 si
914 623 1020 662 non
1064 609 1206 678 capit
1249 609 1468 664 alterius
1495 609 1674 664 onmia
1702 610 1801 664 ista

205 700 451 769 deputari
483 699 550 753 ab
581 699 733 753 initio
762 714 921 768 quam
947 697 1240 767 Creatoris,
1267 701 1384 769 quis
1412 700 1592 755 credet
1618 702 1684 756 ab
1698 703 1803 757 alio

204 808 267 846 ea
297 792 565 848 recenseri
599 793 649 846 in
675 791 944 847 Christum
967 793 1131 847 alium
1149 801 1204 847 ct
1231 809 1338 848 non
1366 810 1395 848 a
1426 809 1525 848 suo
1553 805 1800 863 auctore,

206 897 259 942 et
287 886 338 940 in
367 902 522 941 suum
564 885 834 941 Christum
864 887 886 940 ?
925 883 982 942 Si
1006 885 1276 940 Creatoris
1293 896 1437 952 sunt,
1463 887 1671 942 diversa
1697 888 1806 943 sint

209 991 429 1031 necesse
453 985 534 1030 est
557 992 585 1031 a
614 975 825 1032 diversa
855 976 985 1032 Deo.
1017 976 1073 1031 Si
1106 974 1339 1042 diversa,
1371 977 1551 1044 utique
1583 989 1803 1033 contra-

211 1067 312 1122 ria.
335 1066 618 1135 Quomodo
654 1082 783 1138 ergo
823 1069 1090 1123 contraria
1137 1078 1524 1124 recenseantur
1549 1070 1600 1122 in
1624 1086 1744 1123 eum
1775 1085 1806 1125 a

210 1174 317 1228 quo
340 1158 576 1228 denique
594 1158 942 1214 destruuntur
965 1160 989 1213 ?
1013 1158 1145 1215 Nam
1171 1171 1224 1216 et
1251 1163 1528 1229 sequentia
1548 1178 1705 1232 quem
1725 1179 1808 1218 re-

211 1251 460 1306 nuntiant
504 1248 805 1316 Christum,
857 1266 978 1306 cum
1025 1251 1177 1318 dicit,
1233 1251 1303 1307 Ut
1339 1254 1496 1308 simus
1522 1256 1575 1307 in
1605 1255 1808 1309 laudent

213 1345 392 1413 glorias
439 1360 532 1399 nos
576 1345 662 1412 qui
687 1343 761 1415 (α)
795 1346 1214 1415 prwsperavimus
1261 1346 1314 1399 in
1356 1343 1668 1400 Christum?
1707 1347 1810 1412 Qui

211 1436 357 1492 enim
389 1451 750 1508 praeSperasse
776 1447 1079 1510 potuerunt,
1112 1437 1164 1492 id
1191 1447 1295 1504 est,
1328 1450 1452 1493 ante
1478 1453 1728 1508 Sperasse
1756 1441 1808 1494 in

222 1529 416 1595 Deum,
463 1545 618 1600 quam
648 1531 918 1593 venisset;
971 1532 1070 1586 nisi
1100 1531 1294 1598 Jndrei,
1327 1533 1521 1603 quibus
1560 1531 1810 1588 Christus

214 1621 678 1688 prasnuntiabatur
708 1623 777 1678 ab
807 1622 998 1676 initio?
1029 1623 1117 1692 qui
1149 1639 1277 1694 ergo
1311 1625 1768 1694 prmnttntiahatur
1793 1665 1808 1692 ,

214 1712 305 1767 ille
328 1722 384 1769 et
412 1713 856 1782 przesperabatur.
889 1715 1061 1785 Atque
1099 1716 1234 1772 adeo
1268 1718 1368 1771 hoc
1395 1717 1461 1771 ad
1491 1733 1584 1782 se,
1619 1718 1670 1772 id
1699 1727 1806 1783 est,

211 1803 278 1857 ad
306 1803 521 1860 Judmos
549 1802 751 1871 refert,
784 1815 842 1860 ut
870 1805 1268 1863 distinctionem
1299 1809 1478 1873 faciat,
1511 1824 1808 1864 conversus

225 1897 294 1952 ad
322 1898 601 1953 nationes:
651 1897 716 1952 In
755 1915 854 1969 quo
897 1910 944 1953 et
985 1917 1070 1955 vos
1103 1917 1216 1955 cum
1241 1901 1508 1956 audissetis
1528 1918 1810 1957 sermonem

222 1990 470 2056 veritatis,
501 1987 857 2061 Evangelium,
885 1993 936 2046 in
963 2008 1060 2060 quo
1089 1992 1405 2058 credidistis,
1432 2003 1475 2048 et
1505 1995 1691 2066 signati
1734 2011 1814 2050 es-

227 2082 294 2137 tis
337 2081 540 2154 Spiritu
589 2083 938 2153 promissionis
981 2085 1094 2153 ejus
1139 2096 1335 2140 sancto.
1367 2085 1529 2155 Cujus
1581 2089 1814 2158 promis-

230 2173 450 2228 sionis?
497 2174 673 2230 Facta:
720 2191 813 2246 per
855 2176 1062 2232 Joelcm
1111 2177 1249 2248 (Joel
1300 2177 1406 2249 II):
1439 2177 1504 2232 In
1529 2181 1814 2236 novissimis

223 2265 400 2321 diebus
427 2265 687 2334 claudam
713 2269 776 2323 de
802 2285 911 2324 meo
936 2270 1118 2337 spiritu
1143 2271 1195 2323 in
1236 2286 1433 2324 omnem
1463 2287 1665 2325 carnem
1696 2289 1714 2335 ,°
1761 2272 1813 2326 id

215 2372 318 2426 est,
377 2371 432 2417 et
463 2363 514 2416 in
544 2363 805 2419 nationes.
853 2362 930 2417 Ita
969 2372 1024 2418 et
1051 2363 1278 2432 Spiritus
1305 2374 1359 2419 et
1385 2364 1730 2434 Evangelium
1761 2366 1812 2420 in

225 2470 292 2510 co
311 2455 669 2524 erithristo,
685 2458 773 2528 qui
789 2459 1244 2528 pra'sperabatnr,
1263 2459 1388 2514 dum
1405 2454 1811 2532 praedicabatur.

223 2550 332 2606 Sed
365 2561 421 2607 et
446 2551 602 2606 Pater
631 2554 808 2624 gloria!
851 2554 940 2610 ille
967 2563 1082 2621 est,
1125 2556 1277 2626 cujus
1304 2556 1547 2612 Christus
1577 2573 1672 2614 rex
1695 2557 1814 2626 glo-

212 2645 310 2700 ria
352 2645 562 2701 canitur
589 2647 638 2700 in
678 2647 895 2702 Psalmo
951 2649 1248 2705 ascendens
1297 2649 1417 2721 (Ps.
1453 2649 1642 2707 XXIII.
1677 2650 1767 2721 10)
1801 2669 1814 2704 :

223 2737 354 2805 Quis
375 2749 448 2792 est
469 2739 561 2794 iste
584 2756 675 2795 rex
699 2741 877 2811 gloria:
901 2741 927 2794 ξ’
947 2739 1200 2797 Dominus
1232 2743 1473 2797 virtutum
1499 2744 1608 2808 ipse
1636 2753 1707 2796 est
1730 2759 1819 2796 res:

221 2829 424 2900 gloriae.
472 2830 554 2885 Ab
595 2831 687 2885 illo
716 2832 924 2900 spiritus
946 2833 1208 2903 sapientia:
1236 2843 1467 2903 aptatur,
1498 2835 1636 2904 apud
1660 2849 1816 2904 quem

221 2921 342 2977 lucc
385 2936 597 2992 quoque
643 2923 958 2992 spiritalium
1012 2925 1222 2994 species
1269 2935 1652 2980 enumerantur
1683 2929 1821 2980 inter

213 3023 425 3082 septem
452 3013 672 3082 spiritus
696 3029 789 3082 per
821 3014 1031 3070 Esaiam
1062 3014 1161 3087 (Is.
1195 3015 1312 3085 XI).
1342 3017 1433 3072 Ille
1463 3017 1600 3072 dabit
1626 3018 1822 3072 illumi-

224 3113 378 3157 natos
406 3106 575 3160 cordis
598 3107 774 3161 oculos
798 3149 813 3174 ,
864 3111 950 3178 qui
979 3110 1137 3164 etiam
1169 3109 1469 3167 exteriores
1495 3111 1680 3167 oculos
1706 3112 1824 3168 luce

225 3193 421 3249 ditarit
443 3237 459 3260 ,
491 3197 575 3252 cui
604 3198 851 3269 displicet
893 3200 1105 3256 cmcitas
1153 3201 1330 3271 populi
1373 3200 1473 3273 (Is.
1502 3202 1661 3270 XLII,
1693 3203 1782 3276 19)
1809 3222 1822 3259 :

235 3286 304 3342 Et
321 3290 436 3359 quis
455 3305 616 3346 ancus
641 3333 656 3356 ,
689 3293 787 3345 nisi
821 3293 966 3362 pueri
993 3295 1136 3347 mei?
1188 3294 1291 3348 Et:
1330 3294 1587 3350 Excazcati
1607 3307 1722 3350 sunt
1744 3302 1825 3368 fa-

223 3380 356 3433 muli
400 3379 520 3434 Dei.
570 3381 722 3451 Apttd
767 3383 912 3437 illum
958 3393 1081 3438 sunt
1125 3394 1181 3439 et
1219 3386 1406 3440 divitia:
1435 3389 1744 3442 hwreditatis
1771 3390 1823 3444 in

219 3472 412 3526 sanctis
437 3513 452 3536 ,
481 3473 570 3545 qui
598 3488 715 3529 eam
747 3473 1112 3531 ltzcreditatem
1141 3493 1208 3533 ex
1242 3480 1518 3535 vocatione
1549 3481 1821 3536 nationum

221 3564 529 3632 repromisit
573 3563 688 3636 (Ps.
721 3565 784 3630 Il,
815 3565 870 3636 8)
895 3583 912 3621 :
941 3565 1151 3621 Postulo
1177 3568 1238 3622 de
1258 3585 1354 3634 me,
1378 3579 1423 3623 et
1449 3571 1578 3626 dabo
1600 3572 1687 3626 tibi
1705 3590 1824 3642 gen-

216 3667 292 3710 tes
320 3657 666 3712 hareditatem
711 3669 870 3714 tuam.
920 3661 1014 3716 Ille
1060 3662 1352 3732 inoperatus
1390 3665 1539 3718 estin
1565 3664 1822 3720 Christum

216 3748 492 3802 calentium
519 3767 682 3816 suam,
706 3753 999 3806 suscitando
1025 3770 1136 3809 eum
1163 3770 1194 3807 a
1221 3756 1448 3820 mortuis,
1486 3767 1532 3810 et
1558 3758 1820 3813 collocan-

226 3840 296 3894 do
324 3858 437 3896 eum
464 3843 531 3895 ad
557 3843 818 3897 dexteram
836 3861 1001 3912 suam,
1032 3855 1078 3900 et
1097 3847 1412 3916 subjicienda
1440 3850 1630 3913 omnia,
1655 3849 1744 3920 qui
1769 3859 1823 3904 et

226 3933 367 3989 dixit
401 3933 519 4006 (Ps.
546 3934 687 4006 CIX)
716 3953 729 3989 :
760 3936 896 3992 Sede
933 3938 1001 3990 ad
1049 3939 1308 3993 dexteram
1346 3956 1526 4005 meam,
1557 3941 1715 3996 donec
1736 3958 1828 4012 po-

219 4043 345 4080 nam
387 4028 622 4083 inimicos
657 4040 770 4084 tuos
807 4029 1084 4084 scabellum
1129 4031 1314 4101 pedum
1354 4042 1576 4086 tuorum.
1607 4032 1741 4099 Quia
1772 4045 1826 4090 et

220 4119 352 4175 alibi
400 4120 619 4190 spiritus
649 4120 713 4175 ad
743 4120 956 4176 Patrem
985 4121 1052 4177 de
1081 4120 1214 4178 Filio
1238 4121 1358 4193 (Ps.
1389 4122 1522 4186 VIII,
1557 4122 1612 4195 7)
1645 4142 1658 4179 :
1693 4125 1819 4179 0m-

226 4212 319 4264 nia
355 4211 613 4276 subiecisti
642 4211 732 4266 sub
756 4213 966 4282 pedibus
995 4216 1127 4285 ejus.
1156 4215 1210 4271 Si
1237 4230 1302 4270 ex
1345 4215 1427 4269 his
1453 4215 1586 4269 alius
1613 4216 1745 4271 deus
1773 4228 1827 4274 et

227 4302 370 4359 alius
406 4302 638 4360 christus
683 4304 910 4360 infertur
947 4323 1064 4377 qua:
1095 4319 1552 4378 recOgnoscuntur
1582 4311 1632 4363 in
1659 4311 1825 4366 Crea-

235 4405 355 4451 tore
378 4437 394 4462 ,
435 4411 738 4466 quaeramus
769 4397 879 4465 jam
907 4397 1243 4453 Creatorem.
1278 4399 1439 4454 Plane
1467 4409 1590 4469 puto
1618 4402 1825 4457 inveni-

240 4501 386 4552 mus,
416 4502 536 4543 cum
586 4487 748 4544 dicit:
791 4486 919 4543 Illos
946 4489 1140 4545 delictis
1168 4502 1388 4546 mortuos
1413 4534 1426 4558 ,
1468 4493 1522 4546 in
1545 4495 1722 4562 quibus
1748 4495 1826 4548 in-

227 4580 393 4651 gressi
414 4591 595 4646 erant,
626 4582 900 4636 secundum
925 4599 1088 4638 arvum
1117 4586 1293 4638 mundi
1321 4587 1474 4656 hujus
1499 4629 1514 4653 ,
1547 4589 1826 4642 secundum

231 4674 519 4745 principem
573 4677 830 4745 potestatis
875 4677 1007 4731 aeris
1035 4678 1186 4748 hujus
1217 4676 1295 4749 (2)
1327 4721 1341 4742 ,
1377 4680 1461 4750 qui
1511 4691 1746 4749 operatur
1773 4683 1824 4736 in
1848 4715 1902 4774 Β

219 4767 348 4835 [iliis
388 4767 778 4824 incredulitatis.
821 4768 926 4825 Sed
973 4770 1230 4826 mundum
1280 4787 1385 4826 non
1425 4781 1596 4842 potest
1641 4787 1693 4829 et
1733 4775 1819 4830 hic

221 4873 324 4927 pro
354 4857 465 4914 Deo
489 4859 672 4914 mundi
722 4859 958 4915 Marcion
1009 4860 1376 4932 interpretari.
1426 4861 1543 4916 Non
1575 4863 1716 4917 enim
1745 4864 1820 4918 si-

220 4948 356 5004 mile
402 4957 488 5004 est
534 4958 772 5006 creatum
804 4953 1058 5018 creatori,
1108 4952 1304 5008 factum
1341 4955 1529 5010 factori
1555 4997 1570 5021 ,
1599 4956 1829 5011 mundus

219 5039 358 5094 Deo.
390 5039 494 5095 Sed
523 5056 621 5097 nec
643 5043 888 5115 princeps
912 5045 1194 5115 potestatis
1219 5046 1358 5101 aeris
1376 5046 1604 5112 dicetur,
1629 5047 1718 5116 qui
1742 5057 1829 5104 est

222 5131 478 5203 princeps
504 5134 781 5204 potestatis
806 5136 1146 5192 stcculorum.
1178 5135 1478 5208 Numquam
1510 5137 1651 5191 enim
1682 5152 1822 5206 pra:-

1909 609 2047 663 riura
2101 610 2201 680 ipsi
2252 609 2601 680 deputentur.
2634 609 2738 664 Sed
2771 626 2868 666 nec
2896 611 3284 667 incredulitatis
3310 629 3503 683 opera-

1908 709 1992 755 tor
2037 700 2203 755 videri
2248 710 2465 771 potest,
2511 717 2683 771 quam
2717 702 2830 771 ipse
2879 704 3054 773 potius
3091 719 3120 757 a
3161 704 3364 762 Jud'nis
3393 715 3504 763 cta

1909 791 2214 847 nationibus
2257 793 2470 862 patitur.
2495 791 2700 847 Sullicit
2727 793 2886 862 igitur
2914 836 2928 860 ,
2954 795 2997 847 si
3026 794 3139 849 lucc
3168 812 3272 850 non
3306 797 3507 855 cadunt

1910 885 1963 938 in
1989 884 2320 939 Creatorem.
2364 884 2422 940 Si
2445 896 2621 939 autem
2647 893 2701 940 et
2728 897 2811 940 cst
2848 885 2900 939 in
2944 901 3104 955 quem
3156 888 3328 960 magis
3353 904 3506 944 eont-

1913 987 2097 1046 petant
2147 976 2251 1049 (3),
2284 979 2469 1048 utique
2513 981 2681 1050 magis
2719 981 2819 1035 hoc
2868 981 3160 1050 Apostolus
3211 982 3348 1038 sriit.
3377 983 3507 1052 Quis

1913 1069 2057 1125 iste?
2086 1070 2214 1126 Sine
2240 1070 2405 1124 dubio
2437 1073 2544 1137 ille,
2578 1073 2667 1142 qni
2701 1074 2796 1142 ipsi
2827 1075 3064 1128 Creatori
3096 1075 3232 1130 Iilios
3261 1077 3506 1132 incredu-

1913 1161 2076 1216 litatis
2106 1162 2353 1228 obstruit,
2385 1165 2628 1218 aereistu
2648 1167 2858 1233 pontus,
2887 1165 3026 1221 sicut
3045 1165 3226 1223 dicere
3248 1184 3368 1224 eum
3393 1185 3510 1240 pro-

1913 1255 2072 1323 pheta
2097 1255 2178 1327 (4)
2205 1257 2368 1310 refert
2390 1256 2486 1328 (ls.
2526 1257 2664 1322 XIV,
2683 1257 2791 1328 il):
2819 1257 3014 1313 Ponant
3054 1263 3106 1315 in
3136 1262 3349 1317 nubibus
3381 1264 3512 1318 thro-

1913 1362 2035 1399 num
2051 1363 2233 1411 meum,
2249 1365 2332 1402 ero
2345 1349 2527 1402 similis
2543 1350 2818 1404 Altissimo.
2844 1351 2938 1408 llic
2959 1355 3059 1408 erit
3073 1355 3337 1424 diabolus,
3352 1372 3510 1425 quem

1914 1447 1969 1492 et
1993 1438 2143 1504 alibi,
2171 1440 2238 1510 (si
2269 1449 2444 1496 tamen
2468 1442 2534 1494 ita
2563 1442 2946 1512 etApostolum
2974 1446 3077 1516 legi
3110 1449 3322 1519 volunt)
3345 1449 3512 1503 Deum

1914 1531 2007 1584 (cui
2033 1531 2186 1601 hujus
2210 1547 2586 1604 agooscemus.
2633 1535 2704 1590 Ita
2728 1536 2870 1591 enim
2897 1547 3064 1592 totum
3087 1541 3339 1596 ssc-culum
3365 1558 3514 1598 men-

1918 1620 2073 1676 dacio
2105 1622 2397 1681 divinitatis
2454 1627 2711 1696 implevit.
2763 1631 2864 1696 Qui
2915 1631 3070 1700 plane
3099 1634 3143 1687 si
3172 1650 3275 1689 non
3303 1635 3510 1703 fuisset,

1919 1724 2042 1770 tunc
2091 1715 2209 1771 haec
2240 1717 2290 1772 in
2317 1717 2626 1774 Creatorem
2672 1732 2944 1791 spectasse
2975 1727 3290 1793 potuissent.
3331 1729 3433 1784 Sed
3461 1739 3520 1786 et

1925 1807 1977 1860 in
2014 1807 2286 1876 judaismo
2338 1822 2688 1866 conversatus
2743 1810 2821 1884 (5)
2870 1814 3162 1883 Apostolus
3190 1859 3205 1884 ,
3240 1832 3346 1872 non
3391 1820 3517 1889 quia

1918 1899 2237 1969 interposuit
2255 1900 2322 1957 de
2350 1902 2580 1968 delictis,
2629 1905 2685 1958 in
2710 1905 2888 1976 quibus
2914 1917 2960 1960 et
2988 1924 3080 1962 nos
3107 1925 3277 1965 omnes
3305 1927 3518 1966 convcr-

1923 1993 2022 2046 sati
2074 2009 2250 2049 sumus
2272 2035 2287 2059 ,
2346 1994 2466 2050 ideo
2495 1994 2809 2052 delictorum
2837 1998 3112 2055 dominum
3141 2011 3196 2056 et
3223 2002 3516 2074 principem

1923 2084 2066 2138 acris
2096 2084 2256 2155 hujus
2303 2084 2613 2142 Creatorem
2647 2099 2868 2157 pra'stat
2893 2091 3115 2162 intelligi
3149 2109 3162 2157 ;
3192 2095 3285 2149 sed
3313 2096 3432 2166 quia
3465 2098 3518 2153 in

1917 2173 2187 2244 judaisrno
2215 2190 2352 2230 unus
2375 2176 2542 2233 luerat
2568 2179 2637 2234 de
2659 2181 2781 2234 liliis
2801 2181 3210 2251 incredulitatis,
3235 2186 3514 2245 diabolum

1919 2264 2124 2322 habens
2151 2276 2514 2337 Operatorem,
2563 2285 2684 2326 cum
2716 2287 3124 2345 persequeretur
3148 2277 3441 2335 Ecclesium
3466 2292 3522 2337 et

1919 2359 2190 2416 Christum
2208 2360 2500 2418 Creatoris.
2525 2364 2750 2436 Propter
2764 2368 2904 2436 quod
2929 2378 2983 2423 ct
3005 2370 3288 2426 iracundia:
3300 2373 3394 2442 ﬁlii
3410 2375 3522 2442 fui-

1920 2468 2051 2516 mus,
2082 2453 2271 2520 inquit,
2303 2455 2394 2509 sed
2417 2465 2622 2510 natura.
2663 2456 2761 2520 Ne,
2791 2461 2914 2528 quia
2948 2461 3086 2515 lilios
3111 2463 3399 2532 appellavit
3422 2465 3520 2520 Ju-

1921 2542 2068 2597 datos
2132 2542 2371 2609 Creator,
2422 2555 2823 2616 argumentetur
2868 2549 2948 2620 (6)
3020 2550 3302 2609 lucreticus
3341 2555 3518 2611 domi-

1923 2651 2050 2689 num
2079 2635 2172 2688 ira:
2197 2636 2528 2690 Creatorem.
2560 2637 2697 2692 Cum
2725 2640 2868 2693 enim
2892 2641 3021 2696 dicit
3048 2660 3060 2696 :
3092 2642 3308 2700 Fuimus
3339 2659 3524 2702 natura

1925 2727 2024 2793 ﬁlii
2052 2728 2335 2783 iracimdia:
2359 2746 2375 2793 ;
2416 2728 2691 2788 Creatoris
2713 2743 2888 2788 autem
2927 2750 3030 2790 non
3061 2747 3248 2794 natura
3273 2752 3397 2796 sunt
3426 2742 3523 2799 lilii

1923 2816 2092 2874 Judaei
2121 2861 2135 2884 ,
2166 2819 2260 2874 sed
2283 2819 2584 2877 adiectione
2606 2833 2813 2894 patrum
2845 2843 2858 2891 ;
2889 2827 2982 2880 irae
3005 2829 3140 2897 ﬁlios
3181 2829 3246 2885 ad
3274 2841 3522 2890 naturam

1926 2910 2124 2978 retulit,
2157 2926 2262 2966 non
2285 2911 2351 2967 ad
2383 2911 2712 2970 Creatorem.
2750 2916 2826 2970 Ad
2853 2931 3113 2973 summam
3139 2921 3468 2993 subjungens
3505 2943 3521 2979 :

1929 3003 2076 3058 Sicut
2103 3014 2148 3058 et
2176 3007 2379 3071 razteri;
2407 3007 2496 3077 qui
2526 3007 2708 3078 utique
2732 3008 2821 3062 ﬁlii
2855 3009 2943 3065 Dei
2979 3027 3082 3066 non
3105 3026 3248 3068 sunt.
3285 3017 3526 3086 Apparet

1929 3098 2199 3152 communi
2232 3109 2435 3154 natura:
2456 3101 2694 3154 omnium
2723 3099 2998 3156 hominum
3023 3113 3077 3158 et
3105 3103 3300 3161 delicta
3321 3117 3373 3162 et
3392 3123 3526 3163 con-

1930 3190 2289 3258 cupiscentias
2316 3191 2496 3246 carnis
2521 3232 2534 3256 ,
2556 3201 2612 3247 et
2643 3192 3094 3264 incredulitatem,
3121 3208 3173 3251 et
3191 3198 3524 3258 iracundiam

1849 3319 1894 3382 Ο
1933 3291 2180 3350 reputare
2231 3280 2310 3352 (7)
2339 3324 2352 3346 ,
2388 3281 2463 3354 (b)
2514 3283 2732 3339 diabolo
2773 3295 2948 3342 tamen
2973 3298 3220 3358 captante
3253 3302 3519 3360 naturam,

1928 3386 2086 3440 quam
2115 3380 2168 3428 et
2194 3373 2305 3441 ipse
2325 3373 2434 3443 jam
2468 3375 2648 3432 infecit
2672 3378 2847 3433 delicti
2881 3381 3087 3436 semine
3111 3383 3272 3438 inlato
3304 3403 3316 3438 :
3347 3384 3526 3456 Ipsius

1933 3464 2124 3532 inquit,
2176 3482 2353 3520 sumus
2399 3471 2601 3538 factura
2640 3471 2832 3524 conditi
2871 3473 2925 3526 in
2974 3472 3194 3529 Christo.
3247 3477 3402 3533 Aliud
3441 3489 3528 3536 est

1927 3557 2066 3611 enim
2096 3555 2174 3626 (8)
2232 3556 2430 3625 facere,
2459 3560 2602 3616 aliud
2651 3563 2906 3620 condere.
2957 3565 3062 3622 Sed
3115 3577 3400 3641 utrumque
3431 3573 3526 3630 uni

1925 3645 2092 3702 dedit.
2126 3647 2306 3706 Homo
2335 3661 2512 3708 autem
2543 3652 2742 3709 factura
2769 3654 3044 3713 Creatoris
3070 3668 3172 3714 est.
3221 3660 3364 3717 Idem
3393 3678 3526 3736 ergo

1925 3740 2165 3795 condidit
2209 3741 2260 3796 in
2303 3742 2558 3809 Christo,
2607 3747 2696 3816 qui
2741 3755 2798 3802 et
2826 3748 2966 3803 fecit.
2993 3748 3260 3816 Quantum
3287 3754 3429 3808 enini
3452 3755 3524 3813 ad

1926 3832 2278 3889 substantiam
2308 3876 2322 3900 ,
2366 3835 2494 3890 fecit
2523 3852 2537 3901 ;
2590 3849 2848 3907 quantum
2888 3842 2954 3895 ad
2980 3845 3228 3912 gratiam,
3258 3849 3522 3907 condidit.

1925 3922 2135 3994 Inspice
2177 3935 2232 3980 et
2279 3926 2605 3983 coltmrentia
2639 3947 2652 3983 :
2709 3929 2959 3986 Memores
2996 3949 3082 3987 vos
3127 3935 3402 4006 aliquando
3432 3958 3527 3995 na-

1929 4015 2088 4068 tiones
2114 4015 2166 4068 in
2209 4033 2362 4071 carne
2400 4019 2560 4088 fuisse
2585 4060 2601 4083 ,
2653 4018 2734 4090 (9)
2776 4021 3169 4092 appellabantini
3221 4031 3527 4097 praeputium

1926 4106 1989 4160 ab
2018 4123 2076 4159 ea
2098 4122 2212 4175 qua:
2229 4109 2416 4163 dicitur
2439 4113 2756 4167 circumcisio
2777 4115 2828 4166 in
2857 4131 3011 4170 carne
3033 4133 3184 4171 manu
3201 4119 3357 4188 facta,
3380 4122 3520 4193 quod

1926 4197 2098 4251 essetis
2116 4198 2207 4252 illo
2233 4199 2286 4253 in
2313 4209 2538 4270 tempore
2560 4202 2669 4257 sine
2697 4202 2900 4259 Christo
2921 4247 2934 4270 ,
2966 4207 3176 4262 alienati
3199 4226 3232 4263 a
3258 4226 3526 4268 conversa-

1927 4289 2062 4342 tione
2099 4287 2332 4358 lsraclis,
2364 4303 2409 4346 et
2439 4295 2693 4364 peregrini
2719 4304 3129 4353 testamentorum
3149 4310 3197 4354 et
3225 4305 3526 4371 promissio-

1928 4391 2006 4444 nis
2034 4405 2209 4444 corum
2234 4429 2250 4454 ,
2280 4403 2420 4456 spem
2440 4403 2539 4441 non
2571 4388 2808 4444 habentes
2833 4432 2846 4456 ,
2873 4400 2920 4444 et
2949 4393 3058 4447 sine
3085 4391 3193 4449 Deo
3221 4394 3274 4449 in
3301 4399 3514 4455 mundo.

1926 4482 2053 4539 Sine
2097 4497 2204 4553 quo
2245 4489 2422 4535 autem
2480 4480 2588 4536 Deo
2621 4481 2831 4538 luerunt
2882 4486 3158 4552 nationes,
3185 4498 3238 4544 et
3264 4490 3383 4546 sine
3413 4508 3524 4562 quo

1927 4572 2189 4631 Christo?
2220 4573 2416 4644 Utique
2445 4589 2510 4629 eo
2537 4613 2553 4642 ,
2599 4575 2752 4646 cujus
2780 4585 2897 4632 erat
2923 4581 3261 4637 conversatio
3283 4583 3520 4655 Israelis,

1927 4675 1982 4721 et
2013 4676 2353 4731 testamenta,
2383 4675 2432 4720 et
2460 4667 2764 4736 promissio.
2793 4669 2859 4722 At
2880 4686 3034 4738 nunc,
3059 4672 3244 4742 inquit,
3267 4676 3320 4730 in
3342 4675 3524 4733 Chris-

1929 4772 1998 4826 to,
2041 4778 2129 4816 ros
2179 4760 2266 4830 qui
2296 4760 2449 4814 eratis
2490 4760 2658 4830 longe,
2707 4760 2830 4830 facti
2869 4763 2991 4816 estis
3018 4781 3174 4834 prope
3201 4767 3253 4820 in
3273 4771 3525 4842 sanguine

1927 4858 2055 4926 ejus.
2114 4857 2156 4909 A
2204 4854 2397 4923 quibus
2425 4865 2578 4908 erant
2623 4864 2768 4908 retro
2810 4855 3022 4926 longe?
3065 4857 3106 4910 A
3138 4859 3326 4928 quibus
3355 4877 3519 4930 supra

1929 4947 2104 5000 dixit:
2138 4961 2164 4997 a
2197 4945 2410 5000 Christo
2437 4944 2709 5000 Creatoris
2737 4987 2751 5012 ,
2793 4960 2820 4998 a
2853 4947 3262 5005 conversatione
3288 4951 3518 5022 lsrselis,

1929 5055 1956 5094 a
1988 5039 2344 5105 testamentis,
2373 5053 2403 5092 a
2434 5052 2529 5106 spe
2552 5037 2948 5108 promissionis,
2975 5054 3003 5092 a
3029 5039 3138 5095 Deo
3168 5040 3302 5111 ipso.
3326 5042 3379 5097 Si
3406 5043 3522 5102 lucc

1930 5133 2004 5188 ita
2032 5142 2176 5200 sunt,
2220 5148 2349 5204 ergo
2379 5132 2462 5188 his
2494 5147 2658 5204 prope
2711 5132 2845 5188 liunt
2865 5147 3005 5189 nunc
3037 5135 3279 5191 nationes
3303 5136 3354 5192 in
3376 5136 3526 5194 Cirri-

1446 5248 1828 5308 LECTIONES
1866 5246 2173 5305 VARIANT
2183 5245 2281 5304 ES.

288 5360 305 5417 (
317 5360 368 5417 t)
394 5363 538 5412 Aetas
557 5361 655 5412 vult
675 5370 791 5413 Jun.

313 5422 367 5487 ξ)
390 5422 546 5487 ljujus
565 5423 712 5476 omitt.
741 5424 952 5477 Semler.
981 5423 1177 5479 Oberth.

310 5484 366 5550 ᾖ)
389 5484 642 5550 gonrpetat
665 5490 809 5538 Pam.

309 5547 365 5674 si
389 5545 826 5664 res:

2013 5426 2045 5474 6
2090 5423 2196 5476 Hoc
2216 5425 2336 5475 add.
2360 5431 2475 5476 Jun.

2019 5424 2070 5552 '1)
2089 5487 2469 5552 BeputariPam

2019 5487 2487 5561 lmentaritfaeto

2088 5545 2568 5673 ἓιέωὲηίέιέξαὸῗέηι.

2174 5628 2187 5662 t
2346 5651 2356 5662 .
2511 5649 2524 5664 .

1558 5717 2126 5778 COMMENTARIUS.

297 5810 378 5883 (a)
416 5811 848 5894 Priesperaeimus
876 5819 928 5875 in
948 5819 1228 5877 Christum.
1250 5821 1332 5878 Ad
1355 5820 1574 5878 verbum
1594 5837 1658 5879 cx
1685 5836 1823 5894 gran-

224 5898 290 5940 CO
317 5895 681 5957 προηλπικότας.
709 5889 788 5947 LE
812 5890 908 5949 PB.

2007 5815 2548 5894 (b)ADi_abolo__tameu
2573 5825 2804 5894 captante
2830 5826 3084 5894 naturam.
3122 5815 3211 5874 Sic
3242 5820 3524 5894 Dionysius

1940 5888 2074 5945 Cato
2097 5889 2150 5944 in
2170 5888 2297 5945 dist.
2325 5887 2463 5944 dixit
2485 5895 2690 5958 captare
2714 5888 2911 5945 dcitarii
2949 5893 3164 5960 formam
3191 5887 3520 5951 avareflitc.
