4268 6492
743 388 846 446 515

744 597 874 651 tioni
915 595 1124 652 Israelis
1149 638 1163 662 ,
1210 613 1331 668 qua:
1359 609 1443 653 est
1465 600 1516 653 in
1549 599 1805 669 religione
1837 599 1928 654 Dei
1953 600 2243 664 Creatoris,
2275 615 2328 656 et

746 691 1108 755 testamentis,
1149 700 1203 745 et
1234 690 1598 761 promissioni,
1629 703 1684 748 et
1712 693 1809 762 ipsi
1841 693 1950 746 Deo
1974 708 2182 757 eorum,
2209 709 2330 763 pro-

742 784 869 838 ximi
901 799 1086 839 sumus
1117 783 1238 839 facti
1262 784 1312 838 in
1333 783 1572 851 Christo,
1599 785 1882 841 ridiculum
1901 788 2049 850 satis,
2074 787 2116 840 si
2141 801 2240 841 nos
2259 787 2335 840 al-

747 876 913 931 terius
958 876 1050 931 Dei
1097 876 1341 932 Christus
1369 877 1437 931 de
1477 878 1767 948 longinquo
1808 877 2042 932 admovit
2069 876 2331 932 Creatori.

742 967 1057 1025 Mentinerat
1080 970 1366 1039 Apostolus
1385 969 1454 1024 ita
1479 969 1825 1041 prtediralum
1847 969 1914 1024 de
1936 970 2210 1024 nationum
2233 985 2331 1023 vo-

741 1061 951 1116 catione
989 1075 1052 1115 es
1101 1060 1389 1130 longinquo
1433 1061 1794 1116 vocandarmn
1846 1059 1946 1132 (Is.
1980 1060 2166 1128 XLVI,
2203 1059 2332 1132 12):

744 1155 845 1219 Qui
865 1154 1012 1224 longe
1033 1163 1174 1207 eram
1198 1171 1230 1206 a
1255 1171 1332 1207 me
1351 1193 1366 1218 ,
1397 1155 1931 1224 appropinquaverunt
1949 1153 2172 1222 justitite
2193 1168 2334 1206 mew.

739 1245 872 1300 Tam
902 1245 1044 1301 enim
1065 1245 1291 1315 justitia,
1321 1260 1480 1315 quam
1508 1255 1562 1300 et
1591 1261 1688 1316 pax
1729 1245 2000 1300 Creatoris
2029 1246 2080 1299 in
2113 1245 2328 1299 Christo

742 1338 1180 1404 annuntiabatur,
1223 1347 1282 1392 ut
1318 1353 1462 1408 saepe
1488 1338 1598 1408 jam
1623 1337 1972 1393 ostendimus.
2015 1337 2196 1407 Itaque
2233 1339 2341 1406 ipse

744 1440 838 1497 est,
874 1432 1062 1503 inquit,
1110 1447 1217 1500 paa:
1257 1441 1453 1497 nostra,
1480 1431 1567 1500 qui
1589 1430 1708 1499 fecit
1729 1430 1832 1483 duo
1857 1446 2039 1495 unum,
2065 1428 2336 1498 judaicutn

745 1524 954 1579 scilicet
983 1523 1260 1593 populum,
1291 1533 1346 1578 et
1370 1524 1624 1593 gentilem
1653 1563 1668 1587 ,
1701 1521 1840 1592 quod
1877 1536 2042 1592 prope
2068 1562 2084 1587 ,
2115 1531 2170 1576 et
2195 1521 2337 1590 quod

741 1615 920 1685 longe,
970 1615 1135 1670 soluto
1177 1613 1341 1668 medio
1371 1615 1560 1682 pariete
1597 1613 1910 1678 inimicitias,
1940 1613 1994 1665 in
2031 1629 2184 1666 carne
2209 1630 2324 1668 sua.

742 1707 848 1764 Sed
874 1706 1105 1762 Marcion
1147 1706 1366 1760 abstulit
1395 1723 1510 1772 sua,
1543 1714 1598 1760 ut
1619 1706 1907 1760 inimicitia:
1923 1706 2076 1760 daret
2100 1721 2337 1771 carnem,

744 1800 893 1869 quasi
944 1798 1144 1853 carnali
1182 1799 1332 1864 vitio,
1375 1813 1478 1852 non
1519 1797 1735 1852 Christo
1773 1797 2000 1851 aemulae.
2030 1795 2212 1852 Sicubi
2259 1795 2338 1868 (I)

742 1893 867 1947 alihi
910 1893 1040 1958 dixi,
1063 1903 1116 1947 et
1145 1892 1250 1956 hic,
1277 1890 1352 1964 (a)
1391 1906 1496 1946 non
1516 1890 1830 1951 Marrucine,
1863 1889 1958 1944 sed
1982 1889 2225 1956 Pontice,
2247 1905 2341 1943 cn-
2371 1927 2418 1988 Β

740 1984 827 2054 jus
856 2000 1015 2053 supra
1047 1983 1359 2053 sanguinem
1389 1981 1670 2036 confessus
1699 1997 1778 2045 es,
1803 1981 1889 2035 hic
1913 1995 2075 2050 negas
2101 1997 2336 2034 carnem.

741 2075 796 2132 Si
829 2076 986 2147 legem
1019 2084 1382 2145 praceptorum
1405 2073 1662 2128 sententiis
1675 2074 2032 2142 vacuamfrcit,
2055 2072 2343 2142 adimplen-

742 2167 814 2223 do
854 2175 1003 2222 certe
1030 2166 1198 2236 legem
1228 2167 1403 2233 (vacat
1429 2165 1571 2218 enim
1595 2163 1704 2233 jam
1731 2161 1852 2217 Non
1872 2163 2199 2228 adulterabis,
2221 2177 2340 2216 cum

743 2260 973 2316 dii-itur:
1019 2257 1128 2312 Nec
1165 2257 1350 2313 videbis
1387 2257 1454 2309 ad
1514 2256 2006 2324 concupiscendum:
2035 2264 2186 2308 vacat
2221 2253 2341 2307 Non

745 2355 963 2416 occides,
999 2366 1120 2407 cum
1157 2350 1368 2404 dicitur:
1403 2347 1510 2401 Nec
1532 2344 1858 2417 maledices);
1888 2345 2252 2401 adversarium
2271 2346 2342 2400 le-

743 2447 826 2516 gis
859 2445 924 2499 de
955 2444 1198 2512 adiutore
1227 2456 1329 2496 non
1366 2448 1515 2509 potes
1545 2439 1736 2494 facere.
1770 2435 1839 2492 Ut
1866 2437 1991 2491 duos
2035 2439 2266 2492 conderet
2289 2439 2341 2490 in

741 2541 1047 2608 semetipso;
1098 2537 1185 2607 qni
1240 2535 1474 2599 fecerat,
1526 2533 1667 2587 idem
1723 2530 1998 2595 condens,
2049 2529 2338 2585 secundum

742 2633 883 2702 quod
913 2641 968 2687 et
995 2645 1154 2701 supra
1185 2646 1196 2681 :
1223 2626 1394 2698 Ipsius
1418 2627 1550 2680 enint
1600 2629 1799 2694 factura
1828 2640 1999 2678 sumus
2021 2665 2035 2689 ,
2073 2624 2262 2676 conditi
2290 2625 2342 2675 in

749 2725 974 2782 Christo.
1023 2721 1091 2776 In
1138 2737 1296 2774 unuut
1334 2735 1517 2772 novum
1557 2717 1806 2770 hominem
1847 2715 2037 2783 faciens
2057 2731 2251 2784 pacem.
2285 2714 2338 2768 Si

745 2834 870 2872 vere
905 2831 1128 2880 novum,
1159 2829 1284 2867 vere
1312 2822 1365 2866 et
1395 2810 1691 2874 hominem,
1727 2823 1830 2860 non
1863 2808 2194 2873 phantasma.
2227 2806 2336 2860 Νο-

745 2926 867 2964 vum
892 2917 1069 2962 autem
1097 2917 1148 2961 et
1175 2920 1309 2959 nove
1340 2918 1520 2958 natum
1552 2919 1619 2956 ex
1646 2903 1866 2971 virgine,
1907 2902 1996 2954 Dei
2027 2901 2256 2969 spiritu:
2284 2909 2338 2952 ut

745 3001 1030 3056 reconciliet
1047 2999 1218 3052 antbos
1235 2996 1381 3062 Deo;
1401 3007 1453 3051 et
1471 2997 1600 3059 Deo,
1617 3011 1774 3065 quem
1793 3003 2075 3063 utrumque
2085 3009 2250 3063 genus
2269 2992 2342 3048 of-

745 3093 1006 3159 fenderat,
1040 3102 1092 3146 et
1121 3091 1396 3145 Iudaicum
1421 3098 1476 3143 et
1516 3086 1731 3142 Geutile
1761 3085 1860 3156 (2);
1894 3084 1957 3139 In
1987 3103 2087 3138 uno
2108 3103 2337 3158 corpore,

746 3186 934 3257 inquit.
957 3201 1072 3238 cum
1089 3183 1418 3253 interfecisset
1437 3179 1756 3234 inimicitiam
1777 3179 1827 3231 in
1849 3194 1906 3231 eo
1924 3195 2240 3248 percrucem.
2267 3178 2339 3232 Ita

745 3291 798 3336 et
849 3279 934 3333 hic
982 3291 1109 3332 caro
1159 3289 1358 3344 corpus
1405 3276 1455 3326 in
1502 3272 1758 3336 Christo,
1801 3271 1944 3340 quod
1989 3285 2200 3325 crucem
2231 3271 2337 3342 pali

746 3372 936 3444 potuit.
974 3369 1084 3424 I'loc
1125 3369 1301 3438 itaque
1320 3365 1657 3420 adnuntiante
1677 3380 1852 3434 paceni
1880 3365 1940 3418 iis
1961 3364 2046 3433 qui
2067 3381 2224 3434 prope
2246 3407 2260 3430 ,
2291 3374 2338 3419 et

746 3465 808 3519 iis
849 3463 934 3536 qui
971 3465 1118 3534 longe
1141 3503 1156 3526 ,
1185 3476 1440 3514 accessum
1485 3459 1738 3512 consecuti
1781 3457 1933 3511 sintut
1975 3456 2043 3509 ad
2083 3455 2334 3523 Patrem,

741 3558 853 3628 jam
886 3573 988 3610 non
1017 3570 1188 3609 sumus
1217 3551 1508 3622 peregrini,
1552 3565 1640 3603 nec
1685 3549 1892 3603 adventa
1915 3591 1931 3614 ,
1972 3549 2059 3603 sed
2115 3550 2340 3604 concivcs

747 3657 1040 3703 sanctorum
1065 3687 1080 3712 ,
1109 3645 1196 3699 sed
1225 3641 1487 3696 domestici
1521 3638 1646 3704 Dei;
1676 3641 1857 3710 utique
1884 3639 2024 3707 ejus,
2053 3654 2084 3694 a
2109 3655 2218 3710 quo
2245 3655 2340 3695 su-

749 3758 843 3813 pra
867 3737 1200 3796 ostendimus
1228 3736 1437 3791 alienos
1464 3734 1628 3789 fuisse
1654 3748 1772 3797 nos,
1805 3743 1859 3788 et
1887 3733 2044 3802 longe
2074 3737 2340 3788 constitu-

759 3841 864 3889 tos.
907 3828 1317 3901 Supertedificati
1345 3843 1499 3895 super
1542 3826 1928 3897 fundamentum
1971 3825 2336 3895 apostolorum.

752 3925 988 3983 Abstulit
1011 3923 1319 3987 hereticus,
1347 3931 1393 3976 et
1429 3919 1807 3991 prophetarum,
1832 3918 2027 3974 oblitus
2056 3917 2340 3972 Dominum

750 4017 994 4090 posuisse
1015 4015 1066 4070 in
1089 4013 1330 4070 Ecclesia
1356 4012 1493 4066 sicut
1521 4011 1811 4081 apostolos,
1842 4009 1910 4064 ita
1937 4019 1992 4066 et
2030 4011 2339 4081 prophetas.

748 4107 951 4166 Timuit
995 4105 1203 4162 scilicet
1251 4119 1318 4159 ne
1361 4101 1441 4174 (3)
1481 4110 1537 4157 et
1571 4116 1731 4171 super
1770 4109 2009 4156 veterum
2061 4101 2342 4172 prepheta-

753 4219 873 4260 rum
929 4198 1277 4256 fundamenta
1311 4239 1326 4264 ,
1381 4193 1664 4252 adiﬁcatio
1721 4202 1902 4250 nostra
1956 4204 2228 4251 constaret
2287 4195 2340 4250 in

751 4294 1005 4360 Christo;
1036 4308 1160 4350 cum
1190 4292 1305 4362 ipse
1326 4288 1614 4359 Apostolus
1635 4287 1830 4358 ubique
1854 4301 1953 4342 nos
1972 4286 2038 4342 de
2069 4287 2342 4358 prophetis

753 4395 1032 4444 exstruere
1078 4398 1187 4440 non
1233 4390 1427 4438 cesset.
1477 4378 1631 4436 Unde
1654 4379 1800 4435 enim
1844 4379 2050 4450 accepit
2091 4397 2350 4438 summum

753 4477 979 4548 lapidem
1008 4474 1308 4547 angularem
1343 4471 1525 4527 dicere
1553 4469 1823 4527 Christum
1844 4511 1858 4536 ,
1901 4471 2003 4525 nisi
2038 4471 2104 4526 de
2145 4470 2343 4526 Psalmi

752 4569 1140 4643 signiﬁcatione
1171 4565 1289 4639 (Ps.
1331 4562 1541 4632 CXVII)
1593 4581 1607 4617 :
1661 4562 1816 4633 Lapis
1858 4579 2005 4633 quem
2042 4564 2340 4632 reprobave-

2156 392 2613 452 TERTULLIANI

741 513 848 570 sto,
891 520 918 556 a
949 504 1143 575 quibus
1171 513 1296 561 tunc
1323 505 1478 577 longe
1502 505 1732 562 fuerant.
1760 506 1817 563 Si
1843 515 2019 562 autem
2051 522 2338 564 convcrsa-
2363 514 2413 571 Α

3928 407 4033 462 ὗιϐ

3004 513 3233 573 CAPUT
3273 516 3457 572 XVIII.

2512 676 3160 750 (litICp.adEpIt.lII-Vl)
3194 678 3384 733 Datam
3430 681 3596 751 inquit
3622 683 3716 738 sibi
3758 686 4030 754 Apostolus

2439 773 2660 844 gratiam
2682 772 2952 826 novissimo
2979 773 3224 839 omnium,
3258 774 3789 842 illuminandiomnes;
3820 796 3933 848 qui:
3950 781 4032 832 di-

2437 867 2693 935 spensatio
2721 867 3024 921 sacramenti
3050 868 3232 921 occulti
3271 868 3332 922 ab
3359 869 3476 922 levis
3506 870 3559 924 in
3601 870 3730 937 Deo,
3759 876 3846 942 qui
3864 878 4036 930 omnia

2439 960 2685 1014 condidit.
2703 959 2898 1030 Rapuit
2923 959 3205 1015 hmreticus
3221 960 3272 1014 in
3288 961 3742 1033 prmpositionem,
3757 977 3811 1020 et
3839 968 3906 1020 ita
3933 969 4034 1037 legi

2440 1053 2584 1108 fecit:
2603 1051 2802 1108 Occulti
2815 1053 2878 1106 ab
2897 1054 3018 1108 ceris
3034 1053 3161 1115 Deo,
3176 1056 3262 1125 qui
3273 1057 3443 1109 omnia
3455 1058 3702 1112 condidit.
3721 1060 3824 1114 Sed
3839 1063 4037 1117 emicat

2443 1143 2656 1200 falsum.
2689 1144 2853 1200 Infert
2876 1145 3019 1201 enim
3051 1147 3342 1216 Apostolus
3369 1166 3381 1200 :
3420 1147 3488 1202 Ut
3511 1159 3631 1203 nota
3651 1152 3742 1218 [int
3773 1153 4040 1222 principa-

2441 1239 2573 1292 tibus
2599 1248 2646 1292 et
2674 1238 3029 1309 potestatibus,
3051 1239 3102 1292 in
3123 1240 3580 1309 supercalestibus,
3606 1260 3696 1313 per
3721 1243 4003 1300 Ecclesium
4021 1289 4036 1311 ,

2443 1331 2728 1404 multifaria
2774 1333 3024 1402 sapientia
3054 1329 3170 1386 Dei.
3203 1332 3364 1402 Cujus
3405 1333 3534 1389 dicit
3574 1337 3954 1408 principatibus
3986 1349 4043 1394 et

2444 1424 2836 1496 potestatibus?
2863 1424 2916 1479 Si
2942 1425 3217 1480 Creatoris
3237 1467 3252 1491 ,
3278 1427 3433 1495 quale
3460 1437 3541 1482 est
3569 1437 3626 1482 ut
3653 1431 4042 1500 principatibus

2444 1525 2499 1572 et
2521 1516 2871 1587 potestatibus
2897 1517 3015 1586 ejus
3039 1516 3250 1571 ostendi
3282 1518 3516 1572 voluerit
3543 1519 3679 1574 Deus
3706 1521 3795 1574 ille
3821 1525 4040 1591 sapien-

2446 1609 2574 1662 tiam
2604 1622 2778 1673 suam,
2813 1607 2914 1676 ipsi
2960 1617 3138 1663 autem
3168 1609 3314 1663 non?
3342 1610 3560 1680 quando
3604 1629 3701 1667 nec
3747 1623 4044 1681 potestates

2444 1703 2562 1757 sine
2584 1715 2683 1755 suo
2713 1701 2954 1771 principe
2993 1703 3293 1772 potuissent
3322 1703 3449 1772 quid
3480 1719 3828 1774 eugnosccre.
3863 1713 3968 1765 Ant
3997 1712 4042 1764 si

2446 1792 2566 1847 ideo
2593 1793 2762 1847 Deum
2789 1809 2895 1847 non
2931 1795 3226 1848 nominavit
3250 1794 3370 1859 hic,
3404 1799 3556 1866 quasi
3591 1799 3642 1852 itt
3682 1799 3859 1855 illiset
3893 1804 4044 1871 prin-

2445 1902 2572 1956 ceps
2603 1891 2716 1954 ipse
2744 1896 3038 1954 reputetur,
3060 1903 3190 1958 ergo
3217 1896 3271 1942 et
3296 1889 3617 1945 occultatum
3643 1904 4044 1950 sacramentum

2449 1979 2833 2050 principatibus
2855 1990 2907 2033 ct
2930 1981 3280 2049 potestatibus
3295 1981 3411 2050 ejus
3450 1984 3537 2052 qni
3568 1986 3746 2038 omnia
3775 1987 4042 2050 condidit,

2447 2074 2880 2143 prommtiasset;
2912 2073 3140 2143 proinde
3179 2074 3229 2127 itt
3259 2073 3366 2128 illis
3385 2076 3646 2143 deputans
3665 2077 3856 2146 ipsum.
3885 2080 4046 2145 Quod

2445 2165 2488 2218 si
2539 2165 2643 2218 illis
2685 2164 2814 2218 dicit
2871 2165 3234 2231 occultatum,
3279 2166 3352 2220 illi
3417 2166 3498 2238 (5)
3550 2167 3777 2222 debebat
3839 2170 4046 2227 dixisse

2446 2253 2824 2318 manifestum;
2853 2270 2982 2322 ergo
3027 2269 3130 2309 non
3166 2255 3274 2309 Deo
3309 2265 3426 2310 erat
3466 2258 3790 2313 occultatum
3813 2302 3826 2323 ,
3858 2262 3953 2316 sed
3990 2263 4044 2316 in

2446 2347 2555 2402 Deo
2579 2350 2815 2402 onmium
2861 2350 3171 2415 conditore;
3201 2351 3464 2407 occultum
3511 2364 3688 2408 autem
3731 2356 4046 2426 principati-

2444 2441 2544 2496 bus
2588 2454 2637 2497 et
2685 2443 3037 2512 potestatibus
3069 2444 3187 2512 ejus
3227 2442 3327 2516 (Is.
3355 2487 3370 2512 ,
3403 2443 3526 2513 XL,
3557 2444 3649 2518 15)
3684 2464 3697 2495 τ
3732 2448 3860 2512 Quis
3906 2451 4045 2503 enim

2443 2535 2671 2605 cognovit
2721 2552 2921 2590 sensum
2987 2535 3232 2601 Domini,
3288 2547 3375 2592 aut
3435 2539 3549 2609 quis
3606 2541 3927 2596 consiliarius
3996 2545 4045 2597 ei

2446 2627 2585 2698 fuit?
2617 2626 2692 2699 (b)
2727 2626 2825 2682 Hic
2863 2637 3052 2691 captus
3083 2629 3366 2684 haereticus
3413 2629 3639 2687 fortasse
3689 2637 3946 2697 mulavit,
3983 2645 4046 2691 ut

2443 2718 2588 2773 dicat
2634 2719 2798 2773 Deum
2853 2735 3007 2774 suum
3054 2719 3165 2775 suis
3191 2722 3545 2790 potestatibus
3572 2733 3628 2780 et
3655 2727 4046 2797 principatibus

2445 2819 2625 2864 notam
2649 2809 2824 2866 facere
2855 2812 3086 2867 voluisse
3102 2811 3554 2880 dispensationem
3579 2818 3658 2870 sui
3690 2825 4042 2886 sacramenti,

2443 2916 2601 2970 quam
2647 2902 2945 2972 ignorasset
2995 2903 3133 2958 Deus
3187 2905 3435 2960 eomlitor
3489 2908 3750 2963 omnium.
3810 2912 3877 2965 Et
3929 2929 4046 2983 quo

2444 2992 2782 3062 competebat
2840 2995 3172 3065 praetendere
3217 2997 3569 3067 ignorantiam
3623 3005 3882 3059 creatoris
3942 3022 4046 3061 ex-

2446 3086 2636 3149 tranei,
2667 3095 2722 3138 et
2754 3086 2906 3157 longa
2937 3089 3277 3158 separatione
3307 3090 3524 3146 discreti
3550 3134 3565 3158 ,
3602 3108 3725 3149 cum
3756 3096 4044 3154 domestici

2443 3193 2654 3247 quoque
2685 3179 2976 3248 superioris
3004 3181 3094 3235 Dei
3126 3183 3464 3238 nescissent?
3490 3185 3687 3241 Tamen
3713 3198 3768 3244 et
3791 3188 4044 3246 Creatori

2445 3277 2626 3322 notum
2651 3279 2766 3324 erat
2792 3268 3051 3327 futurnnt.
3081 3273 3271 3326 Annon
3305 3275 3486 3344 utique
3516 3287 3697 3332 notum
3719 3319 3733 3344 ,
3759 3281 3901 3349 quod
3935 3283 4045 3337 sub

2443 3361 2582 3417 ccelo
2617 3360 2697 3433 (6)
2752 3362 2803 3416 in
2855 3373 2994 3417 terra
3035 3363 3151 3433 ejus
3190 3363 3420 3422 habebat
3479 3370 3744 3425 revelari?
3786 3372 3924 3443 Ergo
3973 3390 4046 3429 ex

2444 3456 2545 3512 hoc
2588 3456 2936 3512 conﬁrmatur
2987 3460 3130 3530 quod
3180 3475 3340 3531 supra
3401 3464 3718 3521 struximus.
3783 3467 3838 3523 Si
3892 3470 4044 3523 enim

2441 3547 2664 3604 Creator
2688 3549 3000 3620 cogniturus
3043 3560 3166 3606 erat
3208 3551 3529 3623 quandoque
3580 3557 3848 3612 occultum
3905 3560 4042 3616 illud

2445 3640 2538 3696 Dei
2564 3642 2858 3711 superioris
2880 3651 3296 3710 sacramentum,
3317 3653 3369 3698 et
3393 3645 3464 3699 ita
3484 3645 3759 3716 Scriptura
3782 3647 4042 3706 habebat:

2446 3731 2648 3787 Occulti
2675 3732 2804 3800 Deo,
2831 3735 2916 3804 qui
2942 3735 3113 3788 omnia
3139 3736 3364 3789 condidit
3387 3737 3503 3802 ;sic
3526 3737 3724 3795 inferre
3754 3740 4040 3798 debuerat:

2447 3822 2515 3878 Ut
2545 3835 2668 3878 uota
2695 3824 2786 3893 fiat
2817 3825 2920 3879 illis
2949 3825 3235 3898 multifaria
3258 3828 3507 3897 sapientia
3549 3827 3669 3897 Dei,
3703 3841 3829 3887 tunc
3856 3843 3914 3889 et
3940 3849 4041 3904 po-

2445 3916 2726 3971 testatibus
2758 3925 2813 3971 et
2853 3916 3242 3988 principatibus
3289 3919 3673 3992 cujuscumque
3729 3923 3865 3992 Dei,
3915 3941 4045 3982 cum

2443 4007 2638 4079 quibus
2658 4009 2890 4063 sciturus
2918 4019 3063 4064 esset
3089 4009 3332 4066 Creator.
3352 4011 3502 4067 Adeo
3551 4013 3886 4072 subtractum
3913 4033 4047 4074 coa-

2445 4112 2592 4168 stat,
2615 4102 2757 4173 quod
2785 4113 2841 4159 et
2868 4104 2946 4158 sic
2970 4104 3186 4160 veritati
3213 4121 3325 4161 sua:
3352 4107 3556 4164 salvum
3596 4119 3697 4166 est.
3733 4112 3870 4168 Volo
3900 4130 4048 4170 nunc

2446 4204 2500 4250 et
2526 4210 2624 4266 ego
2653 4195 2748 4250 tibi
2779 4194 2846 4250 de
2871 4195 3140 4266 allegoriis
3170 4198 3416 4269 Apostoli
3445 4205 3869 4259 controversiam
3914 4222 4048 4262 nec-

2451 4301 2584 4346 tere.
2609 4289 2752 4357 Quas
2779 4304 2949 4344 novus
2990 4289 3069 4361 (7)
3090 4290 3142 4344 in
3183 4291 3458 4362 prophetis
3480 4293 3754 4352 habuisset
3791 4297 4048 4354 formas?

2445 4382 2748 4453 Captivam,
2777 4381 2988 4453 inquit,
3017 4383 3165 4438 duxit
3193 4386 3550 4454 captivitatem.
3589 4388 3790 4457 Quibus
3832 4393 4052 4447 armis?

2445 4475 2638 4545 quibus
2661 4473 2905 4545 prreliis?
2930 4473 2998 4530 de
3025 4475 3180 4546 cujus
3219 4477 3394 4548 gentis
3423 4481 3762 4536 vastatione?
3788 4481 3858 4538 de
3883 4486 4048 4555 cujus

2446 4568 2679 4622 civitatis
2715 4569 3037 4624 eversione?
3083 4583 3215 4640 quas
3260 4570 3548 4641 feminas,
3607 4591 3742 4646 quos
3795 4593 4003 4648 pueros
4032 4623 4048 4646 ,

750 4672 867 4718 runt
891 4662 1220 4729 cediﬁcantes,
1250 4659 1343 4712 iste
1382 4660 1546 4729 factus
1590 4666 1660 4710 est
1697 4659 1747 4709 in
1777 4673 1971 4710 summo
2017 4657 2239 4728 anguli?
2271 4658 2344 4711 De
2371 4723 2406 4729 __
2447 4675 2648 4728 quosve
2677 4661 2890 4728 regulos
2917 4663 3122 4717 catenis
3169 4665 3336 4718 victor
3367 4666 3625 4721 inseruit?
3655 4667 3788 4724 Nam
3819 4682 3874 4726 et
3918 4689 4049 4728 cum

750 4723 1004 4812 manibus
1029 4723 1262 4808 lueretici
1309 4723 1649 4821 princidentis
1679 4765 1784 4802 non
1815 4749 2003 4814 miror,
2030 4750 2072 4803 si
2088 4723 2339 4820 syllabas
2367 4723 2420 4783 D
2445 4723 2583 4820 apud
2610 4723 2768 4806 David
2820 4752 2936 4822 (Ps.
2978 4753 3163 4818 XLIV,
3195 4754 3254 4825 II)
3278 4757 3523 4812 Christus
3562 4723 3784 4816 canitur?

753 4846 1036 4915 subtrahit,
1066 4859 1188 4901 cum
1209 4843 1426 4916 paginas
1447 4851 1586 4898 totas
1611 4841 1924 4912 plerumque
1952 4841 2211 4898 subducat
2235 4843 2337 4914 (l).

2447 4857 2526 4900 tus
2556 4846 2728 4916 gladio
2757 4863 2908 4914 super
2935 4849 3120 4917 femur,
3162 4859 3253 4904 aut
3302 4859 3440 4918 apud
3483 4852 3693 4908 Esaiam
3725 4854 3825 4925 (Is.
3851 4898 3866 4921 ,
3905 4858 4047 4930 VIII)

2449 4931 2616 5002 spolia
2659 4932 2916 5002 accipiens
2955 4933 3209 4991 Samaria:
3238 4947 3284 4991 et
3313 4938 3544 4994 virtutem
3587 4938 3827 4998 Damasci
3857 4985 3872 5008 ,
3910 4961 4046 5003 vere

1960 5047 2254 5106 LECTION
2265 5049 2344 5105 Ι·Σὸ
2389 5049 2800 5112 VARIANTES.

844 5153 890 5219 l)
914 5151 1076 5219 Sicuti
1093 5149 1244 5200 Frau.

839 5213 890 5279 2)
917 5213 1163 5266 Gentilem

841 5281 871 5328 5
916 5281 966 5327 Si
989 5288 1147 5326 nonne

840 5285 892 5405 ιζ
913 5339 1137 5391 Subducit

1245 5207 1429 5275 pulttnt,
1453 5209 1500 5257 in
1524 5209 1664 5258 Pam.

916 5285 966 5327 Si
989 5288 1147 5326 nonne
1172 5285 1325 5324 tmen.

913 5339 1137 5391 Subducit
1159 5339 1297 5386 Pam.

2529 5207 2581 5261 6)
2609 5207 2667 5257 lit
2689 5207 2809 5257 add.
2836 5207 2979 5258 Ober.
3009 5217 3198 5261 secvtus
3236 5211 3386 5260 Seml.

2445 5345 2470 5380 c
2471 5269 2582 5382 (“(17)
2604 5269 2762 5321 Novas
2784 5279 2896 5320 Jun.
2927 5275 3146 5322 novimus
3166 5275 3211 5322 in
3237 5275 3489 5338 pr0phetis
3512 5275 3739 5329 habuisse
3762 5278 3876 5329 cod.
3917 5289 4054 5334 rati-

2507 5143 2689 5332 {qua
2715 5142 2862 5194 Seml.
2895 5144 2988 5194 illis
3013 5147 3154 5197 Ii/tt’lt.

2529 5207 2560 5255 6
2609 5207 2667 5257 ΕΙ.
2689 5207 2809 5257 add.
2836 5207 2979 5258 Ober.
3009 5217 3154 5260 secat:

2532 5271 2582 5332 7)
2604 5269 2762 5321 Novas
2784 5279 2896 5320 Jun.
2927 5275 3146 5322 novimus

2105 5435 2666 5495 COMMENTARIUS.

841 5541 917 5610 (a)
954 5537 1070 5610 Non
1117 5534 1428 5610 Marrucine,
1472 5533 1558 5610 sed
1583 5529 1813 5610 Pontice.
1836 5528 2129 5610 _lllarrn_cini
2165 5530 2340 5610 populi

761 5599 977 5669 fuerunt
1017 5607 1334 5664 Forentanis
1375 5614 1429 5659 et
1483 5602 1713 5657 Vestinis
1752 5601 1907 5654 vicini
1939 5601 1988 5653 in
2020 5599 2164 5652 Italia
2191 5609 2339 5654 extra

761 5686 992 5747 Latium,
1014 5679 1253 5746 adeoque
1293 5673 1499 5730 barbari
1530 5684 1583 5726 et
1612 5673 1812 5734 inculti,
1845 5672 1982 5747 unde
2014 5669 2341 5747 Marrucinus

762 5757 813 5812 id
843 5767 917 5808 esu
953 5744 1140 5820 ἀμαθής
1168 5744 1246 5803 ἐκαὶ
1273 5751 1542 5820 οἱναῑθητες,
1567 5761 1686 5820 nam
1711 5744 2103 5820 cinivieiuttueo
2124 5745 2343 5820 nomine

761 5811 994 5895 stupidis'
1037 5823 1150 5895 lieri
1198 5819 1424 5874 solebat.
1474 5817 1706 5895 Bopices
1751 5815 1889 5895 idem
1926 5829 1989 5867 ac
2015 5811 2340 5895 Marrucinos

763 5885 1060 5970 signiticare
1107 5892 1276 5950 ferme
1324 5885 1639 5964 putaverint,
1689 5901 1752 5942 ea
1797 5893 1975 5942 autem
2016 5885 2180 5941 utitur
2209 5899 2338 5942 voce

2446 5532 2668 5660 "I‘gcryttll.
2717 5531 2800 5587 bis
2837 5549 2956 5605 cap.
2998 5533 3033 5588 4
3061 5535 3150 5591 lib.
3183 5535 3251 5592 de
3303 5536 3492 5594 Pallio.
3522 5539 3814 5610 Iuvenalis,
3850 5559 3966 5604 sat.
3995 5551 4052 5618 2,

2594 5774 2598 5778 _
2625 5697 2928 5753 Montanum
2959 5701 3132 5768 positis
3156 5704 3352 5757 audiret
3381 5706 3569 5778 vulgus
3587 5711 3792 5767 aratris.
3837 5713 3926 5772 Ls:
3953 5717 4051 5773 Pa.

2519 5809 2671 5888 P.
2710 5810 2892 5888 XVIII.
2917 5841 2985 5888 -ῖ
3004 5812 3084 5883 (b)
3121 5812 3214 5868 llic
3242 5829 3422 5885 captus
3452 5820 3734 5877 lia'reticus.
3761 5823 4014 5888 Marcion

2447 5885 2537 5957 qui
2565 5885 2715 5940 lucus
2753 5899 2858 5939 "0"
2882 5875 3081 5955 ίηάίέθί
3105 5901 3222 5942 mea
3247 5875 3731 5960 explicationeva
3761 5875 3868 5959 I51:
3885 5875 4014 5888 “"-
4038 5875 4053 5906 ’
