4268 6492
205 415 312 471 517

1314 410 1442 466 ΜΒ.
1493 409 1530 462 ν
1572 405 1933 465 ADVERSUS
1973 403 2399 462 MARCIONEM.

3407 398 3513 455 5I8

203 545 327 585 eum
368 541 422 586 et
474 531 740 586 visibilem
792 527 1049 584 excondis
1107 525 1467 598 praeliatorctn
1496 543 1510 590 ;
1565 539 1792 596 agnosce
1821 527 1873 586 Λ
1901 522 2116 580 iamavit
2143 529 2199 577 et
2234 535 2448 575 carnem
2479 519 2616 573 sicut
2642 516 2957 573 Ecclesium.
2986 515 3156 572 Nemo
3187 529 3290 570 non
3319 515 3504 584 diliget

203 623 367 691 igitur
390 622 500 691 jam
527 632 582 678 et
608 630 934 677 armaturam
964 630 1020 676 et
1041 619 1284 675 militiam
1316 619 1433 688 ejus
1461 616 1797 686 spiritalem,

201 714 245 766 si
290 714 402 783 jam
441 714 676 770 didicisti
709 729 832 770 esse
871 714 1236 785 captivitatem
1286 711 1619 782 spiritalem,
1655 720 1711 764 ut
1748 720 1801 764 et

204 805 344 860 hanc
381 805 530 860 illius
578 820 840 876 agnoscas
875 824 888 860 :
920 809 1001 860 vel
1028 804 1150 874 quia
1194 813 1248 859 et
1274 803 1598 873 captivitatis
1645 801 1802 871 hujus

203 899 533 955 mentionem
561 900 629 955 de
670 899 954 969 Prophetis
1002 899 1294 968 Apostolus
1322 899 1590 966 sumpsit,
1625 912 1650 951 a
1683 896 1804 966 qni-

202 991 304 1045 bus
348 1001 404 1045 et
434 992 706 1046 mandata.
757 991 1075 1062 Deponeutes
1131 990 1484 1057 mendacium,
1535 989 1803 1058 loquimini

201 1088 463 1140 veritatem
496 1087 563 1140 ad
608 1087 896 1155 proximum
933 1102 1083 1139 suum
1133 1083 1213 1155 (I)
1247 1086 1472 1155 quisque.
1528 1084 1597 1138 Et
1635 1084 1806 1138 irasci.

210 1180 357 1246 mini,
401 1191 446 1232 et
473 1181 624 1233 nolite
644 1179 952 1249 delinquere,
983 1178 1110 1250 ipsis
1139 1177 1318 1232 verbis
1342 1178 1536 1247 quibus
1560 1175 1804 1231 I’salmus

203 1267 325 1337 (I’s.
351 1312 364 1331 ,
401 1269 488 1337 IV,
521 1268 580 1339 5)
607 1279 903 1340 exponeret
944 1285 1136 1324 sensus
1163 1270 1298 1338 ejus.
1346 1270 1442 1324 Sol
1481 1285 1582 1323 non
1608 1268 1805 1322 occidat

205 1377 361 1430 super
466 1361 783 1415 iracundiam
869 1372 1107 1415 vestram.
1187 1358 1362 1414 Nolite
1437 1360 1808 1414 communicare

205 1451 444 1522 aperibus
501 1455 840 1508 tenebrarum.
898 1453 1023 1507 Cum
1071 1453 1215 1522 justo
1251 1453 1394 1506 cnim
1437 1454 1610 1522 justus
1658 1452 1758 1506 eris
1787 1492 1800 1516 ,

201 1555 395 1598 etcum
430 1561 664 1616 perverso
709 1546 1008 1615 perverteris
1061 1544 1198 1617 (Ps.
1246 1544 1426 1612 XVII,
1458 1543 1574 1614 27).
1631 1544 1718 1610 Et,
1764 1543 1806 1614 (Ι

201 1636 323 1690 (lor.
363 1635 425 1698 V,
484 1637 598 1708 I5),
643 1640 851 1708 Auferte
899 1637 1090 1691 malum
1143 1639 1205 1692 de
1257 1637 1422 1691 medio
1459 1647 1697 1692 oestrum.
1745 1637 1810 1689 Et

203 1727 275 1797 (ll
321 1729 440 1783 Cor.
471 1728 571 1796 Vl,
639 1729 703 1784 17
735 1729 755 1798 )
787 1771 802 1794 ,
850 1728 1001 1784 Exite
1055 1731 1118 1783 de
1166 1730 1331 1784 medio
1361 1745 1568 1794 eorum,
1625 1738 1670 1783 et
1715 1729 1809 1781 im-

202 1821 452 1874 mundum
518 1837 580 1874 ne
623 1823 913 1892 attigeritis.
969 1823 1333 1892 Separamini,
1375 1824 1460 1892 qui
1509 1822 1651 1893 fertis
1690 1837 1810 1874 vasa

1907 615 2178 684 maginem
2213 627 2426 682 quoque
2465 626 2676 681 sponsa;
2699 652 2713 675 ,
2744 611 2850 664 imo
2879 619 2935 664 et
2974 608 3208 663 servabit
3250 608 3414 672 illam,
3444 616 3500 662 et

1907 706 2228 771 honorabit,
2261 714 2316 760 ct
2343 705 2642 762 coronabit.
2675 701 2846 758 Ilabet
2889 700 3180 757 similitudo
3209 716 3328 756 cum
3359 701 3499 756 veri-

1908 806 2015 853 tate
2043 796 2264 851 honoris
2306 796 2659 851 consortium.
2695 794 2973 849 Laborabo
3022 808 3122 863 ego
3162 808 3301 847 mmc
3345 808 3501 846 enin-

1905 888 2028 944 dem
2066 888 2228 943 Deum
2265 889 2494 960 probare
2533 886 2759 944 masculi
2803 897 2859 942 et
2904 885 3144 947 Christi,
3176 885 3415 940 mulieris
3444 893 3501 940 et

1906 980 2165 1036 Ecclesia:
2193 1021 2208 1046 ,
2240 981 2420 1036 carnis
2450 991 2502 1036 et
2535 981 2798 1050 spiritus:
2832 979 2950 1048 ipso
2980 979 3239 1047 Apostolo
3277 988 3499 1033 senten-

1909 1074 2035 1128 tiam
2065 1074 2334 1129 Creatoris
2383 1073 2674 1128 adhibente
2698 1113 2715 1138 ,
2745 1074 2851 1127 imo
2878 1080 2932 1127 et
2968 1071 3268 1126 disserente
3295 1093 3308 1126 :
3343 1071 3505 1142 Prop-

1910 1176 1984 1221 ter
2025 1168 2120 1220 hoc
2159 1166 2236 1238 (4)
2303 1167 2551 1234 relinquet
2602 1167 2752 1220 homo
2815 1176 3011 1234 patrem
3056 1175 3102 1218 et
3151 1174 3361 1218 matrem
3386 1205 3400 1228 ,
3454 1172 3504 1218 et

1908 1269 2052 1313 erant
2096 1260 2196 1312 duo
2248 1259 2300 1313 in
2338 1275 2540 1313 carnem
2603 1276 2757 1313 unam
2803 1256 2906 1330 (5).
2951 1259 3342 1314 Sacramentum
3407 1258 3500 1312 hoc

1908 1368 2147 1422 ntagnum
2185 1361 2276 1406 est.
2321 1351 2531 1407 Sufﬁcit
2582 1352 2719 1406 inter
2751 1352 2871 1417 ista,
2905 1351 2951 1406 si
2995 1350 3264 1406 Creatoris
3313 1365 3502 1421 magna

1908 1454 2034 1498 sunt
2062 1443 2199 1513 apud
2232 1444 2549 1514 Apostolum
2581 1452 2943 1507 saciatncnta,
2977 1443 3197 1498 minima
3226 1442 3363 1512 apud
3395 1444 3504 1496 hae-

1909 1536 2128 1592 reticos.
2161 1535 2237 1605 (tt)
2270 1536 2374 1591 Sed
2404 1555 2494 1608 ego
2541 1547 2708 1590 autem
2739 1537 2852 1590 dico
2879 1577 2894 1603 ,
2928 1536 3088 1606 inquit
3115 1577 3129 1600 ,
3157 1537 3209 1589 in
3247 1534 3505 1589 Christum

1912 1643 1958 1686 et
1983 1632 2282 1687 Ecclesium.
2312 1633 2480 1688 llabet
2509 1633 3006 1703 interpretationem
3026 1673 3040 1697 ,
3071 1647 3178 1686 non
3207 1630 3502 1700 separatio-

1913 1743 2034 1782 nem
2067 1728 2408 1781 sacramenti.
2435 1727 2683 1782 Ostendit
2716 1729 2938 1796 ligarant
2982 1727 3300 1780 sacramenti
3340 1723 3408 1778 ab
3439 1738 3505 1778 eo

1914 1822 2386 1892 praeministratqu
2424 1862 2437 1884 ,
2482 1823 2632 1891 cujus
2688 1829 2805 1876 erat
2855 1821 3036 1891 utique
3084 1826 3499 1874 Sacramentum.

200 1911 410 1967 Domini
457 1912 584 1985 (Is.,
632 1913 742 1980 LII,
786 1915 898 1985 Il).
931 1914 1021 1971 Sic
1059 1925 1148 1981 et,
1197 1916 1438 1970 inebriari
1488 1916 1603 1969 vino
1640 1915 1804 1970 dede-
1837 1933 1884 1992 Β
1913 1915 2048 1982 Quid
2115 1914 2326 1969 videtur
2402 1914 2702 1968 Mareioni?
2763 1913 2988 1968 Creator
3063 1911 3274 1982 quidem
3325 1912 3505 1981 ignoto

201 2009 313 2064 cori
389 2007 468 2079 (2)
549 2007 672 2064 inde
731 2019 852 2075 est,
914 2009 1002 2063 tibi
1066 2021 1374 2063 sanctorum
1448 2008 1806 2063 incbriatores

203 2103 599 2168 inrrepantur:
651 2099 715 2154 Et
769 2111 943 2171 potum
998 2101 1198 2154 dabotis
1237 2101 1428 2155 sanctis
1467 2101 1588 2155 meis
1634 2102 1805 2174 vinum

205 2194 385 2262 (Amos
412 2192 479 2259 II,
507 2193 622 2264 12),
645 2195 780 2263 quod
802 2192 1086 2264 prohibitus
1109 2203 1216 2248 erat
1242 2204 1418 2262 potare
1439 2203 1484 2245 et
1515 2193 1689 2246 Aaron
1721 2210 1806 2245 sa-

205 2286 404 2350 cerdos,
423 2295 468 2338 et
490 2285 588 2353 lilii
610 2287 737 2357 ejus,
761 2303 876 2340 cum
892 2287 1092 2340 adirent
1113 2287 1180 2339 ad
1213 2296 1391 2339 sancta
1412 2284 1588 2357 (Dent.
1611 2283 1799 2354 XXII).

207 2377 274 2430 Et
295 2376 525 2430 Psalmis
555 2389 602 2432 et
634 2379 838 2448 hymnis
863 2377 970 2432 Deo
995 2394 1176 2432 canere
1204 2378 1399 2433 docere
1422 2378 1564 2431 illius
1591 2387 1694 2441 est,
1714 2379 1804 2446 qui

206 2484 322 2522 cum
358 2468 625 2538 tympanis
681 2471 857 2539 potius
878 2477 933 2524 et
962 2469 1227 2539 psalteriis
1255 2470 1433 2524 vinum
1463 2469 1706 2524 bibentes
1734 2469 1804 2523 in-

207 2562 382 2615 cusari
413 2576 446 2614 a
483 2560 592 2616 Deo
619 2560 722 2634 (Is.
751 2601 766 2624 ,
793 2561 860 2616 XI
892 2603 907 2628 ,
937 2560 1026 2632 I9.)
1057 2571 1233 2616 norat.
1269 2561 1366 2626 Ita,
1399 2561 1554 2630 cujus
1595 2563 1806 2616 invenio

210 2662 473 2723 praecepta
500 2662 556 2707 et
583 2654 789 2708 semina
829 2663 1220 2723 praeceptorum
1247 2655 1327 2708 vel
1353 2662 1658 2723 augmenta,
1688 2653 1806 2720 ejus

209 2748 510 2814 apostolum
537 2760 794 2816 agnosco.
822 2747 1116 2812 Caeterum,
1147 2745 1383 2798 mulieres
1410 2745 1530 2798 viris
1555 2744 1805 2816 subjectas

208 2854 313 2891 esse
349 2838 550 2901 debere,
584 2838 725 2894 unde
755 2838 1086 2893 conlirmat?
1119 2838 1254 2904 Quia
1283 2838 1381 2902 uir,
1417 2835 1607 2906 inquit,
1650 2847 1806 2906 caput

209 2943 276 2986 est
309 2932 559 2986 mulieris.
595 2934 686 2988 Dic
712 2934 841 2986 mibi
865 2975 879 2998 ,
909 2932 1181 2999 Marcion,
1213 2932 1284 2988 de
1327 2947 1492 3002 opere
1534 2930 1806 2986 Creatoris

213 3027 353 3080 Deus
377 3035 499 3080 tuus
531 3025 632 3095 legi
682 3042 794 3080 suae
839 3026 1068 3080 adstruit
1109 3025 1528 3080 auctoritatem?
1557 3023 1670 3078 Iloc
1694 3023 1804 3092 jam

211 3121 369 3190 plane
395 3120 572 3174 minus
593 3129 698 3186 est,
729 3135 850 3174 eum
878 3129 934 3174 et
959 3121 1059 3190 ipsi
1085 3118 1303 3174 Christo
1332 3134 1432 3174 suo
1460 3127 1515 3173 ct
1546 3116 1805 3172 Beclcsizn

214 3211 336 3279 ejus
379 3210 503 3265 inde
532 3219 725 3265 statum
749 3211 952 3266 sumit:
988 3211 1136 3266 Sicut
1175 3223 1220 3265 et
1267 3211 1500 3266 Christus
1541 3219 1696 3279 caput
1731 3218 1804 3262 est

1911 2009 2019 2063 Deo
2073 2011 2269 2078 liguras
2317 2007 2734 2076 praeministrare
2777 2022 2880 2060 non
2915 2007 3122 2074 potuit;
3167 2006 3328 2059 etiam
3380 2003 3504 2072 quia

1911 2101 2244 2156 adversario.
2279 2103 2334 2154 Si
2371 2111 2497 2154 noto
2519 2143 2533 2166 ,
2573 2101 2710 2154 Dens
2739 2100 2986 2168 supeiior
3029 2096 3096 2151 ab
3141 2095 3416 2161 inferiore,
3451 2104 3506 2149 et

1906 2192 1972 2247 ad
2001 2191 2384 2247 destruendum
2425 2192 2629 2261 potius,
2666 2191 2896 2245 mutuari
2932 2191 3060 2243 nihil
3092 2189 3297 2243 debuit.
3332 2186 3503 2240 Obau-

1908 2287 2051 2340 diant
2090 2297 2138 2339 et
2184 2285 2478 2356 parentibus
2505 2285 2622 2353 /ilii.
2654 2283 2785 2337 Nam
2817 2283 2935 2338 etsi
2977 2281 3213 2336 Marcion
3245 2280 3500 2346 abstulit,

1917 2375 2028 2430 lloc
2048 2387 2119 2430 est
2144 2380 2281 2430 enim
2323 2380 2547 2444 primum
2591 2376 2643 2428 in
2671 2375 3002 2444 promissione
3040 2383 3363 2442 prwccptum.
3395 2371 3503 2426 Lex

1909 2470 2144 2540 loquitur
2194 2468 2420 2540 (Exod,
2478 2464 2642 2535 XX);
2689 2467 2900 2520 llonora
2952 2476 3145 2534 patrem
3184 2474 3230 2519 et
3270 2475 3502 2518 matrem.

1909 2563 2011 2618 Et:
2050 2562 2325 2627 Parentes,
2352 2563 2566 2616 enutrite
2592 2560 2726 2629 ﬁlios
2757 2560 2808 2612 in
2830 2559 3103 2629 disciplina
3122 2569 3168 2612 ct
3192 2560 3507 2627 correptione

1911 2657 2144 2711 Domini.
2181 2656 2391 2712 Audisti
2422 2657 2562 2710 enim
2595 2664 2650 2709 et
2678 2652 2951 2708 veteribus
2979 2653 3178 2708 dictum
3206 2674 3218 2708 :
3255 2652 3504 2706 Narrabi-

1909 2749 1974 2801 tis
2022 2749 2132 2800 hwc
2183 2747 2234 2799 in
2262 2749 2472 2800 auribus
2501 2746 2722 2808 ﬁliorum
2766 2755 3080 2811 uestrorum,
3127 2754 3172 2797 et
3217 2743 3314 2812 lilii
3358 2745 3504 2797 vestri
3584 2809 3587 2813 λ

1908 2857 2049 2911 teque
2078 2841 2129 2893 in
2158 2840 2370 2894 auribus
2425 2837 2504 2910 (ti)
2561 2840 2784 2906 ﬁliorum
2811 2855 3036 2894 suorum.
3070 2838 3188 2904 Quo
3231 2837 3340 2908 jam
3375 2838 3503 2892 mihi

1907 2937 2042 2992 duos
2066 2936 2222 3001 Deos,
2252 2935 2297 2988 si
2325 2948 2426 2988 una
2457 2932 2832 3001 estdisciplina
2851 2933 2874 2986 ’ἵ
2893 2941 2947 2988 et
2975 2932 3018 2986 si
3045 2931 3152 2985 duo
3181 2940 3327 2997 sunt,
3355 2931 3504 2986 illum

1907 3042 2109 3098 sequar
2136 3026 2226 3096 qni
2251 3024 2397 3096 prior
2427 3023 2629 3078 docuit.
2662 3020 2768 3078 Sed
2790 3023 3050 3077 adversus
3073 3020 3504 3076 nitniditenentes

1907 3120 2125 3175 luctatio
2171 3121 2215 3175 si
2267 3119 2452 3182 nobis,
2485 3133 2516 3169 ο
2545 3117 2731 3187 quanti
2777 3115 2887 3185 jam
2938 3115 3014 3168 Dii
3059 3117 3368 3172 creatures!
3397 3115 3507 3169 Cur

1906 3213 2047 3269 enim
2094 3228 2199 3267 non
2249 3221 2301 3266 et
2354 3210 2455 3264 hoc
2484 3207 2781 3273 vindicem,
2837 3221 3000 3262 unum
3043 3205 3506 3261 mnnditencntem

223 3305 492 3360 Ecclesiw.
526 3304 785 3360 Similiter
811 3315 865 3361 et
893 3322 1015 3362 eum
1046 3305 1175 3361 dicit
1211 3323 1225 3359 :
1263 3306 1476 3359 Carnem
1513 3320 1659 3358 suam
1687 3303 1804 3356 dili—
1834 3327 1880 3388 ρ
1915 3305 2178 3361 nominari
2206 3303 2457 3359 debuisse
2478 3344 2491 3367 ,
2524 3301 2567 3356 si
2593 3299 2903 3355 Creatorem
2949 3299 3284 3368 signiﬁcabat
3307 3340 3322 3366 ,
3352 3297 3508 3367 cujus

214 3401 308 3468 git,
339 3400 429 3469 qui
458 3413 680 3454 uxorem
702 3399 946 3472 suaml5)
974 3399 1145 3469 diligit
1169 3403 1299 3453 sicut
1316 3409 1360 3452 et
1376 3396 1607 3453 Christus
1635 3395 1809 3450 Eccle-

209 3497 360 3549 sium.
385 3492 547 3548 Vides
570 3494 1027 3563 conipamrioperi
1045 3493 1316 3547 Creatoris
1340 3490 1610 3546 Christum
1639 3500 1802 3554 tuum,

209 3598 265 3641 et
283 3587 576 3642 Ecclesium
597 3597 762 3642 tuam.
782 3588 1046 3654 Quantum
1069 3585 1286 3639 honoris
1303 3581 1610 3637 carnidatur
1631 3583 1682 3635 in
1709 3581 1811 3636 Ec-

211 3679 390 3732 clesia:
420 3680 654 3735 nomine!
691 3678 873 3744 Nemo,
906 3679 1094 3748 inquit,
1113 3693 1317 3732 carnem
1336 3691 1484 3731 suam
1503 3675 1619 3728 odio
1639 3674 1806 3741 habet,

212 3771 313 3826 nisi
338 3772 494 3842 plane
510 3772 740 3828 Marcion
762 3774 932 3829 solus:
952 3773 1043 3828 sed
1063 3784 1109 3829 et
1131 3774 1290 3828 nutrit
1313 3781 1358 3826 et
1383 3775 1514 3843 [ovet
1533 3787 1664 3836 eam,
1683 3771 1810 3825 sicut

212 3874 260 3918 et
286 3863 516 3918 Christus
533 3863 837 3920 Ecclesium.
870 3869 939 3922 At
959 3877 1012 3922 tu
1030 3868 1181 3924 solus
1210 3882 1329 3922 eam
1350 3866 1535 3933 odisti,
1563 3864 1811 3921 auferens

213 3958 292 4012 illi
347 3960 822 4014 resurrectionem.
849 3960 1041 4017 Odisse
1087 3960 1310 4017 debebis
1359 3971 1415 4016 et
1461 3961 1757 4015 Ecclesiam
1782 3999 1798 4024 ,

210 4051 338 4125 quia
378 4051 602 4124 proinde
642 4052 880 4125 diligitur
923 4068 956 4109 a
1005 4054 1241 4111 Christo.
1289 4055 1502 4110 Atenim
1557 4052 1802 4108 Christus

1913 3407 2098 3452 essent
2141 3411 2274 3466 quas
2307 3394 2565 3466 praemisit
2594 3391 2928 3462 potestates?
2960 3390 3128 3445 I’orro
3157 3432 3172 3456 ,
3202 3405 3325 3445 cum
3347 3405 3505 3460 supra

1910 3490 2125 3560 quidem
2156 3490 2368 3542 induere
2407 3503 2498 3540 nos
2524 3484 2708 3554 jubeat
2743 3493 3077 3549 armaturam,
3107 3485 3160 3536 in
3189 3499 3290 3553 qua
3319 3493 3507 3538 stemus

1910 3582 1978 3635 ad
2021 3581 2416 3636 machinationes
2446 3579 2671 3643 diaboli,
2698 3578 2809 3647 jam
2841 3576 3078 3631 ostendit
3121 3577 3319 3631 diaboli
3349 3593 3502 3644 esse,

1912 3691 2031 3747 quae
2079 3676 2292 3732 diabolo
2335 3673 2652 3744 subjungit,
2703 3678 2972 3742 potestates
3019 3680 3063 3724 et
3109 3671 3508 3726 munditenentes

1912 3769 2228 3824 tenebrarum
2255 3769 2468 3823 istarum
2495 3809 2510 3834 ,
2542 3783 2661 3838 qua:
2691 3775 2747 3821 et
2785 3779 2884 3820 nos
2910 3764 3126 3820 diabolo
3164 3766 3505 3837 deputamus.

1915 3864 2023 3918 Aut
2050 3862 2096 3917 si
2140 3861 2384 3917 diabolus
2414 3869 2626 3916 creator
2652 3869 2733 3915 est
2760 3900 2774 3923 ,
2806 3858 2930 3932 quis
2955 3859 3058 3915 erit
3085 3859 3328 3915 diabolus
3365 3861 3509 3931 apud

1913 3955 2253 4011 creatorem?
2281 3955 2364 4009 An
2410 3953 2547 4008 sicut
2576 3950 2657 4024 (7)
2698 3952 2806 4007 duo
2855 3951 2988 4019 Dei,
3034 3953 3104 4008 ita
3146 3963 3201 4008 et
3241 3953 3348 4008 duo
3391 3954 3508 4009 dia-

1910 4050 2017 4106 boli
2043 4091 2057 4114 ,
2091 4058 2144 4104 et
2179 4047 2452 4118 pluraliter
2499 4053 2794 4119 potestates
2825 4054 2881 4104 et
2909 4045 2985 4120 (b)
3035 4045 3507 4105 munditenentes?

1435 4145 1814 4204 LECTIONES
1851 4140 2262 4200 VARIAN'I‘ES.

275 4241 352 4314 (AI)
371 4240 526 4314 Suum
726 4242 878 4295 Seml.

289 4306 356 4370 '2)
376 4307 606 4358 Dedecor
629 4306 740 4376 μιῆς.
775 4314 941 4359 vertet.
961 4306 1203 4358 mendose.

278 4309 355 4494 ii;
537 4375 691 4483 ἔπευὲ
713 4369 859 4422 ⁰¹⁹⁶⁷·

303 4429 355 4483 si
379 4429 518 4482 Hanc
537 4429 689 4483 Seml.

1999 4304 2050 4365 ti)
2077 4303 2239 4351 Aures
2261 4303 2406 4365 Pam.

1999 4236 2232 4302 3)”Carne
2257 4250 2352 4288 una
2377 4235 2520 4289 Ober.

1999 4239 2058 4302 ὃ)
2076 4239 2232 4289 Carne
2257 4252 2303 4287 ut

1999 4304 2050 4365 ti)
2077 4303 2239 4351 Aures
2261 4303 2303 4350 P

1976 4239 2052 4430 i7)
2077 4365 2128 4415 Si
2152 4359 2303 4417 Seml.

1563 4513 2121 4572 COMMENTARIUS.

307 4631 387 4702 (a)
429 4631 537 4687 Sed
560 4650 672 4705 ego,
705 4634 906 4704 inquit,
938 4634 1050 4688 dico
1083 4633 1135 4687 in
1173 4633 1427 4689 Christum
1454 4642 1500 4689 et
1529 4632 1829 4688 Ecclesium.
1859 4634 1910 4694 D
1938 4637 2019 4690 lns
2041 4634 2194 4690 duas.
2221 4633 2327 4687 Viri
2347 4645 2398 4688 et
2429 4633 2666 4687 mulieris
2691 4631 2995 4705 conjugium
3023 4648 3050 4686 a
3083 4633 3506 4691 DeoinSIitutum

230 4703 408 4759 Verba
442 4715 570 4759 sunt
590 4703 854 4760 ’I‘auli'ad
886 4705 1148 4775 Ephesios
1178 4705 1243 4770 γ,
1274 4707 1360 4759 ubi
1402 4707 1510 4773 agit
1549 4706 1618 4761 de
1645 4720 1829 4759 amore

229 4775 503 4847 conjugali
523 4817 537 4843 ,
562 4777 1031 4831 etmatrimonium
1060 4778 1134 4830 ait
1163 4791 1284 4832 ease
1313 4792 1706 4832 sacramentum
1734 4817 1748 4842 ,
1777 4785 1830 4829 ct

217 4848 440 4916 quidem
469 4863 748 4920 magnum,
780 4847 872 4902 sed
896 4847 1495 4920 continuo,subjungit,
1515 4856 1600 4914 εγὼ
1631 4853 1677 4902 δὲ
1712 4855 1829 4912 λιγω

219 4923 289 4978 εἰς
318 4925 531 4988 Χριστὸν
557 4917 639 4972 ini
662 4923 726 4981 εὶς
757 4930 842 4973 τὴν
871 4928 1157 4979 Εκιλησίσν.
1182 4917 1706 4990 lilysterium,inquit,
1735 4921 1828 4971 hoc

219 5006 470 5061 magnum
515 5001 586 5044 est
608 5005 628 5053 ;
669 5006 762 5061 ego
821 5001 990 5045 autem
1037 4992 1150 5042 dico
1178 4991 1228 5042 in
1259 4990 1514 5044 Christum
1553 5003 1599 5045 et
1647 4991 1826 5045 Eccle-

220 5061 377 5114 siam.
417 5060 651 5116 Innuens
681 5060 1118 5131 conjunctionem
1173 5062 1314 5114 illam
1361 5064 1457 5116 viri
1486 5072 1542 5116 et
1589 5063 1825 5117 ntulieris

222 5147 480 5201 magnum
527 5148 648 5187 esse
697 5142 1125 5193 sacramentum,
1158 5135 1280 5200 quia
1322 5149 1571 5202 magnum
1621 5133 1822 5203 aliquid

224 5203 496 5273 aignilicat
530 5213 583 5257 et
611 5204 837 5273 ﬁgurat,
866 5204 1006 5272 quod
1051 5203 1360 5256 extenditur
1382 5205 1431 5257 in
1464 5203 1737 5258 Christum
1771 5213 1824 5258 et

226 5272 551 5328 Ecclesiam.
584 5272 839 5328 Ilertatnr
872 5274 1159 5342 Apestolns
1188 5274 1443 5344 eonjnges
1471 5317 1483 5339 ,
1513 5284 1568 5328 nt
1597 5291 1655 5329 se
1685 5275 1815 5329 invi~

224 5360 347 5398 rem
376 5344 622 5414 diligant,
651 5359 719 5398 eo
747 5345 952 5398 scilicet
978 5360 1181 5409 amore,
1207 5361 1314 5415 quo
1337 5348 1425 5399 liat
1447 5362 1608 5399 unmn
1639 5361 1668 5400 e
1690 5346 1822 5399 dno-

226 5416 329 5470 bns
358 5431 369 5466 :
405 5415 476 5468 ita
506 5426 561 5468 nt
603 5416 762 5470 ambo
791 5431 893 5469 una
946 5419 1053 5469 sint
1081 5432 1206 5471 caro
1229 5460 1242 5481 ,
1277 5433 1378 5471 una
1429 5419 1624 5470 anima.
1676 5418 1821 5471 llanc

225 5501 360 5540 vero
390 5485 757 5552 dilectionem,
792 5489 1013 5558 liguram
1046 5503 1166 5542 esse
1211 5491 1283 5543 ait
1312 5499 1366 5543 et
1400 5500 1813 5553 sacramentum,

223 5560 344 5612 sive
374 5570 555 5629 typum
578 5571 632 5614 et
675 5560 955 5629 imaginem
986 5569 1042 5613 et
1070 5560 1348 5627 speculum
1395 5563 1594 5615 amoris
1618 5561 1817 5616 Christi

224 5644 357 5700 erga
410 5630 740 5703 Ect-Iesiatn,
789 5646 910 5700 qua:
954 5631 1034 5684 sic
1079 5629 1358 5686 adhaaterc
1403 5644 1455 5684 et
1504 5635 1816 5703 agglutinari

222 5715 432 5771 sponso
458 5717 558 5758 suo
589 5702 800 5768 debeat,
829 5712 888 5756 ut
915 5718 1076 5756 unum
1108 5703 1199 5755 liat
1237 5718 1299 5758 ex
1328 5702 1557 5770 duobus,
1579 5702 1639 5759 et
1665 5705 1822 5758 ambo

222 5775 591 5845 nntttnrsint,
655 5773 895 5842 adeoqne
945 5774 1029 5827 illa
1080 5790 1184 5828 non
1237 5776 1342 5828 alio
1399 5778 1620 5844 Spiritu,
1664 5793 1818 5845 quam

219 5843 466 5917 Christi,
499 5848 734 5900 animata
763 5847 920 5917 _viv_at
964 5854 1019 5917 et
1069 5855 1304 5917 regatur,
1335 5856 1391 5899 nt
1432 5843 1492 5900 in
1541 5847 1651 5917 ipsa
1681 5843 1823 5900 vivat

215 5914 498 5987 Christus,
528 5926 584 5973 et
614 5917 731 5985 ipsa
759 5915 812 5972 in
846 5913 1087 5973 Christo.
1115 5916 1226 5974 Res
1262 5919 1419 5990 igitur
1447 5913 1816 5989 agit'Aposto-

1931 4720 2048 4765 esse
2077 4705 2348 4768 ostendit,
2391 4715 2446 4757 nt
2488 4707 2578 4759 liat
2608 4720 2769 4757 unum
2797 4720 2864 4758 ex
2901 4704 3154 4775 duobus:
3194 4705 3368 4775 itaque
3399 4722 3504 4762 non

1931 4779 2126 4834 debere
2157 4776 2423 4829 honiinom
2452 4791 2699 4844 separare
2725 4775 2868 4844 quod
2898 4774 3038 4829 Deus
3064 4774 3338 4846 conjunxit
3362 4819 3378 4843 ,
3408 4793 3508 4833 nec

1935 4850 2046 4904 ﬁeri
2079 4850 2215 4902 inter
2244 4848 2494 4916 conjuges
2520 4846 2838 4910 divortium;
2870 4860 2992 4900 nam
3018 4848 3061 4901 si
3091 4847 3284 4916 coajnx
3314 4863 3341 4899 ει
3373 4863 3506 4902 con-

1926 4922 2053 4994 jnge
2100 4920 2330 4994 divortat
2355 4960 2368 4984 ,
2399 4919 2508 4994 jam
2539 4919 2872 4994 alterutrum
2901 4932 3294 4994 separarentur:
3315 4929 3438 4994 sunt
3475 4933 3506 4972 a

1934 4989 2042 5048 Deo
2072 4992 2376 5058 conjuncta.
2403 4989 2511 5043 lloe
2542 4989 2764 5057 primum
2794 4989 3131 5058 agitPaulus.
3161 4989 3361 5043 Deinde
3382 5004 3508 5044 vero

1928 5062 2127 5134 adjicit,
2150 5072 2394 5134 sanctam
2423 5069 2478 5115 et
2511 5069 2712 5134 castam
2739 5076 2855 5113 esse
2878 5062 3072 5116 debere
3098 5062 3232 5116 inter
3253 5061 3509 5134 conjuges

1930 5130 2303 5194 cuneordiam;
2355 5130 2783 5199 quantIanitlem
2828 5145 2890 5184 ex
2936 5147 2996 5185 ea
3043 5141 3214 5185 sumat
3264 5131 3509 5185 Christus

1930 5205 2257 5272 exemplum,
2289 5215 2334 5256 et
2367 5212 2760 5258 sacramentum
2804 5209 2857 5255 ct
2906 5201 3303 5258 similitudinem
3336 5203 3506 5257 dilec-

1930 5277 2091 5330 tionis
2122 5290 2246 5342 erga
2277 5274 2564 5328 lg‘eclesiam
2593 5287 2734 5337 suae,
2769 5272 2944 5342 qualis
2981 5289 3102 5328 esse
3132 5275 3291 5328 debet
3319 5272 3508 5344 sponsi

1928 5365 2052 5419 erga
2082 5360 2332 5419 sponsam
2367 5363 2378 5419 ς
2412 5362 2530 5414 qua:
2559 5344 2772 5419 dilectio
2802 5345 3072 5408 repensari
3105 5343 3503 5400 debeateodem

1928 5417 2176 5485 exempto
2200 5417 2518 5477 dilectionis,
2555 5417 2724 5484 qualis
2742 5423 2826 5468 est
2846 5428 3057 5482 sponsa:
3075 5430 3197 5483 erga
3225 5431 3504 5486 sponsum.

1929 5491 2075 5544 llane
2106 5505 2232 5541 vero
2259 5490 2705 5555 comparationem
2752 5486 2946 5539 Paulus
2976 5488 3049 5540 ait
3090 5502 3336 5554 magnum
3385 5502 3507 5542 esse

1930 5559 2264 5632 mysterium.
2297 5559 2446 5625 Quod
2489 5573 2614 5612 sane
2639 5557 2834 5612 doceat
2879 5567 3224 5632 pllSlt)!’6_S_r‘i_,c
3253 5563 3505 5623 καλλίστης

1927 5627 2054 5696 ea...
2081 5635 2252 5702 rijtim
2293 5637 2556 5702 ἀνθρὼπων,
2591 5643 2756 5698 usque
2785 5639 2838 5683 et
2871 5644 3036 5699 usque
3076 5627 3312 5683 lideliutn
3358 5646 3506 5684 men-

1931 5707 2070 5760 tibus
2099 5701 2379 5758 inculcare.
2418 5701 2532 5754 Ilio.

2001 5776 2080 5845 (b)
2121 5775 2370 5845 Adversus
2409 5772 2828 5845 mamlitcnentes.
2867 5770 3084 5840 Vulgata
3117 5768 3279 5825 habet
3309 5769 3507 5845 mundi

1929 5843 2197 5907 recteres;
2245 5844 2337 5899 sed
2384 5843 2628 5912 quoniam
2661 5853 2894 5912 etymum
2929 5851 3104 5897 servat
3145 5859 3248 5896 non
3276 5843 3390 5895 sine
3417 5858 3507 5895 stl-

1931 5919 2238 5989 pchtitione
2288 5917 2460 5987 aliqua
2483 5957 2497 5983 ,
2527 5914 2597 5970 ita
2626 5915 2782 5971 vertit
2809 5915 2949 5985 quod
2989 5929 3162 5985 graece
3199 5923 3283 5971 cst
3337 5936 3509 5985 κθσμο·
