4268 6492
739 384 844 441 5l9

2143 384 2613 442 TERTULLIANI

3934 386 4041 445 530

740 496 848 550 Sed
877 495 1146 564 quomodo
1172 503 1386 550 creator
1410 502 1466 550 et
1493 491 1735 550 diabolus
1757 504 1812 549 et
1838 494 1982 550 Deus
2011 495 2192 551 idem?
2213 513 2335 552 cum
2363 500 2410 560 Λ
2443 497 2681 562 XXXIII,
2710 494 2804 567 20)
2841 518 2853 552 :
2903 498 3067 553 Deum
3105 498 3181 571 (5)
3225 515 3370 555 nemo
3423 502 3637 555 videbit.
3685 511 3732 555 et
3782 503 3928 556 tiret.
3985 506 4042 557 Si

737 590 992 645 diabolus
1039 605 1148 644 non
1195 588 1334 645 idem
1381 597 1438 644 et
1485 588 1629 644 Deus
1653 597 1709 644 et
1753 588 2020 644 diabolus.
2050 591 2156 644 Aut
2193 590 2336 646 enim

738 683 897 738 ambo
937 692 992 739 et
1046 683 1173 748 Dei,
1217 683 1263 738 si
1313 682 1470 736 ambo
1526 681 1605 754 (I)
1655 681 1766 752 jam
1814 682 2048 748 diaboli;
2121 695 2210 739 aut
2248 685 2339 754 qui

741 773 883 829 Deus
917 773 1004 829 hic
1044 784 1098 829 et
1145 789 1252 829 non
1293 773 1559 840 diabolus,
1593 773 1731 829 sicut
1763 790 1861 830 nec
1896 774 2142 830 diabolus
2175 776 2334 831 Deus.

740 864 917 934 Ipsum
960 865 1280 921 vocabulum
1332 865 1566 930 diaboli,
1597 880 1782 936 quazro
1829 881 1898 920 ex
1948 883 2050 936 qua
2098 867 2337 922 delatura

739 957 1312 1027 competatCreatori?
1343 957 1595 1012 Fortasse
1623 956 1814 1012 detulit
1848 957 2082 1026 aliquam
2129 960 2220 1013 Dei
2250 975 2340 1014 sn-

742 1051 968 1120 perioris
997 1049 1372 1113 intentionem,
1403 1049 1545 1116 quod
1575 1051 1687 1117 ipse
1717 1048 1784 1104 ab
1807 1048 2126 1120 archangelo
2151 1066 2340 1121 passus

740 1153 842 1206 est,
875 1153 930 1199 et
956 1142 1171 1212 quidem
1204 1142 1429 1196 mentito
1479 1140 1593 1196 Non
1646 1140 1766 1196 ideo
1811 1142 1955 1196 enim
1990 1141 2342 1197 interdixerat

743 1239 888 1292 illius
924 1236 1222 1291 arbuscultu
1253 1244 1466 1305 gustum
1488 1275 1502 1298 ,
1538 1249 1605 1289 ne
1645 1233 1736 1288 Dei
1785 1233 2009 1299 fierent,
2039 1233 2134 1288 sed
2176 1250 2243 1289 ne
2273 1234 2340 1289 de

743 1331 1164 1401 transgressione
1180 1336 1533 1383 numerentur.
1552 1326 1660 1382 Nec
1682 1327 1936 1394 spiritalia
1962 1335 2139 1380 autem
2162 1327 2339 1396 nequi-

743 1424 827 1479 tia:
860 1423 983 1478 ideo
1022 1420 1330 1476 Creatorem
1382 1417 1757 1489 significabant
1797 1417 1874 1488 (2)
1901 1458 1914 1482 ,
1967 1418 2086 1487 quia
2116 1417 2333 1487 adjecit,

741 1517 794 1570 in
830 1516 986 1569 ccetis.
1020 1514 1234 1568 Sciebat
1260 1512 1402 1566 enim
1431 1520 1484 1566 et
1513 1511 1804 1578 Apostolus
1847 1511 1898 1564 in
1928 1511 2082 1564 CtBIlS
2119 1518 2336 1579 operata

743 1623 862 1665 esse
905 1607 1162 1678 spiritalia
1198 1604 1448 1675 nequitia:
1491 1604 1804 1674 angelorum
1853 1604 2337 1658 scandalizatorum

749 1703 801 1756 in
855 1701 988 1755 tilias
1032 1699 1306 1754 hominum
1340 1696 1493 1767 (Gen.
1525 1695 1636 1765 VI).
1675 1695 1743 1749 Et
1790 1697 1946 1764 quale
1985 1697 2085 1750 crit
2139 1697 2243 1765 (5).
2283 1705 2338 1750 ut

742 1794 1194 1864 ambiguitatibus,
1226 1801 1277 1846 et
1305 1791 1695 1861 permnigmata
1729 1788 1912 1844 nescio
1945 1805 2086 1858 qum,
2111 1790 2336 1844 Creato-

2446 604 2552 644 nou
2581 599 2665 644 est
2691 588 2936 645 Christus
2980 592 3346 662 primogenitus
3395 595 3697 648 conditionis
3725 637 3738 659 ,
3770 606 3824 646 nt
3863 595 4042 650 Sermo

2446 681 2716 736 Creatoris
2747 699 2838 749 per
2866 699 3010 750 quem
3039 684 3208 737 onmia
3240 686 3374 753 facta
3405 697 3545 750 sunt,
3575 697 3620 740 et
3649 687 3759 740 sine
3787 704 3885 755 quo
3913 689 4044 739 nihil

2446 773 2640 841 factum
2669 785 2778 838 est;
2807 775 2848 829 si
2883 789 2986 828 non
3017 776 3070 828 in
3094 776 3184 828 illo
3199 777 3404 829 condita
3426 788 3544 831 sunt
3572 778 3804 833 universa
3831 779 3882 830 in
3903 779 4045 830 caelis

2444 875 2491 918 et
2514 864 2567 917 in
2592 866 2758 930 terris,
2789 865 3006 918 visibilia
3024 876 3069 918 et
3103 865 3398 928 invisibilia,
3420 867 3521 920 sive
3539 867 3724 930 throni,
3746 868 3848 920 sive
3876 868 4045 919 domi-

2446 959 2698 1024 nationes,
2729 959 2830 1013 sive
2868 960 3204 1029 principatus,
3225 961 3328 1013 sive
3345 962 3696 1029 potestates;si
3731 977 3832 1014 non
3863 972 4048 1016 emtcta

2445 1064 2534 1118 per
2561 1050 2705 1102 illum
2721 1060 2764 1103 et
2782 1050 2833 1103 in
2855 1050 2948 1104 illo
2975 1062 3094 1104 sunt
3112 1051 3317 1104 condita
3339 1052 3633 1121 (hmcenim
3659 1052 3910 1107 Mareioni
3938 1053 4049 1107 dis-

2445 1141 2646 1208 plicere
2661 1140 3100 1212 oportebat),non
3119 1144 3300 1210 utique
3317 1151 3423 1195 tam
3440 1142 3577 1197 unde
3607 1144 3868 1211 posuisset
3904 1145 3943 1197 Α
3956 1143 4050 1212 po-

2445 1233 2653 1286 stolus:
2686 1233 2750 1287 Et
2781 1234 2894 1303 ipse
2922 1244 3003 1288 est
3035 1242 3160 1288 ante
3196 1249 3404 1289 ontues.
3442 1234 3722 1302 Quomodo
3751 1237 3896 1289 enim
3927 1245 4051 1289 ante

2443 1339 2655 1388 omnes,
2686 1326 2728 1378 si
2773 1339 2876 1378 non
2899 1335 3023 1380 ante
3059 1327 3237 1379 omnia
3262 1325 3284 1378 ?
3312 1326 3590 1392 Quomodo
3619 1337 3742 1380 ante
3776 1328 3977 1391 omnia,
4007 1330 4052 1381 si

2444 1432 2548 1470 non
2583 1415 2658 1485 (a)
2701 1417 3067 1487 printogenitus
3091 1417 3442 1471 conditionis?
3472 1420 3514 1471 si
3543 1433 3648 1472 non
3679 1419 3858 1473 Sermo
3881 1419 4049 1474 Crea-

2445 1507 2619 1561 toris?
2651 1506 2800 1562 Unde
2831 1517 2954 1563 ante
2988 1524 3176 1562 otnttes
3209 1509 3518 1577 probabitur
3557 1509 3758 1577 fuisse,
3788 1512 3876 1580 qni
3931 1523 4054 1581 post

2442 1600 2620 1654 omnia
2653 1601 2936 1668 apparuit?
2961 1600 3092 1666 Quis
3130 1605 3231 1656 scit
3261 1603 3492 1670 priorem
3522 1601 3708 1668 fuisse,
3739 1621 3900 1674 quem
3932 1621 4054 1661 esse

2444 1694 2680 1748 nesciit?
2707 1695 2986 1762 Quomodo
3015 1696 3140 1750 item
3191 1697 3266 1764 (6)
3316 1697 3434 1750 boni
3470 1697 3617 1751 duxit
3645 1715 3844 1752 onmem
3891 1700 4058 1768 pleni-

2444 1787 2668 1840 tudinem
2696 1787 2748 1840 in
2782 1789 3050 1857 semetipso
3081 1787 3355 1842 habitare?
3394 1789 3570 1843 Primo
3602 1792 3764 1856 enim,
3808 1808 3928 1861 qua:
3972 1805 4057 1848 est

742 1903 857 1943 rem
899 1896 1104 1941 laxaret
1135 1903 1146 1938 :
1177 1885 1264 1954 qui
1298 1885 1349 1937 in
1380 1884 1568 1937 catenis
1613 1884 1720 1951 iam
1747 1883 2068 1946 constitutus,
2097 1882 2156 1934 ob
2185 1881 2334 1936 liber-
2370 1893 2417 1953 B
2448 1883 2546 1936 ista
2596 1883 2890 1952 plenitudo,
2951 1884 3050 1936 nisi
3091 1898 3155 1936 ex
3204 1884 3307 1938 illis
3351 1899 3469 1953 qua:
3512 1884 3744 1938 Marcion
3799 1886 4054 1948 detraxit,

743 1991 896 2034 latent
928 1978 1334 2049 prwdicationis,
1368 1978 1704 2029 constantiam
1751 1974 2110 2044 ntanifestandi
2161 1991 2339 2028 sacra-

743 2072 899 2126 menti
929 2072 980 2124 in
1027 2071 1288 2140 apertione
1317 2069 1441 2131 oris,
1472 2083 1630 2136 quain
1685 2065 1754 2119 ibi
1805 2065 2146 2134 expostulare
2173 2083 2200 2120 a
2236 2067 2343 2122 Deo

743 2164 1068 2228 mandabat,
1115 2161 1368 2217 Ecclesia:
1399 2163 1580 2229 utique
1613 2158 1936 2228 prtestabat't

1326 2294 1551 2352 CAPUT
1619 2293 1761 2350 XIX.

824 2435 934 2506 (In.
963 2433 1063 2505 Ep.
1087 2433 1174 2486 ad.
1195 2429 1419 2502 Coloss.)
1442 2429 1600 2486 Soleo
1631 2430 1685 2484 in
1715 2428 2344 2498 prrescriptioneadversus

747 2547 938 2595 euntes,
964 2529 1026 2583 tle
1061 2527 1274 2580 Ita-reses
1306 2524 1610 2579 testimonio
1635 2533 1940 2592 temporum
1963 2521 2340 2592 compendium

749 2621 916 2690 ﬁgere
935 2661 950 2685 ,
982 2619 1216 2689 priorem
1243 2617 1520 2671 vindicans
1538 2615 1778 2684 regulam
1807 2621 2043 2668 nostram
2063 2613 2210 2666 otnni
2231 2613 2342 2666 ha:—

745 2715 909 2768 rctica
948 2711 1400 2780 posteritate.|toc
1431 2721 1574 2761 nunc
1606 2706 1924 2776 probabitet
1954 2706 2246 2775 Apostolus
2261 2703 2346 2759 di-

744 2819 894 2860 cens:
927 2803 1002 2857 De
1015 2819 1104 2871 spe
1125 2803 1346 2870 reposita
1379 2801 1430 2853 in
1460 2799 1618 2861 caelis,
1636 2815 1788 2868 quam
1808 2799 2025 2852 audistis
2046 2799 2098 2852 in
2118 2813 2347 2851 sermone

745 2897 968 2951 veritatis
987 2895 1273 2965 Evangelii,
1298 2893 1432 2964 quod
1450 2891 1672 2962 peruenit
1694 2891 1762 2944 ad
1782 2907 1867 2945 vos
1884 2891 2010 2944 sicut
2033 2900 2078 2944 et
2107 2891 2160 2944 in
2188 2899 2346 2942 totum

748 2991 1011 3044 mundum.
1034 2987 1166 3044 Nam
1193 2989 1236 3043 si
1257 2989 1367 3057 jam
1404 2997 1512 3040 tum
1545 2985 1759 3041 traditio
1803 2984 2122 3054 Evangelica
2148 2983 2346 3054 ubique

747 3092 1081 3147 manavcrat,
1113 3089 1314 3151 quanto
1343 3080 1511 3148 magis
1539 3093 1681 3133 nunc
1707 3079 1720 3131 !
1758 3076 1949 3144 Porro,
1977 3077 2020 3130 si
2052 3088 2234 3131 nostra
2263 3086 2348 3132 est

746 3193 866 3246 qua)
915 3176 1114 3247 ubique
1160 3175 1431 3239 manavit,
1466 3174 1634 3244 magis
1660 3188 1820 3243 quam
1851 3172 2028 3227 onmis
2059 3171 2305 3225 lueretica
2328 3211 2343 3236 ,

2446 1975 2675 2030 conditis
2711 1974 2765 2029 in
2804 1975 3039 2040 Christo,
3073 1977 3124 2029 in
3173 1976 3323 2030 caelis
3365 1985 3419 2030 et
3468 1977 3518 2029 in
3551 1977 3728 2039 terris,
3761 1979 3972 2046 angelis
4003 1989 4057 2033 et

2449 2067 2772 2129 h0tniuibus,
2816 2067 2917 2121 nisi
2957 2083 3024 2120 ex
3071 2067 3172 2121 illis
3215 2068 3569 2123 invisibilibus
3615 2079 3670 2124 ct
3715 2071 4058 2124 visibilibns?

2447 2158 2546 2211 nisi
2583 2173 2647 2210 ex
2688 2157 2914 2222 thronis,
2957 2167 3011 2213 et
3051 2159 3503 2214 dominationibus
3541 2171 3594 2214 ct
3645 2162 4055 2231 principatibus,

2447 2263 2501 2305 et
2527 2251 2918 2322 potestatibus?
2946 2254 3051 2306 Aut
3093 2253 3136 2306 si
3186 2251 3300 2307 haec
3346 2252 3740 2323 pseudapostoli
3785 2257 3954 2310 nostri
4003 2269 4059 2312 et

2441 2342 2639 2412 jutlaici
2667 2342 3127 2412 evangelizatores
3153 2343 3220 2398 de
3249 2358 3347 2398 suo
3375 2345 3668 2410 intulerint,
3702 2356 3750 2401 et
3779 2347 3846 2400 ad
3877 2349 4051 2416 pleni.

2449 2435 2684 2489 tudinem
2712 2435 2804 2490 Dei
2830 2436 2910 2489 sui
2938 2434 3168 2490 Marcion
3191 2437 3278 2504 qni
3308 2436 3438 2490 nihil
3461 2437 3700 2492 condidit
3725 2456 3737 2491 :
3770 2449 4051 2504 ueterum,

2446 2528 2603 2597 quale
2641 2536 2726 2582 est
2765 2538 2823 2580 ut
2867 2527 3252 2596 plenitudinem
3287 2528 3592 2595 Creatoris,
3623 2532 3851 2586 :nmnlus
3885 2545 3936 2588 et
3963 2534 4054 2590 de-

2447 2627 2683 2673 structor
2710 2617 2846 2687 ejus,
2891 2621 2942 2673 in
2977 2633 3076 2673 suo
3104 2619 3318 2674 Christo
3361 2619 3600 2676 habitare
3643 2623 3924 2677 voluerit?
3961 2625 4057 2680 Cui

2447 2711 2678 2781 denique
2703 2712 2995 2765 reconciliet
3021 2713 3191 2766 omnia
3213 2714 3264 2766 in
3289 2714 3634 2784 semetipsum,
3662 2733 3839 2785 pacem
3868 2719 4059 2787 faciens

2449 2820 2538 2874 per
2577 2805 2744 2858 crucis
2789 2819 2892 2857 sum
2918 2805 3240 2872 sanguinem,
3273 2806 3372 2858 nisi
3400 2821 3557 2875 quem
3588 2807 3924 2863 offenderant
3958 2827 4057 2864 una

2450 2899 2562 2968 ipsa
2588 2897 2690 2968 (7),
2738 2897 2995 2953 adversus
3021 2915 3179 2968 quem
3213 2899 3604 2955 rebellaverant
3630 2903 3723 2972 per
3759 2915 4058 2974 transgres-

2449 2992 2680 3056 sionem,
2708 2991 2860 3062 cujus
2887 2991 3172 3046 novissime
3205 2991 3458 3047 fuerant?
3483 2992 3768 3049 Conciliari
3794 2998 3938 3049 enim
3963 3012 4052 3050 es-

2452 3093 2636 3138 traneo
2664 3093 2918 3152 possent;
2951 3084 3282 3139 reeonciliari
3315 3099 3461 3150 vero,
3493 3101 3599 3140 non
3626 3087 3715 3140 alii
3744 3103 3907 3155 quam
3937 3104 4054 3144 suo.

2449 3176 2523 3232 Ita
2555 3188 2609 3233 ct
2642 3192 2741 3232 nos
2765 3177 3025 3244 quondam
3051 3178 3298 3231 alienatos
3319 3188 3367 3232 et
3393 3179 3621 3233 inimicos
3653 3195 3804 3234 sensu
3830 3183 3886 3235 in
3914 3185 4058 3237 malis

747 3269 945 3323 nedum
1017 3265 1363 3322 Antoniniani
1446 3264 1526 3335 (4)
1606 3263 1891 3320 Marcionis
1923 3305 1939 3331 ,
2009 3273 2190 3318 nostra
2245 3264 2348 3318 erit
2371 3287 2416 3350 ρ
2451 3271 2702 3341 operibus,
2734 3270 2973 3326 Creatori
3004 3270 3193 3340 redigit
3223 3271 3273 3324 in
3305 3271 3551 3340 gratiam,
3579 3273 3730 3338 cujus
3760 3274 4059 3329 admisera-

747 3359 1065 3429 apostolica.
1099 3357 1386 3412 Marcionis
1415 3368 1593 3412 autem
1621 3398 1636 3424 ,
1665 3373 1788 3412 cum
1823 3366 1992 3411 totum
2045 3356 2344 3425 impleverit

748 3453 1041 3516 nmmlum,
1093 3466 1160 3506 ne
1209 3462 1335 3506 tunc
1367 3450 1582 3520 quidem
1615 3463 1674 3504 se
1716 3447 2008 3506 defendere
2053 3449 2250 3519 poterit
2277 3448 2345 3505 de

749 3545 1085 3615 Apostolica.
1139 3544 1266 3598 Eam
1319 3542 1462 3597 enim
1511 3551 1566 3597 et
1596 3543 1673 3597 sic
1723 3541 2182 3614 constabitesse,
2225 3557 2346 3611 qua:

750 3641 896 3712 prior
927 3639 1183 3695 mundum
1214 3639 1464 3707 replevit,
1499 3639 1638 3692 illius
1667 3637 1873 3692 scilicet
1900 3635 1994 3691 Dei
2033 3636 2346 3706 Evangelia,

751 3735 843 3804 qui
891 3743 946 3787 et
996 3732 1114 3786 haec
1157 3731 1355 3786 cecinit
1405 3730 1474 3784 de
1527 3727 1996 3799 praedicationibus
2049 3728 2168 3798 ejus
2225 3727 2344 3798 (Ps.

751 3825 920 3880 XVIII
941 3868 954 3890 ,
987 3825 1045 3894 4)
1078 3841 1090 3876 :
1125 3821 1188 3876 In
1221 3839 1419 3876 onmem
1459 3833 1644 3876 terram
1689 3822 1810 3875 exiit
1846 3837 2001 3876 sonus
2061 3837 2268 3886 coruus,
2300 3831 2349 3874 et

750 3919 805 3972 in
833 3917 1070 3972 terminos
1098 3915 1232 3970 Orbis
1259 3915 1406 3968 verba
1431 3929 1628 3967 eorum.
1657 3912 1936 3967 Invisibilis
1953 3910 2052 3968 Dei
2076 3912 2347 3983 imaginem

749 4011 823 4064 ait
869 4009 1146 4064 Christum.
1175 4006 1281 4062 Sed
1329 4020 1428 4059 nos
1455 4007 1600 4059 enim
1645 4004 1964 4060 invisibilem
1994 4004 2221 4059 dicimus
2247 4004 2349 4060 Pa-

751 4112 888 4159 trem
917 4100 1134 4164 Christi,
1162 4100 1394 4154 scientes
1424 4096 1485 4152 Fi
1508 4097 1614 4151 ium
1656 4111 1870 4166 semper
1896 4105 2040 4152 retro
2074 4097 2268 4160 vismn,
2301 4095 2347 4150 si

751 4197 946 4266 quibus
969 4195 1114 4248 visus
1139 4201 1224 4246 est
1253 4192 1304 4244 in
1345 4190 1436 4243 Dei
1465 4189 1704 4255 nomine,
1735 4198 1792 4242 ut
1823 4188 2104 4260 imaginem
2137 4187 2304 4258 ipsius
2331 4205 2343 4242 :

754 4306 822 4346 ne
851 4305 1010 4361 quam
1040 4298 1092 4344 et
1121 4288 1243 4342 hinc
1265 4285 1625 4340 differentiam
1667 4285 1876 4340 scindat
1918 4284 2010 4340 Dei
2042 4285 2265 4340 visibilis
2293 4294 2348 4340 et

755 4381 1036 4439 invisibilis
1060 4419 1077 4448 ,
1107 4394 1229 4434 eum
1273 4377 1400 4434 olim
1432 4377 1524 4434 Dei
1574 4379 1743 4434 nostri
1770 4378 1842 4434 sit
1880 4377 2121 4434 detinitio
2149 4376 2344 4450 (Exod.

2451 3380 2568 3420 mus
2598 3363 2878 3429 olfetisam,
2930 3362 3167 3418 colentes
3207 3362 3570 3419 conditionem
3602 3363 3862 3418 adversus
3891 3364 4057 3420 Crea-

2451 3467 2641 3514 torem.
2690 3455 2872 3512 Sicubi
2921 3465 3100 3511 autem
3154 3464 3206 3509 et
3265 3454 3560 3510 Ecclesiam
3611 3470 3809 3524 corpus
3855 3455 4056 3511 Cltristi

2450 3550 2581 3606 dicit
2607 3564 2748 3611 esse,
2781 3558 2835 3603 ut
2881 3548 2965 3602 hic
2990 3548 3084 3613 ait,
3127 3549 3420 3614 Adimplere
3445 3564 3500 3602 se
3541 3547 3734 3617 reliqua
3789 3563 4058 3616 pressura-

2450 3660 2563 3697 rum
2593 3642 2781 3696 Christi
2810 3643 2862 3694 in
2887 3658 3059 3707 carne,
3089 3657 3181 3709 pro
3205 3657 3420 3709 corpore
3447 3642 3559 3712 ejus
3587 3641 3723 3710 quod
3749 3651 3822 3694 est
3877 3641 4060 3695 Eccle-

2450 3735 2563 3800 sia;
2595 3749 2698 3788 non
2731 3742 3012 3803 pmpterca
3040 3741 3096 3788 et
3125 3733 3175 3786 in
3222 3741 3390 3788 totum
3436 3737 3690 3787 mentiom
3710 3747 3766 3787 ιιι
3807 3735 4052 3804 corporis

2452 3826 2718 3889 tranfercs
2746 3842 2774 3878 a
2802 3825 3100 3880 substantia
3127 3825 3326 3879 carnis.
3360 3823 3491 3878 Nam
3525 3836 3580 3879 et
3617 3840 3777 3893 supra
3831 3825 4058 3878 reconci-

2451 3920 2567 3975 liari
2608 3935 2700 3973 nos
2743 3919 2817 3972 ait
2853 3917 2906 3970 in
2947 3933 3156 3990 corpore
3183 3917 3294 3988 ejus
3327 3932 3414 3983 per
3451 3926 3708 3981 mortem;
3769 3917 3956 3986 utique
4006 3919 4058 3970 in

2451 4027 2516 4069 eo
2539 4025 2788 4082 corpore,
2823 4001 2874 4063 iii
2896 4025 3001 4080 quo
3031 4010 3164 4065 mori
3203 4008 3373 4078 potuit
3404 4023 3498 4078 per
3524 4023 3740 4062 carnem
3768 4024 3782 4072 ;
3813 4016 4059 4062 mortuus

2451 4113 2554 4170 est,
2606 4117 2712 4157 non
2763 4115 2856 4171 per
2908 4100 3222 4166 Ecclesiam,
3255 4100 3409 4169 plane
3454 4111 3672 4169 ρι-ορεοι·
3719 4098 4055 4163 Eoi-lesiant;

2450 4209 2646 4266 corpus
2675 4193 3054 4249 commutando
3097 4207 3192 4261 pro
3218 4206 3442 4261 corpore
3468 4232 3482 4256 ,
3515 4190 3732 4245 carnale
3765 4205 3862 4259 pro
3893 4192 4057 4260 spiri-

2451 4287 2562 4342 tali.
2589 4288 2656 4339 At
2683 4299 2804 4339 cum
2836 4293 3017 4338 monet
3060 4282 3137 4353 (ὁ)
3179 4282 3461 4336 cavendum
3490 4298 3520 4335 a
3551 4281 3994 4353 subtitiloquentia
4015 4293 4057 4337 et

2449 4379 2776 4452 philosOphia
2803 4387 2849 4431 et
2878 4375 2957 4448 (8)
2984 4376 3124 4431 inani
3145 4377 3452 4443 setluctione,
3485 4391 3600 4446 qua:
3629 4376 3692 4430 sit
3748 4375 3832 4446 (9)
3876 4392 4052 4430 secun-

1979 4489 2367 4552 LECTIONES
2396 4490 2810 4552 VARIANTES.

837 4736 889 4806 ὃ)
917 4736 1026 4806 Erat
1049 4736 1191 4806 Obcr-
1241 4797 1250 4806 .

917 4801 1172 4868 Antoniaui
1187 4801 1300 4868 βέῃ.

838 4861 890 4928 ὃ)
910 4867 1157 4914 Dominum
1181 4861 1334 4914 Rhen.

2571 4606 2588 4668 )
2613 4606 2791 4656 Autem
2810 4603 2961 4656 Setnl.

2621 4732 2682 4780 Ut
2706 4733 2848 4780 Pam.

2615 4794 2695 4844 Fit
2717 4796 2838 4844 Par.

2538 4736 2569 4781 8

2539 4795 2569 4844 9

2372 4611 2565 4691 nl?

2536 4609 2588 4668 6)
2613 4609 2791 4656 Autem
2810 4609 2961 4656 Setnt.

2535 4671 2560 4718 7
2612 4669 2848 4718 Universa
2869 4667 3030 4720 Obert.

2538 4736 2569 4781 8
2621 4732 2682 4780 Ut
2706 4733 2848 4780 Pam.

2539 4795 2569 4844 9
2615 4794 2695 4844 Fit
2717 4796 2838 4844 Par.

2141 4965 2702 5023 COMMENTARIUS.

755 5095 1004 5166 κράτομις.
1037 5086 1344 5166 Dtemonent
1388 5093 1571 5166 autem
1628 5081 1942 5166 significat,
1993 5081 2112 5139 illos
2140 5095 2340 5166 _autetn

755 5157 1156 5217 munditenentes
1197 5157 1455 5226 spiritalia
1488 5169 1610 5208 mox
1643 5157 1897 5225 nequitia:
1927 5169 2025 5225 pro
2050 5159 2345 5223 πυιὺμιτυιι

757 5251 840 5296 τῆς
871 5242 1114 5302 ττι-θηρίοις.
1148 5227 1224 5284 [ιε
1257 5227 1352 5282 Ριι.

824 5327 979 5403 CAP.
1024 5322 1166 5403 )iIX.
1187 5352 1252 5364 ——-
1273 5320 1350 5403 (τι)
1391 5319 1763 5403 I’rimogenitus
1784 5320 2112 5403 conditionis.
2129 5319 2242 5374 Iloc
2268 5329 2355 5403 est

755 5397 1146 5521 primogénitus
1175 5391 1414 5451 omnium
1456 5406 1486 5446 a
1537 5391 1644 5448 Deo
1686 5391 2020 5447 conditorum
2065 5401 2119 5446 et
2144 5402 2350 5447 creato-

757 5485 899 5521 rum.
1000 5483 1072 5521 te.

757 5485 876 5526 rum
885 5507 899 5522 .
951 5483 1050 5522 mc
1060 5509 1072 5522 .

829 5583 908 5654 (b)
949 5581 1237 5654 Cavendum
1267 5598 1298 5634 a
1319 5579 1748 5654 subtilitoqucutia
1782 5587 1830 5631 et
1860 5577 2202 5654 pltllosOphia.
2234 5577 2350 5654 Non

758 5649 864 5709 uno
891 5649 945 5708 in
980 5653 1118 5720 loco,
1149 5652 1272 5707 licet
1302 5653 1477 5714 aliter,
1505 5652 1643 5703 hunc
1673 5651 1844 5704 locum
1864 5649 2106 5720 'Apostoli
2131 5649 2352 5715 citavit;

758 5743 879 5782 nam
914 5725 1007 5778 lib.
1036 5725 1098 5776 tte
1124 5724 1579 5791 l’rtescript.,t-ap.
1610 5722 1664 5787 7,
1697 5721 1763 5774 de
1795 5721 1892 5775 hac
1921 5723 2150 5774 vanitate
2177 5720 2351 5789 philo-

765 5798 982 5865 sophica
1016 5798 1220 5848 locutus
1259 5805 1359 5853 est,
1391 5802 1443 5846 et
1469 5794 1573 5865 alio
1601 5794 1717 5846 loco
1748 5793 2354 5865 luereticorumpatriar—

757 5862 878 5920 chas
911 5877 1061 5919 vocat
1094 5865 1454 5935 philosophos.
1480 5864 1735 5930 anenatn
1766 5873 1942 5917 autem
1972 5863 2041 5935 sit
2067 5862 2152 5916 illa
2186 5862 2354 5935 philo-

757 5939 969 6011 sophia,
999 5933 1217 5994 dubium
1248 5945 1408 6003 esset,
1443 5935 1542 5991 nisi
1571 5936 1967 6007 perrpatclicam
2006 5934 2192 5990 Patres
2219 5933 2354 5989 indi-

2447 5089 2650 5144 carent,
2676 5094 2794 5147 qttae
2822 5079 2945 5134 licet
2971 5093 3131 5149 prava
3162 5078 3548 5136 consuetudine
3577 5078 3715 5146 apud
3745 5079 4052 5138 Catholicos

2451 5152 2753 5214 invaluerit,
2807 5150 3238 5220 Carpocrationis
3271 5161 3447 5206 tamen
3501 5160 3557 5206 et
3601 5152 3878 5207 Cnosticis
3909 5169 4050 5208 arma

2450 5224 2518 5277 ad
2549 5222 2860 5275 turbandam
2890 5223 3169 5276 veritatem
3198 5222 3544 5276 ministravit.
3572 5222 3798 5277 Sanctus
3824 5226 4053 5278 Ambro-

2452 5295 2563 5349 sius
2593 5294 2644 5348 in
2675 5293 2818 5348 oflic.
2845 5304 2898 5346 et
2926 5291 3182 5362 Origenes
3209 5302 3396 5347 contra
3429 5290 3644 5348 Celsum
3675 5293 3892 5362 Epicuri
3922 5295 4050 5363 dog-

2456 5365 2614 5420 matis
2673 5365 3112 5435 perniciosiorem
3165 5374 3367 5419 sectam
3427 5365 3816 5419 demonstrant.
3881 5369 4053 5435 Atque

2456 5437 2614 5491 etiam
2643 5433 2898 5506 regnante
2925 5433 3172 5505 Philippo
3197 5435 3456 5504 Augusto,
3507 5446 3694 5506 coacto
3721 5446 3912 5490 contra
3959 5433 4051 5490 Al-

2460 5507 2641 5562 marici
2675 5504 2918 5561 hieresitu
2963 5504 3228 5570 concilio,
3258 5515 3490 5559 cremata
3537 5504 3702 5561 fuisse
3750 5508 4052 5562 Aristotelis

2459 5577 2821 5648 metaphysica
2883 5592 3056 5648 nuper
3105 5577 3154 5630 in
3215 5575 3438 5648 Calliam
3489 5592 3520 5630 e
3565 5575 3772 5632 Graecia
3832 5578 4049 5633 advecta

2459 5645 2987 5716 testatttr'lligordtts,
3007 5647 3098 5701 lib.
3128 5648 3192 5701 de
3216 5645 3378 5718 Cestria
3405 5646 3506 5700 Ph.
3535 5647 3665 5717 Aug.
3686 5650 3882 5714 Atque,
3913 5651 4048 5718 quod

2460 5721 2511 5774 in
2532 5722 2753 5789 gratiam
2786 5719 3260 5786 Peripateticorum
3291 5717 3690 5773 observandum
3721 5728 3824 5779 est,
3861 5717 4047 5774 memi-

2459 5792 2510 5845 ni
2543 5808 2625 5844 me
2660 5791 2834 5860 legere
2865 5789 3002 5859 apud
3049 5789 3410 5844 Alexandrum
3443 5789 3636 5843 Necam
3668 5792 3926 5858 Aegelum
3963 5793 4043 5844 lib.

2458 5864 2519 5914 dc
2541 5879 2704 5914 rerum
2729 5873 2931 5926 natura,
2966 5862 3016 5914 ιιι
3045 5877 3106 5915 ea
3136 5861 3299 5915 fuisse
3328 5871 3452 5915 tunc
3477 5865 3739 5916 sententia
3762 5862 3908 5914 viros
3932 5879 4046 5915 eru-

2458 5933 2618 6003 ditos,
2669 5943 2724 5989 ut
2771 5934 2998 5989 libenter
3027 5933 3433 6004 pronuntiarent
3461 5933 3637 5988 solum
3662 5932 4044 5989 Antichristutn
