4268 6492
172 408 259 465 Sil

1281 404 1410 462 LIB.
1457 404 1496 461 ν
1538 402 1901 464 ADVERSUS
1936 402 2358 464 MARCIONEM.

3365 407 3472 464 59.2

173 520 284 572 dum
317 519 565 572 elementa
599 517 816 581 mundi;
854 529 960 571 non
991 516 1285 573 secundum
1307 517 1504 575 cmlum
1530 527 1620 573 aut
1657 527 1766 574 ter—
1791 521 1842 580 Λ
1868 519 2002 574 dans
2054 521 2215 577 etiam
2263 519 2478 592 (larem.
2503 562 2516 585 ,
2549 520 2638 589 IV,
2661 523 2718 594 '5)
2745 538 2757 576 :
2805 519 3004 578 Novate
3046 524 3184 578 vobis
3232 540 3475 582 nooamm

172 627 277 665 ram
303 611 510 674 dicens.
542 611 635 667 sed
663 610 954 666 secundum
997 611 1178 667 literas
1223 613 1547 676 s:cculares;
1595 622 1643 667 et
1689 629 1767 666 se-

171 706 385 759 cundum
410 705 754 771 traditionem,
783 704 987 760 scilicet
1005 704 1276 759 hominum
1300 707 1765 776 snbtililoquorum

170 806 221 852 et
272 796 750 866 phi1050phormn:
803 795 1017 866 longum
1059 807 1140 852 est
1179 797 1394 867 quidem
1447 807 1501 853 et
1545 798 1768 853 alterius

171 890 346 957 operis
371 889 676 952 ostendere,
712 889 808 944 hac
838 891 1101 945 sententia
1131 904 1321 946 omnes
1351 890 1588 946 haereses
1617 891 1769 944 dam-

171 982 303 1045 nari,
335 981 474 1050 quod
511 996 701 1035 omnes
727 996 789 1035 ex
821 980 1295 1050 subtililoquentia:
1323 981 1526 1037 viribus
1551 990 1606 1036 et
1644 981 1766 1052 phis

170 1074 423 1143 losophia:
454 1075 650 1144 regulis
678 1083 944 1130 constent.
991 1073 1096 1130 Sed
1132 1075 1367 1131 Marcion
1414 1075 1765 1145 principalem

169 1181 276 1220 sum
303 1166 422 1221 fidei
467 1169 750 1222 terminum
777 1167 846 1223 de
873 1168 1091 1239 Epicuri
1139 1169 1323 1225 schola
1353 1179 1628 1239 agnoscat,
1659 1168 1766 1223 Do-

171 1262 368 1314 minmn
403 1260 636 1316 inferens
667 1261 932 1327 hebetem,
966 1278 1033 1318 ne
1063 1263 1236 1318 timeri
1263 1278 1384 1317 cuin
1415 1261 1579 1328 dicat,
1608 1263 1769 1316 collo-

169 1368 294 1408 cans
323 1365 515 1408 etcum
554 1354 661 1409 Deo
689 1353 943 1412 Creatorc
975 1357 1275 1418 materiam,
1307 1357 1373 1411 de
1397 1356 1604 1425 porticu
1630 1355 1768 1411 Stoi-

169 1461 350 1501 corum
378 1464 390 1499 :
417 1463 616 1518 negans
641 1448 817 1502 carnis
845 1450 1315 1514 resurrectionem,
1338 1447 1407 1504 de
1426 1463 1529 1518 qua
1549 1448 1770 1518 proinde

171 1541 309 1594 nulla
345 1541 680 1610 pbiloSOphia
712 1541 996 1595 consentit.
1019 1540 1185 1611 Cujus
1217 1526 1442 1611 ingeniis
1473 1551 1577 1595 tam
1613 1541 1770 1610 longe

169 1634 321 1689 abest
347 1636 542 1689 veritas
565 1645 766 1700 nostra,
799 1645 854 1689 ut
883 1644 939 1690 et
959 1636 1090 1690 iram
1119 1635 1211 1690 Dei
1235 1636 1472 1692 excitare
1497 1636 1768 1701 formidet,

169 1737 222 1782 et
244 1728 421 1782 omnia
446 1728 594 1782 illiilli
627 1745 690 1783 ex
730 1728 896 1782 nihilo
923 1731 1211 1800 protulisse
1258 1729 1509 1794 confidat,
1548 1739 1602 1785 et
1649 1745 1770 1785 car-

170 1833 291 1874 nem
319 1819 562 1872 eamdem
601 1819 967 1874 restituturum
998 1821 1350 1889 repromittat,
1394 1830 1449 1875 et
1493 1820 1770 1876 Christum

1872 615 2229 686 novnm;jam
2269 624 2396 670 tunc
2424 614 2650 671 docebat
2693 615 2968 685 deponere
3013 626 3247 672 veterem
3297 618 3472 674 homi-

1874 722 2017 774 nem,
2051 717 2107 764 et
2134 722 2328 764 novum
2361 706 2584 763 induere
2621 706 2641 777 ζ
2660 706 2725 761 In
2754 705 2854 778 Ep.
2883 707 2952 761 ad
2978 705 3258 779 Philipp.).

2477 795 2704 854 CAPUT
2745 797 2862 853 XX.

1941 891 2077 948 Cum
2136 892 2533 964 pra‘dicationis
2590 901 2872 948 enumerat
2922 893 3276 960 varietatem,
3333 895 3474 964 quod

1872 984 1962 1037 alii
2006 999 2068 1038 ea:
2093 984 2285 1052 ﬁducia
2325 985 2641 1038 vinculorum
2693 987 2823 1055 ejus,
2872 984 3142 1038 audentius
3194 1003 3476 1041 sermonem

1873 1076 2194 1130 enuntiarent
2217 1097 2234 1137 ,-
2261 1077 2351 1129 alii
2380 1093 2469 1147 per
2498 1077 2742 1129 invidiam
2767 1087 2813 1129 et
2833 1078 3239 1141 contentionem;
3269 1079 3474 1146 quidam

1873 1185 1988 1224 vero
2009 1181 2056 1222 et
2081 1186 2171 1241 per
2199 1171 2444 1223 sermonis
2482 1169 2903 1225 existimationem
2929 1169 3028 1240 (ὅ),
3062 1171 3288 1242 plerique
3308 1187 3372 1226 ec
3395 1172 3447 1224 di
3463 1202 3477 1212 -

1875 1262 2125 1326 lectione,
2172 1261 2407 1318 nonnulli
2461 1278 2523 1316 ex
2572 1263 2916 1328 inmutatione,
2959 1264 3072 1333 jam
3128 1264 3288 1333 aliqui
3326 1273 3372 1317 et
3418 1280 3479 1318 ea:

1869 1355 2129 1409 simultate
2157 1354 2415 1409 Christum
2449 1345 2826 1422 prwdicarent‘;
2869 1361 2986 1409 erat
3037 1355 3220 1425 utique
3263 1355 3345 1410 vel
3392 1354 3478 1410 hic

1875 1448 2026 1504 locus
2076 1447 2318 1504 taxanda:
2369 1447 2538 1518 ipsius
2593 1446 2988 1517 praedicationis
3041 1447 3109 1503 de
3166 1447 3478 1504 diversitate

1874 1541 2191 1606 sententiae,
2244 1556 2364 1612 qua:
2420 1549 2618 1594 tantam
2665 1539 2908 1596 efficeret
2961 1539 3122 1594 etiam
3176 1540 3476 1596 animorum

1876 1634 2207 1690 varietatem.
2231 1631 2338 1690 Sed
2368 1646 2586 1688 caussas
2614 1631 2756 1687 solas
2779 1633 3100 1697 animorum,
3135 1647 3238 1687 non
3267 1633 3480 1705 regulas

1877 1734 2339 1782 sacramentorum
2372 1724 2422 1779 in
2468 1723 2782 1779 diversitate
2821 1739 3162 1794 preponens,
3193 1739 3356 1779 unum
3400 1735 3484 1779 ta-

1879 1837 2000 1875 men
2029 1818 2324 1884 Christum,
2355 1827 2409 1873 et
2433 1834 2594 1872 unum
2621 1819 2738 1888 ejus
2769 1818 2956 1881 Deum,
2984 1833 3319 1890 quocumque
3354 1834 3483 1874 con-

169 1925 233 1964 cx
284 1911 438 1964 vulva
487 1911 706 1981 virginis
751 1921 930 1966 natmn
979 1926 1082 1966 non
1113 1912 1416 1978 erubescat,
1476 1914 1776 1968 ridentibus
1805 1913 2001 1977 Bsilio
2057 1911 2402 1982 prmdieatum
2447 1911 2765 1974 confirmat,
2814 1921 2868 1965 et
2923 1910 3082 1965 ideo:
3144 1909 3294 1965 Nihil
3349 1929 3480 1975 mea,

171 2002 503 2072 philosophis
534 2013 587 2056 ct
615 2003 878 2057 lucreticis
896 2012 949 2058 et
995 2004 1226 2058 ethnicis
1253 2005 1402 2074 ipsis.
1438 2004 1614 2060 Stulta
1642 2006 1777 2059 enim

173 2094 217 2164 (l
254 2094 402 2159 Cain,
433 2095 476 2162 ι)
516 2096 691 2148 mundi
718 2094 868 2166 elegit
901 2095 1060 2162 Dens,
1089 2106 1143 2150 ut
1169 2098 1452 2168 confundat
1482 2100 1768 2170 sapientes:

94 2237 96 2239 ,
172 2185 262 2240 ille
291 2186 410 2240 sine
438 2185 623 2253 dubio,
656 2189 744 2256 qui
792 2204 854 2242 ex
899 2199 1145 2258 respectu
1199 2188 1352 2258 hujus
1394 2205 1506 2244 sua:
1552 2191 1781 2260 disposi-

175 2277 337 2331 tionis
367 2278 702 2348 perditurmn
728 2294 788 2334 se
812 2281 1131 2350 sapientiam
1155 2283 1476 2351 sapientium
1501 2284 1774 2352 prmmina-

173 2371 351 2425 batur.
390 2372 500 2428 llac
544 2373 886 2443 simplicitate
929 2375 1169 2430 veritatis
1208 2377 1474 2432 contraria
1520 2377 1782 2432 subtililo-

173 2466 408 2533 quentia:
455 2475 510 2519 et
573 2466 966 2535 philosophize,
1015 2467 1144 2521 nihil
1203 2471 1437 2538 perversi
1502 2485 1784 2540 possumus

172 2570 386 2624 sapere.
432 2555 671 2626 Denique
719 2556 763 2611 si
811 2574 899 2610 nos
948 2557 1085 2610 Deus
1133 2575 1248 2612 cum
1296 2559 1500 2614 Christo
1539 2561 1780 2629 rivi/icat,

174 2646 378 2701 donans
422 2649 607 2702 delicta
659 2647 824 2714 nobis,
879 2666 983 2704 non
1030 2667 1312 2722 possumus
1351 2653 1573 2710 credere
1599 2654 1667 2710 ab
1717 2670 1784 2710 eo

171 2741 369 2796 delicta
397 2742 610 2806 donari,
642 2743 694 2798 in
726 2758 883 2814 quem
915 2744 1151 2800 admissa
1180 2761 1284 2802 non
1309 2747 1524 2815 fuerint,
1557 2759 1614 2803 ut
1637 2758 1784 2805 retro

172 2833 440 2903 ignotum.
485 2837 596 2905 Age
623 2835 754 2902 jam,
783 2851 903 2890 cum
945 2837 1075 2892 dicit
1109 2859 1120 2892 :
1158 2837 1326 2892 Nemo
1375 2853 1461 2892 vos
1501 2840 1693 2908 indicet
1731 2842 1783 2894 in

169 2929 282 2980 cibo
311 2938 359 2981 et
388 2938 531 2996 potu,
556 2939 601 2982 et
625 2930 676 2982 in
698 2941 841 3000 parte
869 2931 970 2984 diei
992 2932 1107 3000 festi
1133 2943 1176 2985 et
1205 2934 1478 2987 neomenia:
1499 2944 1543 2988 et
1568 2935 1781 3002 sabbati,

171 3035 284 3087 (μίαν
313 3031 387 3072 cst
416 3021 592 3073 umbra
625 3022 938 3089 futurorum.
969 3039 1153 3093 corpus
1193 3034 1359 3078 autem
1390 3025 1578 3081 Christi
1601 3043 1621 3092 ;
1657 3029 1781 3099 quid

169 3110 268 3164 tibi
308 3110 540 3175 videtur,
568 3111 849 3165 Marcion?
884 3112 958 3166 De
992 3114 1105 3184 lege
1135 3115 1246 3184 jam
1279 3131 1383 3172 non
1409 3127 1779 3186 retractamus,

170 3202 273 3255 nisi
307 3203 450 3271 quod
490 3214 542 3256 et
575 3202 660 3258 hic
698 3204 1150 3273 quemadmodum
1197 3208 1414 3263 exclusa
1460 3210 1528 3264 sit
1571 3210 1779 3276 edocet,

1883 2005 2074 2075 inquit,
2105 2005 2208 2058 sive
2237 2004 2577 2070 caussatione,
2601 2004 2705 2057 sire
2727 2003 2932 2057 ueritate
2958 2003 3186 2057 Christus
3216 2005 3486 2058 annuntie-

1882 2107 2003 2162 tur;
2051 2096 2174 2166 quia
2225 2111 2360 2151 unus
2401 2095 2835 2160 anmmtiabatur,
2876 2096 2989 2151 sive
3019 2111 3082 2151 ex
3121 2097 3482 2162 caussationc,

1883 2191 1996 2246 sive
2025 2205 2089 2245 ex
2119 2189 2343 2244 veritate
2375 2188 2520 2243 fidei.
2569 2187 2647 2242 Ad
2699 2188 2861 2244 fidem
2906 2188 3048 2244 enim
3092 2189 3483 2258 praedicationis

1885 2281 2067 2337 retulit
2118 2281 2445 2337 mentionem
2494 2280 2765 2343 veritatis,
2815 2295 2918 2334 non
2949 2281 3015 2334 ad
3049 2283 3242 2351 regula:
3276 2283 3480 2351 ipsius:

1885 2374 2006 2443 quia
2039 2387 2142 2428 una
2169 2372 2381 2444 quidem
2412 2381 2526 2427 erat
2554 2373 2757 2443 regula,
2785 2372 2880 2427 sed
2909 2371 3043 2427 fides
3075 2373 3476 2441 przedicautium

1886 2463 2238 2535 quorumdam
2268 2480 2413 2530 vera,
2445 2463 2497 2519 id
2528 2473 2612 2518 est
2639 2463 2895 2534 simplex,
2921 2464 3275 2534 quorumdam
3315 2465 3484 2521 'nimis

1885 2559 2062 2615 docta.
2089 2558 2241 2628 Quod
2271 2574 2390 2613 cum
2425 2559 2494 2611 ita
2521 2557 2588 2611 sit
2608 2597 2623 2622 ,
2654 2567 2874 2626 apparet
2898 2573 3019 2612 eum
3048 2557 3319 2614 Christum
3350 2575 3486 2630 pra:-

1887 2651 2141 2716 dicatum,
2196 2649 2284 2719 qui
2331 2662 2545 2717 semper
2585 2647 3019 2702 adnuntiabatur.
3070 2648 3202 2703 Nam
3251 2653 3296 2703 si
3345 2651 3483 2704 alius

1886 2742 2043 2812 longe
2073 2742 2140 2794 ab
2171 2741 2432 2812 Apostolo
2461 2739 2823 2805 induceretur,
2859 2740 3075 2797 fecisset
3116 2742 3480 2803 diversitatem

1888 2835 2097 2889 novitas
2119 2833 2214 2888 rei.
2247 2832 2354 2890 Nec
2381 2833 2524 2889 enim
2551 2833 2870 2898 defuissent,
2919 2835 3007 2905 qui
3049 2835 3481 2905 prmdicationem

1888 2925 2248 2996 evangelicam
2282 2923 2631 2980 nihilominus
2662 2925 2712 2978 in
2742 2924 3010 2980 Christum
3035 2927 3303 2982 Creatoris
3331 2929 3487 2983 inter-

1890 3025 2226 3087 pretarentur
2253 3032 2268 3081 ;
2300 3031 2423 3071 cum
2453 3024 2507 3071 et
2547 3015 2706 3072 hodie
2745 3017 2919 3087 major
2962 3034 3082 3087 pars
3124 3021 3193 3074 sit
3237 3021 3485 3076 munitius

1889 3108 1940 3161 in
1970 3107 2099 3162 locis
2128 3107 2408 3162 sementim
2451 3116 2667 3173 noster,
2697 3123 2856 3177 quam
2887 3109 3191 3164 hazreticae:
3237 3126 3343 3181 quo
3388 3127 3486 3167 nec

1889 3199 1976 3255 hic
2008 3196 2088 3271 (ι)
2142 3199 2428 3270 Apostolus
2452 3198 2522 3255 de
2547 3198 2874 3255 diversitatis
2913 3200 3256 3258 denotatione
3303 3212 3358 3258 et
3401 3204 3483 3259 in-

167 3293 298 3348 dum
331 3294 534 3350 scilieet
567 3294 632 3350 de
665 3296 847 3350 umbra
880 3300 1199 3353 transfertur
1221 3300 1273 3354 in
1307 3315 1522 3370 corpus,
1578 3302 1627 3357 id
1673 3313 1776 3366 est,

1885 3296 2197 3362 crepatione
2228 3293 2499 3350 tacuisset.
2545 3291 2621 3346 ita
2669 3306 2790 3346 cum
2835 3290 3116 3348 diversitas
3157 3309 3222 3348 ne
3278 3304 3486 3350 taxatur

167 3388 238 3442 de
272 3388 456 3458 figuris
486 3388 550 3441 ad
583 3392 883 3452 veritatem,
934 3392 1072 3459 quod
1121 3401 1204 3446 est
1244 3392 1507 3449 Christus.
1537 3394 1678 3464 Ergo
1725 3406 1778 3452 ct

168 3479 363 3532 umbra
393 3478 530 3546 ejus,
557 3481 709 3546 cujus
739 3490 793 3535 et
819 3495 1048 3548 corpus:
1084 3479 1246 3536 idest
1288 3493 1342 3538 et
1381 3483 1462 3538 lex
1515 3487 1594 3555 (l)
1637 3485 1773 3554 ejus,

166 3580 226 3625 ct
281 3570 546 3625 Christus.
592 3571 823 3641 Segrega
864 3573 952 3626 alii
1011 3572 1092 3645 (9.)
1151 3575 1370 3644 Legem,
1423 3585 1478 3631 et
1527 3577 1614 3631 alii
1665 3578 1775 3633 Deo

165 3659 468 3723 Christum,
498 3663 539 3716 si
571 3672 721 3732 potes
749 3663 979 3733 aliquam
1011 3665 1251 3720 umbram
1302 3667 1370 3720 ab
1417 3682 1484 3722 eo
1528 3683 1774 3738 corpore,

166 3756 328 3824 cujus
363 3756 547 3810 uinhra
579 3765 683 3820 cst,
722 3771 996 3828 separare.
1031 3758 1302 3814 Manifeste
1328 3759 1484 3829 Legis
1512 3771 1596 3816 est
1625 3761 1778 3816 Chri-

166 3859 311 3913 stus,
354 3851 397 3903 si
429 3865 623 3920 corpus
648 3860 731 3905 est
759 3851 982 3904 umbrae.
1011 3852 1065 3906 Si
1093 3862 1269 3908 antem
1298 3863 1352 3908 et
1375 3855 1583 3926 aliquos
1612 3865 1773 3922 taxat,

164 3943 259 4011 qui
295 3956 358 3995 ea:
381 3942 654 3996 visionibus
689 3944 932 4012 angelicis
977 3945 1204 3999 dicebant
1243 3947 1364 4001 cibis
1395 3948 1774 4014 abstinendum,

165 4051 234 4086 ne
264 4035 518 4103 attigeris,
549 4050 610 4087 ne
644 4036 940 4104 gustaveris,
965 4037 1183 4091 volentes
1210 4039 1262 4091 in
1290 4038 1575 4093 Iutmilitate
1602 4056 1778 4096 sensus

164 4126 423 4189 incedere,
449 4143 549 4179 non
575 4136 794 4180 tenentes
819 4137 972 4196 caput
995 4145 1010 4191 ;
1046 4145 1149 4184 non
1177 4129 1296 4184 ideo
1327 4130 1520 4202 Legem
1548 4141 1603 4188 ct
1631 4132 1778 4204 Moy-

163 4233 267 4273 sen
300 4218 498 4288 pulsat,
531 4219 681 4287 quasi
713 4220 776 4274 de
799 4220 1040 4288 angelica
1073 4221 1452 4289 superstitione
1479 4225 1777 4280 Constitue-

164 4312 239 4364 rit
271 4309 702 4365 interdictionem
731 4313 1083 4379 quormndam
1106 4312 1362 4367 edulium.
1392 4313 1606 4385 Moysen
1629 4317 1772 4371 enim

163 4418 193 4453 a
223 4403 338 4455 Deo
367 4402 640 4472 accepisse
669 4401 865 4472 Legem
897 4414 1123 4458 constat.
1158 4404 1413 4475 Denique,
1443 4405 1580 4462 hanc
1618 4407 1777 4463 disci-

165 4495 409 4563 plin:uu,
458 4493 732 4547 secundum
802 4505 1096 4562 prwcepta,
1141 4495 1343 4565 inquit,
1394 4507 1440 4550 et
1491 4497 1774 4554 doctrinam

165 4587 438 4638 hominum
465 4585 735 4655 deputavit
775 4587 825 4640 iu
857 4601 970 4650 eos,
1015 4588 1102 4656 qni
1144 4597 1302 4658 caput
1351 4604 1455 4644 non
1505 4602 1771 4658 tenerent,

1880 3385 2119 3455 quidem,
2155 3385 2365 3440 novitas
2410 3399 2513 3437 non
2559 3381 2836 3453 probatur.
2875 3382 3038 3438 Plane
3082 3384 3148 3440 de
3189 3385 3483 3441 substantia

1879 3478 2076 3533 Christi
2106 3487 2293 3548 putant
2319 3485 2372 3530 et
2401 3475 2484 3529 hic
2505 3474 2830 3530 Marcionita:
2856 3475 3135 3548 suffragari
3166 3479 3480 3548 Apostolum

1879 3571 2002 3636 sibi,
2032 3571 2173 3642 quod
2223 3571 2538 3640 phantasma
2583 3571 2762 3626 carnis
2794 3571 2954 3624 fuerit
2992 3571 3043 3626 in
3090 3571 3325 3639 Chrism,
3358 3588 3478 3627 cum

1879 3663 2028 3728 dicit,
2055 3663 2196 3736 quod
2223 3665 2274 3717 in
2300 3663 2458 3734 eﬂigie
2490 3661 2582 3716 Dei
2609 3665 2932 3728 constitutus,
2986 3662 3062 3734 (a)
3111 3681 3210 3718 non
3242 3665 3477 3734 rapinam

1880 3755 2184 3810 existimavit
2231 3755 2422 3825 pariari
2451 3753 2594 3818 Deo;
2623 3753 2710 3807 sed
2752 3754 2985 3808 exhausit
3013 3756 3356 3826 semetipsum,
3393 3773 3483 3811 ac-

1881 3858 2026 3916 cepta
2076 3847 2236 3918 efﬁgie
2284 3846 2444 3911 servi,
2494 3860 2597 3900 non
2649 3845 2907 3909 veritate;
2951 3855 3000 3900 et
3052 3849 3104 3900 in
3149 3848 3482 3904 similitudine

1881 3938 2120 4001 hominis,
2163 3952 2268 3992 non
2320 3938 2372 3990 iu
2424 3936 2677 4002 homine;
2729 3946 2776 3991 et
2824 3937 2993 4009 ﬁgura
3035 3938 3265 3994 inventus
3307 3941 3478 4007 homo,

1882 4047 1986 4086 non
2011 4030 2326 4095 substantia,
2359 4028 2410 4084 id
2432 4038 2516 4084 est
2541 4044 2646 4084 non
2665 4044 2826 4085 carne
2851 4050 2864 4086 ;
2894 4030 3047 4100 quasi
3075 4048 3179 4086 non
3209 4043 3260 4088 et
3291 4032 3478 4103 figura,

1879 4135 1934 4180 ct
1961 4124 2272 4191 similitudo,
2305 4135 2358 4180 et
2389 4123 2598 4196 effigies
2622 4126 2934 4182 substantiae
2961 4142 3172 4201 quoque
3201 4131 3478 4185 accedant.

1880 4215 2025 4272 Bene
2054 4213 2233 4273 autem
2273 4217 2417 4287 quod
2457 4228 2514 4272 et
2553 4217 2676 4271 alibi
2721 4216 2991 4274 Christum
3041 4221 3323 4291 imaginem
3387 4224 3477 4280 Dei

1881 4309 2159 4366 invisibilis
2186 4310 2437 4381 appellat.
2469 4308 2736 4379 Numquid
2767 4325 2896 4382 ergo
2932 4322 2985 4367 et
3030 4312 3115 4368 hic
3151 4331 3252 4385 qua
3303 4315 3382 4388 (5)
3425 4337 3474 4371 ttt

1879 4400 2056 4472 eftigie
2087 4418 2207 4458 eum
2238 4404 2328 4459 Dei
2354 4402 2626 4457 collocat?
2673 4401 2846 4475 Eque
2879 4420 2981 4458 non
3011 4406 3113 4461 erit
3144 4407 3283 4463 Deus
3320 4411 3470 4464 Chri-

1879 4506 1994 4552 stus
2031 4512 2190 4563 vere,
2223 4499 2266 4551 si
2309 4511 2407 4552 nec
2456 4496 2618 4552 Ιιίιιιιο
2645 4512 2767 4552 vere
2797 4495 2894 4551 fuit.
2936 4497 2987 4552 iu
3031 4498 3205 4571 efligie
3246 4501 3476 4558 hominis

1878 4589 2218 4643 constitutus.
2251 4587 2547 4659 Utrobique
2585 4589 2728 4644 enim
2761 4590 2956 4645 veritas
2996 4607 3216 4648 necesse
3263 4592 3480 4649 habebit

164 4679 220 4732 id
248 4690 355 4744 est,
391 4679 562 4746 ipsum
589 4695 603 4741 ;
637 4680 689 4732 in
717 4695 822 4749 quo
842 4681 1019 4734 oiiinia
1039 4691 1406 4748 recensentur,
1433 4685 1482 4738 in
1501 4683 1769 4739 Christum
1799 4693 1850 4753 ι)
1877 4681 2040 4746 cludi,
2073 4683 2115 4736 si
2149 4681 2354 4752 effigies
2373 4690 2428 4735 ct
2446 4681 2738 4737 similitudo
2754 4690 2810 4737 et
2827 4681 2990 4752 figura
3023 4683 3100 4754 (6)
3123 4685 3476 4754 phantasm-iti

164 4771 236 4824 ad
275 4771 484 4822 initium
511 4781 775 4836 revocata,
801 4774 961 4826 etiam
991 4772 1343 4829 indifferentia
1371 4790 1636 4853 escarum.
1659 4776 1776 4834 Cm-

167 4873 288 4918 tera
322 4873 731 4933 praeceptorum,
780 4873 834 4918 ut
875 4864 1082 4928 eadem,
1115 4867 1244 4921 satis
1273 4867 1470 4936 sitjam
1513 4870 1638 4925 alibi
1679 4870 1776 4924 do-

165 4957 356 5011 cuisse
386 4971 544 5026 quam
606 4972 633 5009 a
680 4957 932 5013 Creatore
975 4961 1277 5026 manarint;
1307 4964 1397 5032 qui
1428 4979 1550 5019 cum
1596 4974 1771 5021 vetera

169 5049 494 5119 praedicaret
537 5051 845 5118 transitura,
877 5067 1010 5107 nova
1051 5051 1289 5111 facturus
1318 5056 1587 5126 universa,
1618 5075 1773 5114 man-

1882 4774 2255 4830 vindicabitur.
2285 4773 2437 4840 Quod
2464 4774 2507 4828 si
2536 4774 2588 4829 iu
2615 4774 2791 4844 effigie
2817 4783 2871 4829 et
2901 4775 3150 4846 imagine,
3179 4793 3282 4847 qua
3307 4778 3472 4834 Filius

1877 4868 2048 4923 Patris
2079 4881 2204 4921 vcre
2229 4866 2318 4921 Dei
2351 4865 2670 4935 pr.edicatus
2698 4875 2781 4921 est
2805 4867 2903 4937 (7),
2945 4858 3105 4924 etiam
3135 4871 3188 4925 in
3214 4872 3386 4942 effigie
3416 4884 3473 4929 ct

1876 4960 2106 5030 imagine
2152 4957 2404 5025 hominis,
2450 4973 2553 5029 qua
2595 4958 2732 5012 filius
2761 4959 3013 5027 hominis,
3047 4977 3172 5019 vere
3203 4964 3470 5023 hominem

1877 5059 2187 5120 iuventmn,
2234 5069 2356 5110 nam
2409 5063 2464 5108 et
2507 5051 2765 5108 inventum
2812 5054 3018 5111 ratione
3060 5060 3258 5126 posuit,
3287 5061 3343 5120 ω
3389 5078 3470 5125 est

1387 5168 1766 5232 LECTIONES
1808 5167 2217 5231 VARIANTES.

232 5255 310 5323 (.1)
340 5253 448 5323 Lux
472 5256 653 5323 Pent-
743 5317 753 5323 .
1942 5259 2165 5323 (5)0uis
2213 5254 2279 5308 al.

260 5316 312 5374 2)
342 5319 453 5366 Deo
475 5317 591 5367 (uid.
619 5317 770 5368 Seml.
1942 5316 2016 5374 ((5')
2052 5316 2175 5374 Cura
2207 5324 2323 5370 Ven.
2342 5320 2583 5373 mendose.

233 5262 314 5453 (ἐξ
472 5262 770 5391 ξιἜΫςωα.
2207 5262 2323 5394 gen.
2342 5320 2562 5373 mendose

233 5317 289 5453 if)
336 5379 461 5453 Dom
482 5388 851 5453 aestimationem
879 5384 1009 5453 Lat:
1174 5448 1184 5453 _
1399 5447 1408 5453 _
1967 5327 2020 5449 7i
2045 5385 2394 5447 Przejudtcatus
2417 5385 2562 5436 Goer.

231 5439 312 5508 (ι)
339 5443 451 5502 Quo
475 5456 539 5493 ne
560 5445 701 5494 Ptnn.
726 5446 840 5506 quis
864 5459 957 5498 nec.
981 5448 1083 5499 Lat.
1103 5448 1220 5513 quin
1245 5460 1337 5499 nec
1359 5447 1426 5498 at.

1530 5533 2098 5593 COMMENTARIUS.

169 5635 336 5691 posse
391 5636 584 5690 capere
636 5622 800 5678 libros
842 5627 1147 5684 Aristotelis
1195 5631 1387 5691 quibus
1432 5641 1672 5687 uteretur
1710 5631 1775 5685 ad

169 5693 536 5747 confutandos
571 5707 665 5748 eos
707 5698 796 5764 qui
847 5707 1030 5752 contra
1074 5716 1132 5756 se
1176 5693 1512 5827 ldispititaturi
1574 5712 1772 5759 essent.

1199 5789 1250 5827 ιε
1319 5776 1395 5827 ’n.

244 5835 421 5916 CAP;
447 5833 748 5916 ΧΧο-(ε)
792 5789 1528 5916 Non‘rapinamllit‘isiiinaoit
1585 5844 1776 5916 pariari

173 5907 308 5964 Deo.
368 5907 425 5963 Si
481 5909 868 5975 phantasticum
916 5907 1102 5970 fuisset
1151 5915 1349 5972 Christi
1388 5907 1606 5988 corpus,
1662 5917 1776 5972 haec

421 6002 863 6067 Temenum
921 6006 1000 6069 ll.

1883 5628 2059 5683 omnia
2093 5626 2167 5699 illi
2196 5640 2299 5680 non
2324 5626 2696 5697 contigissent,
2743 5643 2916 5699 neque
2942 5638 3166 5687 mortem
3198 5633 3474 5695 subiisset.

1882 5698 2170 5780 Quodhie
2220 5699 2376 5780 locus
2407 5699 2512 5779 late
2552 5701 2761 5780 probat,
2791 5698 2845 5755 et
2884 5704 3151 5780 paulisper
3198 5723 3227 5759 a
3256 5707 3473 5780 Vulgata

1884 5772 2102 5832 recedit,
2123 5785 2242 5823 nam
2267 5770 2456 5842 pariari
2483 5779 2565 5824 est
2587 5785 2768 5839 parem
2795 5770 2934 5835 esse,
2950 5770 3069 5827 εἷντί
3094 5783 3192 5842 ἶσαι,
3215 5770 3480 5837 et.e:r7ian-

1878 5842 2311 5922 sit_seiiretipsu-iit,
2346 5839 2445 5922 hoc
2472 5851 2555 5897 est
2583 5843 2786 5910 abiecit,
2820 5851 2981 5899 ἑαυτὸν
3009 5839 3224 5916 (trimi,
3254 5853 3476 5922 seipsum

1878 5913 2172 5971 exinantvit.
2230 5910 2308 5968 Le
2350 5910 2444 5969 l’n.

2697 6008 3081 6092 (Βίας-θερί.)
