4268 6492
167 390 268 447 525

238 505 622 574 Epiphaniam,
674 503 853 556 ha:res.
883 500 1080 555 XXXI.
1126 499 1460 572 Evangelium
1500 498 1760 570 scripsisse
1789 497 1839 558 Α

241 600 505 668 praprium
541 613 684 652 nemo
722 597 819 650 nisi
857 603 1033 648 auctor
1071 609 1250 647 novem
1293 594 1632 662 posteriorum
1672 605 1760 644 ca-

245 693 404 758 pitum
457 690 573 744 libri
622 689 690 743 dc
742 687 1146 758 l’rmscriptionc
1189 687 1364 755 refert.
1413 685 1488 738 Ab
1531 683 1762 739 Ecclesia

239 784 488 837 catholica
508 783 712 852 defecit,
742 782 982 850 quoniam
1003 780 1370 851 episcopatum,
1388 779 1534 849 cujus
1555 777 1762 832 ardebat

243 875 511 940 desiderio,
550 874 784 944 consequi
813 889 910 927 non
942 873 1096 927 raluit
1119 913 1132 937 ,
1162 874 1236 926 uti
1265 873 1505 927 adversus
1531 871 1762 926 eumdem

255 966 610 1031 Valentinum,
663 982 779 1034 cap.
818 965 913 1028 IV,
961 966 1114 1018 tradit
1158 963 1520 1018 Tertullianus.
1567 962 1763 1016 Relicta

245 1058 558 1113 Alexandria
589 1056 883 1110 Valentinus
905 1055 1116 1109 Romam
1142 1056 1291 1121 venit,
1311 1057 1511 1110 sedente
1532 1053 1759 1125 Hygino,

244 1151 408 1220 ibique
448 1159 779 1202 commoratus
805 1159 876 1203 est
914 1166 1069 1216 usque
1117 1148 1183 1201 ad
1235 1149 1514 1202 Anicetum.
1570 1146 1764 1200 I’rwter

245 1240 311 1294 ι).
347 1240 624 1307 lienteum,
652 1239 1042 1304 Tertullianum,
1067 1239 1412 1308 Epiphaniam
1442 1255 1502 1292 ac
1523 1237 1761 1292 Theodo-

243 1342 443 1397 retum,
487 1333 635 1401 plura
682 1332 746 1385 de
795 1331 1156 1385 Valentinianis
1193 1331 1417 1385 scribunt
1472 1329 1764 1384 Massuetus

243 1426 496 1495 (’Dissert.
537 1425 674 1487 ead.,
724 1425 830 1478 ibit!
858 1423 900 1496 ),
941 1424 1142 1479 Natalis
1171 1423 1469 1478 Alexander
1504 1423 1521 1496 (
1542 1425 1590 1476 in
1623 1423 1760 1476 llist.

245 1518 444 1572 Eccles.
491 1519 683 1573 Saecul.
716 1517 756 1571 ll
781 1560 794 1584 ,
838 1534 953 1586 cap.
986 1515 1052 1580 2,
1092 1526 1170 1570 art
1229 1515 1319 1587 6),
1351 1516 1640 1570 Beausobre
1676 1516 1764 1587 (iu

245 1608 384 1664 Hist.
433 1609 857 1673 Manichazorum,
906 1619 1038 1677 part.
1099 1607 1163 1674 Il,
1219 1610 1307 1663 lib.
1358 1606 1453 1680 Υ),
1504 1608 1764 1663 Semlerus

244 1701 311 1772 (L
366 1701 512 1755 Band
543 1704 631 1755 der
671 1700 902 1755 Polemih
941 1701 1032 1754 der
1060 1697 1451 1772 Baumgartens)
1476 1742 1488 1761 ,
1536 1716 1624 1752 nec
1663 1715 1762 1752 non

255 1794 499 1849 Valcheas
520 1793 1015 1867 (Kezergeschichte,
1051 1792 1089 1858 Ι,
1119 1791 1291 1864 Band)
1311 1835 1323 1856 ,
1351 1802 1394 1846 et
1416 1789 1563 1861 ittig.
1597 1789 1761 1861 (Diss.

245 1891 306 1942 de
344 1889 715 1951 han'esiarchis,
747 1898 870 1941 sect.
902 1887 964 1951 ll,
996 1903 1111 1956 cap.
1145 1887 1199 1949 5,
1224 1896 1269 1940 et
1291 1884 1516 1950 eiusdem
1549 1882 1759 1936 Disscrt.
1796 1890 1842 1952 Β

242 1982 524 2050 appendice
554 1980 620 2032 ad
647 1990 770 2034 sect.
807 1979 866 2043 II,
897 1996 1012 2042 cap.
1048 1977 1137 2048 5).
1183 1978 1254 2031 Ac
1285 1977 1488 2030 demum
1515 1978 1763 2029 recentius

242 2072 431 2126 Mattcr
496 2071 668 2141 (Ilist.
711 2074 778 2125 du
833 2070 1186 2133 Gnosticisme,
1260 2080 1298 2123 t.
1345 2066 1432 2140 Il).
1479 2066 1592 2120 Etsi
1649 2084 1765 2122 vero

247 2168 481 2239 fabulosa
518 2165 768 2220 Valentini
799 2165 1004 2220 hwresis
1032 2164 1140 2218 sola
1185 2164 1523 2230 descriptione
1550 2163 1627 2215 sui
1666 2179 1755 2229 ap-

243 2272 418 2328 pareat
440 2260 830 2323 absurdissima,
860 2259 1000 2328 [aere
1022 2267 1187 2310 tamen
1211 2255 1446 2310 nonnulli
1483 2256 1569 2325 qui
1596 2255 1765 2325 ipsum

260 2354 583 2408 Valentinum
644 2353 984 2406 orthodoxam
1038 2351 1431 2414 existimarunt,
1493 2360 1546 2402 ut
1611 2347 1766 2401 abbas

245 2445 457 2515 Fagdit,
489 2446 573 2513 qui
602 2445 760 2499 edidit
791 2442 1218 2498 Dilucidationem
1256 2443 1500 2497 doctrina:
1537 2443 1766 2512 priorum

241 2540 585 2601 smculorum;
635 2538 890 2603 multaque
929 2538 995 2588 ad
1048 2534 1300 2588 Valentini
1360 2545 1581 2604 systema
1621 2550 1762 2588 emo-

246 2632 471 2684 licndum
505 2630 906 2683 Maiae/avorum
937 2629 1162 2682 historia:
1191 2629 1399 2682 inseruit
1428 2628 1575 2681 etiam
1601 2625 1767 2679 Βοιω-

241 2725 389 2779 sobre
445 2723 710 2797 (Lumper,
772 2722 967 2776 llis-tor.
1015 2723 1236 2793 theolog.
1280 2722 1453 2775 critica
1504 2720 1566 2773 de
1630 2719 1762 2783 Vita,

245 2824 465 2893 Scriptis
491 2833 595 2891 atq.
623 2821 797 2875 Doctr.
838 2820 941 2876 SS.
978 2819 1207 2886 Patrum,
1242 2829 1374 2889 part.
1400 2817 1488 2885 ΙΙΙ,
1527 2827 1645 2873 sect.
1672 2815 1761 2882 IV,

243 2934 360 2985 cap.
395 2916 445 2979 5,
479 2914 692 2969 Dissert.
724 2931 878 2985 pratv.
908 2925 1006 2967 art.
1033 2915 1054 2967 1
1081 2912 1119 2983 ).

318 3009 485 3064 Porro
527 3020 664 3063 certo
705 3009 890 3062 certius
917 3018 988 3060 est
1032 3005 1431 3072 Tertullianum,
1469 3005 1588 3057 dum
1620 3014 1764 3059 suum

246 3104 495 3155 adversus
535 3100 920 3154 Valentinianos
950 3098 1133 3152 librmn
1163 3098 1497 3162 elucubravit,
1527 3115 1634 3151 eam
1662 3113 1766 3166 pra:

244 3198 408 3252 oculis
459 3198 691 3251 habuisse
737 3203 899 3251 sanctt
946 3194 1162 3260 lrenazi,
1219 3194 1443 3263 episcopi
1491 3191 1762 3262 Lugdun.,

247 3291 490 3344 librorum
522 3289 762 3343 adversus
794 3291 1005 3342 lnereses
1030 3287 1491 3357 interpretationem
1534 3287 1764 3349 latinam,
1799 3284 1844 3344 C

245 3393 458 3435 veterem
479 3391 522 3435 et
545 3382 822 3450 vulgatam,
867 3397 1038 3449 qttam,
1059 3380 1124 3431 ad
1148 3396 1303 3448 usque
1322 3388 1548 3447 tempora
1593 3388 1769 3430 nostra

246 3486 518 3541 servatam,
543 3474 739 3528 [remeo
758 3476 866 3541 ipso
889 3475 963 3528 vel
989 3474 1156 3526 adhuc
1174 3473 1223 3525 in
1243 3473 1361 3525 vivis
1389 3471 1670 3542 superstite,
1695 3469 1770 3522 vel

247 3588 409 3641 nuper
432 3583 619 3640 erepto,
637 3570 822 3624 editam
843 3571 866 3635 Ῑ
867 3570 998 3622 uisse
1013 3575 1223 3621 constat.
1253 3565 1494 3633 Quisquis
1512 3562 1536 3616 l
1546 3578 1768 3616 remeam

245 3665 463 3718 latinum
495 3680 606 3716 cum
635 3661 953 3715 Tertulliano
997 3659 1283 3724 contulerit,
1336 3658 1387 3712 itt
1417 3667 1655 3728 promptu
1677 3655 1768 3709 de-

248 3755 530 3823 prehendet
579 3754 710 3806 hunc
753 3753 879 3805 adeo
937 3751 1143 3821 vestigia
1182 3751 1320 3803 illius
1372 3764 1617 3816 premere,
1645 3747 1771 3801 adeo

249 3846 413 3900 verbis
438 3846 586 3910 ipsis,
614 3845 972 3912 verborumque
1000 3842 1177 3912 ﬁguris
1206 3849 1250 3893 et
1290 3840 1458 3893 ordini
1489 3839 1654 3892 adhan
1667 3854 1768 3904 ere,

249 3950 302 3993 ut
326 3939 382 3991 id
411 3955 567 3991 unum
608 3938 702 3991 sibi
743 3935 1064 4007 proposuisse
1103 3933 1332 3987 videatur
1358 3931 1530 3986 eadem
1561 3931 1771 4000 paucio-

247 4032 391 4085 ribus
417 4031 718 4084 contrahere
736 4047 752 4093 ;
775 4030 952 4083 iisdem
976 4044 1108 4099 stupe
1119 4028 1326 4082 servatis
1341 4027 1516 4092 verbis,
1533 4024 1772 4079 innuixtis

246 4138 416 4180 tamen
439 4144 530 4196 pro
554 4140 690 4180 more
714 4125 933 4179 diclen’is
979 4124 1198 4194 quadam
1228 4124 1326 4190 afri
1355 4122 1545 4192 ingenii
1594 4134 1772 4190 proca-

246 4222 401 4273 citate
419 4217 698 4288 prOpalatis
725 4215 896 4287 (Conf.
923 4215 1088 4281 lren.,
1116 4215 1202 4268 lib.
1229 4213 1265 4273 Ι,
1293 4229 1407 4282 cap.
1436 4215 1523 4274 ΙΙ,
1548 4230 1686 4266 imm.
1713 4212 1769 4277 5,

255 4330 373 4366 cum
392 4311 632 4374 Tcrtull.,
663 4326 778 4379 cap.
797 4307 887 4372 9.5,
905 4318 949 4361 et
974 4306 1139 4369 lren.,
1173 4323 1310 4358 num.
1328 4306 1382 4368 5,
1398 4322 1507 4359 cum
1529 4303 1770 4370 Tertull.,

249 4422 366 4473 cap.
394 4405 484 4468 25,
515 4414 608 4458 etc.
654 4400 778 4455 Vide
817 4399 1062 4454 Massu'eti
1090 4399 1428 4453 dissertation.
1459 4398 1523 4465 ll,
1552 4398 1603 4450 in
1631 4397 1772 4450 lren.

249 4500 366 4562 lib.,
403 4513 539 4549 num.
573 4496 660 4560 55,
695 4514 749 4566 p.
775 4494 866 4560 89,
895 4491 1011 4565 90).

333 4589 454 4644 "ate
484 4590 704 4656 plurima
733 4590 850 4642 hinc
879 4599 922 4644 et
958 4589 1075 4642 inde
1109 4587 1217 4640 loca
1250 4584 1433 4639 similia
1460 4582 1637 4638 sedulo
1668 4583 1774 4637 col-

249 4686 458 4756 ligenda
479 4728 492 4750 ,
525 4703 584 4738 ac
612 4694 666 4738 ut
707 4683 909 4755 fticilius
949 4699 1007 4735 ea
1042 4682 1198 4734 lector
1232 4683 1464 4751 conferre
1497 4687 1677 4748 queat,
1719 4679 1771 4732 in
1797 4678 1849 4738 D

250 4781 387 4835 notis
409 4780 710 4850 adponenda
729 4777 1030 4831 curavimus.
1051 4775 1160 4829 Nec
1173 4776 1305 4846 jam,
1323 4775 1374 4827 ni
1395 4774 1570 4843 fallor,
1588 4773 1773 4827 nemini

251 4873 550 4945 ambiguum
599 4875 691 4925 erit
731 4872 986 4941 prteivisse
1029 4867 1343 4922 Tcrtulliano
1373 4865 1664 4931 lrenamm,
1713 4883 1774 4919 ac

249 4966 475 5033 proinde
523 4981 787 5034 perperam
817 4981 874 5018 ea
905 4963 957 5016 in
985 4962 1191 5015 dubium
1222 4976 1479 5014 revocasse
1499 5001 1513 5026 ,
1557 4971 1602 5015 et
1643 4960 1774 5012 inter

1209 384 1412 440 LIBER
1453 384 1490 438 Α
1503 379 1811 440 DVERSUS
1847 379 2414 438 VALENTINIANOS.
3348 383 3453 441 5‘26

1935 497 2110 565 spuria
2165 496 2459 564 repudiasse
2513 494 2743 550 Johann.
2805 494 3075 550 Salomon.
3127 495 3450 561 Semlerum,

1937 593 2123 657 vivum,
2153 592 2198 645 si
2220 591 2331 661 quis
2349 606 2590 660 unquam,
2615 590 2683 642 ad
2708 590 2880 643 omnia
2911 590 3016 657 fere
3037 589 3334 644 veneranda:
3355 607 3453 644 an-

1937 685 2184 754 tiquitatis
2222 692 2547 737 monumenta
2589 699 2651 736 ex
2689 682 2991 736 auctoritate
3031 698 3127 736 sua
3168 681 3455 751 dejicienda

1937 777 2162 846 profecto
2198 785 2411 841 uatum;
2460 775 2542 829 hic
2581 775 2714 828 enim
2749 775 2803 828 in
2845 774 3103 829 Ilistorica
3135 775 3354 847 Isagngc
3388 776 3455 830 ad

1939 869 2332 940 lluutngurtenii
2358 867 2682 923 l’aletnicam
2714 865 2861 938 (Vol.
2893 866 2953 930 ll,
2982 867 3207 938 p.151),
3236 869 3288 920 in
3321 867 3457 923 Pro-

1940 962 2145 1017 lnsiuuc
2185 961 2252 1016 dc
2297 961 2532 1017 cavenda
2590 961 2812 1016 molesta
2857 961 3142 1016 sedulitate
3190 977 3339 1015 sacra
3389 962 3454 1015 :ul

1939 1055 2285 1128 corrigendos
2312 1055 2568 1124 quasdam
2601 1053 2792 1110 lreumi
2821 1063 2874 1108 ct
2903 1053 3215 1108 Tertulliani
3242 1064 3458 1109 sentcn-

1943 1149 2043 1202 tias
2090 1147 2256 1217 (Edit.
2301 1144 2501 1212 "alia,
2547 1146 2741 1217 1772),
2792 1156 2837 1201 et
2877 1146 2929 1199 in
2968 1146 3349 1203 ltissertutionc
3392 1147 3460 1202 dc

1941 1240 2086 1293 varia
2119 1250 2174 1294 ct
2205 1239 2409 1296 incerta
2436 1239 2613 1294 indole
2643 1239 2833 1293 horum
2857 1239 3118 1295 librorum
3144 1239 3462 1295 Tertulliano

1946 1331 2160 1386 llalensi
2181 1330 2542 1405 adjecta(Vol.
2569 1331 2628 1395 V,
2656 1351 2708 1402 p.
2731 1331 2998 1397 245-290,
3021 1334 3102 1388 ed.
3135 1333 3286 1389 Ilala:
3318 1334 3464 1405 Mag-

1940 1427 2178 1497 deburg.,
2205 1422 2398 1499 i818),
2431 1426 2584 1495 ﬁdem
2608 1425 2791 1480 [renati
2821 1427 3045 1482 minuere
3069 1429 3279 1499 ejusque
3309 1429 3466 1483 libros

1941 1521 1992 1576 in
2034 1521 2371 1590 suspicionem
2397 1526 2577 1583 νσοειις
2608 1521 2859 1574 adducere
2903 1523 3149 1576 tentavit:
3191 1532 3245 1575 at
3288 1523 3465 1594 defen-

1941 1613 2134 1666 sionem
2158 1612 2366 1666 illorum
2406 1615 2626 1683 suscepit
2664 1607 2922 1668 celeberr.‘
2948 1611 3213 1680 Vale/rius,
3267 1615 3466 1669 theolo-

1939 1721 2032 1774 gus
2078 1706 2408 1776 gottingensis
2433 1746 2446 1770 ,
2495 1707 2549 1758 in
2591 1707 2732 1760 novis
2769 1707 3146 1760 commentariis
3191 1707 3463 1762 Societatis

1944 1797 2121 1868 Regia:
2175 1797 2518 1852 Scientiarum
2559 1796 2902 1870 Gottingensis
2941 1799 3038 1872 (T.
3069 1800 3130 1866 ν,
3164 1811 3298 1869 part.
3338 1803 3464 1870 100,

1942 1909 2064 1946 anu.
2092 1891 2447 1957 {774-1775;
2479 1891 2744 1962 Lumper.,
2774 1892 2861 1946 lib.
2890 1895 3003 1957 cit.,
3036 1910 3152 1964 cap,
3179 1891 3244 1962 ll,
3277 1904 3374 1949 art.
3409 1896 3461 1961 Ι,

1941 2004 1996 2056 p.
2024 1984 2178 2058 218.)
2941 1988 3071 2044 Evn.

2011 2077 2261 2132 Craterum
2282 2076 2592 2132 Tertulliani
2616 2095 2721 2133 esse
2741 2079 2927 2134 librant
2946 2081 3082 2134 [tunc
3101 2081 3343 2136 adversus
3377 2080 3471 2134 Va-

1945 2169 2248 2224 lentinianos
2295 2169 2370 2223 vel
2409 2170 2528 2222 inde
2556 2179 2786 2235 constat,
2827 2170 2964 2238 quod
2990 2187 3103 2240 cap.
3137 2171 3279 2237 XVI,
3305 2173 3470 2226 nunti-

1945 2262 2102 2315 natim
2137 2261 2254 2316 libri
2282 2263 2526 2317 adversus
2559 2261 2931 2334 Hermogenem
2971 2266 3288 2329 meminerit,
3319 2282 3468 2336 quem

1945 2355 2054 2424 ejus
2082 2371 2189 2410 esse
2214 2363 2430 2410 constat.
2476 2353 2542 2407 Et
2572 2370 2687 2408 vero
2730 2356 2993 2424 scripsisse
3039 2356 3187 2409 illum
3225 2357 3468 2410 adversus

1957 2445 2342 2501 Valentiuianos
2381 2447 2623 2501 luculenti
2662 2460 2777 2502 sunt
2804 2457 2953 2504 testes
2979 2448 3039 2502 B.
3075 2449 3293 2520 Optatus
3319 2450 3468 2505 Mile-

1945 2541 2163 2602 vitanus,
2196 2539 2283 2594 lib.
2313 2539 2354 2603 1,
2389 2542 2631 2595 adversus
2661 2540 2992 2595 Parntenian.
3038 2541 3358 2597 Donatistam
3380 2586 3395 2608 ,
3423 2553 3470 2598 et

1959 2632 2247 2687 Vincentius
2278 2632 2589 2699 Lirinensis,
2619 2635 2709 2688 lib.
2753 2635 2815 2689 de
2847 2634 3115 2705 I’r0phan.
3163 2637 3340 2690 hazres.
3371 2655 3466 2691 uo-

1946 2730 2115 2781 vitate.
2160 2726 2310 2782 Visus
2342 2728 2439 2799 {ait
2467 2730 2618 2782 etiam
2640 2731 2749 2798 jam
2779 2730 2901 2782 olim
2936 2728 3060 2784 MS.
3112 2747 3142 2783 a
3189 2730 3467 2785 'l'rithemio

1947 2831 1991 2874 et
2022 2818 2284 2873 Politiano
2307 2861 2321 2885 ,
2355 2831 2401 2874 et
2431 2822 2564 2875 ittter
2593 2823 2784 2892 primos
2816 2839 2845 2874 a
2879 2823 3126 2877 Rhenano
3165 2824 3330 2876 editus
3361 2825 3470 2891 pri-

1946 2930 2082 2966 mum
2123 2912 2354 2975 scholiis,
2388 2914 2572 2967 deinde
2616 2924 2664 2967 et
2704 2917 3120 2971 annotationibus
3146 2917 3219 2970 ita
3246 2918 3468 2972 illustra-

1944 3016 2056 3072 tus,
2100 3016 2154 3058 ut
2182 3022 2433 3075 nusquam
2463 3006 2758 3077 diligentior
2787 3010 2960 3076 fuerit.
2995 3007 3116 3062 Non
3144 3021 3468 3065 contemnen-

1947 3100 2066 3152 dant
2109 3109 2278 3152 tamen
2310 3113 2418 3154 esse
2455 3113 2682 3154 nostram
2730 3111 3038 3170 postremam
3077 3105 3208 3157 hanc
3240 3107 3472 3175 recogni-

1949 3194 2156 3257 tionem,
2190 3192 2339 3262 idque
2368 3208 2430 3246 ex
2459 3192 2522 3245 Β.
2559 3191 2769 3257 lrentvi,
2799 3195 2886 3248 lib.
2917 3195 2957 3262 Ι,
2988 3211 3104 3266 cap.
3137 3197 3185 3260 Ι,
3213 3207 3258 3250 et
3278 3199 3471 3266 aliquot

1947 3281 2268 3352 sequentibus
2295 3323 2307 3346 ,
2348 3298 2505 3353 eoque
2543 3292 2644 3337 tam
2689 3299 2855 3353 grwco
2899 3287 3038 3356 ttpud
3085 3285 3432 3356 Epiphaniam
3456 3332 3470 3354 ,

1947 3392 2100 3444 quam
2137 3376 2298 3430 latino
2337 3379 2488 3448 juxta
2520 3379 2770 3433 versiones
2807 3380 3005 3445 varias,
3034 3391 3079 3434 et
3107 3382 3264 3435 tribus
3305 3381 3468 3438 Vatic.

1949 3469 2074 3524 MS.
2097 3470 2498 3539 exemplaribus,
2527 3472 2731 3542 colliget
2761 3473 2914 3542 facile
2935 3475 3093 3528 lector
3117 3516 3130 3539 ,
3165 3493 3226 3532 ea:
3253 3478 3315 3531 iis
3346 3495 3472 3549 quas

1948 3563 2160 3632 majoris
2187 3564 2357 3617 adhuc
2382 3565 2509 3618 lucis
2538 3565 2703 3635 gratia
2731 3566 3013 3634 adjecimus
3037 3571 3470 3634 annotationibus,

1949 3655 2298 3728 Argumenta,
2338 3667 2440 3711 tmo
2478 3669 2525 3712 et
2565 3658 2808 3729 Catalogo
2839 3659 3072 3715 {Eanum
3114 3680 3175 3716 ac
3215 3664 3340 3718 situs
3388 3664 3474 3734 ip-

1948 3766 2122 3804 sarum
2148 3751 2487 3805 delineatione
2510 3751 2865 3818 apertioribus.
3104 3754 3395 3810 Putemus.

2025 3838 2376 3910 Opportunior
2402 3857 2525 3894 sane
2543 3857 2596 3895 se
2616 3841 2754 3895 dabit
2784 3843 2980 3897 occasio
3007 3843 3070 3898 de
3093 3844 3338 3900 innnensa
3365 3851 3470 3916 far-

1952 3934 2130 4003 ragine
2157 3938 2441 3986 ΓΝΩΣΕΩΣ
2464 3933 2515 3984 in
2547 3949 2729 4003 genere
2753 3951 2813 3988 ac
2839 3935 2902 3989 de
2929 3935 3093 3990 arduo
3120 3938 3338 3992 themate
3371 3937 3474 3991 Va-

1953 4027 2231 4080 lentiniano
2261 4027 2313 4079 in
2355 4027 2524 4094 specie
2550 4028 2754 4082 uberius
2785 4029 3094 4095 disserendi,
3130 4031 3214 4084 ubi
3244 4032 3307 4084 de
3336 4048 3473 4101 pra:-

1952 4116 2279 4172 stantissimis
2306 4114 2494 4172 [renati
2523 4119 2763 4174 adversus
2791 4110 3004 4176 hcet-eses
3032 4122 3175 4177 libris
3203 4124 3476 4178 dicendum

1951 4210 2068 4264 erit.
2107 4207 2270 4264 Nobis
2297 4211 2473 4280 igitur,
2505 4227 2598 4282 pro
2624 4228 2782 4279 mone,
2807 4212 3112 4286 moduloque
3142 4225 3334 4282 nostro,
3358 4219 3476 4287 sui.

1954 4304 2096 4372 ﬁciat
2125 4303 2233 4358 hazc
2260 4320 2442 4372 pauca,
2480 4305 2706 4373 proauuii
2731 4305 2916 4372 instar,
2940 4306 3253 4376 pra'libasse,
3290 4325 3479 4376 paucu-

1955 4398 2104 4468 laque
2134 4398 2324 4452 addere
2353 4399 2472 4452 hinc
2508 4398 2628 4452 inde
2665 4398 2950 4469 desumpta,
2981 4400 3085 4454 sive
3111 4417 3172 4454 ea:
3199 4399 3433 4456 Pamelio
3458 4442 3476 4468 ,

1955 4492 2058 4545 sive
2087 4507 2150 4546 ex
2179 4490 2466 4556 Massueto,
2513 4490 2723 4559 addere,
2759 4490 2958 4562 quibus,
2990 4502 3259 4562 antequam
3288 4491 3474 4546 libram

1955 4586 2110 4651 hunc,
2141 4587 2408 4641 obscurum
2434 4601 2555 4640 sane
2577 4597 2622 4640 et
2653 4586 2911 4640 intellectu
2941 4586 3259 4655 impervium,
3292 4603 3477 4658 aggre-

1953 4681 2176 4745 diamur,
2207 4680 2381 4734 laetori
2411 4679 2686 4749 prceluceat
2715 4687 2820 4730 tum
2844 4679 3191 4748 interpretatio
3217 4680 3476 4732 nominum

1956 4773 2187 4830 /Eonum
2229 4772 2518 4836 Valentini,
2549 4783 2652 4826 tum
2683 4784 2951 4844 sgntagma
2986 4790 3198 4845 gnoseos
3237 4791 3299 4830 ex
3336 4775 3476 4846 ejus-

1951 4873 2064 4925 dem
2095 4868 2362 4940 hypothesi
2389 4867 2770 4922 concinnatum.
2801 4865 2936 4923 Evn.

184 5092 3458 5116 Μ

611 5210 1075 5294 ΝΟΜΙΝΑ
1143 5207 1599 5298 lEONUM
1657 5207 1805 5289 ET
1843 5202 2366 5288 DEORUM
2421 5199 3080 5298 VALENTINI,

223 5354 380 5418 ΙΜΟ
410 5350 812 5414 CRIMINUM
856 5348 1134 5411 POTIUS
1177 5349 1403 5422 QUAM
1446 5345 1845 5419 NUMINUM,
1894 5338 2418 5412 ALIORUMQUE
2462 5338 2737 5400 EODEM
2787 5341 3404 5408 PERTINENTIUM.

1503 5471 1610 5549 (ex
1655 5487 1828 5529 amr.
1877 5465 2189 5543 PAMELII.)

262 5605 338 5658 ita:
369 5605 450 5656 Itis
484 5598 783 5655 numinibus
817 5599 970 5663 inira,
999 5614 1047 5652 ς.
1085 5597 1136 5660 6,
1185 5595 1261 5650 sic
1300 5594 1658 5649 TCI‘lttlliultltS
1690 5613 1700 5645 :
1737 5589 2087 5656 Quorumdam
2129 5585 2370 5655 (inquit)
2403 5587 2464 5638 de
2498 5603 2660 5656 ενι-ατο
2709 5589 3052 5658 interpretatio
3095 5610 3191 5646 non
3233 5612 3397 5648 cccun
3413 5598 3484 5662 it,

181 5701 530 5768 quorumdam
560 5710 648 5746 nec
678 5693 740 5746 de
767 5708 888 5746 sexu
917 5707 1100 5760 genera
1130 5687 1451 5752 conveniunt,
1483 5684 1814 5755 quorumdam
1840 5681 2073 5734 usitatior
2097 5678 2146 5730 in
2175 5693 2339 5748 grch
2373 5677 2551 5730 notitia
2577 5687 2669 5732 est.
2703 5677 2883 5748 Itaque
2908 5684 3181 5746 plurimum
3203 5704 3364 5754 (ιι-ατο
3395 5707 3488 5760 po.

183 5806 392 5854 ncntus,
422 5787 775 5858 significantia:
801 5800 889 5855 per
910 5783 1207 5855 paginarunt
1239 5781 1420 5837 limites
1453 5780 1697 5844 aderunt;
1726 5791 1813 5831 nec
1846 5774 2015 5830 latinis
2041 5772 2242 5846 quidem
2271 5771 2479 5826 deerunt
2507 5787 2694 5844 gt'wca,
2732 5774 2819 5830 scd
2855 5776 2905 5829 ιιι
2929 5777 3068 5834 lineis
3094 5782 3303 5857 desuper
3337 5796 3486 5846 nota-

183 5885 398 5945 buntur.
