4270 6498
760 351 866 409 555

2177 362 2636 423 TERTUIJJANI

1997 636 2750 744 argumentum.

755 841 1006 897 Adversus
1042 841 1422 898 Valentinianos
1449 843 1709 898 haereticos
1748 844 2025 914 scripturus
2072 844 2348 902 Tertullia-
2378 850 2432 910 Α

827 956 940 1002 nus,
978 938 1216 1006 (li/ferens
1257 939 1681 1009 congressionem,
1710 941 1872 994 solans
1914 941 2184 1011 proﬁtetur
2211 959 2353 997 erro-

825 1048 968 1095 rum,
1025 1048 1111 1086 sett
1185 1032 1354 1103 potius
1422 1031 1746 1102 fabularum,
1801 1049 1915 1086 cum
1993 1034 2098 1089 risu
2169 1051 2353 1090 narra-

826 1127 1030 1180 tionem.

752 1220 1019 1290 Imprimis
1059 1229 1226 1275 autem
1255 1229 1451 1282 narrat,
1483 1221 1619 1291 quod
1656 1219 2026 1288 Valentiniani,
2056 1224 2355 1294 frequentis-

824 1314 1006 1365 simum
1048 1328 1169 1366 sane
1205 1313 1336 1365 inter
1390 1312 1648 1366 haereticos
1695 1313 1980 1383 collegium,
2011 1313 2140 1366 nihil
2193 1315 2353 1386 magis

825 1414 1019 1468 curent,
1043 1421 1193 1474 quant
1216 1405 1469 1459 occultare
1487 1406 1623 1474 quod
1643 1407 1944 1475 praedicant.
1973 1406 2102 1477 Cap.
2139 1407 2178 1462 I.

754 1495 949 1549 Deinde
968 1512 1080 1548 cum
1111 1496 1186 1549 illi
1208 1495 1460 1563 s-mplices
1486 1507 1834 1566 nuncuparent
1863 1496 2174 1566 Catholicos,
2203 1498 2350 1553 Scri-

823 1587 992 1656 pturis
1021 1588 1396 1657 simplicitatem
1425 1587 1630 1655 probari
1658 1586 1822 1641 docet.
1851 1570 1978 1657 Cap.
2012 1586 2078 1642 II.

762 1680 1099 1746 Quantumvis
1137 1682 1337 1734 interim
1378 1697 1430 1734 se
1473 1681 1780 1734 abscondant
1807 1679 1941 1754 (cum
1971 1683 2154 1735 veritas
2182 1698 2209 1736 e
2232 1698 2351 1738 cau-

823 1776 980 1828 trario
1017 1791 1116 1829 non
1144 1774 1423 1845 erubescat)
1450 1776 1577 1828 scire
1615 1785 1781 1829 tamen
1825 1775 2080 1844 simplices
2103 1775 2352 1830 Clu-istic.

823 1882 913 1918 nos
941 1881 1111 1919 omnes
1137 1882 1311 1919 eorum
1337 1865 1537 1933 fabulas
1564 1874 1610 1919 et
1629 1865 1972 1936 genealogias,
1992 1881 2119 1935 quas
2143 1867 2352 1920 damnat

822 1959 1116 2028 Apastolus,
1147 1959 1577 2022 indeterminatas,
1611 1975 1739 2029 quas
1770 1955 1983 2029 proinde
2032 1958 2350 2015 solummodo

821 2053 1188 2119 demonstrare,
1221 2051 1478 2107 destruere
1499 2054 1582 2107 sit.
1616 2051 1747 2122 Cap.
1782 2051 1870 2107 III.

753 2143 947 2198 Notam
973 2145 1120 2198 etiant
1138 2161 1244 2200 esse
1280 2143 1752 2199 I’aleutinianorum
1781 2146 2024 2214 originem
2050 2164 2081 2200 a
2122 2145 2350 2202 Valenti—

822 2254 924 2301 no;
952 2238 1067 2292 licet
1095 2238 1158 2292 ab
1183 2254 1241 2292 eo
1286 2237 1615 2296 abscesserint
1673 2235 2002 2303 Ptolomteas,
2038 2237 2346 2307 lleracleon,
2378 2241 2427 2303 B

823 2330 1112 2395 Secundus,
1149 2328 1332 2400 Magn:
1366 2329 1593 2394 Marcus,
1626 2345 1687 2383 ac
1711 2327 2021 2396 Theotinus,
2050 2331 2121 2385 ita
2146 2340 2346 2386 ulnus-

823 2441 973 2492 quam
1000 2425 1115 2495 jam
1159 2422 1474 2488 Valentinus,
1505 2433 1551 2476 et
1581 2431 1744 2476 tamen
1783 2419 2123 2477 Valentiniani
2144 2425 2206 2477 ab
2234 2424 2347 2490 illo;

820 2533 935 2570 cum
963 2516 1096 2570 solas
1132 2516 1352 2589 integras
1395 2517 1504 2586 ejus
1532 2514 1733 2584 regulas
1773 2514 2044 2570 custodiret
2070 2516 2351 2572 Antiochia:

823 2607 1101 2661 Axionicus
1126 2607 1353 2677 quidam.
1385 2605 1516 2675 Cap.
1549 2606 1640 2661 IV.

751 2698 868 2755 Sibi
896 2701 1094 2753 interim
1124 2716 1234 2753 cum
1266 2699 1567 2771 Archetypis
1599 2716 1702 2754 esse
1732 2700 2165 2768 disceptationem,
2198 2701 2349 2771 idque

821 2809 921 2847 non
948 2793 1187 2863 conﬁctis
1224 2792 1467 2857 materiis,
1519 2802 1692 2861 utpote
1717 2809 1843 2864 quas
1870 2794 2028 2862 ipsius
2076 2794 2345 2847 ha'resiar—

818 2888 931 2940 cha:
956 2886 1354 2956 contemporales
1405 2886 1804 2940 instructissimis
1840 2885 2181 2941 voluminibus
2223 2902 2345 2956 pro.

823 2979 1044 3033 diderint
1075 2989 1120 3032 et
1147 2979 1428 3044 retuleriut,
1447 2977 1679 3033 lustinus
1707 2989 1918 3049 martyr,
1939 2978 2214 3046 Miltiades,
2236 2977 2346 3033 Ire.

825 3087 983 3136 na'us,
1012 3082 1058 3126 et
1083 3071 1288 3138 quidam
1314 3069 1584 3124 Proculus.
1617 3069 1748 3140 Cap.
1778 3069 1844 3124 V.

751 3161 950 3218 Deinde
973 3162 1131 3219 verbis
1163 3164 1348 3231 partim
1395 3163 1538 3217 initio
1568 3163 1721 3232 hujus
1763 3163 2060 3232 Argumenti
2089 3163 2341 3227 adductis,

821 3256 1007 3326 pertint
1052 3257 1130 3310 illi
1177 3257 1313 3324 infra
1365 3253 1623 3325 subjectis,
1654 3255 2131 3309 demonstrationem
2184 3259 2345 3311 solam

821 3349 998 3402 arcani
1016 3349 1244 3419 ipsarum
1271 3347 1584 3416 promittens,
1614 3348 1902 3402 met/tadum
1931 3348 2121 3401 indicat
2145 3365 2244 3418 qua
2270 3350 2345 3403 uti

820 3446 1012 3496 statuit.
1039 3440 1169 3512 Cap.
1202 3439 1288 3495 VI.

751 3533 920 3588 Porro
945 3551 975 3587 a
1006 3535 1168 3604 prima
1206 3533 1438 3604 ogdoade
1466 3531 1700 3590 rEanum
1738 3532 2203 3589 Valentiniauorum
2241 3535 2344 3590 sive

821 3629 1014 3682 tetrade
1056 3628 1274 3698 duplici,
1305 3629 1622 3697 auspicatur,
1653 3629 1706 3680 in
1733 3644 1833 3698 qua
1861 3644 1924 3682 ex
1942 3626 2111 3699 Bgtho
2139 3645 2199 3682 ac
2222 3629 2344 3699 Sige
2371 3633 2417 3698 C

822 3720 920 3773 orti
944 3718 1060 3772 an
1081 3728 1127 3772 et
1164 3716 1381 3782 Veritas,
1417 3717 1714 3772 Sermonem
1742 3727 1786 3771 et
1820 3715 1986 3771 Vitam
2007 3721 2344 3788 procrearint,

823 3829 851 3866 e
876 3813 1054 3884 quibus
1082 3812 1230 3866 homo
1271 3821 1316 3865 et
1349 3809 1600 3865 Ecclesia.
1629 3808 1766 3879 Cap.
1800 3809 1908 3864 VII.

751 3903 886 3959 Inde
911 3922 974 3960 ea:
993 3903 1214 3959 secunda
1230 3903 1319 3957 illa
1350 3903 1560 3968 tetrade,
1588 3901 1884 3957 Sermonem
1921 3912 1968 3957 et
2008 3901 2170 3956 Vitam
2197 3902 2347 3956 decu-

825 3999 955 4051 riam
992 3995 1224 4050 Ᾱίοιιιιιιι
1261 3997 1413 4050 simul
1455 3995 1670 4067 fudisse,
1704 3996 1955 4050 hannnem
1993 4005 2038 4048 et
2069 3995 2349 4050 Ecclesiam

827 4088 1195 4142 duodenarium
1217 4103 1499 4151 numerum,
1528 4103 1628 4156 quo
1653 4086 1724 4141 sic
1753 4086 2048 4157 impleretur
2068 4087 2350 4142 tricenario:

827 4184 1106 4239 divinitatis
1136 4183 1374 4238 Pleroma
1393 4200 1482 4238 seu
1513 4182 1791 4254 plenitudo.
1822 4180 1953 4251 Cap.
1984 4179 2122 4238 VIII.

754 4273 875 4331 1am
901 4283 1014 4329 vero
1041 4275 1367 4345 [weanditate
1397 4283 1499 4326 tota
1523 4273 1802 4342 deﬁciente,
1831 4290 1863 4326 a
1888 4272 2157 4326 novissima
2176 4270 2352 4327 Eone

827 4368 1025 4436 Saphia
1057 4367 1359 4435 conﬁrmata
1394 4366 1457 4420 ab
1505 4365 1646 4422 liora
1685 4381 1748 4420 ne
1789 4366 2164 4433 dissolveretur,
2216 4382 2279 4420 ex
2303 4368 2351 4421 vi

827 4459 1099 4532 passionis,
1125 4457 1267 4512 nulla
1288 4474 1441 4529 opera
1465 4458 1709 4528 conjugii,
1733 4457 2010 4512 abortivum
2034 4462 2209 4530 [cetum
2233 4455 2348 4515 En-

826 4553 1074 4623 thymesin
1105 4551 1383 4620 expositam
1410 4567 1537 4606 esse.
1564 4548 1694 4619 Cap.
1723 4549 1814 4604 IX.

758 4647 886 4702 'l'ota
905 4647 1104 4701 interim
1132 4646 1509 4717 propinquitate
1531 4646 1850 4714 supplicante
1892 4643 2143 4716 Sophiam
2169 4648 2350 4718 conjuo

825 4740 876 4810 gi
896 4755 986 4792 suo
1013 4737 1186 4796 Teleta
1217 4738 1518 4800 restitutam,
1543 4736 1876 4808 Euthgmesin
1905 4753 2020 4793 vero
2049 4749 2192 4794 extra
2223 4737 2348 4796 Ple-

823 4849 967 4886 roma
995 4831 1287 4902 relegatum.
1320 4830 1444 4899 Cap.
1478 4829 1547 4884 X.

756 4922 838 4977 Ne
876 4940 975 4994 qua
1017 4924 1173 4994 igitur
1200 4923 1445 4994 ejusmodi
1487 4938 1664 4976 rursus
1713 4924 1973 4978 concussio
2002 4925 2346 4995 contingeret,

2529 855 2664 909 mine
2709 854 2989 912 Acharnoth
3013 901 3029 926 ,
3060 861 3114 915 in
3153 862 3304 916 inane
3346 865 3478 919 illud
3522 865 3735 936 Epicuri
3779 873 4054 939 explosum.

2530 963 2832 1019 quamquant
2858 968 2890 1005 a
2915 950 3116 1008 Christo
3146 973 3246 1009 non
3278 959 3386 1011 sine
3407 959 3607 1027 Spiritu
3640 963 3836 1017 Sancto
3863 983 3889 1018 e
3912 984 4051 1036 supe-

2530 1041 2744 1094 rioribus
2775 1044 2926 1098 misso
2958 1045 3073 1114 jam
3112 1050 3422 1116 formatam;
3451 1051 3572 1121 quia
3604 1064 3768 1107 tamen
3796 1057 3864 1107 ad
3894 1059 4057 1112 lumen

2529 1133 2661 1187 illud
2680 1133 2987 1193 Pleromatis
3017 1155 3117 1193 non
3143 1142 3304 1210 potuit
3327 1144 3596 1213 attingere,
3627 1148 3690 1199 ab
3722 1146 3864 1201 lloro
3895 1161 4058 1203 custoo

2529 1227 2696 1280 diente
2718 1237 2990 1282 extremam
3015 1232 3123 1300 ejus
3149 1233 3335 1285 lineam
3371 1235 3579 1288 exclusa
3601 1280 3616 1301 ,
3662 1240 3910 1308 afflictam
3941 1259 4056 1295 mte-

2529 1333 2663 1380 rore,
2698 1329 2850 1385 metu,
2881 1325 3308 1388 consternatione,
3342 1326 3655 1396 ignorantia.
3686 1329 3818 1400 Cap.
3854 1331 3989 1385 XIV.

2457 1412 2618 1482 Atque
2642 1429 2705 1467 ex
2729 1414 2807 1468 his
2846 1417 3091 1486 originem
3115 1419 3330 1472 traxisse
3376 1421 3661 1481 materiam.
3687 1439 3840 1489 quam
3873 1422 4060 1495 Pytha-

2530 1504 2709 1574 gorici.
2736 1505 2898 1560 Stoici
2912 1517 2955 1560 et
2984 1506 3134 1560 l’lato
3155 1509 3264 1578 ipse
3287 1509 3516 1564 innatam
3537 1512 3729 1578 volunt,
3748 1524 3794 1567 et
3823 1517 4059 1569 elementa

2532 1599 2664 1665 ipsa.
2693 1598 2823 1667 Cap.
2855 1597 2972 1654 XV.
3376 1658 3381 1662 Α

2455 1687 2760 1745 Conversam
2786 1690 2906 1744 inde
2931 1691 3000 1744 ad
3034 1707 3231 1759 preces,
3257 1708 3372 1746 cum
3399 1693 3468 1745 ad
3496 1710 3550 1747 se
3590 1695 3776 1748 missus
3798 1709 3924 1750 esset
3958 1695 4056 1750 Pa-

2526 1781 2744 1835 raeletus
2814 1780 2965 1836 Soter
3016 1780 3168 1837 Jesus
3262 1800 3374 1838 eam
3437 1786 3603 1838 denuo
3657 1788 4055 1855 conﬁrmatam,

2529 1884 2577 1926 et
2645 1873 2708 1927 ab
2781 1874 3012 1928 omnibus
3063 1875 3264 1945 injuriis
3329 1878 3579 1946 passionis
3644 1881 4054 1948 expumicatarn,

2526 1981 2586 2018 ex
2631 1966 2953 2020 conversione
2999 1967 3090 2020 illa
3141 1967 3388 2022 animales
3452 1968 3798 2039 corpulentias
3861 1973 4053 2042 produ-

2525 2061 2679 2115 xisse.
2719 2058 2852 2132 Cap.
2886 2059 3022 2116 XVI.

2461 2172 2578 2229 Prae
2602 2174 2790 2244 gaudio
2832 2175 3017 2230 abhinc
3055 2191 3118 2230 ex
3156 2177 3580 2245 contemplatione
3624 2178 3718 2230 illa
3764 2176 3960 2233 Sateris
4010 2194 4057 2236 et

2526 2267 2871 2337 angelicorum
2916 2269 3004 2336 qui
3057 2283 3159 2320 una
3222 2278 3460 2322 venerant
3509 2267 3794 2332 luminum,
3849 2273 4056 2341 spirita.

2527 2358 2599 2411 les
2665 2357 2995 2427 produxisse,
3067 2372 3115 2412 et
3192 2358 3266 2412 sic
3319 2358 3508 2427 [actam
3571 2359 3844 2415 trinitatem
3913 2379 4059 2433 gene-

2527 2467 2659 2504 rum.
2691 2450 2818 2521 Cap.
2850 2449 3014 2505 XVII.

2455 2540 2539 2597 Ex
2561 2543 2773 2596 animali
2787 2553 2953 2596 autem
2975 2544 3258 2597 substantia
3281 2545 3583 2612 productum
3609 2545 3794 2600 deinde
3819 2545 4056 2602 Demitur-

2523 2653 2664 2708 gum,
2719 2634 2881 2689 Deum
2926 2636 3058 2690 hunc
3113 2647 3380 2704 nostrum,
3437 2653 3608 2709 regem
3678 2639 4050 2696 universorum.

2523 2730 2654 2799 Cap.
2688 2728 2873 2787 XVIII.

2456 2821 2775 2892 Quamquam
2831 2821 2926 2874 hac
3003 2820 3066 2875 de
3152 2836 3208 2873 re
3282 2821 3411 2874 inter
3472 2836 3556 2874 eos
3603 2836 3704 2875 non
3769 2822 4050 2876 conveniat.

2522 2917 2652 2987 Cap.
2683 2914 2824 2970 XIX.

2457 3008 2622 3065 Porro
2651 3027 2683 3063 a
2713 3009 3006 3080 Demiargo,
3037 3017 3182 3062 extra
3214 3006 3514 3062 Pleromatis
3545 3008 3728 3062 limites
3759 3010 4052 3074 constituto,

2525 3103 2658 3155 hunc
2712 3101 2955 3154 mundum
2999 3102 3255 3155 conditura
3280 3117 3344 3154 ex
3372 3100 3676 3153 animalibus
3700 3109 3746 3153 et
3776 3102 4057 3154 materiali-

2521 3195 2612 3248 bus
2655 3194 2948 3248 substantiis
2970 3234 2985 3258 ,
3017 3209 3082 3247 ex
3103 3193 3506 3262 incorporalibus
3531 3207 3646 3245 vero
3672 3193 4054 3262 septempliccm

2522 3290 2761 3342 caelorum
2782 3304 3006 3342 scenam.
3037 3287 3167 3355 Cap.
3205 3285 3323 3340 XX.

2453 3383 2648 3448 Quibus
2671 3381 2922 3435 interdum
2946 3379 3197 3434 interserit
3225 3378 3364 3432 varia
3395 3376 3677 3430 Acharnoth
3708 3376 3812 3430 sire
3840 3375 4056 3445 Saphiae

2519 3476 2754 3531 secunda:
2785 3475 3012 3529 nomina.
3039 3473 3171 3544 Cap.
3207 3472 3326 3528 XXI

2451 3567 2624 3635 Quid?
2649 3568 2784 3635 quod
2805 3577 2850 3621 et
2870 3565 3125 3620 diabolmn
3154 3583 3282 3636 opus
3318 3565 3578 3635 Demiurgi
3603 3564 3826 3634 faciant,
3856 3562 4059 3617 Mundi-

2526 3669 2793 3716 tcncntem
2821 3661 3154 3730 appellantes.
3185 3659 3315 3730 Cap.
3343 3657 3504 3713 XXII.

2453 3771 2584 3827 Inde
2633 3772 2951 3841 singularunt
3001 3779 3306 3839 potestatum
3357 3770 3508 3824 situm
3544 3771 3862 3830 interserens,
3904 3770 4058 3822 etiam

2523 3866 2690 3936 ignem
2716 3864 2796 3917 his
2822 3863 3054 3918 omnibus
3082 3863 3375 3931 corporibus
3400 3871 3443 3915 et
3475 3862 3731 3916 elementis
3761 3859 4058 3931 inﬁabella-

2525 3968 2630 4012 Iunt
2655 3958 2819 4012 addit.
2853 3956 2986 4028 Cap.
3019 3955 3213 4012 XXIII.

2457 4050 2786 4122 Dentiurgum
2817 4059 2928 4120 post
2956 4050 3063 4103 haec
3089 4049 3156 4102 ad
3187 4049 3441 4102 hominem
3478 4063 3659 4100 manus
3682 4045 3986 4111 contulisse,
4014 4053 4061 4099 et

2524 4158 2728 4196 carnem
2752 4141 2799 4194 ei
2827 4157 3046 4204 creasse,
3071 4156 3172 4193 non
3201 4138 3324 4192 limo
3373 4149 3539 4204 terra',
3585 4139 3672 4193 sed
3711 4137 3927 4191 materia
3969 4138 4063 4190 illa

2526 4233 2897 4304 philosophica.
2927 4232 3056 4301 Cap.
3081 4229 3274 4286 XXIV.

2453 4324 2544 4380 Cui
2571 4342 2685 4380 cum
2709 4325 2933 4379 animum
2953 4323 3256 4395 Demiargus
3278 4340 3396 4378 mox
3423 4323 3487 4378 de
3513 4325 3699 4396 afﬂatu
3722 4342 3814 4380 sua
3837 4344 4062 4384 comatu-

2524 4419 2735 4486 nicaret,
2759 4418 2911 4471 etiam
2939 4418 3001 4471 ab
3028 4417 3314 4471 Achamoth
3349 4418 3539 4488 pariter
3577 4420 3629 4471 in
3673 4419 3825 4474 illam
3851 4424 4058 4478 deriva-

2525 4520 2631 4563 tum
2658 4527 2823 4566 semen
2853 4507 3085 4580 spiritale
3104 4550 3118 4575 ,
3170 4509 3305 4581 quod
3341 4509 3704 4579 nuncupabant
3736 4511 4052 4573 Ecclesium.

2521 4603 2650 4674 Cap.
2685 4601 2851 4658 XXV.

2456 4716 2590 4774 Hinc
2620 4718 2718 4772 tria
2746 4719 3004 4772 hominum
3039 4735 3222 4789 genera
3250 4719 3504 4785 describit,
3529 4721 3631 4776 sive
3660 4723 3945 4779 trinitatem
3971 4729 4061 4781 ho-

2522 4813 2695 4878 minis,
2727 4822 2772 4866 et
2802 4829 2948 4882 quem
2974 4813 3159 4866 exitum
3189 4814 3489 4867 sortiantur.
3519 4815 3687 4882 Caput
3717 4815 3914 4872 XXVI.

2450 4900 2695 4958 Emisisse
2722 4904 2870 4958 etiam
2890 4899 3221 4975 Dentiurgitm
3235 4903 3488 4959 Christum
3509 4903 3696 4960 Filium
3714 4925 3870 4963 suum
3901 4923 4061 4965 natu-

829 5015 955 5073 Nun
982 5017 1126 5071 illuni
1153 5033 1334 5071 novam
1374 5016 1590 5071 edidisse
1609 5017 1999 5088 capulatianem,
2024 5019 2277 5075 Christum
2299 5031 2346 5077 et
2371 5028 2424 5090 1)
2521 4996 2679 5050 "dem
2717 5012 2806 5065 Per
2823 4997 3084 5067 ι’ίνθίηθων
3109 5011 3209 5049 ²⁸⁰’⁸
3234 5012 3296 5050 ex
3322 4998 3512 5066 νίτθίηθ
3536 4998 3765 5065 “HW”;
3811 5013 3859 5056 ⁸⁸
3904 5021 4062 5072 "‘i‘"

828 5110 1082 5178 Spiritum
1111 5109 1381 5164 Sanctum.
1405 5107 1532 5180 Cap.
1551 5108 1640 5163 XI.

767 5199 958 5255 Deinde
984 5218 1044 5256 ex
1065 5201 1294 5258 omnibus
1317 5201 1472 5255 simul
1493 5200 1750 5256 ﬁanibus
1778 5213 2092 5275 compactum
2109 5221 2214 5260 esse
2238 5223 2350 5276 per-

830 5297 1013 5365 fectum
1047 5292 1353 5348 Pleromatis
1383 5293 1606 5364 fructum
1631 5292 1830 5359 Iesum,
1857 5311 2006 5362 quem
2032 5307 2077 5349 et
2096 5297 2347 5362 Sotcrem,

827 5397 876 5439 et
915 5386 1202 5449 Christian,
1233 5394 1279 5439 et
1309 5385 1607 5440 Sermonem
1648 5398 1976 5458 nuncupant;
2016 5400 2062 5443 et
2107 5389 2348 5445 satellites

827 5484 935 5551 ejus
963 5481 1190 5552 angelos.
1222 5479 1352 5553 Cap.
1383 5479 1494 5535 XII.

758 5576 920 5644 Atque
950 5575 1190 5629 hactenus
1231 5576 1415 5645 (inquit
1453 5576 1630 5629 ludens
1659 5577 1857 5648 auctor)
1902 5579 2064 5647 prima
2091 5580 2350 5652 tragoediae

830 5683 1026 5728 sretta,’
1098 5667 1202 5721 alia
1277 5670 1390 5738 jam
1474 5678 1616 5723 extra
1691 5668 1929 5727 Pleroma
2007 5674 2343 5730 cothurnatio.

825 5761 955 5832 Cap.
996 5760 1134 5816 xm.

760 5849 894 5906 Nam
936 5851 1302 5924 Euthgmesin,
1357 5871 1459 5911 sive
1482 5857 1590 5925 iam
1623 5873 1747 5914 novo
1774 5869 1820 5914 et
1846 5861 2210 5931 interpretabili
2249 5879 2345 5918 no-

2525 5091 2658 5144 lmnc
2711 5090 2968 5145 devolasse
3016 5090 3248 5146 Soterem
3277 5091 3329 5143 in
3354 5091 3519 5159 specie
3549 5093 3817 5156 columbae,
3847 5112 4062 5167 eumque

2525 5184 2772 5239 mansisse
2797 5185 2850 5239 iu
2886 5184 3087 5240 Christo
3115 5185 3498 5250 impassibilem,
3543 5202 3750 5255 passum
3789 5204 3910 5244 vero
3941 5193 4058 5245 aui-

2525 5283 2706 5335 malem
2733 5279 3009 5335 Christum.
3038 5278 3171 5349 Cap.
3206 5277 3416 5335 XXVII.

2455 5377 2660 5430 Animas
2687 5391 2880 5446 quoque
2907 5375 3137 5429 meliores
3163 5374 3315 5445 allegi
3339 5374 3390 5428 in
3422 5374 3696 5442 praphetas
3718 5417 3731 5438 ,
3766 5379 4054 5435 sacerdotes

2521 5484 2580 5520 ac
2598 5483 2753 5537 reges.
2801 5467 2930 5536 Cap.
2962 5463 3198 5520 XXVIII.

2456 5579 2732 5636 llominum
2788 5596 2900 5635 rero
2952 5581 3050 5635 tria
3091 5577 3272 5648 genera
3293 5579 3357 5632 ab
3376 5579 3447 5632 eis
3479 5580 3716 5633 constitui
3748 5597 3761 5633 :
3797 5581 4048 5646 chaicum,

2522 5675 2760 5731 animale.
2791 5672 3038 5739 spiritale.
3095 5671 3223 5742 Cap.
3281 5670 3473 5725 XXIX.

2456 5767 2783 5837 Spiritalibus
2794 5775 2959 5819 autem
2977 5764 3121 5836 (quos
3143 5781 3195 5818 se
3213 5779 3319 5818 esse
3328 5763 3597 5835 jactitant)
3615 5765 3937 5836 operationes
3955 5781 4051 5818 non

2523 5866 2849 5928 necessarias,
2878 5863 2967 5919 sed
3006 5861 3147 5918 nobis
3182 5871 3350 5932 utpote
3393 5861 3683 5931 psychicis,
3725 5861 3780 5914 id
3824 5871 3898 5914 est
3943 5863 4050 5912 ani.
