4270 6498
229 382 332 437 537

1285 377 1486 434 LIBER
1529 381 1568 435 Δ
1579 376 1661 432 DV
1673 374 1887 433 ERSUS
1925 375 2495 437 V.~U.FZNTINI;\NOS.

3417 371 3521 429 538

303 492 520 546 molibus
569 492 853 547 hominibus
878 532 891 557 ,
939 492 1169 563 martyrii
1215 507 1414 563 quoque
1485 492 1826 545 necessitatem
1856 493 1900 550 Α
1934 493 2192 556 Quosdam
2229 495 2314 562 qui
2354 510 2417 546 ex
2457 502 2599 561 patre
2643 491 2824 561 figtho,
2862 499 2906 545 et
2941 490 3134 546 Ennma
3171 499 3348 554 matre,
3398 493 3528 544 inte-

302 587 373 638 sic
403 585 678 639 eludentes.
726 583 856 654 Cap.
921 583 1094 640 XXX.

246 678 312 732 Et
347 696 459 733 vero
488 681 540 733 in
571 680 998 734 consunnnatione
1026 680 1098 731 ita
1125 679 1410 748 dispensari
1443 676 1749 740 mercedem,
1779 685 1834 728 ut

310 770 596 824 Achamoth
633 771 698 824 de
736 772 902 824 medio
933 769 1159 822 tabulato
1187 770 1240 822 in
1282 768 1520 824 l'leronta
1550 768 1832 837 transfera-

305 874 406 926 tur,
439 873 646 932 excepta
671 881 701 916 a
734 862 910 917 Sotere
935 862 1255 933 compactitio
1289 862 1379 916 illo
1416 877 1622 932 sponso.
1649 871 1695 914 et
1731 858 1834 914 De-

306 956 558 1023 miurgum
591 953 653 1006 de
673 953 984 1006 hebdomade
1009 969 1102 1007 sua
1131 951 1317 1007 ctelesti
1339 952 1391 1006 in
1424 967 1634 1005 uacuum
1658 951 1834 1004 ntatris

305 1045 494 1097 locum.
522 1043 653 1113 Cap.
678 1043 868 1098 XXXI.

236 1135 532 1189 Humanam
555 1153 667 1189 vero
683 1148 880 1207 gentem
893 1139 944 1192 in
968 1139 1128 1193 exitus
1150 1138 1274 1193 tales
1295 1139 1479 1192 ituram
1497 1138 1716 1192 :choicte
1731 1138 1837 1208 quis

306 1231 418 1282 dem
444 1241 487 1283 et
516 1231 792 1284 materialis
815 1242 949 1286 nota:
972 1233 1169 1286 animas
1212 1233 1538 1295 interiturus;
1567 1232 1832 1303 psychico-

306 1341 417 1377 rum
431 1339 544 1378 vero
553 1315 811 1395 justoruin
828 1327 1026 1379 animas
1047 1326 1121 1396 (id
1142 1335 1215 1381 est
1237 1327 1457 1396 nostras)
1484 1327 1534 1380 in
1552 1327 1833 1380 medietatis

307 1418 447 1472 illius
510 1420 828 1488 receptacula
887 1421 1198 1485 transmitti;
1243 1419 1557 1489 spiritalium
1593 1421 1830 1487 denique,

304 1509 530 1576 ipsorum
561 1527 759 1578 nempe,
802 1511 870 1564 tul
911 1509 1218 1566 Pleromatis
1259 1511 1505 1582 palatium
1533 1511 1826 1577 traductas,

304 1599 356 1650 in
384 1615 593 1669 sponsas
614 1601 912 1670 angelorum
939 1603 1151 1654 assumi.
1185 1600 1318 1671 Cap.
1366 1599 1580 1655 XXXII.

230 1690 308 1742 Ab
342 1689 608 1747 l'aleutino
636 1711 752 1748 vero
777 1700 828 1748 in
860 1696 954 1749 hoc
983 1695 1252 1750 dissentire
1276 1695 1624 1750 emendatores
1647 1695 1829 1750 Ptolo-

301 1784 438 1849 uttvi,
467 1779 603 1854 quod
624 1784 791 1857 Bgtlto
816 1788 944 1842 duas
971 1785 1221 1858 aliingant
1249 1791 1510 1858 conjuges,
1555 1787 1831 1856 Cogitatio-

301 1893 416 1930 nem
444 1888 490 1931 et
529 1877 1033 1950 l’olttntatcnt,attpte
1054 1897 1117 1936 ea:
1143 1880 1460 1951 Cogitatione
1476 1893 1639 1935 ortam
1683 1879 1796 1936 Veri
1807 1911 1823 1921 ο
1860 1903 1902 1962 Β

304 1980 479 2031 latent,
503 1988 565 2025 ea:
602 1970 874 2028 Voluntate
898 1973 1252 2045 Monogenem.
1284 1973 1414 2046 Cap.
1442 1973 1682 2030 XXXIII.

233 2061 374 2114 Alios
405 2065 556 2116 etiam
577 2067 666 2136 qui
691 2077 778 2120 aut
805 2069 1002 2121 nullum
1049 2085 1221 2123 sexum
1250 2067 1420 2138 Bgtho
1451 2070 1715 2140 deputant,
1740 2078 1829 2124 aut

305 2157 775 2226 Itermapltroditum
826 2161 1040 2229 faciunt.
1078 2161 1206 2233 Cap.
1257 2161 1506 2218 XXXIV.

232 2244 360 2300 Esse
390 2249 505 2302 item
531 2252 620 2321 qtti
645 2250 809 2320 Bgtho
842 2268 942 2306 non
976 2254 1338 2322 principatum,
1370 2253 1461 2308 sed
1487 2263 1828 2326 postumatum

299 2342 562 2411 defendat,
587 2355 699 2413 post
743 2347 1025 2414 ogtloadem
1053 2349 1269 2418 primum
1302 2365 1367 2402 ea:
1401 2350 1594 2403 tetrade
1626 2349 1827 2417 quidem

303 2442 347 2483 et
371 2433 555 2502 ipsam,
582 2436 670 2488 sed
693 2437 808 2490 aliis
829 2439 1113 2493 nominibus
1135 2439 1434 2494 derivatum.
1455 2440 1585 2510 Cap.
1611 2439 1829 2494 XXXV.

2009 604 2152 656 grant
2230 586 2511 656 ogdoadem

2032 679 2160 748 Cap.
2223 677 2466 733 XXXVI.

1939 768 1966 822 1
1975 781 2069 824 tem
2083 770 2239 825 alium
2288 769 2556 841 quemdam
2594 769 2680 840 qui
2735 768 2996 823 llonoteta
3051 779 3097 824 et
3143 767 3392 824 llenoteta
3441 784 3526 838 pa-

2008 874 2172 918 rentes
2192 865 2383 934 primos
2414 863 2589 934 faciat,
2615 878 2679 918 ea:
2700 862 2882 933 quibus
2914 862 3095 916 Nonas
3121 872 3166 916 et
3201 860 3353 928 Unio,
3385 872 3428 917 et
3465 878 3527 918 e1:

2008 956 2111 1009 illis
2138 955 2358 1023 reliquos
2389 953 2615 1009 .Eonas.
2641 952 2773 1024 Cap.
2805 953 3071 1009 XXXVII.

1942 1047 2305 1104 Humaniorem
2337 1049 2549 1120 denique
2575 1046 2873 1112 secundum,
2906 1048 2992 1117 qui
3037 1047 3257 1101 tetradtts
3287 1048 3416 1100 tluas
3446 1047 3521 1102 tli-

2009 1142 2179 1197 videns
2217 1143 2267 1196 in
2303 1141 2533 1196 dextram
2577 1150 2624 1195 et
2653 1141 2932 1202 sinistram,
2974 1140 3140 1194 lunten
3183 1152 3228 1196 et
3277 1144 3524 1210 tenebras,

2009 1245 2204 1289 tantum
2234 1235 2550 1304 defectricem
2569 1235 2712 1289 illam
2739 1234 2991 1298 uirtutem,
3020 1236 3299 1290 Achamoth
3326 1253 3523 1306 nempe,

2009 1329 2112 1380 rult
2142 1344 2244 1381 non
2271 1327 2332 1380 ab
2367 1328 2541 1397 aliquo
2578 1325 2809 1380 Ᾱίοιιιιιιι
2835 1327 3032 1382 deduci.
3067 1327 3198 1398 Cap.
3233 1328 3521 1384 XXXVIII.

1941 1419 2203 1474 Postremo
2225 1421 2469 1488 majorem
2490 1436 2595 1475 esse
2621 1419 2684 1472 de
2711 1421 2823 1490 ipso
2853 1417 2978 1473 Iesu
3009 1420 3366 1488 diversitatem,
3410 1438 3526 1476 eum

2021 1511 2311 1566 Valentinus
2360 1527 2424 1566 ea:
2467 1513 2690 1565 omnium
2725 1510 2958 1566 Αἰοιιιιιιι
3029 1513 3274 1582 flosculis,
3327 1513 3416 1566 alii
3464 1529 3528 1567 ea:

2008 1606 2130 1659 solis
2155 1605 2345 1663 decem,
2371 1613 2456 1656 aut
2477 1603 2596 1659 solis
2623 1604 2907 1667 duodecim,
2934 1604 3024 1656 alii
3044 1620 3074 1655 a
3103 1603 3302 1658 Christo
3328 1613 3374 1657 et
3398 1604 3528 1675 Spiu

2008 1698 2111 1750 ritu
2140 1696 2332 1751 Sancto
2355 1706 2574 1760 tantum,
2600 1695 2689 1747 alii
2720 1695 2926 1748 aliunde
2952 1711 3066 1748 eum
3097 1697 3367 1763 conﬁctam
3397 1713 3526 1750 con.

2009 1790 2234 1843 tendant.
2266 1789 2428 1856 Atque
2448 1788 2516 1840 ita
2541 1787 2798 1841 doctrinas
2837 1786 3306 1842 Valentinianorum
3344 1789 3395 1843 in
3421 1791 3526 1861 syl-

2001 1900 2088 1938 ras
2111 1884 2214 1950 iam
2243 1882 2512 1939 exolevisse
2543 1879 2916 1936 Gnosticorum.
2947 1881 3078 1954 Cap.
3109 1880 3357 1938 XXXIX.

2611 588 2752 640 illam
2839 601 2938 638 uno
3023 594 3172 655 partu
3245 583 3524 639 exclusam.

2455 2066 2682 2127 CAPUT
2722 2065 3002 2123 PRIMUM.

1934 2254 1974 2327 ς,
2007 2255 2080 2325 (a)
2115 2250 2484 2316 Valentiniani,
2520 2249 2600 2319 (I)
2650 2247 3140 2319 frequentissimum
3170 2247 3324 2318 plane
3357 2249 3527 2303 colle-

1936 2349 2078 2418 gium
2106 2347 2243 2400 inter
2271 2343 2574 2408 lucreticos,
2604 2341 2724 2412 quia
2759 2340 2833 2412 (9.)
2868 2341 3149 2410 plurimum
3172 2356 3235 2394 ex
3269 2341 3528 2410 apostatis

1937 2438 2194 2504 veritatis,
2227 2445 2281 2493 et
2324 2435 2388 2491 ad
2437 2434 2641 2491 fabulas
2679 2435 2830 2490 facile
2859 2444 2961 2500 est,
3017 2442 3071 2489 ct
3115 2433 3389 2505 disciplina
3421 2449 3529 2490 non

1476 2556 1856 2616 LECTIONES
1893 2552 2310 2612 γιιιιιΝτεδ.

295 2662 370 2723 (l)
396 2662 642 2717 Valentini
665 2667 925 2731 collegium
947 2669 1119 2732 Crojus
1139 2669 1190 2722 in
1215 2670 1360 2724 Grab.
1387 2671 1537 2722 Fran.

1998 2671 2070 2736 ti)
2095 2669 2186 2731 Qui
2213 2666 2406 2722 Oberth.
2427 2664 2573 2727 solus,
2599 2665 2761 2732 forsan
2778 2663 3064 2732 typograph.
3091 2664 3251 2731 lapsu.

1587 2778 2147 2838 COMMENTARIUS.

495 2891 686 2974 l._——(a)
717 2894 956 2978 Aprima
980 2895 1136 2978 hujus
1155 2897 1342 2978 capitis
1363 2898 1535 2978 fronte
1549 2910 1838 2978 occurrunt

240 2960 684 3036 intricatissimii',
739 2960 942 3036 siqua:
983 2960 1235 3033 faérunt;
1275 2969 1590 3024 Tertulliani
1634 2971 1829 3036 verba,

241 3033 408 3114 multa
443 3034 744 3114 adhuedum
790 3033 1032 3114 respersa
1069 3039 1312 3106 caligine,
1341 3042 1547 3095 crebris
1581 3042 1701 3094 licet
1727 3033 1829 3095 do;

238 3108 605 3176 t-tissitnornm
636 3108 869 3161 virorum
907 3109 1163 3163 illnstrata
1191 3112 1510 3165 commentis
1535 3157 1548 3176 ,
1577 3113 1826 3168 inmune-

1940 2897 2064 2952 ditis
2110 2897 2276 2952 sacris
2311 2899 2624 2967 majestatem
2668 2896 2900 2950 exhibere
2941 2895 3206 2948 videantur
3248 2908 3311 2967 ac
3361 2903 3528 2962 σεμνό-

1939 2994 2080 3034 τητα,
2111 2977 2350 3035 quautam
2378 2966 2770 3038 prtestruxerunt
2792 2968 3142 3039 cupiditatem,
3184 2966 3528 3039 animtunque

1933 3041 1998 3092 ad
2025 3056 2210 3106 magna
2241 3036 2524 3094 ominanda
2572 3036 2877 3092 erexerunt.
2909 3039 2988 3093 Ad
3019 3037 3131 3090 lucc
3159 3036 3383 3105 sequitur
3421 3038 3526 3100 iam

1931 3112 2116 3163 silentii
2163 3109 2244 3163 lett
2301 3119 2355 3163 et
2412 3111 2675 3179 officiunt;
2723 3110 2926 3161 adtente
2954 3110 3149 3178 quippe
3223 3107 3521 3170 custoditur,

242 3174 425 3264 nisque
458 3175 743 3264 Ιιυοιιιιιιιιιιι
783 3180 1046 3260 variarunt
1096 3181 1475 3236 tentatninihus
1519 3174 1822 3264 eniendata.
1853 3204 1897 3264 ρ
1929 3181 2252 3264 ιιιιοιιχηηιε
2289 3174 2554 3263 inuenitur.
2598 3179 2845 3233 Cteterum
2898 3174 2999 3264 tota
3036 3174 3212 3264 suum
3258 3179 3311 3231 in
3359 3185 3425 3230 ad

242 3245 472 3300 'I‘t-xtnm
501 3249 747 3318 equidem
779 3251 1037 3321 resarcire
1058 3267 1118 3304 ae.
1136 3268 1327 3306 sanare
1350 3268 1551 3318 stunus,
1583 3263 1641 3308 ut
1665 3256 1824 3321 potni-

242 3333 388 3392 ntus,
419 3321 581 3392 enixi,
611 3337 672 3375 ex
708 3321 914 3375 collatis
941 3320 1179 3376 Ilhenani
1202 3364 1217 3385 ,
1248 3323 1544 3391 Sealigerii,
1580 3320 1827 3392 Pat’nelii,

242 3387 573 3462 ςίειςςιιιιιιιιρ,
602 3392 824 3456 Petavii,
844 3391 1088 3446 Salmasii
1116 3434 1130 3456 ,
1169 3387 1412 3462 lligaltii,
1433 3394 1640 3452 l’riorii.
1665 3387 1827 3459 Junii,

247 3458 462 3531 Lilllllﬁ,
507 3460 894 3530 Francquanm,
937 3464 1210 3528 I'arisinre,
1239 3458 1490 3527 Venetae,
1545 3458 1828 3531 Ilallensis,

247 3528 683 3592 Wiceburgensis
705 3528 1004 3587 editionum
1038 3535 1376 3599 recensione,
1408 3551 1615 3590 necnon
1645 3546 1702 3591 et
1751 3528 1829 3592 nsi

243 3616 431 3675 stitutus
480 3601 678 3675 duplici
730 3605 1061 3659 correctione
1100 3622 1232 3675 quas
1270 3605 1376 3661 CL.
1411 3606 1505 3659 viri
1539 3606 1751 3662 Lohcck
1780 3617 1833 3662 et

244 3671 974 3748 SegniordeSainthlrisson
1007 3671 1383 3742 inseruerunt,
1414 3677 1503 3732 ille
1532 3679 1745 3748 quidem
1780 3681 1830 3733 in

244 3759 349 3824 suo
382 3745 636 3810 [inet-lato
658 3746 1114 3824 ΛξιειυιιΙιτιιιιοηι.
1157 3751 1204 3806 ι.
1359 3751 1412 3812 1.
1441 3748 1468 3818 §
1501 3745 1562 3815 νς
1599 3750 1683 3824 hic
1708 3767 1832 3805 veto

249 3819 302 3866 in
334 3830 497 3884 opere
527 3819 726 3871 recenti
747 3860 760 3881 ,
795 3828 876 3871 sat
920 3819 1100 3884 paucis
1141 3820 1366 3874 eruditis
1412 3831 1567 3880 noto,
1597 3821 1681 3875 cui
1713 3824 1835 3877 titu-

246 3885 330 3963 lus
366 3905 378 3939 :
409 3885 557 3963 [ζωαί
581 3904 674 3963 sur_
713 3888 758 3940 le
781 3889 1161 3963 polytltéisme,
1203 3899 1241 3943 ι.
1277 3890 1340 3953 II,
1377 3907 1428 3961 p.
1464 3893 1564 3946 105
1595 3901 1647 3946 et
1679 3909 1830 3963 quq.

247 3958 565 4032 At_otni_ssa,
596 3958 675 4032 vel
708 3960 902 4032 saltem
943 3960 1164 4013 inferius
1205 3958 1448 4032 remissa,
1484 3958 1832 4032 textosqui-nt

244 4027 589 4082 exhibuimus
635 4028 1000 4099 indagatione,
1059 4039 1112 4082 et
1162 4031 1366 4085 seclusa
1416 4032 1574 4087 nimia
1626 4027 1834 4088 molesti

245 4100 619 4169 etnutneutarii
653 4102 813 4164 mole,
846 4100 999 4155 nobis
1030 4102 1198 4156 visum
1227 4112 1308 4155 est
1353 4119 1508 4169 quam
1541 4104 1698 4158 citius
1729 4105 1834 4160 fes-

247 4168 527 4245 tinandum
559 4172 624 4224 ad
650 4168 1623 4245 planiorem,saniorcmqneSeptimii
1658 4178 1707 4231 in
1737 4176 1837 4232 hoc

250 4243 524 4316 protentio
555 4258 775 4316 sensum
802 4243 1034 4299 breviter
1060 4243 1468 4313 exponendum,
1500 4263 1656 4316 quem
1679 4264 1839 4316 porro

243 4314 324 4366 sic
351 4329 409 4366 se
443 4313 638 4368 lubere
665 4314 1020 4369 arbitramur:

326 4402 345 4435 ι
395 4382 737 4456 Valentiniani
778 4387 1026 4456 (quorum
1070 4387 1526 4456 frequentissimum
1553 4388 1705 4454 plane
1745 4387 1838 4443 tle-

248 4455 338 4509 het
359 4469 482 4509 esse
503 4455 769 4526 collegium
790 4457 920 4509 inter
938 4457 1219 4520 Iucreticos,
1249 4470 1357 4511 tum
1375 4459 1493 4521 quia
1514 4460 1733 4527 plurima
1760 4477 1845 4513 re-

250 4527 411 4601 tinnit
439 4527 660 4601 ejurata:
686 4527 802 4582 iidei
835 4527 1103 4598 dogmata,
1130 4537 1240 4583 tum
1265 4530 1385 4599 quia
1400 4529 1467 4580 ad
1489 4529 1732 4598 vulgares
1760 4533 1836 4601 [τιν

3429 3180 3527 3233 tttis

1937 3196 2062 3248 quoa
2109 3196 2252 3234 (arae
2289 3196 2554 3234 turenttur.
2598 3196 2845 3233 crateram
2898 3196 2999 3232 tata
3036 3196 3212 3232 annua
3258 3196 3311 3231 tn
3359 3196 3527 3302 nuptis

1937 3253 2193 3314 divinitas,
2227 3261 2298 3306 tot
2331 3253 2522 3314 sipario
2553 3261 2811 3320 portarum
2837 3251 2992 3304 valvis
3020 3250 3170 3319 affixa
3190 3288 3204 3310 ,
3236 3259 3394 3302 totum
3441 3265 3528 3306 ioc

1937 3323 2127 3376 secreti
2162 3323 2476 3392 signaculum
2506 3323 2695 3391 lingua:
2739 3323 3055 3391 impressum
3084 3364 3097 3381 ,
3131 3320 3180 3373 in
3213 3321 3382 3389 turpia
3418 3321 3522 3392 ide-

1935 3395 2091 3456 sinit,
2125 3407 2173 3449 et
2210 3391 2580 3448 consummata
2618 3403 2721 3446 tam
2749 3407 2956 3446 morosa
2980 3392 3292 3452 initiatione,
3327 3391 3524 3445 fmdum

1937 3464 2217 3520 duntaxat.
2251 3465 2380 3532 proh
2414 3464 2615 3532 pudor!
2648 3465 2974 3518 simulacrum
3021 3463 3227 3515 membri
3258 3462 3419 3516 uirilis
3444 3478 3525 3515 re-

1935 3535 2148 3588 velatur.
2180 3535 2284 3588 Sed
2308 3544 2503 3587 natura:
2522 3534 2856 3588 venerandum
2886 3549 3064 3586 nomen
3097 3549 3204 3600 pra:
3233 3549 3290 3586 se
3323 3533 3520 3599 ferens,

1940 3606 2220 3674 inaniaque
2245 3613 2544 3676 commenta
2571 3606 2754 3676 allegat
2767 3606 2842 3657 ica
2866 3605 3096 3672 tnrpitnn
3113 3604 3523 3676 falmlarnmdis-

1939 3679 2120 3743 positio
2142 3677 2476 3746 pt-tetendens,
2503 3675 2711 3732 favente
2731 3675 3009 3746 patrocinio
3028 3684 3217 3728 coacta!
3231 3684 3279 3729 et
3307 3675 3523 3746 insulsa:

1939 3745 2149 3818 ﬁgurte,
2179 3749 2502 3818 sacrilegium
2551 3745 2780 3804 obscurat
2805 3790 2818 3808 ,
2852 3745 3431 3818 imminuit.reptuliat,
3473 3754 3521 3799 et

1938 3815 2214 3873 convicium
2256 3815 2381 3890 falsi
2422 3819 2652 3889 hedique
2685 3818 2917 3887 ligna-nti
2966 3815 3302 3872 manifestum
3342 3832 3524 3872 emen-

1941 3892 2049 3944 titis
2081 3890 2376 3944 istiusmodi
2406 3891 2689 3945 simulacris
2709 3899 2932 3943 eacumt.

2010 3962 2212 4029 Quibus
2239 3975 2634 4032 παραρραστικῶς
2651 3961 2927 4029 expositis,
2946 3957 3083 4013 haud
3107 3959 3355 4032 exiguum
3389 3973 3523 4032 opus

1942 4035 2094 4085 nobis
2143 4029 2448 4086 incumbere
2528 4035 2812 4095 videretur,
2859 4047 3048 4099 nempe
3092 4041 3143 4083 ut
3189 4032 3272 4084 illa
3314 4029 3523 4084 Tertul-

1943 4104 2064 4157 liani
2089 4105 2244 4157 verba
2292 4105 2557 4169 sigillatim
2575 4115 3081 4164 commentaremnt‘,
3101 4102 3214 4156 sive
3232 4101 3519 4170 genuinam

1945 4176 2142 4229 tuendo
2170 4177 2540 4230 anetoritatem
2579 4189 2775 4240 textus,
2803 4190 2957 4245 quem
3001 4186 3112 4243 p05t
3148 4181 3226 4226 tot
3269 4173 3524 4245 cnlauda-

1945 4247 2120 4300 tiones
2162 4248 2322 4300 edere
2370 4248 2481 4300 ausi
2525 4261 2742 4304 smnus.
2778 4243 2888 4300 sive
2925 4247 3024 4297 hoc
3057 4243 3370 4312 promtltilttll
3398 4257 3520 4296 cum

1943 4319 2152 4371 ezrteris
2198 4317 2432 4387 ejusdem
2486 4319 2779 4388 argumenti
2814 4316 3128 4371 tesdmoniis
3171 4313 3516 4388 conferendo,

1947 4385 2236 4453 multaque
2269 4390 2390 4442 inde
2440 4389 2504 4441 ad
2555 4385 2767 4444 veteres
2837 4388 3118 4454 religiones
3179 4385 3520 4453 explicandas

1946 4459 2183 4513 eruenda
2203 4458 2538 4514 documenta.
2561 4460 2691 4516 lline
2709 4459 2855 4512 facile
2885 4461 3067 4526 ingens
3087 4464 3398 4521 exsurgeret
3412 4455 3523 4509 dis-

1949 4529 2168 4584 sertatio
2204 4531 2271 4585 de
2293 4532 2630 4600 ςπειιρετιιιιίιιε
2683 4533 2824 4592 trita,
2858 4528 3038 4600 densis
3065 4529 3186 4583 licet
3217 4528 3521 4600 etiamnunc

247 4600 394 4651 bulas
425 4596 577 4666 facile
604 4596 936 4668 pronumque
965 4611 1057 4664 est,
1089 4609 1197 4654 tum
1224 4596 1345 4669 quia
1391 4596 1646 4669 aslieriori
1677 4596 1835 4654 disci-
1864 4597 1915 4656 D
1943 4601 2176 4656 tenebris
2202 4596 2391 4666 obsita,
2417 4596 2789 4669 mysteriorum
2811 4597 3517 4667 Eleusiniorumdisciplina,

249 4671 392 4741 plina
419 4685 517 4723 non
547 4669 867 4741 deterretur),
887 4671 1016 4724 nihil
1037 4672 1196 4741 magis
1217 4680 1395 4724 curant
1411 4687 1563 4740 qttam
1584 4674 1840 4727 occultare

244 4739 387 4804 quod
414 4741 710 4809 prwdicant.
755 4739 982 4811 sitamen
1028 4743 1062 4794 ii
1107 4739 1385 4811 prtrdicant
1419 4739 1510 4797 aut
1548 4743 1838 4811 praedicare

247 4759 383 4804 quoa
414 4759 710 4809 prteaicant.
755 4759 797 4795 st
819 4759 982 4795 tamen
1028 4759 1062 4794 ιι
1107 4759 1385 4865 pra-arcani
1419 4759 1510 4797 aut
1548 4759 1836 4811 przeatcare

247 4812 356 4864 dici
387 4821 587 4879 queunt
615 4853 630 4877 ,
667 4808 774 4882 qui‘
798 4813 1070 4866 occultant.
1140 4831 1170 4865 ιι
1202 4813 1266 4866 iis
1310 4811 1452 4868 enim
1479 4854 1494 4877 ,
1549 4815 1836 4869 sollicitum

250 4898 466 4937 arcana:
493 4883 739 4937 custodia:
771 4884 1024 4954 ofﬁcium,
1059 4884 1251 4938 merito
1281 4883 1581 4939 habendum
1612 4895 1685 4938 est
1716 4901 1837 4939 con-

247 4955 474 5012 εςὶειιιὶω
497 4954 635 5008 unde
673 4955 1069 5024 sanat-officium
1094 4968 1187 5009 seu
1225 4955 1499 5012 indicium.
1533 4954 1598 5008 Et
1626 4972 1836 5010 morum

251 5026 488 5093 turpium
513 5026 746 5097 confusio
766 5027 1091 5095 prtrdicatur,
1122 5026 1242 5097 dum
1263 5025 1330 5080 ab
1352 5025 1413 5081 iis
1430 5027 1606 5097 religio
1625 5027 1833 5081 adseve-

249 5109 398 5148 ratur
446 5094 524 5149 vel
552 5098 866 5160 adservatur,
895 5097 1007 5153 sive
1035 5095 1363 5166 proferatur,
1415 5094 1540 5152 sive'
1573 5107 1830 5152 taceatur.

253 5166 398 5240 Nam
435 5177 485 5220 et
525 5168 664 5222 inter
705 5167 1074 5223 illa'eleusiuia
1106 5183 1257 5240 sacra
1294 5168 1433 5240 (qua:
1473 5169 1678 5240 hteresis
1713 5178 1838 5224 sunt

250 5250 299 5292 et
342 5239 457 5306 ipsa
483 5254 548 5292 ex
590 5239 758 5294 attica:
787 5239 1159 5311 superstitionis
1205 5237 1349 5294 lente
1384 5237 1671 5311 derivata),
1700 5243 1838 5303 quod

254 5319 424 5362 tacent
451 5321 662 5381 epopta:
715 5326 809 5381 seu
838 5311 1005 5365 sacris
1033 5309 1244 5371 initiati.
1286 5310 1451 5378 pudor
1497 5320 1587 5365 est.
1630 5309 1835 5365 Idcirco

251 5380 496 5445 aditum,
519 5380 568 5434 id
595 5391 674 5435 est
709 5380 964 5437 adeuntes
1000 5381 1112 5435 sive
1151 5381 1438 5448 discentes,
1466 5395 1559 5451 per
1586 5385 1838 5452 ambages

255 5463 312 5507 et
334 5453 701 5521 experimenta
731 5452 956 5506 cruciant
977 5461 1030 5507 ct
1056 5466 1192 5521 pene
1219 5463 1477 5517 enecant;
1509 5453 1626 5506 hinc
1644 5453 1835 5506 diutius

254 5525 460 5578 initiant
488 5539 640 5595 quam
668 5525 999 5595 consignant,
1041 5522 1157 5595 plus
1187 5524 1445 5595 temporis
1468 5533 1752 5579 conterunt
1784 5524 1835 5577 iu

259 5592 607 5664 prmparanda
655 5592 824 5664 quam
865 5595 917 5649 in
974 5592 1310 5662 perficienda
1344 5595 1667 5659 initiatione;
1721 5610 1837 5648 cum

254 5677 302 5720 et
354 5674 476 5718 ante
501 5675 676 5733 portas
719 5664 783 5719 ad
831 5665 1162 5735 probandum
1205 5680 1299 5719 eos
1333 5667 1423 5735 qui
1474 5677 1682 5735 epopta:
1723 5666 1840 5720 fieri

255 5739 478 5804 cupiunt
504 5777 518 5798 ,
557 5737 953 5806 quinquennium
979 5736 1281 5802 instituunt;
1312 5736 1431 5789 ideo
1464 5747 1517 5789 ut
1566 5738 1836 5806 ingentem

255 5809 570 5880 opinionem,
601 5809 808 5862 favente
837 5809 1093 5880 diuturno
1118 5806 1389 5880 suspendio
1415 5822 1625 5862 arcana:
1655 5809 1836 5880 cogni-

256 5877 429 5951 tionis,
462 5877 1077 5952 adstruantctwdi/icent
1097 5894 1116 5935 :
1140 5890 1290 5950 atque
1317 5879 1390 5935 ita
1420 5889 1609 5935 tantam
1644 5881 1696 5936 in
1717 5877 1837 5938 ἰὼ-

1943 4688 2124 4741 quam,
2157 4681 2338 4740 utpme
2367 4659 2434 4725 ab
2464 4659 2584 4727 aliis
2614 4673 2746 4726 bene
2797 4673 2975 4726 multis
3013 4682 3064 4724 et
3095 4671 3251 4739 longe
3278 4659 3518 4724 doctrina

1945 4743 2401 4812 prmstantioribus
2471 4744 2855 4813 propemodum
2907 4743 3218 4813 exhaustam
3272 4741 3519 4813 omittere

1941 4811 2107 4868 Satius
2147 4825 2271 4868 ρει..
2295 4811 2508 4869 Duobus
2553 4811 2754 4869 tantum
2804 4814 3039 4869 tribusve
3079 4811 3234 4880 hujus
3272 4811 3517 4880 prummii

1944 4885 2152 4953 punctis
2196 4885 2393 4954 aliquid
2447 4886 2577 4940 lucis
2599 4885 2905 4945 afferetnus.
2961 4883 3241 4954 nonnullas
3293 4882 3519 4938 subinde

1943 4957 2208 5011 variorum
2241 4953 2381 5010 netis
2426 4956 2797 5012 adnotatioues
2823 4953 3219 5009 subnectendas
3245 4961 3513 5008 curantes.

1941 5029 2069 5093 Qua:
2097 5027 2139 5081 si
2175 5027 2394 5098 uberius
2419 5037 2474 5081 et
2517 5038 2764 5098 tauquam
2790 5044 2853 5082 ex
2884 5024 3394 5098 professo‘traetari
3413 5039 3513 5098 cu}

1940 5100 2074 5167 pias,
2106 5098 2301 5153 vitiosis
2331 5094 2672 5163 Warbnrton,
2694 5096 2770 5152 De
2796 5094 2897 5152 diu.
2921 5099 3072 5168 legat.
3099 5095 3309 5166 Moysis,
3339 5094 3517 5168 lib._II.

1939 5165 2059 5224 sect.
2089 5169 2177 5230 IV;
2208 5168 2427 5224 Michael
2451 5169 2630 5224 Maier.
2654 5169 2887 5238 Symbol.
2905 5165 3071 5221 aureo:
3093 5165 3297 5230 mensae,
3317 5167 3404 5220 lib.
3429 5165 3519 5238 Ill,

1939 5249 1993 5312 et
2020 5242 2077 5312 in,
2099 5239 2434 5312 Hieroglyph.
2464 5241 2552 5295 lib.
2577 5241 2663 5301 IV;
2686 5236 2950 5312 l’lessing,
2985 5238 3349 5312 Memnoniunt,
3373 5247 3412 5290 t.
3443 5236 3518 5312 II;

1941 5307 2648 5394 harunc-lenti,'dnachars...
2689 5307 3038 5394 tz‘yal’a'ynne
3066 5308 3257 5394 Iinigt,
3305 5307 3518 5394 fitqung

1940 5383 2047 5455 into
2098 5383 2193 5455 the
2225 5376 2386 5455 {gina
2422 5384 2567 5452 lang.
2609 5384 2661 5436 in
2703 5381 2881 5455 Diario
2915 5376 3197 5455 Classicos:
3224 5376 3394 5455 t._X._\’
3411 5376 3482 5455 γ]
3502 5393 3522 5442 ;

1939 5453 2220 5521 Ouvaroﬂ',
2252 5447 2403 5510 Essai
2439 5447 2532 5508 sur
2566 5457 2637 5509 les
2668 5454 2906 5524 mystéres
2945 5447 3520 5524 d‘Eleusis;__Loheclt,

1940 5519 2321 5595 Agl00phumus
2366 5527 2467 5580 sive
2506 5525 2570 5580 de
2611 5519 2899 5595 Theologia:
2951 5523 3190 5595 mysticte
3228 5519 3524 5595 ercorum

1940 5591 2126 5655 causis.
2161 5597 2247 5651 lib.
2278 5596 2328 5659 I;
2360 5596 2734 5651 ﬁliole-Grai!
2753 5637 2767 5661 ,
2800 5591 3110 5651 Becherches
3141 5591 3318 5646 histor.
3348 5601 3392 5644 et
3426 5592 3527 5645 cri-

1942 5667 2032 5739 tiq_.
2063 5683 2154 5720 sur
2182 5672 2252 5722 tes
2291 5678 2438 5738 myst.
2469 5669 2539 5720 du
2578 5684 2806 5739 pagan.,_
2831 5663 3338 5739 denatietue__é_ttit._de
3366 5662 3526 5739 Sacy,

1944 5733 2046 5798 t.I,
2075 5740 2130 5804 '5,
2163 5740 2263 5802 4,5
2285 5733 2427 5802 sed;
2460 5733 2744 5804 Villoisim,
2771 5737 2848 5791 De
2875 5737 3063 5806 triplici
3090 5733 3531 5806 Tltcol.;_Segttier

1944 5809 2012 5885 de
2042 5808 2431 5885 Saint-Brissep
2450 5849 2466 5873 ,
2500 5809 2648 5885 lﬁssai
2669 5827 2755 5885 sur
2785 5810 2832 5863 le
2858 5804 3272 5885 ΡιιιιιΙιέἱδιιιςει.
3295 5804 3444 5885 Ιι,ηιι.
3473 5805 3526 5859 3.

1945 5880 2174 5938 Textum
2220 5895 2344 5937 vero
2389 5879 2700 5936 Tertulliani
2743 5879 3099 5936 cmendavere
3140 5877 3229 5932 alii
3279 5876 3526 5932 codicum
