4270 6498
755 413 771 445 ι

754 411 859 468 595
2180 404 2638 465 TERTULLIANI

3949 401 4053 459 596

2128 521 2686 578 COMMENTARIUS.

760 648 1065 707 exaratum,
1110 639 1287 711 lingua
1341 638 1630 708 Coptorum
1686 636 1989 711 «δίης-νηποοῇ
2039 635 2107 689 ab
2160 636 2365 711 integro
2393 638 2437 697 Α
2469 636 2569 711 a’ia
2614 636 2675 689 de
2724 633 3080 711 Apostolorum
3104 629 3371 711 digniiate,
3404 640 3466 686 de
3508 631 3791 711 animarum
3838 631 4052 700 origine.

761 712 1143 782 entiscriptum,
1176 707 1376 767 nullum
1405 707 1456 765 in
1489 711 1666 782 fronte
1697 707 1906 763 titulum
1930 707 2090 782 .lia‘c
2113 721 2240 762 vero
2296 707 2358 760 ad

758 784 957 836 ralm'ttt
981 780 1247 837 secundm
1277 784 1441 853 partis
1466 780 1808 853 exhibentem
1841 781 2019 853 verba
2047 790 2251 853 glomus
2277 794 2357 853 se:

755 856 951 908 candus
979 855 1142 923 ﬁdelis
1176 848 1403 919 Sep-him,
1442 853 1580 905 bunc
1610 867 1729 906 esse
1762 850 2022 906 Valentini
2058 849 2246 923 librum
2273 848 2356 923 cui

761 919 1024 980 interdum
1056 925 1244 979 alludit
1266 924 1628 979 Tcrtnllianus
1659 923 1757 976 sibi
1803 936 2111 987 nersaasnm
2147 919 2351 983 b-ibnit,

756 1012 875 1049 enim
915 996 966 1049 in
1015 1011 1079 1050 eu
1109 995 1295 1050 Codice
1340 995 1600 1049 contineri
1646 994 1768 1045 vidi:
1804 991 1919 1047 XIII
1964 990 2202 1047 l’snbnos
2236 1005 2352 1057 pm-

760 1068 1064 1122 nitentialcs
1093 1066 1330 1134 Sophim,
1359 1065 1477 1121 XIII
1506 1066 1755 1119 Canticos
1807 1063 1873 1118 ad
1910 1064 2116 1117 Iaudem
2150 1062 2345 1134 (Li-risti

2471 706 2734 761 Prn-trrca
2783 707 2918 758 lilno
2970 707 3032 756 de
3096 704 3292 775 Sapma
3358 720 3634 775 perperam
3689 704 4055 775 trilmrri-ntnr

2468 779 2654 846 psalmi
2701 778 2783 831 \‘el
2814 776 3039 837 cantici;
3072 773 3269 838 quanto
3296 776 3464 846 magis
3491 773 3687 846 Christi
3720 774 4052 846 μοιιιιυιῂἱιιαέ

2468 845 2638 904 tiones
2666 889 2680 903 .
2710 848 2903 918 quibus
2948 845 3530 918 aperturideclaratur
3576 845 3688 898 lace.
3719 845 3939 918 _tlesui_ni
3987 845 4055 918 ab

2464 914 2752 989 Evangelii)
2800 920 3115 989 sectlrztlnnr
3148 916 3804 989 {Egyptioswaptzcrypbo.
3850 914 3978 989 Nec!
4004 916 4052 968 III

2462 987 2762 1043 inlirniatnr
2790 1005 2852 1043 ex
2895 988 3049 1041 titulo
3081 988 3292 1055 Saphiw
3324 987 3521 1045 ﬁdelis.
3554 996 3690 1038 mnta:
3723 996 3924 1037 tantum
3968 987 4050 1038 in~

2459 1059 2599 1115 ferre
2628 1063 2749 1115 licet
2780 1077 2845 1114 eo
2870 1061 2918 1112 in
2948 1060 3083 1112 libro
3105 1057 4053 1126 agidareGnosium—(luireirvl‘e.

2449 1135 2645 1187 rendus
2672 1131 3013 1187 cstsimiliter
3050 1130 3183 1184 alter
3213 1132 3279 1182 ab
3310 1128 3498 1183 COtlt‘ltt
3528 1128 3720 1181 Wuitle
3752 1128 4055 1194 ilcstrlplus

2447 1206 2637 1262 Codex.
2691 1205 2739 1256 in
2773 1201 2957 1256 eadem
3002 1201 3288 1271 a-gyptiaca
3322 1201 3520 1267 lingua,
3553 1202 3601 1252 in
3631 1201 3863 1252 dialecto
3898 1199 4055 1252 Sabi-

2446 1274 2564 1328 dico
2592 1276 2857 1334 cxaratu's,
2920 1273 2987 1324 7(3
3041 1274 3176 1323 loliis
3226 1273 3275 1322 in
3328 1272 3494 1323 lorma
3560 1271 3696 1324 iit-4"
3742 1280 4054 1335 compactus

2447 1346 2497 1398 in
2526 1348 2657 1398 ulnas
2703 1345 2905 1398 divisus
2960 1352 3139 1413 partes
3168 1383 3181 1401 .
3229 1357 3450 1409 quarum
3499 1342 3641 1407 prior
3689 1340 4050 1413 inscribitur:

2444 1424 2652 1479 Γνώςεως
2704 1417 2857 1469 liber.
2886 1412 3258 1468 ——'Postt-riur
3290 1428 3416 1466 vero
3447 1429 3458 1463 :
3490 1413 3624 1466 liber
3677 1412 3847 1479 Magni
3899 1422 4054 1477 Λογιῠ

2444 1495 2569 1543 κατὰ
2599 1496 2890 1556 Moss-epla.
2923 1486 3052 1538 Itum
3086 1485 3152 1535 ab
3201 1479 3420 1537 Oriente
3472 1484 3522 1535 in
3573 1484 3818 1556 Angliam
3876 1486 4055 1556 attulit

2445 1560 2703 1612 (‘t-lclterr.
2740 1553 2908 1611 \iator
2937 1556 3168 1611 Brttaius.
3218 1571 3314 1607 Ilt'C
3343 1569 3526 1623 parum
3576 1554 3857 1607 thrtmum
3906 1553 4051 1605 (lesi-

2444 1629 2609 1683 deriis
2636 1629 2966 1682 satislactrrct
2993 1628 3313 1695 quicumque
3337 1625 3611 1677 vetustatis
3634 1625 3941 1692 exploratur
3960 1625 4053 1692 qui

2445 1698 2581 1754 hanc
2610 1702 2709 1754 sibi
2761 1700 2914 1752 daret
2972 1701 3298 1767 provinciam
3342 1696 3393 1748 in
3426 1695 3622 1767 dllll‘Clll
3674 1695 3830 1767 hunc
3857 1698 4052 1748 librum

2442 1771 2742 1825 emitti-nili.
2773 1769 2851 1823 tif.
2883 1765 3113 1833 Mallem,
3137 1767 3274 1821 Ilist.
3309 1768 3377 1820 du
3410 1765 3661 1833 (ἔκοψα,
3693 1778 3729 1820 t.
3788 1765 3854 1832 II,
3908 1768 4008 1819 1οϋ
4036 1808 4050 1831 ,

2448 1844 2569 1897 ιυ7.
2614 1842 2746 1897 Evn.

759 1138 1011 1208 Sapbiam
1033 1132 1365 1201 redimentis,
1387 1137 1640 1204 quasdam
1663 1134 2124 1208 conlalmlationes
2142 1132 2340 1208 Cliristi

753 1202 873 1264 cuin
903 1209 1177 1274 discipulis
1205 1218 1257 1262 cl
1286 1202 1597 1263 nlUIlt'I‘lllIIS
1627 1204 1970 1275 evangelicis.
2002 1204 2167 1275 Porro
2194 1202 2342 1275 iubis

757 1282 885 1349 ipsis
927 1272 1376 1344 adnatationilius,
1406 1277 1596 1331 Woitle
1644 1272 2021 1349 ansa‘inddcdit
2064 1272 2338 1328 dubitandi

757 1347 963 1406 falsone
1012 1366 1077 1403 an
1113 1351 1302 1404 merito
1333 1349 1446 1403 ber
1473 1349 1756 1404 Valentino
1784 1347 2176 1409 tribuerentur;
2217 1360 2338 1399 nam

762 1421 1056 1475 Verisimile
1098 1421 1316 1476 minime
1338 1431 1422 1475 est
1448 1419 1789 1475 Valentinum
1817 1433 1953 1490 opus
1986 1432 2143 1472 suum
2167 1417 2337 1469 inaxi-

756 1508 900 1546 mum
947 1493 997 1546 in
1044 1493 1225 1563 lingua
1256 1490 1983 1563 waypliacaconscripsisse
2018 1531 2031 1551 ,
2084 1503 2336 1563 nequan-

758 1578 817 1617 ca
869 1579 987 1632 qua:
1043 1561 1235 1617 Woitle
1286 1557 1427 1617 er'uit
1482 1562 1945 1630 acinterpretatns
1978 1571 2061 1632 est
2095 1557 2338 1612 redolent

756 1630 914 1702 hujus
941 1636 1119 1702 Operis
1149 1634 1470 1689 versionem.
1498 1631 1639 1686 Nibil
1668 1636 1809 1687 enim
1836 1632 1948 1686 sire
1966 1630 2333 1702 Valentinum.

751 1701 869 1759 sise
898 1701 1013 1774 ejus
1039 1707 1314 1774 sequelam
1350 1712 1533 1774 aperte
1565 1703 1826 1769 designat.
1854 1703 1957 1756 imo
1983 1701 2180 1774 \VOltIII
2217 1715 2339 1774 sen-

752 1773 937 1831 tentize
965 1773 1159 1829 obsunt
1189 1776 1431 1844 qna-dam
1461 1775 1744 1829 Valentino
1769 1789 1984 1841 prorsus
2028 1773 2222 1835 aliena,
2254 1773 2334 1824 vi-

750 1847 942 1902 ilclicet
972 1846 1208 1913 Barbelo,
1238 1845 1644 1901 Jaldabbaothar
1659 1844 1926 1899 duodecim
1954 1844 2256 1908 salvator-es,
2287 1852 2342 1898 et

752 1942 3875 1975 ________________________

753 1966 2137 1975 ___________#.

1510 2006 1543 2007 γέ

1183 2101 1560 2190 QUINTI
1622 2102 2118 2177 SEPTIMII
2175 2102 2803 2177 FLORENTIS
2864 2101 3611 2173 TERTULLIANI

1080 2276 1669 2419 LIBER
1756 2274 2385 2423 ADVEI?

2458 2271 2819 2419 SUS
2889 2273 2977 2413 J
3010 2266 3791 2415 ΠΒίΈΟΞ.

2140 2482 2615 2537 vacaturae»

742 2613 1138 2669 Ancuusuruu.
1169 2641 1239 2652 —
1261 2610 1615 2683 Disputatione
1656 2609 1828 2665 habita
1852 2609 1981 2664 inter
2005 2607 2337 2664 christianum
2369 2605 2414 2664 B
2511 2606 2701 2671 siouis,
2734 2617 2781 2661 et
2807 2608 3091 2663 extermiuii
3132 2609 3419 2664 Jerusalem
3446 2626 3476 2662 a
3507 2607 3723 2665 Daniele
3764 2612 4045 2682 praedictis.

814 2715 860 2758 et
915 2706 1224 2778 proselgtum
1270 2706 1504 2774 judantm
1553 2704 1641 2773 (de
1668 2720 1754 2770 se,
1799 2714 2043 2775 quantum
2083 2710 2337 2774 apparet,

813 2797 867 2851 in
911 2796 1057 2850 tertia
1099 2811 1314 2868 persona
1342 2811 1621 2851 sermonem
1676 2794 1903 2867 faciens)
1959 2792 2333 2855 Tertullianus,

813 2890 948 2959 quod
966 2906 1055 2962 per
1069 2898 1367 2943 concentum
1395 2888 1784 2956 obstrepentium
1806 2896 2143 2959 spectatorum
2174 2884 2339 2937 minus

814 2983 959 3054 plene
1020 2982 1181 3051 potuit
1238 2980 1546 3047 dilucidari,
1592 2981 1719 3050 siglo
1776 2989 2049 3044 retractat,
2110 2992 2338 3048 pugnam

809 3074 1048 3129 adversus
1071 3074 1283 3128 Judaeos
1299 3074 1619 3127 solidissimis
1646 3073 1923 3126 rationibus
1954 3090 1973 3125 :
2000 3082 2046 3125 et
2085 3087 2150 3125 ex
2179 3084 2339 3123 sacra:

814 3167 1095 3239 Scriptum
1112 3168 1455 3237 fundamentis
1480 3184 1498 3221 :
1525 3168 1677 3238 idque
1723 3183 1849 3236 pace
1891 3165 2129 3220 li'cclesia'
2171 3165 2339 3220 adhuc

814 3259 1030 3313 durante
1066 3270 1184 3313 ante
1224 3257 1405 3313 bellum
1451 3257 1829 3324 Britannicum,
1875 3273 1934 3311 ευ
1978 3267 2201 3326 tempore
2240 3272 2337 3325 quo

819 3350 989 3403 Mauri
1014 3365 1043 3402 a
1069 3348 1313 3403 Romanis
1366 3350 1739 3405 obsidebantur.

744 3440 981 3497 Primum
1010 3451 1179 3495 autem
1205 3441 1355 3494 etiam
1400 3442 1627 3511 gentibus
1674 3439 1890 3510 gratiam
1939 3437 2031 3492 Dei
2072 3438 2289 3493 vindicat
2320 3480 2334 3498 .

813 3550 960 3604 posse
987 3550 1071 3587 eas
1090 3533 1157 3586 ad
1189 3531 1281 3587 Dei
1308 3533 1465 3603 legem
1496 3532 1697 3585 admitti
1732 3530 2081 3601 comprobans.
2116 3530 2243 3601 Cap.
2285 3529 2334 3584 1.

2516 2699 2644 2770 Cap.
2698 2700 2833 2756 VIII.

2448 2790 2584 2858 Quin
2614 2793 2762 2844 etiam
2792 2792 3203 2862 pra'dictionibus
3259 2794 3412 2848 variis
3439 2836 3453 2853 .
3502 2793 3680 2863 quibus
3728 2811 3757 2845 a
3787 2797 4049 2864 pmphetis

2551 2888 2783 2938 nuntiata
2824 2896 2897 2939 cst
2921 2885 3106 2939 Christi
3140 2887 3395 2939 nativitus.
3429 2884 3557 2954 Cap.
3591 2885 3679 2940 IX.

2446 2973 2574 3029 Item
2601 2994 2663 3031 ea:
2689 2978 2753 3030 iis
2778 2994 2890 3046 qaa'
2918 2980 2980 3030 de
3006 2979 3239 3045 passione
3280 2978 3465 3032 Christi
3508 2980 3558 3031 in
3604 2994 3752 3032 cruce
3799 2979 4047 3050 pra'dicta

2513 3079 2649 3135 sunt,
2685 3081 2729 3123 et
2758 3070 2935 3139 ﬁguris
2961 3070 3205 3138 ejusdem.
3237 3070 3363 3139 Cap.
3397 3070 3465 3123 Χ.

2448 3161 2755 3216 (lui-suntex
2779 3162 2937 3216 cladis
2984 3162 3269 3218 Jerusalem
3325 3163 3681 3231 praedictione,
3743 3180 3841 3216 non
3890 3166 4045 3218 modo

2513 3271 2602 3321 per
2640 3252 2940 3315 Danielem.
2992 3255 3081 3308 sed
3130 3264 3176 3307 et
3221 3272 3308 3324 per
3362 3253 3673 3307 Ezechielem
3716 3256 4041 3325 prophetam.

2514 3343 2641 3414 Cap.
2677 3345 2767 3399 XI.

2444 3437 2659 3507 Insuper
2687 3448 2731 3492 et
2762 3439 3053 3510 repetitione
3095 3439 3427 3510 quorumdam
3457 3438 3743 3507 Scriptura:
3771 3455 3931 3494 sacra:
3956 3440 4032 3493 la-

2512 3549 2682 3586 ceram
2765 3534 2828 3586 de
2910 3536 3131 3605 gentium
3200 3534 3269 3587 ad
3344 3532 3602 3587 Christum
3692 3536 4039 3588 conversione.

743 3625 945 3697 Quippe
974 3641 1087 3679 cum
1119 3625 1201 3679 lea:
1231 3623 1577 3694 primordialis
1603 3623 1789 3677 matria:
1808 3623 2031 3675 omnium
2061 3630 2339 3691 prwrepta-
2364 3656 2408 3717 ρ
2514 3623 2640 3694 Cap.
2685 3623 2798 3679 XII.

811 3735 922 3771 rum
965 3716 1091 3771 Adae
1115 3726 1162 3770 et
1195 3715 1318 3770 Era:
1357 3717 1410 3769 in
1460 3716 1700 3784 paradiso
1750 3715 1871 3768 data
1920 3715 2021 3777 sit;
2070 3730 2130 3767 ac
2180 3714 2337 3785 legem

816 3809 1291 3879 Moysiscriptam,
1324 3808 1450 3878 legis
1480 3806 1727 3861 naturalis
1766 3806 1973 3878 justitia
2026 3806 2077 3862 in
2137 3806 2252 3859 Noe
2290 3815 2337 3858 et

812 3903 1102 3959 Abraham.
1126 3900 1246 3972 quin
1266 3909 1312 3954 et
1334 3898 1667 3954 sacerdotium
1688 3900 1740 3953 ia
1773 3896 2141 3953 Melchisedech
2169 3939 2182 3964 ,
2208 3913 2339 3968 pra!-

811 3996 1033 4051 cesserit.
1062 3994 1190 4065 Cap.
1223 3993 1285 4048 Il.

744 4084 808 4149 Et
831 4090 1003 4142 datam
1034 4088 1233 4160 quidem
1265 4087 1481 4142 Abrahw
1507 4086 1934 4141 circumcisionem
1965 4085 2222 4165 carnalem
2270 4087 2338 4140 ad

813 4192 1006 4247 tempus
1029 4222 1043 4247 ,
1094 4179 1182 4235 sed
1228 4180 1281 4233 in
1311 4180 1541 4249 signem,
1588 4178 1722 4233 unde
1764 4177 1931 4233 Israel
1971 4179 2022 4232 ia
2067 4179 2337 4233 novissimo

816 4285 1037 4346 teinpore
1064 4274 1410 4329 diuosceretur
1430 4314 1445 4339 ,
1474 4271 1677 4341 quando
1706 4271 1984 4326 secundum
2028 4287 2121 4325 sua
2161 4272 2338 4326 merita

809 4370 861 4421 in
889 4377 1115 4422 sanetam
1141 4368 1389 4422 civitatem
1416 4365 1616 4438 ingredi
1641 4363 1989 4436 prohiberetur
2020 4381 2038 4419 :
2065 4381 2197 4420 nunc
2226 4381 2337 4420 vero

810 4458 1090 4527 spiritalem
1113 4458 1540 4512 circumcisiouem
1567 4459 1617 4512 in
1643 4457 1854 4512 salutem
1884 4472 1992 4514 esse
2016 4458 2206 4527 populo
2221 4459 2335 4513 obe-

812 4552 990 4606 dienti.
1022 4550 1157 4620 Cap.
1190 4552 1274 4605 lll.

743 4642 954 4699 Sabbati
1010 4662 1208 4717 quoque
1274 4645 1664 4699 observationem
1735 4643 2061 4715 temporalem
2155 4643 2333 4714 fuisse,

813 4740 1022 4801 Sabbqti
1049 4741 1223 4794 wterui
1254 4742 1509 4811 ligarant:
1543 4749 1713 4813 utpote
1744 4739 1880 4809 quod
1930 4756 2088 4809 neque
2125 4756 2156 4792 a
2198 4755 2333 4809 pra:-

811 4830 958 4884 tlictis
990 4833 1292 4901 patriarchis
1317 4842 1432 4885 ante
1462 4832 1616 4903 legem
1646 4830 1814 4903 Moysi
1836 4873 1849 4895 ,
1872 4848 2030 4901 neque
2060 4841 2171 4901 post
2197 4848 2334 4896 eam—

810 4926 923 4978 dem
950 4926 1011 4979 ab
1040 4927 1271 4979 omnibus
1302 4937 1543 4995 perpetuo
1574 4926 1886 4980 observatam
1906 4966 1920 4989 .
1943 4924 2190 4995 exemplis
2216 4940 2336 4978 con-
2362 4911 2415 4971 Ῑ)

810 5029 903 5070 stet
928 5018 1052 5072 Iesu
1083 5017 1227 5073 Nave
1255 5030 1299 5072 et
1332 5018 1759 5073 Machabtcorum.
1792 5019 1918 5090 Cap.
1948 5018 2038 5074 IV.

746 5107 910 5174 Quid?
934 5110 1068 5179 quod
1095 5111 1247 5164 etiam
1270 5111 1381 5180 ipsa
1408 5110 1661 5179 sacrificia
1688 5120 1997 5163 terrenarum
2027 5110 2335 5164 oblationum

814 5201 937 5253 Abel
955 5211 1000 5253 et
1032 5201 1191 5269 Cain,
1224 5204 1278 5258 in
1308 5202 1528 5257 Leuitico
1554 5202 1837 5269 conscripta
1858 5243 1871 5264 ,
1900 5201 2203 5271 spiritalium
2246 5220 2329 5257 sa-

811 5293 1120 5361 criﬁciorum
1145 5297 1389 5365 prtedicta
1430 5296 1585 5365 fuisse
1608 5311 1669 5349 ea:
1719 5293 1976 5350 Malachia
2017 5304 2064 5348 et
2114 5294 2333 5350 Psalmis

812 5386 1132 5451 manifestum
1171 5390 1255 5443 sit.
1288 5386 1418 5457 Cap.
1449 5385 1514 5440 V.

742 5475 902 5547 Atque
928 5478 1055 5532 adeo
1074 5496 1136 5533 ex
1160 5480 1415 5549 pradictis
1441 5476 1705 5543 concludi,
1737 5478 1893 5548 legem
1922 5492 2101 5531 novam
2152 5495 2330 5550 super-

813 5577 1070 5626 venturam
1091 5586 1111 5633 ;
1134 5570 1188 5623 id
1213 5574 1384 5642 itaque
1410 5568 1757 5642 qawrendum,
1795 5585 1861 5621 an
1890 5580 2201 5642 exspectetur
2244 5589 2335 5631 no-

812 5674 887 5712 va:
912 5662 1035 5731 legis
1064 5661 1196 5715 lator
1218 5703 1230 5723 ,
1256 5678 1323 5716 an
1353 5678 1467 5716 vero
1492 5663 1598 5728 iam
1626 5660 1829 5714 venerit.
1856 5659 1983 5731 Cap.
2019 5661 2105 5717 VI.

755 5750 959 5806 Venisse
986 5763 1155 5807 autem
1178 5795 1191 5814 .
1223 5755 1443 5823 primum
1469 5769 1533 5806 ea:
1558 5753 1835 5824 praphetiis
1858 5756 2242 5810 commonstrari
2271 5756 2334 5811 de

823 5859 977 5915 regno
997 5847 1107 5914 ejus
1134 5862 1285 5916 super
1312 5854 1481 5917 gentes
1504 5885 1519 5911 ,
1552 5861 1704 5915 eoque
1728 5856 1933 5904 (eterna.
1967 5847 2093 5917 Cap.
2129 5848 2241 5905 VII.

744 5941 933 6003 Deinde
958 5954 1022 5995 ex
1040 5938 1346 6009 temporibus
1367 5936 1642 5991 nativitatis
1682 5938 1821 5990 ducis
1871 5938 2094 6007 Christi,
2145 5952 2332 6012 ειρηε-

2446 3712 2672 3785 Denique
2700 3717 3083 3787 prtescriptione
3106 3717 3327 3770 aliarum
3352 3716 3760 3783 Scripturarum,
3790 3732 3817 3770 e
3860 3716 4049 3786 quibus

2504 3809 2618 3878 jam
2645 3809 2834 3862 venisse
2863 3811 3188 3863 convincitur.
3223 3809 3351 3879 Cap.
3385 3807 3520 3863 XIII.

2445 3895 2709 3951 Postremo
2746 3916 2807 3953 ea:
2836 3899 3149 3953 abundantia
3198 3901 3383 3953 erroris
3430 3898 3732 3954 Judworum
3777 3902 4047 3967 convinci,

2512 4008 2577 4046 ea:
2599 3992 2819 4047 secundo
2840 3992 3025 4047 Christi
3049 3995 3267 4047 adventu
3311 3995 3363 4047 iu
3407 3993 3718 4049 sublimitate
3746 4009 3855 4065 post
3895 3997 4051 4067 prio-

2515 4101 2619 4140 rem
2643 4085 2789 4139 illunt
2817 4088 2868 4139 in
2904 4086 3212 4151 humilitate;
3235 4087 3371 4140 circa
3397 4102 3544 4157 quem
3572 4089 3651 4141 illi
3675 4089 3871 4159 decepti
3894 4102 4049 4157 sunt,

2508 4181 2628 4250 quia
2648 4182 2802 4234 nonin
2822 4180 3126 4235 sublimitate
3152 4181 3358 4244 venerit;
3396 4182 3514 4232 dum
3536 4181 3771 4251 ignorant
3796 4183 3846 4237 in
3873 4186 4056 4239 hami-

2515 4274 2656 4329 litate
2681 4275 2839 4347 fuisse
2864 4283 3152 4328 venturum.
3185 4273 3311 4343 Cap.
3350 4271 3486 4327 XIV.

2437 4364 2707 4432 Ceterum,
2741 4376 3076 4436 prwterquam
3100 4367 3235 4432 quod
3262 4365 3390 4420 libro
3433 4366 3581 4420 tertio
3601 4366 3841 4420 adversus
3888 4365 4054 4422 Mar-

2511 4463 2703 4517 cionem
2742 4462 2931 4518 iisdem,
2964 4477 3091 4530 pene
3125 4460 3284 4514 verbis
3318 4460 3495 4529 repetit
3543 4457 3888 4515 Tertullianus
3934 4477 4056 4516 non

2510 4554 2640 4608 nihil
2656 4554 2836 4626 fusius,
2853 4569 2966 4620 qua:
2991 4553 3071 4606 hic
3090 4552 3401 4606 contractius
3426 4560 3621 4616 tractet,
3653 4551 3788 4605 unde
3811 4553 4059 4623 ejusdem

2506 4657 2779 4717 utrumque
2806 4646 3025 4700 auctoris
3051 4660 3194 4699 nemo
3220 4643 3450 4697 dubitare
3493 4643 3688 4713 possit;
3718 4654 3764 4697 et
3802 4646 3941 4714 quod
3975 4645 4054 4702 Β.

2510 4741 2795 4811 Cyprianus
2838 4740 2980 4793 libris
3011 4739 3206 4793 duobus
3245 4736 3496 4807 prion'bus
3518 4735 3943 4792 Testimoniorum
3979 4742 4062 4793 ad

2516 4836 2792 4901 Quirinum
2815 4834 3055 4889 adversus
3082 4832 3323 4897 Iudaeos,
3355 4831 3488 4885 hanc
3528 4834 3597 4885 ita
3617 4832 3680 4885 sit
3707 4832 3937 4885 imitatus
3981 4835 4062 4888 li-

2511 4928 2696 4993 brum,
2730 4937 2781 4979 ut
2812 4926 2970 4979 multa
2998 4925 3334 4996 decerpserit;
3377 4923 3609 4979 similiter
3653 4921 3889 4977 Julianus
3926 4922 4063 4981 Po-

2510 5021 2694 5073 merius
2724 5018 2810 5073 lib.
2843 5017 2999 5073 tribas
3029 5026 3205 5071 contra
3235 5014 3450 5070 .Iadteos
3482 5031 3500 5069 :
3530 5032 3602 5070 cet
3616 5025 3663 5069 te
3704 5014 3963 5070 Eusebius
4000 5020 4065 5073 in

2510 5112 2758 5167 Chronico
2779 5110 3075 5164 sententiam
3120 5107 3425 5162 Tertulliani
3455 5108 3519 5162 de
3550 5109 3809 5161 nativitate
3837 5106 4061 5165 Christi

2508 5220 2571 5258 ea:
2597 5204 2691 5257 hcc
2718 5202 2845 5256 libro
2876 5200 3173 5255 nominatim
3201 5210 3453 5264 recenset,
3495 5210 3539 5252 et
3575 5197 3835 5252 Pomerias
3877 5198 3952 5259 iu
3984 5204 4066 5257 li-

2510 5300 2654 5353 brum
2682 5313 2830 5350 suum
2858 5295 3110 5366 primunt,
3160 5309 3220 5346 ac
3268 5290 3330 5345 Β.
3367 5290 3709 5362 Hieronymus
3734 5291 3920 5344 bonam
3982 5292 4068 5350 IX

2508 5393 2690 5461 capitis
2741 5399 2934 5460 partem
2976 5404 3068 5442 suo
3093 5387 3144 5441 ia
3196 5386 3459 5440 Danielem
3496 5385 3853 5439 commentario
3893 5395 4070 5444 trait.

2511 5486 2836 5553 scripserunt.
2871 5479 3083 5533 Disertis
3108 5480 3226 5531 item
3251 5477 3411 5532 verbis
3437 5478 3615 5547 scripti
3658 5478 3808 5536 huius
3852 5484 4067 5535 mcmi-

2510 5583 2687 5629 nerunt
2738 5570 3025 5626 Vincentius
3053 5569 3351 5633 Lirinensis,
3407 5567 3561 5622 abbas
3604 5566 3921 5623 Thritemius
3954 5613 3971 5635 ,
4016 5585 4070 5628 et

2513 5666 2829 5729 Politianus,
2861 5673 3129 5734 antequam
3157 5661 3314 5732 prada
3340 5661 3729 5714 committeretur
3766 5675 3795 5711 a
3826 5658 4071 5719 llhena-

2507 5776 2590 5814 no.
2628 5758 2730 5826 Qui
2756 5766 2800 5811 et
2820 5755 3090 5811 secundam
3110 5754 3480 5824 castigatiorem
3508 5751 3662 5805 edidit
3682 5767 3745 5805 ex
3766 5749 4071 5812 Corzienzi

2508 5852 2677 5906 codice
2696 5891 2711 5915 ,
2742 5848 2930 5904 additis
2960 5848 3152 5915 aliqua:
3182 5846 3431 5909 scholiis;
3463 5860 3631 5898 verum
3658 5844 3789 5914 quod
3822 5860 3954 5900 cum
4007 5853 4070 5906 in

2505 5943 2783 5998 britanuico
2811 5940 2978 5995 codice
3019 5938 3229 5993 Lelandi
3265 5954 3363 5989 non
3391 5935 3657 5990 haberetur
3691 5978 3703 5999 ,
3742 5952 3771 5987 a
3824 5935 4065 5999 (ieiunio
