4270 6498
731 394 837 452 603

2105 401 2568 458 TERTULLIANI

3914 415 4021 470 604

731 515 861 566 cisio
890 513 1032 567 omni
1075 513 1233 570 modo
1254 514 1487 570 adferret
1519 516 1624 586 (I),
1655 517 1814 571 etiam
1859 518 1971 587 ipse
2019 518 2226 588 Moyses
2275 519 2324 571 in
2357 522 2402 578 Λ
2435 537 2567 585 rum,
2613 537 2710 574 non
2762 523 2862 576 tale
2909 525 3058 592 quale
3077 526 3191 594 jam
3236 526 3352 579 dedi
3392 529 3616 594 patribus
3643 545 3813 583 eorum
3857 534 3906 583 in
3941 535 4020 582 ibi:

731 607 840 658 tilio
867 623 964 661 suo
987 622 1089 661 non
1119 609 1515 674 intermisisset,
1553 610 1840 678 quominus
1882 622 2064 665 octava
2094 611 2181 666 die
2208 612 2314 666 cir-

731 697 1059 753 cumcideret
1095 714 1242 763 eum,
1294 700 1506 769 quando
1549 710 1762 756 constet
1787 701 2045 756 selibram
2075 715 2315 757 coactam

730 790 796 842 ah
824 791 1015 858 angelo
1048 790 1096 843 id
1132 790 1325 844 fecisse
1356 793 1406 844 in
1457 792 1666 846 itinere.
1696 794 2111 849 Consideremus
2143 797 2317 866 itaque

731 882 869 948 quod
904 897 1006 936 nOu
1038 883 1271 950 potuerit
1303 885 1457 936 unius
1497 883 1714 938 infantis
1765 893 1944 939 c‘oacta
1978 888 2318 942 circumcisio

729 977 874 1030 oumi
906 977 1103 1046 populo
1134 978 1503 1046 prtcsrribcre,
1535 987 1590 1032 et
1617 980 1767 1048 quasi
1793 980 1960 1047 legem
1996 981 2153 1048 hujus
2178 998 2314 1052 pne-

731 1068 870 1136 cepti
905 1069 1158 1123 condere.
1190 1068 1318 1122 Nam
1347 1069 1634 1140 providens
1689 1073 1827 1126 Deus
1881 1075 2019 1142 quod
2051 1075 2186 1130 hanc
2207 1077 2316 1130 cir-

730 1164 1108 1216 cumcisionem
1138 1163 1186 1215 in
1211 1163 1438 1232 signum,
1477 1180 1579 1217 non
1610 1165 1658 1218 in
1691 1166 1914 1219 salutem
1939 1169 2322 1225 essetdalurus

731 1257 928 1326 populo
957 1257 1138 1318 Israel,
1192 1258 1390 1312 idcirco
1421 1257 1582 1311 lilium
1616 1259 1777 1330 Moysi
1801 1259 1950 1314 ducis
1973 1260 2131 1316 futuri
2165 1263 2317 1316 insti-

729 1361 817 1420 gat
839 1351 1166 1414 circumcidi,
1197 1362 1249 1404 ut
1273 1367 1394 1405 cum
1421 1356 1670 1422 rmpisset
1700 1368 1791 1422 per
1818 1369 1938 1408 eum
1969 1356 2164 1423 populo
2192 1356 2320 1413 dare

733 1455 1054 1514 prmccptum
1083 1445 1522 1511 circumcisionis,
1545 1462 1649 1500 non
1673 1458 2050 1514 aspernaretur
2075 1451 2317 1520 populus,

731 1537 917 1591 videns
943 1539 1247 1604 exemplum
1277 1540 1414 1593 istud
1449 1541 1499 1593 in
1531 1540 1680 1594 ducis
1714 1541 1820 1595 lilio
1845 1543 1922 1611 (9.)
1945 1543 2052 1612 jam
2085 1546 2320 1600 celebra-

732 1639 860 1684 tum.
891 1632 1006 1684 Dari
1039 1633 1178 1685 enim
1207 1633 1430 1685 habebat
1457 1633 1810 1695 circumcisio.
1841 1635 1932 1690 sed
1969 1636 2019 1689 in
2059 1638 2264 1707 signum
2298 1656 2314 1694 :

730 1723 870 1778 unde
905 1724 1064 1778 Israel
1114 1725 1162 1778 in
1203 1726 1491 1780 novissimo
1519 1736 1756 1796 tempore
1796 1729 2031 1798 dignosei
2079 1729 2319 1793 haberet,

727 1816 938 1886 quando
967 1817 1260 1871 secundum
1307 1833 1399 1872 sua
1446 1820 1630 1873 merita
1675 1820 1725 1873 in
1767 1829 2004 1874 sanctam
2051 1822 2318 1878 civitatein

2422 629 2520 684 quo
2545 631 2626 668 eos
2657 617 2812 670 eduxi
2857 618 2922 670 de
2945 628 3079 672 terra
3122 617 3361 691 .Eggpti.
3406 621 3560 678 Unde
3590 624 3934 695 intelligimus
3965 641 4018 680 ct

2425 707 2654 774 priorem
2705 707 3164 764 circumcisionem
3197 722 3321 766 tunc
3369 713 3547 768 datam
3577 725 3928 782 cessaturum,
3957 731 4011 771 et

2424 815 2612 852 novam
2637 801 2830 868 legem,
2855 817 2960 855 non
2983 803 3139 856 talem
3169 805 3379 873 qualem
3403 806 3511 873 jam
3533 807 3754 861 dederat
3778 810 4012 876 patribus

2425 907 2814 961 processuram,
2843 895 3167 959 annuntiari,
3198 896 3539 950 sientEsaias
3577 899 3878 966 pranlii-avit
3929 902 4010 954 di-

2423 999 2570 1049 cens,
2599 984 2738 1054 quod
2778 986 2830 1038 in
2861 988 3142 1040 novissimis
3171 987 3344 1040 diebus
3373 989 3668 1055 manifestus
3697 994 3898 1060 futurus
3938 1009 4014 1044 es-

2387 1095 2393 1101 ·
2423 1086 2494 1128 set
2520 1092 2661 1129 mons
2688 1075 2915 1142 Domini,
2940 1086 2985 1131 et
3009 1081 3188 1132 domus
3217 1077 3312 1131 Dei
3333 1097 3484 1148 super
3504 1082 3710 1136 vertices
3732 1086 4014 1137 montium:

2423 1180 2468 1222 et
2490 1170 2810 1235 exaltabitur,
2842 1172 3028 1240 inqttit,
3059 1188 3214 1239 super
3241 1173 3413 1237 colles,
3455 1175 3650 1227 venient
3681 1192 3834 1244 super
3864 1178 4012 1228 illum

2425 1280 2593 1318 omnes
2613 1274 2800 1334 gentes,
2832 1275 2878 1317 et
2907 1266 3236 1319 ambulabunt
3263 1266 3408 1320 multi
3429 1307 3444 1330 ,
3475 1276 3522 1320 et
3566 1267 3733 1321 dicent
3765 1286 3782 1322 :
3815 1268 4011 1330 Venite.

2424 1359 2756 1411 ascendamus
2792 1359 2842 1410 in
2871 1370 3089 1412 montem
3128 1357 3356 1425 Domini,
3389 1369 3437 1414 et
3476 1361 3528 1414 in
3559 1362 3765 1415 domum
3797 1361 3890 1414 Dei
3919 1363 4018 1414 Ja-

2424 1451 2513 1503 cob
2562 1449 2580 1522 (
2611 1448 2681 1503 Is.
2721 1450 2778 1512 II,
2803 1451 2855 1513 Ξ,
2885 1450 2944 1519 3)
2975 1469 2985 1500 :
3024 1467 3128 1504 non
3169 1452 3220 1505 in
3252 1451 3390 1505 Esau
3425 1453 3615 1521 prioris
3664 1454 3753 1506 lilii
3789 1452 3888 1525 (6),
3919 1456 4015 1508 scd

2427 1545 2476 1597 in
2503 1543 2668 1597 Iacob
2708 1545 3001 1613 sequentis,
3046 1543 3094 1597 id
3126 1553 3209 1599 est
3238 1544 3415 1614 populi
3447 1546 3613 1599 nostri
3640 1588 3651 1609 ,
3681 1547 3830 1612 cujus
3861 1562 4019 1599 mons

2425 1638 2668 1694 Christus
2703 1649 2784 1692 est
2825 1639 2940 1694 sine
2987 1639 3232 1693 manilms
3278 1638 3670 1694 concidentium
3716 1641 3968 1709 prmcisiis
4002 1684 4017 1702 ,

2425 1731 2649 1801 implens
2691 1745 2901 1784 omnem
2957 1741 3187 1792 terram,
3241 1731 3380 1799 apud
3431 1731 3699 1786 Dauielem
3769 1742 4024 1785 ostensus

2427 1823 2609 1895 (Dan.
2671 1824 2736 1886 Il,
2793 1825 2882 1888 SI,
2941 1825 3009 1880 37
3046 1825 3083 1894 ).
3138 1825 3397 1894 Denique,
3440 1841 3505 1879 ex
3558 1825 3656 1878 hac
3706 1824 3866 1878 domo
3925 1827 4022 1879 Dei

729 1908 933 1978 ingredi
969 1909 1361 1978 prohiberetur,
1408 1926 1502 1980 pcr
1531 1912 1689 1966 verba
1731 1912 2110 1980 prophetarum
2141 1914 2318 1968 diren-
2353 1925 2397 1983 1;
2427 1916 2610 1982 Iacob,
2640 1917 2798 1970 etiam
2841 1916 3012 1984 legem
3045 1932 3234 1970 novam
3265 1933 3636 1987 processuram
3671 1921 4025 1988 sequentibus

728 2001 856 2054 tium
889 2018 902 2052 :
937 2000 1094 2054 Terra
1116 2012 1274 2055 vestra
1293 2003 1511 2068 deserta,
1538 2004 1763 2058 civitates
1785 2017 1962 2059 vestra?
1979 2007 2084 2076 igni
2105 2017 2314 2073 exttstte,

725 2094 979 2164 regionem
996 2103 1210 2146 vestram
1237 2098 1286 2148 in
1308 2105 1574 2164 conspectu
1598 2106 1761 2150 vestro
1787 2098 1941 2150 alieni
1967 2099 2248 2165 comedent,
2273 2110 2318 2152 et

727 2189 921 2238 deserta
951 2195 996 2237 et
1033 2187 1266 2240 subversa
1308 2205 1338 2239 a
1379 2189 1582 2256 populis
1630 2190 1897 2253 extraneis,
1943 2190 2320 2260 derelinquetur

726 2278 836 2345 ﬁlia
865 2278 992 2332 Sion
1036 2280 1164 2333 sicut
1194 2296 1310 2334 casa
1349 2281 1399 2333 in
1431 2281 1594 2344 vinea,
1635 2290 1682 2333 et
1708 2281 1834 2334 sicut
1876 2285 2240 2336 custodiariutn
2268 2284 2319 2336 in

726 2371 1090 2436 cucumerario,
1139 2379 1184 2424 et
1252 2373 1398 2439 quasi
1437 2371 1613 2424 civitas
1661 2389 1773 2442 qua:
1829 2384 2149 2444 expugnatur
2191 2373 2314 2445 (Is.

730 2466 768 2530 Ι,
798 2466 851 2533 7,
876 2466 954 2538 8).
980 2466 1047 2520 Et
1088 2466 1206 2520 ideo
1239 2466 1570 2536 subsequens
1605 2481 1783 2522 sermo
1823 2469 2095 2537 propheta:
2125 2484 2322 2537 expro-

729 2556 847 2612 brat
869 2559 947 2612 cis
969 2559 1152 2612 dicens
1179 2576 1190 2610 :
1223 2557 1387 2612 Filios
1411 2560 1644 2630 generavi
1667 2569 1711 2613 et
1741 2559 1961 2614 exaltavi
1987 2603 1998 2623 ,
2030 2561 2128 2630 ipsi
2153 2569 2321 2613 autem

728 2661 1021 2720 spreverunt
1053 2667 1130 2704 me
1157 2649 1322 2722 (Ibid,
1351 2651 1408 2722 ‘2.)
1440 2651 1540 2722 (5).
1576 2651 1640 2704 Et
1674 2653 1863 2706 iterum
1894 2669 1905 2704 :
1939 2651 2002 2704 Et
2024 2653 2067 2706 si
2093 2653 2324 2706 extende-

729 2743 839 2795 ritis
869 2760 1071 2808 manus,
1097 2754 1318 2797 avertam
1344 2745 1528 2815 [aciem
1555 2760 1715 2797 nteant
1745 2760 1774 2796 a
1800 2743 1935 2797 vobis
1965 2759 1982 2796 :
2009 2753 2055 2796 et
2085 2744 2128 2796 si
2154 2744 2324 2796 multi-

730 2835 1034 2904 plicuveritis
1061 2852 1252 2904 preces,
1285 2853 1385 2889 non
1403 2836 1672 2889 exaudiam
1695 2853 1780 2890 vos
1810 2853 1827 2888 :
1859 2854 2038 2890 manus
2059 2837 2190 2890 enim
2219 2855 2323 2890 ves-

729 2942 820 2982 tra:
873 2931 1118 2997 sanguine
1157 2930 1318 2999 plena:
1343 2941 1458 2982 sunt
1502 2928 1664 3000 (Ibid.
1711 2927 1823 2999 13).
1860 2929 1925 2983 Et
1949 2933 2176 2983 iterum:
2214 2928 2322 2995 Vw,

730 3039 851 3092 gens
874 3022 1146 3089 peccatrix,
1166 3021 1382 3089 papulas
1399 3021 1575 3090 plenus
1594 3021 1828 3090 peccatis,
1849 3021 1944 3089 filii
1967 3021 2216 3086 scelerati,
2237 3021 2324 3073 de-

731 3115 1002 3182 rcliquistis
1029 3113 1209 3179 Deum,
1243 3125 1287 3168 et
1321 3115 1370 3168 in
1393 3114 1791 3184 indignationem
1816 3114 2017 3167 misistis
2049 3113 2128 3182 (4)
2162 3113 2324 3167 Sauc-

731 3217 836 3259 tum
900 3206 1065 3260 Israel
1115 3205 1275 3278 (Ibid.
1309 3206 1336 3260 I
1373 3205 1412 3277 ).
1480 3205 1603 3260 Ila:c
1655 3207 1813 3275 igitur
1869 3206 1960 3260 Dei
2041 3206 2324 3275 providen-

2423 2009 2596 2064 verbis
2617 2010 2894 2062 annuntiat
2918 2009 3102 2062 Esaias
3129 2009 3312 2064 dicens
3341 2009 3446 2063 :De
3461 2010 3587 2064 Sion
3611 2012 3751 2064 enim
3781 2013 3908 2064 exiet
3935 2012 4015 2082 (7)

2423 2103 2525 2164 lex,
2556 2111 2601 2154 et
2620 2101 2821 2154 verbum
2854 2099 3056 2154 Domini
3084 2118 3142 2154 ea:
3185 2100 3521 2164 Hierusalem,
3547 2111 3592 2154 et
3619 2103 3872 2171 judicabit
3894 2106 4031 2156 inter

2424 2205 2593 2264 gentes
2644 2194 2661 2263 (
2689 2191 2763 2246 Is.
2790 2191 2853 2256 II,
2886 2195 2940 2256 ὅ,
2970 2194 3050 2260 4),
3083 2193 3132 2246 id
3165 2203 3245 2247 est
3279 2194 3416 2249 inter
3445 2211 3538 2249 eos
3568 2196 3656 2266 qui
3684 2211 3749 2248 ex
3776 2197 4032 2265 gentibus

2425 2299 2609 2339 Sumus
2659 2285 2868 2338 vocali:
2921 2295 2966 2337 et
3018 2286 3302 2349 concident,
3347 2287 3537 2355 inquit,
3571 2287 3768 2357 gladios
3814 2304 3930 2340 suos
3973 2292 4031 2339 in

2424 2384 2617 2438 aratra,
2668 2387 2714 2430 et
2731 2377 2935 2430 lanceas
2961 2394 3077 2430 suas
3101 2379 3153 2430 in
3176 2379 3354 2447 falces,
3378 2387 3422 2431 et
3453 2395 3553 2431 non
3585 2381 3796 2450 accipiet
3823 2393 4030 2449 gentem

2425 2485 2578 2537 super
2616 2480 2812 2539 gentem
2842 2468 3088 2538 gladium,
3116 2479 3159 2521 et
3177 2471 3290 2540 jam
3323 2486 3422 2523 non
3452 2471 3643 2523 discent
3677 2470 3752 2541 (8)
3788 2472 4030 2539 prteliari

2427 2559 2639 2633 (Ibid.).
2667 2560 2830 2632 Igitur
2855 2561 3218 2630 intelliguntur
3242 2563 3329 2615 alii
3377 2579 3534 2630 quam
3570 2578 3666 2617 nos
3695 2605 3707 2627 ,
3735 2563 3846 2630 qui,
3879 2579 4032 2616 nova

2427 2653 2542 2722 lege
2565 2652 2759 2717 cdocti,
2796 2655 2894 2706 ista
2922 2652 3271 2706 observamus
3299 2693 3313 2716 ,
3356 2653 3638 2707 obliterata
3673 2654 3837 2707 veteri
3882 2654 4031 2725 lege,

2426 2745 2579 2812 Cujus
2601 2745 2944 2798 abolitionem
2977 2743 3208 2797 futuram
3238 2754 3388 2798 actus
3418 2745 3532 2813 ipse
3557 2745 3889 2798 demonstrat
3920 2745 4038 2812 (9)?

2428 2837 2559 2890 Nam
2591 2848 2741 2889 vetus
2767 2836 2849 2888 lex
2883 2836 3081 2888 ultione
3102 2837 3258 2905 gladii
3289 2851 3346 2889 se
3375 2835 3697 2895 vindicabat,
3728 2848 3779 2888 et
3804 2837 4034 2889 oculum

2428 2945 2524 2999 pro
2551 2929 2706 2982 oculo
2733 2929 2949 2981 eruebat
2983 2927 3177 2999 (li-rod.
3205 2927 3347 2989 XXI,
3378 2926 3478 2991 2i;
3516 2927 3676 2981 Levii.
3703 2927 3894 2988 XXIV,
3924 2927 4000 2981 ΞΟ
4026 2948 4038 2988 ;

2430 3021 2585 3077 Deut.
2627 3020 2766 3087 XIX,
2815 3021 2930 3086 2|),
2963 3033 3016 3074 et
3069 3021 3353 3074 vindictam
3405 3020 3610 3090 injuria:
3657 3020 4038 3075 retribui-bat:

2431 3131 2563 3170 nova
2591 3131 2765 3170 autem
2796 3115 2878 3170 lex
2910 3115 3024 3185 (IO)
3059 3115 3398 3169 clementiam
3433 3113 3765 3184 designabat,
3797 3124 3850 3168 et
3906 3115 4042 3168 beili

2431 3209 2648 3278 pristina
2701 3209 2753 3262 in
2809 3209 3032 3261 tumulos
3084 3208 3212 3276 legis
3258 3216 3312 3262 et
3357 3208 3529 3262 hostis
3600 3210 3677 3275 (a)
3722 3209 4043 3260 exsecutio-

732 3300 800 3353 tia
873 3298 970 3354 fuit
1015 3299 1170 3354 dandi
1243 3299 1702 3354 circumcisionem
1784 3299 1944 3352 Israel
1986 3300 2036 3352 in
2113 3298 2321 3368 tignum
2351 3314 2394 3375 ρ
2430 3315 2549 3354 nem
2595 3299 2733 3369 (II),
2761 3300 2810 3352 in
2836 3299 3083 3368 paciﬁcos
3111 3308 3259 3352 actus
3288 3297 3403 3367 (19.)
3435 3297 3650 3351 arandzc
3697 3307 3750 3350 et
3779 3298 4046 3351 colendae

731 3391 872 3447 unde
940 3392 1179 3463 dignosci
1258 3401 1470 3462 posset,
1555 3407 1675 3446 cum
1758 3393 2035 3447 adveniret
2118 3401 2327 3462 tempus

732 3501 838 3555 quo
883 3485 1086 3541 meritis
1133 3486 1242 3539 suis
1291 3501 1448 3555 supra
1477 3485 1631 3540 dictis
1663 3487 1712 3540 in
1757 3486 2088 3542 Hierusalem
2118 3486 2325 3540 admitti

735 3579 1107 3650 prohiberetur
1136 3597 1148 3632 :
1187 3580 1327 3648 quod
1357 3589 1410 3634 ct
1439 3581 1561 3651 quia
1601 3582 1832 3636 futurum
1880 3591 2014 3648 erat,
2043 3582 2323 3636 nuntiaba-

737 3683 842 3739 tur,
874 3681 928 3727 ct
975 3673 1094 3742 quia
1137 3671 1334 3727 factum
1377 3673 1636 3737 videmus,
1686 3675 2135 3743 rectignoscimus.
2179 3675 2328 3728 Sicut

735 3780 863 3833 ergo
885 3763 1223 3819 circumcisio
1261 3765 1529 3829 carnalis,
1567 3780 1685 3834 qua:
1724 3766 2030 3834 temporalis
2061 3775 2194 3827 erat,
2229 3767 2323 3820 tri-

735 3856 862 3910 buta
903 3867 984 3910 est
1035 3857 1086 3909 in
1138 3861 1345 3926 signum
1376 3857 1571 3928 populo
1609 3859 1929 3922 contumaci,
1961 3858 2030 3912 ita
2071 3858 2324 3927 spiritalis

735 3949 865 4002 data-
887 3960 968 4003 cst
997 3949 1046 4001 iu
1091 3949 1316 4003 salutem
1365 3949 1560 4018 pOpulo
1598 3949 1926 4012 obaudienti,
1960 3949 2170 4004 dicente
2201 3965 2323 4019 pro.

737 4042 891 4110 pheta
923 4040 1184 4095 Iliorcmia
1221 4059 1230 4093 :
1266 4040 1510 4095 Inuovate
1551 4042 1686 4095 vobis
1737 4042 2006 4095 novitatem
2030 4042 2134 4113 (5),
2158 4051 2205 4095 et
2229 4058 2324 4094 nos

737 4135 823 4186 lite
851 4134 1096 4186 seminare
1121 4134 1172 4186 in
1198 4134 1379 4199 spinis.
1410 4133 1841 4186 Circumcidimini
1862 4132 1971 4186 Deo
1991 4175 2004 4198 ,
2036 4144 2082 4186 et
2108 4133 2325 4186 circum-

736 4226 888 4280 cidite
918 4227 1225 4295 pra’putium
1247 4225 1414 4283 cordis
1436 4226 1583 4278 vestri
1615 4223 1785 4293 (Hier.
1819 4225 1907 4291 IV,
1933 4227 1985 4291 5,
2015 4225 2093 4297 4).
2125 4226 2187 4280 Et
2223 4226 2328 4281 alio

737 4319 854 4374 loco
877 4318 1004 4373 dicit
1029 4337 1040 4372 :
1070 4317 1200 4372 Ecce
1239 4319 1371 4374 enim
1398 4319 1505 4372 dies
1535 4319 1759 4383 veniunt,
1804 4318 1927 4372 dicit
1969 4319 2237 4387 Dominus,
2281 4332 2327 4374 et

737 4414 1002 4484 disponam
1032 4415 1205 4468 domui
1225 4413 1255 4466 .l
1265 4414 1365 4466 uda
1395 4422 1440 4466 et
1463 4413 1636 4466 domui
1657 4413 1820 4466 Jacob
1850 4423 2202 4467 testamentum
2228 4431 2324 4468 no-

2434 3408 2590 3450 terrtc
2631 3394 2975 3448 relormabat.
3028 3393 3212 3463 Igitur,
3265 3394 3402 3447 sicut
3453 3407 3613 3463 supra
3667 3391 4044 3454 ostendimus,

2429 3486 2569 3557 quod
2597 3497 2746 3540 vetus
2772 3485 2858 3539 lex
2885 3495 2936 3539 et
2968 3485 3304 3540 circumcisio
3335 3484 3564 3539 carnalis
3591 3494 3867 3538 cessatura
3901 3501 4008 3554 pro
4029 3516 4048 3528 -

2431 3581 2666 3636 nuntiata
2694 3587 2794 3642 est,
2827 3577 2897 3632 ita
2925 3589 2978 3633 et
3007 3594 3159 3632 nova:
3188 3580 3320 3648 legis
3347 3588 3400 3632 et
3447 3579 3704 3648 spiritalis
3747 3579 4053 3632 circumci-

2430 3673 2599 3728 sionis
2627 3672 2989 3736 observantia,
3023 3673 3071 3724 in
3107 3672 3253 3740 pacis
3283 3671 3535 3738 obsequia
3580 3671 3766 3723 eluxit.
3795 3667 4054 3738 Populus

2430 3767 2595 3828 enitn',
2645 3764 2834 3833 inquit,
2893 3779 3036 3834 quem
3087 3779 3187 3816 non
3238 3777 3497 3827 noveram,
3550 3762 3754 3814 servit-it
3801 3763 3952 3825 mihi,
3989 3768 4054 3815 in

2428 3856 2671 3910 obauditu
2736 3856 2875 3909 auris
2913 3855 3168 3908 obaudivit
3209 3870 3288 3907 me
3331 3852 3469 3921 (Ps.
3521 3853 3684 3914 XVII,
3736 3853 3850 3923 29),
3885 3854 4044 3908 I‘ro-

2431 3951 2605 4020 pheta:
2655 3949 3121 4003 adnuntiavcrunt.
3175 3946 3304 4015 Quis
3351 3957 3529 4001 autem
3579 3955 3633 4001 el.
3681 3946 3909 4016 populus
3943 3951 4057 4015 qui

2436 4043 2600 4097 Deum
2630 4041 2928 4111 ignorabat,
2962 4040 3059 4094 nisi
3091 4051 3292 4102 noster,
3322 4039 3410 4108 qui
3445 4050 3589 4094 retro
3621 4039 3783 4092 Deum
3815 4040 4023 4094 nescic
4049 4072 4062 4080 -

2436 4135 2660 4188 humus?
2687 4145 2741 4187 et
2768 4134 2887 4203 quis
2916 4134 2965 4185 in
2995 4131 3178 4185 auditu
3204 4136 3348 4184 auris
3391 4131 3580 4195 audiit,
3612 4132 3711 4184 nisi
3764 4145 3882 4193 uos,
3914 4135 4057 4199 qui,

2435 4227 2830 4292 relictisidolis,
2864 4227 2927 4281 ad
2957 4226 3120 4280 Deum
3154 4226 3400 4280 conversi
3440 4227 3663 4278 sumus?
3691 4224 3816 4277 Nam
3867 4224 4063 4280 Israel

2432 4323 2521 4391 qui
2579 4320 2686 4374 Deo
2737 4319 2907 4373 fuerat
2954 4319 3220 4387 cognitus,
3280 4318 3480 4386 quique
3508 4314 3576 4370 ab
3605 4330 3670 4370 eo
3714 4317 3764 4369 in
3790 4314 4063 4387 Egyptn

2430 4414 2691 4469 cxaltatus
2714 4411 2988 4480 iuerat,(b)
3010 4420 3064 4464 et
3092 4426 3184 4478 per
3213 4408 3550 4478 Erythrazum
3581 4407 3821 4478 pelagum
3849 4420 4025 4465 trans
4044 4440 4060 4448 -

1967 4504 2349 4564 LECTIONES
2387 4504 2802 4563 VARIANTES.

798 4599 871 4718 (l)
899 4597 1068 4647 Adfert
1094 4606 1224 4648 Pam.
1254 4598 1403 4648 Rlien.

807 4664 869 4728 _'2)
894 4661 1078 4728 Iudicis
1100 4654 1246 4709 lilium
1272 4661 1422 4711 Rjtcn.
1451 4660 1611 4728 Obert.

821 4720 870 4785 3)
895 4724 1298 4784 Reprobaverunt
1325 4736 1402 4772 me
1427 4723 1534 4771 rod.
1563 4720 1709 4772 Fuld.

823 4783 870 4850 ι)
897 4783 1372 4850 ᾼᾱίιιόιειιτιιιιιιιρηι
1401 4788 1694 4850 provocastis
1714 4783 1805 4835 cod
1845 4783 1988 4836 Fuld.

819 4847 872 4910 5)
895 4847 1168 4910 Novitatem
1193 4849 1324 4896 abest
1348 4861 1378 4895 a
1401 4849 1509 4898 rod.
1536 4847 1684 4898 Fuld.

798 4909 872 4973 (6)
899 4910 1067 4973 Populi
1096 4909 1257 4961 Obert.
1282 4910 1431 4960 Seml.

799 4972 872 5038 (7)
899 4972 1004 5023 Erit
1037 4974 1189 5023 Fran.

2499 4599 2571 4657 (8)
2595 4599 2836 4649 Dicentur
2860 4597 3020 4648 Obert.
3049 4593 3199 4646 Seml.

2497 4655 2569 4726 (9)
2586 4671 2618 4726 _I
2629 4661 3147 4726 unctinninterrogans
3170 4657 3301 4726 abest
3317 4672 3346 4708 a
3369 4655 3519 4709 Seml.
3546 4663 3593 4708 et
3616 4657 3777 4708 Obert.

2355 4747 2408 4806 D
2498 4719 2601 4806 ll?)
2624 4719 3090 4806 E":.‘E‘.’€‘£££’¥Z¥
3113 4730 3160 4806 ξε
3179 4719 3339 4806 ρι’,ςεετ

2497 4785 2539 4846 (I
2555 4785 2600 4850 1)
2624 4785 2748 4851 B_t-lli
2764 4795 2816 4836 et
2833 4785 3166 4851 pristinam,et
3184 4784 3403 4847 tumulos,
3426 4791 3477 4833 et
3498 4784 3686 4833 hostem
3707 4785 4071 4837 exsecutione

2433 4851 2540 4897 cod.
2572 4846 2719 4897 Fuld.
2833 4846 2847 4851 ’
3391 4846 3395 4847 ⁷

2497 4912 2600 4973 (12)
2630 4912 2682 4960 ιιι
2712 4910 2921 4973 paciﬁcis
2942 4917 3080 4960 actus
3100 4907 3210 4960 cod.
3232 4905 3426 4958 Divion.

2099 5056 2650 5115 COMMENTARIUS.

737 5150 1277 5213 retcircumcisio,alii
1294 5151 1635 5205 nihilominus
1651 5161 1843 5219 prmsto
1856 5162 2008 5207 erant
2026 5153 2157 5206 ritus
2171 5167 2324 5221 teque

736 5226 1003 5288 efﬁcaces,
1021 5239 1129 5293 v.g.
1150 5223 1278 5276 ﬁdes
1296 5234 1593 5290 parentum,
1609 5221 1887 5286 sacrificia;
1902 5223 2132 5292 alioquin
2149 5234 2326 5277 actum

736 5306 879 5350 esset
907 5296 973 5348 de
1008 5296 1179 5349 salute
1201 5293 1542 5348 laminarum
1565 5295 1823 5357 omnium,
1853 5309 1913 5348 ac
1935 5297 2094 5347 etiam
2121 5309 2328 5348 mascu-

738 5367 908 5421 lorum
939 5365 1025 5432 qui
1077 5366 1141 5418 ad
1172 5365 1311 5418 diem
1341 5372 1583 5418 octavum
1618 5379 1720 5416 non
1749 5366 2132 5431 pervenissent.
2189 5364 2322 5419 Eoo.

811 5437 888 5500 (a)
919 5435 982 5489 Et
1011 5437 1164 5489 hostis
1218 5436 1604 5489 exsecutionem.
1638 5454 1654 5481 (ι
1692 5435 2127 5497 Exsecutioacm,
2154 5438 2323 5492 innuit

739 5508 1049 5571 Rhenanus,
1097 5523 1194 5576 pro
1234 5507 1697 5577 persecutionem;
1741 5506 1922 5577 crsicnt
1960 5506 2047 5559 lib.
2103 5507 2330 5560 Iadver-

738 5597 822 5633 sus
854 5578 1165 5632 Marcionem
1192 5598 1204 5632 :
1239 5576 1259 5629 ι
1295 5577 1429 5650 Quid
1462 5577 1692 5644 denique
1717 5576 2208 5650 adulantiusﬂquam
2230 5578 2326 5632 de-

741 5655 857 5704 licta
890 5666 992 5702 non
1022 5651 1282 5719 exsequi?
1323 5669 1338 5697 ι
1379 5648 1426 5701 id
1457 5658 1538 5701 est
1566 5662 1666 5719 non
1713 5650 1976 5716 persequi.
2014 5648 2076 5703 Et
2108 5648 2330 5712 ibidem,

741 5723 899 5790 paulo
929 5733 1070 5783 ante,
1110 5742 1126 5770 ι
1167 5717 1520 5790 exsecutione
1563 5717 1715 5772 mali:
1741 5738 1758 5767 ι
1787 5733 1850 5772 ac
1874 5730 2122 5788 postea,i
2169 5735 2326 5774 exsc-

740 5789 926 5846 eutore
954 5791 1166 5854 delicti,
1200 5811 1216 5841 ι
1253 5791 1304 5844 id
1331 5800 1411 5843 est
1434 5789 1629 5857 judice.
1667 5790 1802 5842 ΡΑιι.

813 5864 895 5931 lli)
926 5862 988 5916 It't
1012 5880 1100 5933 per
1125 5863 1448 5933 lirytltrwnm
1473 5864 1726 5933 pelagum,
1751 5871 1852 5914 etc.
1883 5861 2158 5933 llisputant
2178 5861 2328 5917 multi

743 5950 809 5992 an
836 5930 982 5989 mare
1012 5930 1366 6007 Erythraeam
1412 5946 1504 5986 seu
1549 5930 1789 5986 Rubrum
1835 5932 2013 5987 colore
2059 5933 2268 5990 diII'erat
2296 5949 2326 5988 a

2430 5154 2561 5207 tuari
2592 5152 2763 5205 vicino
2794 5162 2883 5204 aut
2922 5152 3028 5205 alio
3052 5150 3292 5222 quolibet
3338 5147 3498 5222 Quod,
3539 5147 3775 5202 nonnulli
3810 5159 4067 5216 putant,

2427 5239 2748 5292 caussasque
2800 5238 2932 5290 quas
2984 5231 3204 5292 possunt
3252 5221 3754 5292 comminiscuntur,
3803 5234 4069 5287 promer

2429 5295 2636 5349 scilicet
2670 5291 2870 5348 'cnralli
2921 5294 3300 5348 abundantiam
3359 5294 3410 5345 in
3462 5291 3624 5346 fundo
3677 5291 4067 5358 adhtcreutis,

2434 5375 2649 5434 propter
2680 5375 2832 5418 terra:
2863 5366 3038 5418 rubrm
3067 5366 3387 5419 vicinitatem
3419 5378 3521 5432 qua
3552 5363 3723 5434 littora
3748 5363 4068 5429 complen-

2435 5433 2539 5497 tur,
2569 5447 2622 5492 et
2652 5435 2935 5490 ﬂuentibus
2956 5440 3106 5503 aquis
3133 5438 3377 5489 sorbetur
3403 5447 3608 5500 suoque
3645 5433 3824 5484 colnrc
3856 5448 4071 5502 aquas

2435 5508 2555 5561 illas
2579 5510 2771 5569 inlicit;
2803 5508 2953 5561 mitto
2981 5509 3110 5562 alias
3128 5521 3342 5561 caussas
3361 5515 3419 5558 ut
3446 5519 3551 5558 non
3579 5505 3753 5556 minus
3781 5503 3866 5554 his
3899 5520 4071 5570 ιιι-ιι.

2436 5579 2656 5645 habiles,
2680 5588 2845 5649 atque
2880 5579 3210 5649 Erythraqu
3238 5592 3381 5630 mare
3409 5574 3648 5649 ejusdem
3676 5572 4075 5649 indiuisus-it

2434 5651 2540 5704 alio
2591 5649 2724 5702 mari
2762 5644 2964 5719 'pnto,'
2995 5651 3276 5717 locumque
3326 5663 3404 5719 ex)
3441 5644 3510 5713 ρ.
3558 5644 3740 5699 Curtio
3795 5645 4072 5711 adduco,

2435 5721 2526 5774 lib.
2563 5720 2670 5774 VIII
2714 5741 2728 5773 :
2780 5718 2853 5773 Ab
2901 5720 3118 5792 Erythro
3147 5736 3260 5790 rege
3317 5718 3534 5771 inditum
3581 5728 3652 5770 est
3703 5731 3915 5792 nomen.
3999 5723 4082 5776 de

2436 5793 2566 5845 mari
2603 5791 2878 5863 Erythraeo
2901 5788 2994 5846 seu
3025 5788 3465 5863 rubi-eloquitur,
3498 5797 3702 5863 propter
3728 5788 3865 5863 quod
3889 5791 4079 5863 imm.

2433 5867 2475 5931 ri
2515 5859 2692 5916 rubere
2734 5879 2893 5931 aquas
2927 5862 3156 5916 credunt.
3193 5860 3261 5916 Et
3291 5862 3382 5915 ιιι).
3411 5859 3480 5926 Χ,
3513 5861 3690 5931 statim
3719 5859 3785 5912 ab
3831 5859 4024 5917 initio
4063 5885 4075 5918 :

2433 5930 2628 5993 Cretera
2676 5926 2853 5989 incolis
2890 5933 3205 5989 crediderant
3239 5949 3257 5987 ε
3306 5933 3434 5987 inter
3467 5946 3581 6003 qua!
3612 5926 3846 5984 Rubrum
3876 5948 4080 6003 νων-ε,
