4270 6498
226 420 333 477 605

1398 417 1595 473 LIBER
1638 415 2003 474 ADVERSUS
2041 416 2345 475 JUDIEOS.

3406 421 3509 477 606

220 543 407 589 vectus
434 542 517 591 est
567 533 763 605 (Exod.
791 532 929 595 XIV,
952 532 1072 604 22),
1100 533 1299 604 quique
1329 533 1381 587 iu
1412 548 1595 589 eremo
1618 548 1809 586 manm
1842 534 1888 593 Α
1917 532 2150 587 dicatum
2182 544 2263 589 est
2288 553 2300 590 :
2336 534 2463 589 lc‘cce
2492 536 2737 607 proselyti
2770 553 2860 606 per
2890 553 2967 590 me
2996 536 3065 591 ad
3094 546 3141 591 te
3194 536 3339 591 ibunt
3368 535 3499 607 (lsa.

220 631 428 683 cibatus
458 627 658 695 (Exod.
688 627 827 692 XVI,
865 629 951 690 15.
981 629 1138 698 sqq),
1164 626 1509 697 quadraginta
1553 627 1705 679 annis
1752 627 1816 679 ad

221 722 389 775 instar
417 722 734 777 :cternitatis
776 718 1043 780 redactus,
1070 734 1167 773 nec
1194 718 1440 772 humanis
1485 718 1818 787 passiombns

218 816 634 880 contaminatus,
666 825 755 868 aut
777 814 955 868 saeculi
979 814 1141 882 hujus
1162 813 1265 868 sibi
1298 822 1505 883 pastus,
1533 813 1625 866 sed
1657 829 1819 882 ange-

220 907 393 960 lorum
450 907 671 974 panibus
722 904 840 973 (Ps.
873 903 1133 976 LXXVII)
1188 920 1377 958 manna
1408 906 1631 967 cibatus,
1665 905 1821 959 satis-

220 1016 326 1069 que
350 1000 621 1055 beneﬁciis
648 1000 755 1053 Deo
783 998 1067 1069 obligatus,
1114 999 1321 1052 Domini
1360 1009 1414 1053 ct
1443 999 1534 1054 Dei
1571 1000 1651 1055 sui
1684 997 1819 1053 obli-

221 1102 307 1146 tus
334 1101 439 1155 ομι,
470 1092 652 1147 dicens
672 1093 737 1146 ad
766 1095 941 1146 Aaron
971 1110 983 1144 :
1015 1090 1123 1145 Fac
1146 1093 1287 1147 nobis
1317 1094 1438 1147 deos
1465 1094 1551 1163 qui
1578 1109 1667 1146 nos
1698 1106 1820 1160 prte-

220 1184 403 1236 cedant
433 1200 449 1237 :
481 1182 685 1253 Moyses
737 1184 870 1237 enim
919 1183 1045 1249 ille,
1099 1185 1185 1254 qui
1234 1202 1324 1239 nos
1376 1186 1517 1254 ejecit
1572 1185 1634 1237 de
1688 1194 1821 1237 terra

220 1274 447 1345 lEgypti
470 1316 482 1336 ,
511 1276 775 1344 dereliquit
802 1292 915 1340 nos,
944 1285 991 1330 et
1030 1277 1153 1344 quid
1192 1277 1268 1329 illi
1302 1277 1543 1330 acciderit
1572 1278 1820 1330 nescimus

223 1366 420 1437 (Exod.
451 1367 670 1434 XXXII,
712 1367 783 1437 I).
812 1368 875 1422 Et
908 1368 1029 1422 ideo
1056 1384 1172 1431 nos,
1204 1368 1292 1438 qui
1322 1385 1426 1422 non
1468 1369 1697 1437 populus
1730 1368 1817 1423 Dei

218 1471 390 1519 retro,
423 1460 544 1513 facti
590 1475 776 1513 smnus
818 1459 1045 1529 populus
1088 1460 1226 1529 ejus,
1277 1460 1590 1529 accipiendo
1622 1476 1812 1514 novam

219 1550 393 1620 legem
414 1552 455 1619 (l
476 1551 493 1619 )
512 1566 671 1621 supra
695 1551 912 1617 diCtam,
929 1562 983 1606 et
1003 1566 1192 1606 novam
1218 1551 1678 1607 circnmcisionem
1697 1561 1819 1607 ante

218 1643 549 1712 pris-dictam.

849 1736 1073 1793 CAPUT
1105 1736 1192 1791 IV.

290 1826 545 1897 Sequitur
574 1827 770 1898 itaque,
796 1838 872 1891 ut,
899 1840 1162 1899 quatenus
1186 1829 1607 1885 circnmcisionis
1631 1846 1819 1887 carna-

1921 626 2006 681 LII
2036 630 2130 697 (b).
2169 631 2257 684 Sit.-
2290 630 2449 699 igitnr
2473 640 2595 685 ante
2615 630 2715 685 hoc
2742 632 3019 685 Sabbatum
3054 633 3367 701 temporale,
3397 639 3513 683 erat

1921 732 1972 775 et
2027 722 2301 774 snbbatum
2340 730 2597 775 mternum
2648 732 3031 792 praestensum
3077 734 3131 777 et
3164 721 3508 793 prccdittznu,

1921 816 2198 884 quomodo
2237 828 2291 868 et
2336 825 2463 869 ante
2506 815 2965 869 circumcisionem
3006 816 3273 869 carnalem
3317 815 3407 867 fuit
3461 824 3513 868 ct

1923 907 2175 974 Spiritalis
2216 907 2558 961 circumcisio
2590 915 2933 976 prmostcnsa.
2970 907 3201 976 Denique
3250 905 3509 971 docemt,

1922 999 2076 1052 sicuti
2136 998 2244 1067 jam
2295 1000 2565 1068 pra-locuti
2618 1012 2845 1063 sumus,
2901 998 3071 1053 Adam
3121 998 3508 1061 sabbatizasse;

1923 1101 2014 1144 aut
2058 1092 2187 1145 Abel
2222 1090 2449 1145 hostiam
2496 1092 2603 1145 Deo
2650 1101 2887 1145 sanctam
2920 1089 3239 1145 ol'l‘ercntem
3264 1133 3278 1155 ,
3307 1089 3511 1144 sabbati

1924 1183 2183 1253 religione
2235 1185 2530 1253 placuisse;
2564 1193 2654 1237 aut
2704 1184 2885 1238 Eunelt
2940 1185 3256 1238 translatum
3304 1184 3509 1239 sabbati

1923 1275 2179 1329 Cultorcm
2213 1273 2405 1338 fuisse;
2438 1284 2527 1328 aut
2554 1274 2665 1330 Noe
2709 1291 2848 1329 arca:
2890 1274 3263 1330 fabricatorem
3295 1286 3514 1345 propter

1923 1367 2176 1421 diluvium
2238 1368 2602 1432 immensum,
2665 1368 2945 1421 sabbatum
3020 1368 3366 1432 observasse;
3424 1378 3515 1423 aut

1925 1458 2191 1512 Abraham
2222 1458 2273 1512 in
2302 1459 2677 1513 observatione
2719 1460 2923 1513 sabbati
2962 1460 3104 1513 Isaae
3149 1460 3314 1513 lilituu
3356 1476 3511 1514 suum

1922 1548 2209 1613 obtulisse;
2241 1559 2330 1603 aut
2371 1549 2709 1604 MCICIIISL‘tICt
2726 1550 2761 1603 1ι
2807 1552 2856 1602 iu
2884 1564 2981 1603 suo
3008 1550 3310 1604 sacerdotio
3341 1552 3513 1619 legem

1922 1640 2125 1694 sabbati
2156 1640 2447 1711 accepisse.
2482 1640 2583 1693 Sed
2606 1641 2796 1694 dicturi
2821 1652 2943 1695 sunt
2971 1640 3159 1701 Jtldmi,
3194 1656 3257 1695 ex
3286 1657 3390 1711 quo
3416 1642 3514 1697 boc

1924 1744 2246 1804 prarecptnm
2278 1735 2458 1789 datum
2490 1744 2572 1789 est
2604 1750 2697 1803 per
2725 1734 2964 1805 Moysen,
2997 1733 3190 1788 exinde
3217 1735 3511 1787 observan-

1920 1827 2045 1881 dmn
2080 1827 2259 1881 fuisse.
2287 1826 2619 1881 Manifestum
2640 1836 2721 1881 est
2747 1828 2944 1896 itaque,
2968 1842 3071 1879 non
3101 1835 3389 1889 aeternum,
3417 1840 3513 1879 nco

216 1918 317 1986 lis,
349 1920 427 1992 (α)
453 1930 507 1975 et
534 1918 663 1989 legis
692 1920 886 1975 veteris
927 1921 1146 1975 abolitio
1172 1930 1433 1991 expuncto
1475 1923 1587 1977 suis
1614 1932 1821 1994 tempo—
1853 1931 1899 1991 Β
1929 1922 2200 1991 spiritale,
2244 1920 2348 1975 sed
2401 1921 2693 1989 temporale
2743 1919 2907 1974 fuisse
2956 1931 3279 1990 prmccptum
3308 1962 3323 1986 ,
3372 1922 3512 1989 quod

218 2014 369 2067 ribus
422 2012 836 2080 demonstratur,
886 2015 953 2069 ita
1002 2014 1206 2069 sabbati
1263 2030 1473 2085 quoque
1517 2017 1819 2075 observatio

218 2105 539 2174 temporaria
573 2104 650 2176 (9.)
679 2104 843 2161 fuisse
887 2106 1305 2161 demenstretnr.
1338 2106 1530 2161 Dicunt
1554 2109 1694 2162 enim
1721 2109 1817 2163 .lu-

215 2198 319 2252 d:ei
345 2197 487 2268 quod
515 2214 542 2252 a
574 2199 866 2269 primordio
888 2200 1298 2255 sanctiﬁcaverit
1330 2200 1466 2254 Deus
1485 2200 1625 2256 diem
1657 2203 1818 2270 septi-

218 2308 389 2357 mum,
421 2290 804 2361 requiescendo
835 2292 886 2345 in
928 2307 992 2345 eo
1023 2292 1089 2344 ab
1128 2292 1373 2347 omnibus
1418 2294 1665 2363 operibus
1708 2295 1819 2348 suis

216 2402 337 2455 quae
370 2384 511 2448 fecit,
546 2394 597 2439 et
630 2384 750 2438 imle
778 2386 936 2438 etiam
961 2383 1175 2455 Moysen
1205 2384 1403 2440 dixisse
1423 2386 1487 2439 ad
1518 2386 1768 2456 populum
1801 2402 1813 2439 :

220 2477 525 2530 Mementote
566 2477 700 2529 diem
746 2476 1105 2541 sabbatorum;
1132 2478 1444 2545 sancti/irate
1489 2494 1621 2532 eum.
1658 2477 1820 2532 Omne

218 2582 345 2636 Opus
373 2567 551 2620 serrile
580 2584 677 2620 non
707 2568 904 2638 facietis
946 2570 999 2621 in
1038 2584 1094 2621 eo
1123 2567 1314 2635 (Exod.
1351 2568 1466 2633 XX,
1500 2569 1576 2638 8),
1607 2582 1816 2639 praeter-

216 2678 371 2731 quam
399 2663 536 2730 quod
565 2665 632 2715 ad
658 2663 882 2715 animam
908 2664 1143 2733 pertinet.
1178 2662 1329 2718 Unde
1360 2680 1457 2717 nos
1480 2665 1818 2733 intelligimus

220 2752 391 2822 magis
420 2751 751 2807 sabbatizare
782 2769 878 2807 nos
919 2755 985 2809 ab
1029 2755 1172 2808 omni
1201 2770 1361 2824 opere
1404 2757 1581 2810 servili
1608 2772 1819 2827 semper

218 2845 438 2910 debere,
473 2856 525 2900 et
565 2862 668 2901 non
715 2855 915 2900 tantum
948 2848 1175 2917 septimo
1205 2864 1415 2918 quoque
1453 2850 1559 2914 die,
1589 2850 1681 2905 sed
1727 2866 1819 2920 per

219 2956 381 2995 onine
402 2954 626 3011 tempus.
656 2943 732 2997 Ac
754 2953 845 3011 per
867 2943 1327 3011 ltoctptwrendum
1356 2946 1506 2999 nobis
1535 2944 1674 3013 quod
1699 2944 1819 2999 sab-

221 3032 401 3087 batum
430 3050 527 3089 nos
555 3036 691 3089 Dens
711 3036 872 3089 vellet
892 3036 1179 3091 custodire.
1205 3037 1334 3091 Nam
1358 3038 1635 3091 sabbatum
1658 3049 1815 3091 acter-

221 3142 373 3190 num,
397 3136 450 3180 et
466 3128 742 3181 sabbatum
764 3129 1055 3199 temporale
1068 3129 1358 3199 Scriptura:
1375 3130 1818 3201 desigmmt.l)icit

219 3219 363 3271 enim
396 3218 576 3273 lisaias
608 3220 862 3290 propheta
890 3221 1142 3275 :Sabbata
1178 3232 1340 3276 vestra
1364 3223 1466 3277 odit
1492 3226 1662 3276 anima
1684 3240 1813 3279 mea.

1923 2012 2242 2082 quandoque
2270 2022 2526 2067 cessaret.
2576 2012 2812 2082 Denique
2843 2011 2978 2066 adeo
3008 2026 3112 2065 non
3149 2013 3197 2064 iu
3232 2014 3511 2067 vacntioue

1924 2106 2169 2169 sabbati,
2200 2107 2249 2160 id
2296 2116 2377 2161 est
2405 2107 2505 2160 dici
2548 2107 2793 2178 septimi,
2850 2107 2962 2161 lucc
3010 2107 3323 2161 solemnitas
3367 2108 3513 2163 tele-

1924 2196 2124 2253 branda
2159 2210 2260 2266 est,
2291 2209 2347 2253 ut
2369 2199 2525 2255 Iesus
2556 2200 2699 2254 Nave
2720 2242 2734 2266 ,
2763 2216 2825 2254 eo
2858 2210 3100 2270 tempore
3127 2216 3231 2270 quo
3263 2201 3514 2255 Ilicricbo

1922 2292 2191 2347 civitatem
2220 2292 2541 2363 depellebat,
2577 2303 2901 2363 prmeeptum
2947 2292 3045 2345 sibi
3074 2308 3101 2345 a
3138 2292 3248 2347 Deo
3275 2292 3511 2358 diceret,

1926 2384 1996 2436 ttli
2032 2384 2225 2453 populo
2267 2383 2542 2437 mandaret
2570 2426 2581 2445 ,
2609 2394 2659 2435 ut
2695 2385 2977 2436 sacerdotes
3023 2400 3197 2436 meum
3233 2387 3514 2438 testamenti

1926 2475 2018 2529 Dei
2063 2486 2249 2546 septem
2295 2476 2465 2528 diebus
2504 2477 2886 2546 circumferrem
2917 2478 2967 2528 in
3007 2476 3219 2529 circuitu
3258 2477 3512 2538 civitatis;

1923 2577 2069 2637 atque
2106 2569 2176 2620 ita
2205 2568 2403 2636 septimi
2430 2568 2529 2620 diei
2559 2568 2770 2620 circuitu
2802 2577 3002 2637 peracto
3030 2610 3043 2633 ,
3092 2577 3272 2632 sponte
3314 2578 3514 2621 ruerent

1925 2659 2059 2711 muri
2090 2659 2304 2712 civitatis
2326 2656 2463 2726 (los.
2490 2658 2577 2722 VI,
2597 2659 2657 2723 ι,
2683 2660 2813 2729 sqq).
2834 2658 2982 2726 Quod
3003 2658 3071 2712 ita
3098 2657 3288 2713 factum
3313 2669 3430 2725 est;
3459 2669 3511 2714 et

1924 2752 2073 2807 finito
2102 2754 2275 2821 spatio
2301 2753 2401 2805 diei
2430 2754 2663 2823 septimi,
2693 2755 2826 2807 sicut
2870 2753 3181 2822 praulictum
3212 2762 3353 2817 erat,
3392 2770 3513 2807 rne—

1924 2858 2046 2901 runt
2078 2848 2211 2900 muri
2252 2846 2498 2899 civitatis.
2534 2846 2613 2900 Ex
2658 2863 2763 2916 quo
2807 2846 3088 2901 manifeste
3119 2846 3419 2901 ostenditur
3452 2847 3503 2900 in

1925 2958 2149 2995 numero
2181 2942 2398 2994 istorum
2427 2940 2636 2994 dierum
2668 2950 2873 3010 septem
2904 2940 3195 2995 incurrisse
3216 2940 3356 2995 diem
3382 2943 3509 2995 sab-

1926 3038 2029 3091 bati
2060 3055 2070 3090 :
2107 3047 2311 3105 septem
2344 3037 2483 3089 enim
2516 3036 2630 3090 dies
2662 3035 3033 3105 nn‘dccnmque
3056 3035 3262 3088 initium
3286 3050 3510 3103 accepe-

1925 3129 2063 3192 rint,
2116 3128 2323 3181 sabbati
2356 3128 2497 3181 diem
2554 3143 2737 3181 secum
2788 3126 3115 3182 concludant
3158 3141 3378 3182 necesse
3406 3138 3510 3193 est,

1922 3237 2028 3292 quo
2064 3222 2150 3277 die
2182 3237 2287 3276 non
2322 3231 2521 3276 tantum
2557 3220 2869 3276 sacerdotes
2903 3222 3010 3275 sint
3053 3222 3295 3290 operati,
3326 3223 3418 3276 sed
3461 3232 3512 3276 et

220 3312 290 3366 ΕΙ,
328 3312 433 3365 alio
461 3313 579 3367 loco
619 3312 747 3368 dicit
774 3332 786 3366 :
820 3313 1044 3367 Sabbata
1074 3332 1183 3368 mea
1216 3318 1574 3385 prop/tanastis
1602 3315 1816 3387 (lt'seclt.
1845 3324 1890 3386 ρ
1925 3316 1974 3370 in
2004 3331 2098 3371 ore
2123 3316 2279 3385 gladii
2309 3314 2486 3386 pra'da
2521 3314 2652 3367 facta
2683 3316 2750 3367 sit
2801 3314 2993 3368 civitas
3034 3314 3099 3368 ab
3130 3316 3274 3367 omni
3318 3316 3513 3384 popqu

219 3403 388 3469 XXII,
407 3404 486 3471 8).
510 3404 658 3460 Unde
688 3406 1053 3475 dignoscimus
1074 3408 1351 3463 sabbatum
1383 3411 1674 3478 temporale
1696 3425 1815 3465 csse

221 3496 514 3549 humannnt
543 3539 555 3559 ,
585 3508 634 3551 et
682 3497 960 3551 sabbatum
1006 3506 1263 3551 a‘ternum
1294 3500 1501 3553 censeri
1542 3500 1814 3565 divinum,

220 3590 289 3643 de
317 3604 424 3659 quo
450 3604 548 3658 per
577 3589 790 3643 Esaiam
823 3589 1079 3659 prmdicat
1107 3606 1119 3642 :
1150 3589 1214 3643 Et
1243 3590 1356 3653 erit,
1390 3592 1595 3661 inquit,
1631 3593 1815 3645 mensis

218 3699 285 3736 ea:
315 3697 504 3747 mense,
530 3692 576 3736 et
594 3682 701 3737 dies
725 3682 789 3737 de
816 3683 918 3748 die,
957 3692 1003 3736 et
1040 3683 1303 3737 sabbatum
1324 3685 1388 3738 de
1415 3686 1642 3750 sabbato,
1673 3695 1719 3737 et
1736 3701 1814 3738 ve-

216 3778 323 3829 niet
352 3778 518 3829 omnis
548 3793 666 3830 caro
705 3776 925 3830 adorare
953 3777 1004 3830 in
1039 3775 1382 3843 Hierusalem,
1416 3778 1537 3831 dicit
1567 3777 1814 3833 Dominus

217 3867 361 3938 (Isa.
389 3867 575 3934 LXVI,
597 3867 713 3939 εἰ).
741 3869 891 3936 Quod
919 3852 1263 3939 intelligimus
1292 3870 1637 3940 adimpletum
1682 3882 1817 3927 tem-

217 3962 440 4031 poribus
456 3960 675 4025 Cbristi,
695 3961 906 4031 quando
927 3963 1104 4016 onmis
1124 3976 1270 4025 caro,
1293 3962 1341 4015 id
1362 3973 1443 4016 est
1464 3965 1639 4017 omnis
1658 3980 1811 4030 gens,

214 4054 445 4109 adorare
476 4056 527 4107 in
570 4054 899 4109 llierusalem
928 4056 1072 4110 venit
1112 4056 1279 4111 Deum
1310 4056 1523 4110 Patrem
1556 4100 1568 4122 ,
1601 4073 1694 4127 per
1722 4056 1814 4112 Je-

212 4164 336 4204 sum
366 4147 637 4203 Christum
667 4147 858 4203 Filium
888 4151 1026 4220 ejus,
1057 4150 1192 4207 sicut
1221 4166 1314 4221 per
1338 4150 1659 4221 Prophetam
1687 4168 1821 4222 prm-

1920 3406 2099 3462 Israel.
2146 3406 2255 3461 Nec
2297 3406 2515 3461 dubium
2564 3415 2647 3459 est
2679 3420 2813 3474 cpns
2854 3405 3051 3459 servile
3100 3420 3193 3459 eos
3239 3416 3508 3474 operatos,

1919 3516 2039 3553 cum
2094 3498 2300 3567 prmdas
2348 3498 2468 3552 belli
2520 3506 2742 3565 agerent
2780 3512 2843 3550 ex
2903 3497 2995 3550 Dei
3043 3507 3329 3567 pr:cccpto.
3381 3496 3510 3550 Nam

1917 3600 1971 3645 ct
2008 3588 2078 3663 (c)
2108 3590 2433 3659 temporibus
2483 3589 2907 3644 Macbalneorum
2940 3589 3178 3643 sabbatis
3228 3589 3512 3660 pugnando

1916 3683 2123 3737 fortiter
2149 3681 2409 3746 fecerunt,
2450 3681 2524 3751 (ά)
2567 3693 2622 3736 et
2654 3683 2831 3735 hostes
2874 3681 3179 3753 allolthylos
3237 3699 3511 3752 expugna-

1918 3790 2126 3845 verunt,
2158 3780 2435 3851 legemque
2463 3790 2736 3849 paternam
2760 3777 2824 3832 ad
2851 3778 3131 3847 pristinum
3162 3778 3282 3831 vita:
3308 3788 3505 3833 statum

1922 3872 2202 3943 pugnando
2245 3872 2481 3926 sabbatis
2513 3880 2921 3925 revocaverunt.
2966 3868 3076 3923 Nec
3124 3879 3303 3939 putem
3356 3870 3511 3923 aliam

1922 3966 2088 4034 legem
2116 3978 2211 4017 eos
2237 3962 2569 4028 defendisse,
2603 3964 2702 4016 nisi
2736 3963 2788 4016 in
2819 3977 2922 4032 qua
2949 3962 3017 4017 de
3041 3962 3125 4015 die
3165 3961 3508 4015 sabbatorum

1923 4058 2277 4112 meminerant
2300 4072 2420 4113 esse.
2452 4058 2842 4126 prmseriptnm.
2875 4054 3027 4109 Unde
3061 4056 3403 4110 manifestato
3430 4066 3513 4109 est

1924 4153 1989 4207 ad
2036 4162 2248 4220 tempus
2279 4160 2333 4207 et
2373 4151 2651 4221 praesentis
2692 4166 2895 4205 caussa:
2919 4150 3297 4211 necessitatem
3332 4149 3513 4219 hujus-

1461 4267 1838 4325 LECTIONES
1880 4269 2291 4326 \’AIII.\N'I‘ES.

278 4402 353 4467 (1)
374 4401 433 4452 Et
454 4399 593 4452 addit
616 4401 762 4452 alien.
788 4398 948 4451 Obth.

1977 4406 2050 4469 (2)
2074 4401 2375 4469 'l‘emporalis
2397 4403 2547 4455 Rhea.
2573 4403 2736 4455 Obert.

1641 4530 1923 4587 COMMI'IN
1947 4534 2205 4591 i‘AIIIUS.

210 4669 317 4726 non
344 4668 377 4726 ᾳ
404 4653 572 4705 colore
598 4652 890 4726 ιιιιιιιινιιιιι,Δ
913 4659 966 4726 ut
1014 4650 1237 4726 plerique
1273 4649 1557 4726 crederent,
1600 4650 1689 4726 sed
1715 4723 1721 4726 _
1744 4652 1806 4705 ab
1834 4652 1885 4711 D
1914 4667 2117 4726 praptnr
2148 4654 2416 4707 Dominum
2441 4670 2457 4714 ;
2488 4653 2568 4707 vel
2596 4667 2744 4712 sane,
2775 4644 2891 4719 cap.
2927 4647 3039 4705 LX.
3078 4648 3210 4703 Eoo.

214 4722 445 4794 Erythro
487 4740 599 4794 rege
640 4740 670 4775 a
712 4722 912 4789 pellari.
944 4720 1021 4775 Le
1048 4722 1140 4775 l’u.
1172 4750 1243 4761 —
1273 4721 1520 4785 I’liniutn,
1548 4724 1617 4772 uti
1646 4723 1804 4787 solet,

214 4796 475 4846 imitatus.
516 4795 605 4846 oui
655 4741 980 4846 £t‘tll/tt’lﬂttltt
1018 4807 1163 4846 mare
1214 4802 1485 4846 nuncupat
1533 4792 1668 4846 (Lib.
1718 4793 1803 4846 Vl.

212 4790 476 4857 imitatus,
516 4790 605 4862 q'ui
655 4790 980 4863 Erythrarum
1018 4807 1163 4846 mare
1214 4802 1485 4861 nttucnpat
1533 4792 1668 4856 (Lib.
1718 4793 1803 4854 Vl,

212 4882 335 4935 cap.
368 4863 463 4936 23)
509 4865 649 4936 quod
697 4862 816 4936 nos
842 4862 1069 4916 Rubrum
1109 4864 1354 4928 dicimus,
1402 4863 1557 4916 siruli
1614 4864 1810 4936 Diony-

212 4934 333 4991 sius
365 4935 441 4988 De
458 4934 558 4989 situ
592 4935 763 4990 Orbis.
792 4934 926 4989 Pu.

265 5005 494 5063 CAPJV
506 5005 825 5075 .—-(a)lsegis
838 5005 1014 5059 veteris
1024 5004 1231 5058 abolitio
1243 5014 1493 5068 expuncto
1504 5005 1606 5057 suis
1621 5014 1808 5074 tenipo-

211 5080 357 5133 ribus
383 5079 776 5131 demonstratur.
803 5075 1011 5146 Sequor
1031 5076 1269 5130 Rhenani
1292 5077 1805 5142 interpretationem,

210 5151 303 5220 qui
321 5149 461 5205 idem
480 5163 598 5203 esse
619 5157 803 5203 censet
825 5164 887 5202 ac
906 5146 1487 5220 adinipletq.Expuncta
1504 5162 1695 5220 nempe
1714 5148 1810 5203 fuit

212 5217 297 5275 les
328 5230 502 5284 vetus,
531 5234 663 5273 nova
688 5222 1115 5286 superveniente.
1151 5217 1246 5271 Est
1274 5230 1448 5271 autem
1499 5219 1805 5287 metaphora

212 5292 398 5347 forsan
424 5291 579 5344 ducta
604 5292 670 5343 ab
702 5290 931 5358 antiquis
963 5290 1395 5347 faeneratoribus.
1426 5290 1514 5356 qui
1546 5290 1802 5344 dissoluta

213 5363 431 5417 nomina
456 5364 506 5415 in
536 5362 729 5415 talmlis
765 5362 959 5417 ceratis
988 5375 1081 5415 seu
1121 5360 1303 5414 diariis
1349 5375 1503 5415 verso
1547 5360 1687 5429 stylo
1710 5377 1804 5416 ex-

212 5434 538 5505 pungebant.
570 5431 646 5486 La
668 5432 763 5505 Pu.

291 5501 373 5571 (li)
410 5504 538 5557 Ecce
563 5503 801 5573 proselyti
828 5519 916 5573 per
940 5518 1019 5555 me
1045 5502 1177 5573 adite
1202 5501 1362 5555 ibunt.
1392 5502 1800 5573 Citatieamdem

211 5576 549 5643 Scripturam
607 5575 675 5628 lib
738 5572 1056 5628 Ill'advers.
1105 5572 1308 5635 Maro,
1338 5582 1391 5627 et
1430 5572 1590 5642 paulo
1636 5573 1791 5629 latius

209 5647 468 5717 explicat,
498 5645 811 5717 nominatim
862 5645 1025 5717 lsaia:_
1060 5643 1408 5717 adscribens,
1460 5644 1788 5717 aptnquuem

208 5714 435 5787 reperiri
459 5716 975 5789 juxtaSeptuaginta
1005 5715 1329 5789 interpretes
1357 5714 1478 5789 (cap
1548 5714 1655 5783 LII)
1688 5732 1787 5789 an-

211 5785 471 5843 notarunt
506 5785 740 5857 quidam,
770 5787 864 5841 sed
909 5787 1103 5857 ibidem
1150 5785 1407 5857 hactenus
1450 5803 1553 5839 non
1588 5788 1781 5857 reperi.

212 5855 755 5914 I'au.—Iutendebat
797 5858 932 5912 forte
984 5856 1343 5911 Tcrtullianus
1391 5872 1504 5925 cap.
1542 5856 1628 5911 LV
1682 5856 1779 5912 Isa.

213 5947 263 5985 ν.
314 5931 385 5986 5:
434 5930 616 5987 Gentes
657 5944 770 6001 quae
797 5939 844 5984 te
874 5944 971 5983 nou
1007 5937 1342 6000 cognoverunt
1368 5971 1382 5994 ,
1414 5930 1480 5982 ad
1507 5939 1553 5983 te
1582 5940 1783 5984 current

1984 4749 2083 4819 (c)
2154 4744 2987 4819 Temporibus_ﬂlttcltab(eorttttt.
3050 4739 3495 4819 Qttandoqttitlent

1915 4811 2339 4875 Macbabtcnrtim
2372 4818 2456 4869 hic
2492 4816 2763 4869 historiam
2794 4814 2921 4867 citet
2945 4815 2993 4865 in
3026 4829 3083 4866 re
3109 4811 3252 4875 fidei,
3280 4829 3382 4864 non
3408 4814 3504 4864 dn-

1916 4894 2057 4945 ltiunt
2088 4891 2210 4959 quin
2244 4891 2383 4954 illam
2428 4903 2521 4955 pro
2566 4888 2819 4941 c-tuouica
2853 4886 3122 4959 Scriptura
3161 4885 3499 4959 cognoverit.

1913 4963 2091 5031 Neque
2109 4955 2261 5013 enim
2291 4961 2480 5012 mirum
2504 4959 2627 5031 siin
2656 4972 2860 5031 canone
2881 4957 3230 5031 llebrazorum
3265 4955 3378 5031 libri
3426 4955 3497 5006 illi

1915 5028 2019 5087 non
2044 5035 2354 5094 habeantur;
2388 5028 2812 5098 quamlotptidem
2845 5028 3118 5095 plusquam
3148 5028 3501 5098 sayctdopnst

1915 5106 2059 5159 illum
2091 5104 2157 5156 ab
2201 5102 2367 5156 Esdra
2408 5095 2631 5154 etlitnur
2661 5098 2945 5163 conscripti
3000 5110 3142 5150 sunt.
3177 5095 3305 5148 Nam
3357 5096 3501 5147 inter

1911 5178 2118 5248 Cyrum
2147 5175 2677 5248 I)arii_successorem
2706 5171 2804 5248 sub
2834 5168 3167 5248 quoIJstlras
3186 5168 3498 5248 clamitant

1914 5238 2231 5300 Antiochum
2265 5243 2617 5314 Epipbauem,
2654 5242 2752 5294 sub
2783 5238 2887 5314 quo
2920 5240 3228 5303 .\I;tcltalr.ci,
3261 5240 3383 5290 anui
3419 5238 3497 5290 in-

1913 5325 2270 5373 tcrcessernut
2310 5312 2364 5366 ut
2397 5316 2673 5366 minimmn
2708 5312 2824 5366 l80.
2859 5312 2993 5364 νη.

1982 5410 2060 5480 ((1)
2100 5407 2164 5461 Et
2192 5408 2355 5461 hostes
2382 5406 2689 5480 allap/tqlos.
2716 5401 3002 5480 Amp-31w,
3022 5404 3191 5480 Gra'ci
3217 5401 3499 5480 biblit-rum

1909 5472 2255 5547 interpretes,
2297 5479 2461 5547 inquit
2492 5472 2936 5545 B.'|Iicronymns
2967 5478 3039 5547 (in
3080 5473 3359 5547 [snitecap
3426 5472 3495 5541 ll)

1907 5562 2031 5606 sunt
2055 5545 2407 5616 interpretati.
2443 5566 2535 5613 pio
2574 5548 2868 5608 Pliilistiim,
2900 5545 3017 5615 qua:
3042 5557 3117 5598 est
3162 5545 3321 5616 hodie
3369 5560 3500 5608 gens

1898 5622 2175 5677 Palaestina
2205 5615 2217 5673 ὲ
2252 5621 2388 5690 quod
2427 5622 2597 5688 ipsum
2628 5618 3027 5690 comprobatur,
3056 5628 3113 5690 et
3158 5618 3206 5690 in
3261 5615 3493 5690 editione

1896 5694 2052 5748 latina
2090 5684 2460 5759 Septuaginta,
2499 5708 2562 5743 ex
2596 5692 2746 5741 titulo
2781 5689 2971 5741 l’saltui
3006 5687 3111 5740 LV.
3162 5684 3353 5739 Verum
3386 5687 3494 5759 inc

1896 5764 1944 5818 id
1979 5765 2138 5819 refert
2164 5756 2519 5816 Tertulliaaus
2567 5762 2630 5813 ad
2660 5760 2876 5814 Grzccos
2901 5801 2915 5821 ,
2968 5768 3152 5813 contra
3205 5770 3340 5826 quos
3386 5756 3494 5808 Pila-

1892 5834 2093 5889 cltabzei
2117 5835 2459 5897 dimicabant,
2494 5848 2557 5885 eo
2591 5832 2726 5901 quod
2754 5847 2852 5883 vox
2884 5848 3054 5899 grzera
3083 5828 3390 5897 alienigenas
3424 5829 3480 5881 si-

1889 5907 2101 5976 gniticet
2134 5908 2182 5959 in
2208 5920 2428 5976 genere.
2465 5904 2600 5957 Plut.
