4270 6498
728 333 832 389 607

2151 329 2612 386 TERTULIJANI

3914 330 4024 388 608

729 454 870 509 modi
904 459 1168 523 przeccpta
1198 449 1431 506 valuisse
1461 449 1568 521 (I),
1598 456 1653 505 et
1709 447 1788 519 (ἓ)
1822 461 1928 503 non
1967 445 2031 500 ad
2070 446 2311 516 perpetui
2344 445 2392 503 Λ
2423 454 2475 498 ιιι
2502 461 2591 511 per
2619 444 2931 500 Malaclt‘am
2989 446 3064 519 (ὁ)
3111 448 3382 516 angelum,
3417 463 3578 503 unum
3625 462 3690 503 ex
3729 445 4021 503 duodecim

729 546 992 613 temporis
1017 544 1449 600 observationem
1491 542 1796 612 liujusmodi
1830 540 1999 608 legem
2028 540 2105 593 eis
2155 541 2318 593 Iteum

728 648 853 692 ante
881 636 1115 692 dedisse.

1351 725 1576 783 CAPUT
1618 725 1707 780 V..

802 823 892 878 Sic
916 831 970 876 et
1013 819 1272 876 sacriﬁcia
1310 831 1643 875 terrenarum
1690 817 2022 872 oblationum
2076 826 2128 871 et
2156 816 2317 886 Spiri-

731 917 952 970 tnalium
981 913 1368 970 sacriﬁciorum
1397 911 1681 982 praedicata
1732 910 1811 980 (5)
1864 909 2219 964 ostendimus.
2256 907 2323 962 Et

731 1006 948 1076 quidem
979 1021 1007 1059 a
1041 1003 1338 1076 primordio
1370 1002 1586 1072 majoris
1627 1000 1744 1062 ﬁlii,
1777 999 1825 1054 id
1863 1010 1943 1054 est
1978 999 2166 1062 Israel,
2211 1007 2321 1052 ter-

733 1115 861 1155 rcna
892 1098 1056 1154 fuisse
1085 1098 1137 1151 iii
1184 1096 1315 1150 Cain
1351 1107 1677 1165 prmnstensa
1704 1093 1997 1156 sacriﬁcia;
2021 1104 2072 1146 et
2100 1091 2324 1146 minoris

735 1193 826 1247 lilii
863 1188 1026 1257 Abel,
1060 1189 1110 1242 id
1139 1199 1222 1243 est
1254 1187 1432 1257 populi
1457 1186 1649 1250 nostri,
1680 1185 1942 1240 sacrilicia
1981 1183 2194 1238 diversa
2223 1182 2324 1237 de-

733 1293 1048 1342 monstrata.
1083 1283 1319 1353 Namque
1349 1283 1513 1350 major
1541 1290 1667 1334 natu
1693 1278 1820 1333 Cain
1858 1278 1922 1332 de
1959 1281 2132 1348 fructu
2175 1289 2326 1332 terra

735 1378 913 1432 obtulit
943 1392 1152 1430 munero
1190 1375 1294 1428 Deo
1319 1417 1331 1437 ,
1364 1375 1530 1428 minor
1557 1389 1676 1427 vero
1703 1373 1843 1441 ﬁlius
1887 1371 2008 1425 Abel
2051 1371 2114 1424 de
2149 1373 2321 1442 fructu

737 1472 906 1525 ovium
946 1485 1173 1524 suarum.
1215 1468 1458 1541 Respexit
1499 1465 1634 1520 Deus
1662 1467 1717 1520 in
1756 1465 1880 1519 Abel
1922 1474 1970 1518 et
2009 1465 2062 1517 in
2113 1480 2326 1518 munera

743 1565 941 1635 ejus,iu
970 1561 1096 1618 Cain
1127 1573 1294 1616 autem
1327 1571 1375 1615 et
1405 1561 1457 1615 in
1485 1575 1694 1612 munera
1721 1559 1830 1629 ejus
1858 1573 1960 1612 nou
1984 1557 2226 1627 respexit.
2262 1555 2328 1610 Et

741 1657 874 1710 dixit
930 1654 1068 1709 Deus
1124 1655 1188 1708 ad
1235 1653 1361 1708 Cain
1390 1671 1408 1706 :
1465 1653 1636 1720 Quare
1679 1651 1899 1705 concidit
1946 1651 2115 1704 cultas
2165 1650 2328 1704 tuus?

737 1765 903 1804 nonne
925 1748 968 1800 si
998 1757 1129 1801 recte
1155 1745 1358 1817 quidem
1379 1745 1588 1813 offeras,
1624 1760 1723 1797 non
1751 1754 1883 1797 recte
1910 1753 2078 1796 autem
2104 1742 2325 1809 dividas,

2429 540 2708 608 prophetis
2736 540 2864 592 dicit
2891 557 2901 590 :
2935 538 3052 593 Non
3077 541 3320 610 recipiam
3356 539 3668 607 sacriﬁcium
3693 541 3756 593 dc
3787 539 4022 593 inanibus

2425 633 2625 693 vestris,
2657 634 2898 700 quoniam
2937 633 3001 686 ob
3044 635 3237 687 oriente
3282 634 3388 687 sole
3431 651 3590 704 usque
3615 634 3685 688 ad
3713 635 4023 689 occidentem

2425 741 2607 778 nomen
2636 741 2800 779 meum
2825 725 3164 793 clariﬁcatam
3185 736 3257 781 est
3280 727 3332 779 in
3365 727 3598 781 omnibus
3622 728 3878 798 gentibus,
3898 728 4023 781 dicit

2427 813 2678 870 Dominus
2709 817 3046 886 omnipotens.
3093 816 3159 871 Et
3201 819 3254 870 in
3297 818 3438 870 omni
3467 817 3578 871 loco
3615 817 3904 885 oﬂ'eruntur
3933 834 4023 872 sa-

2425 909 2623 975 criﬁcia
2649 910 2841 964 munda
2883 912 3076 965 nomini
3099 928 3208 966 meo
3241 911 3497 986 (llalacli.
3539 911 3580 977 l,
3608 911 3697 972 I0.
3730 910 3840 983 II).
3885 911 4019 967 Item

2428 1001 2480 1054 in
2510 1000 2736 1055 Psalmis
2765 1001 2927 1057 David
2967 1003 3136 1058 dicit:
3167 1003 3380 1074 Adferte
3399 1003 3529 1064 Deo.
3575 1005 3756 1076 patria:
3795 1004 4022 1076 gentium

2427 1090 2601 1160 (Psal.
2649 1091 2832 1160 XCVI,
2859 1093 2936 1165 7).
2976 1093 3274 1151 Iudubitate
3314 1095 3454 1164 quod
3499 1097 3554 1150 in
3580 1111 3780 1149 omnem
3833 1105 4023 1149 terram

2427 1188 2565 1240 exire
2587 1187 2815 1243 habebat
2865 1189 3036 1260 (Psal.
3068 1189 3258 1256 XVIII,
3291 1192 3347 1260 5)
3395 1191 3707 1262 praedicatio
3731 1190 4025 1260 Apostolo-

2427 1292 2567 1332 rum.
2601 1279 2813 1351 Adferte
2844 1280 2953 1336 Deo
2983 1283 3268 1337 claritatem
3294 1294 3340 1337 et
3372 1285 3650 1348 honorem,
3683 1284 3882 1355 adferte
3910 1281 4023 1338 Deo

2427 1373 2682 1440 sacriﬁcio
2723 1374 2941 1428 nominis
2980 1375 3101 1445 ejus.
3159 1373 3341 1428 Tollite
3369 1375 3562 1430 hostias
3593 1417 3607 1442 ,
3636 1386 3680 1430 et
3710 1376 3914 1429 introite
3968 1378 4024 1429 iu

2427 1467 2560 1518 atria
2589 1465 2699 1536 ejus
2729 1463 2904 1537 (Psal.
2936 1465 3122 1532 XCVI,
3153 1466 3232 1534 8).
3256 1465 3498 1536 Namque
3523 1466 3596 1537 (c)
3618 1467 3760 1535 quod
3790 1482 3896 1521 non
3915 1475 4025 1522 lcr-

2433 1556 2583 1612 renis
2613 1557 2898 1611 sacriﬁciis
2922 1599 2936 1621 ,
2971 1557 3063 1612 sed
3107 1558 3436 1627 spiritalibus
3469 1560 3576 1613 Deo
3617 1557 3876 1613 litandum
3916 1560 4023 1623 sit,

2433 1648 2503 1703 ita
2553 1650 2780 1720 legimus
2816 1659 2871 1703 ut
2917 1649 3176 1718 scriptum
3229 1660 3350 1705 est:
3395 1649 3495 1704 (Σω-
3538 1651 3934 1704 contribulatum
3974 1660 4026 1704 et

2433 1743 2756 1797 Immiliatum
2783 1743 2950 1796 hostio
2981 1740 3088 1796 Deo
3107 1753 3178 1796 est
3201 1742 3368 1811 (Psal.
3392 1742 3452 1802 L.
3481 1739 3593 1809 I9).
3623 1741 3688 1797 Et
3714 1742 3840 1797 alibi
3870 1760 3883 1796 :
3917 1742 4025 1796 Sa-

740 1839 959 1910 peccasti
982 1839 1006 1893 ?
1035 1839 1234 1909 quiesce
1261 1854 1280 1892 :
1308 1837 1377 1890 ad
1419 1848 1466 1890 te
1508 1837 1641 1890 enim
1686 1835 1944 1888 conversio
1977 1845 2064 1887 tua
2087 1875 2102 1898 ,
2133 1843 2181 1887 et
2220 1836 2328 1902 ipse
2358 1831 2404 1890 Β
2433 1833 2608 1899 criﬁca
2631 1832 2739 1886 Deo
2760 1832 3068 1902 sacriﬁcium
3083 1834 3274 1899 laudis,
3295 1843 3340 1887 et
3361 1833 3516 1886 redde
3532 1833 3792 1887 Altissimo
3806 1842 3917 1886 eota
3939 1842 4033 1884 tua

738 1934 809 1986 tui
850 1931 1220 1985 dominabitur.
1257 1928 1321 1982 Et
1359 1939 1478 1982 tunc
1507 1928 1637 1982 dixit
1679 1928 1804 1980 Cain
1848 1927 1928 1979 ad‘
1961 1925 2084 1980 Abel
2119 1925 2327 1996 fratrem

736 2040 881 2076 suum
913 2039 929 2074 :
958 2021 1149 2075 Eamus
1194 2021 1246 2074 in
1274 2036 1533 2089 campum.
1587 2017 1807 2074 Etabiit
1858 2034 1970 2072 cum
2024 2033 2082 2071 eo
2128 2017 2255 2081 illic,
2284 2027 2329 2070 ct

736 2115 989 2185 interfecit
1020 2112 1253 2175 cuin.,Et
1300 2123 1418 2166 tunc
1460 2112 1588 2166 dixit
1627 2110 1762 2165 Deus
1804 2115 1873 2164 ad
1915 2109 2081 2164 Cain:
2118 2109 2216 2164 Ubi
2260 2119 2331 2164 cst

738 2205 865 2260 Abrl
894 2207 1055 2276 frater
1091 2206 1251 2258 tuus?
1284 2203 1350 2257 Et
1390 2204 1524 2257 dixit
1555 2219 1572 2256 :
1605 2201 1794 2256 Nescio
1826 2218 1843 2255 :
1884 2202 2131 2266 tttttitquid
2161 2212 2331 2256 custos

739 2302 913 2371 fratris
942 2299 1037 2351 nici
1063 2317 1172 2352 smn
1195 2316 1285 2370 cgo
1310 2298 1333 2350 ἶ)
1365 2297 1426 2349 I'It
1463 2298 1590 2351 dixit
1621 2297 1665 2350 ei
1693 2296 1823 2348 Deus
1855 2312 1872 2350 :
1914 2295 2026 2349 Vox
2055 2297 2325 2361 sanguinis

743 2394 919 2464 [ratiis
951 2392 1023 2444 tui
1045 2391 1234 2445 clamat
1265 2390 1332 2442 ad
1356 2407 1432 2442 me
1461 2389 1524 2442 de
1549 2400 1681 2441 terra
1707 2403 1725 2441 :
1758 2399 1962 2454 proplcr
1987 2389 2142 2456 quod,
2177 2389 2334 2440 male-

748 2485 885 2538 dicta
917 2495 1075 2547 terra,
1099 2499 1212 2551 qua:
1236 2484 1438 2550 apcruit
1467 2499 1522 2535 os
1545 2497 1692 2534 suum
1721 2482 1788 2533 ad
1823 2480 2180 2547 excipiendum
2210 2496 2302 2532 san
2320 2509 2332 2519 -

741 2577 945 2646 guinem
965 2576 1140 2646 [ri-tris
1167 2575 1256 2627 tui.
1294 2572 1508 2628 Gemens
1529 2583 1574 2626 ct
1592 2583 1807 2625 tremens
1832 2571 1932 2625 eris
1960 2588 2112 2641 super
2128 2582 2331 2624 terram.

747 2667 809 2722 Et
841 2669 966 2720 dixit
997 2669 1122 2722 (.‘ain
1170 2666 1238 2718 ad
1276 2664 1548 2718 Dominum
1574 2681 1590 2718 :
1638 2664 1814 2729 Maius
1854 2663 2093 2717 delictum
2125 2681 2290 2717 meum
2319 2707 2333 2730 ,

745 2776 897 2830 quam
935 2770 986 2812 ut
1017 2760 1302 2812 remittatur
1342 2758 1504 2820 milii;
1531 2767 1574 2810 et
1622 2758 1790 2827 ejicies
1835 2773 1913 2810 me
1939 2757 2090 2810 ltodic
2118 2775 2149 2811 a
2196 2758 2328 2828 [acie

747 2864 915 2918 tcrrrr,
945 2864 989 2907 et
1031 2869 1061 2905 a
1091 2853 1222 2921 facie
1252 2863 1339 2905 tua
1378 2853 1682 2913 abscondar,
1719 2860 1768 2904 et
1806 2869 1892 2904 cio
1921 2868 2123 2921 gemens
2161 2862 2207 2904 et
2238 2861 2340 2903 trc-

746 2966 888 3002 niens
918 2965 1070 3018 super
1105 2957 1312 3015 terram,
1346 2959 1392 3000 et
1426 2950 1590 3000 omnis
1614 2947 1698 3011 qui
1745 2962 1822 2998 me
1849 2946 2112 3009 invenerit,
2149 2945 2342 2999 occidet

750 3039 905 3109 (Gen.
942 3037 1054 3111 IV).
1080 3039 1154 3093 Es
1187 3041 1289 3093 I.oc
1318 3040 1478 3108 igitur
1503 3037 1612 3107 dup
1637 3038 1734 3092 icia
1767 3038 1995 3093 duorum
2025 3039 2340 3109 populorum

749 3131 1010 3186 saeriﬁeia
1043 3141 1374 3199 pra-ostensa
1410 3129 1519 3199 jam
1553 3139 1678 3184 tunc
1705 3146 1732 3183 a
1768 3130 2061 3197 primordio
2099 3131 2342 3185 animad-

2436 1927 2537 1996 (Ps
2568 1927 2872 1997 XLIXJI).
2891 1930 2978 1984 Sic
2995 1930 3170 2000 itaque
3183 1930 3440 1985 sacriﬁcia
3456 1930 3714 1999 spiritalia
3734 1930 3904 1983 laudis
3925 1930 3998 1984 de
4015 1957 4032 1968 -

2433 2022 2734 2090 signantur,
2761 2032 2815 2075 et
2841 2037 2928 2074 cor
2953 2023 3349 2082 contribulatum
3379 2023 3688 2092 acceptabile
3720 2023 4034 2090 sacriﬁcium

2439 2111 2541 2166 Deo
2559 2113 2974 2168 demonstratur.
3001 2112 3182 2184 Itaque
3220 2114 3489 2184 quomodo
3505 2115 3736 2168 carnalia
3761 2114 4033 2170 sacriﬁcia

2435 2207 2719 2274 rcprol-ata
2749 2206 3131 2276 intelliguntur,
3164 2205 3232 2261 de
3254 2207 3446 2275 quibus
3470 2215 3524 2260 et
3547 2206 3730 2261 Esaias
3768 2208 4033 2276 loquitur,

2437 2299 2620 2352 dicem
2643 2317 2654 2351 :
2675 2297 2786 2363 Quo
2807 2299 2930 2349 milii
2952 2299 3323 2351 multitudinem
3339 2299 3704 2366 sacriﬁciorum
3727 2302 4039 2353 vestrorum?

2438 2392 2558 2444 dicit
2591 2390 2837 2444 Dominus
2861 2394 2878 2460 (
2903 2391 3014 2446 Isa.
3047 2392 3086 2456 I,
3125 2393 3231 2460 II).
3270 2394 3337 2446 ita
3370 2392 3629 2454 sacriﬁcia
3659 2393 3915 2462 spiritalia
3940 2408 4038 2447 ae-

2438 2494 2588 2551 Ci-pla
2615 2484 2990 2550 praedicantur,
3021 2494 3075 2537 ut
3105 2483 3384 2553 I’mpbetaa
3419 2486 3752 2540 aununtiant.
3779 2485 3862 2554 (α)
3893 2485 4042 2551 Quo-

2439 2577 2574 2630 niam
2608 2576 2696 2628 etsi
2730 2576 3013 2630 adtuleritis
3035 2618 3048 2640 ,
3072 2578 3261 2646 inquit,
3291 2578 3415 2630 milii
3442 2579 3685 2644 similam,
3710 2595 3894 2632 vanum
3916 2595 4044 2648 sup-

2443 2668 2817 2733 plicamentum,
2849 2679 3248 2721 cxccrantcntunt
3283 2669 3403 2721 milii
3449 2679 3519 2722 cst
3544 2668 3728 2740 (Ibid).
3761 2670 3821 2722 Et
3861 2670 4044 2722 adhuc

2441 2758 2571 2811 dicit
2604 2780 2613 2807 :
2652 2757 3104 2812 Holocaustomata
3147 2770 3192 2812 et
3239 2761 3492 2824 sacriﬁcia
3531 2772 3725 2825 ucstra,
3758 2771 3803 2815 et
3832 2761 4045 2830 adipem

2443 2849 2716 2914 hircorum,
2738 2860 2784 2902 et
2813 2851 3107 2920 sanguinem
3147 2862 3408 2906 liturarum
3448 2853 3565 2906 nolo
3591 2871 3609 2905 :
3641 2869 3731 2906 nec
3755 2853 3798 2905 si
3831 2854 4050 2908 cernatis

2445 2939 2599 2994 rideri
2643 2943 2796 3006 iui/ii;
2840 2944 2951 3010 quis
2979 2945 3110 2995 enim
3151 2945 3414 3011 exquisirit
3439 2946 3548 2998 lucc
3575 2947 3638 2998 de
3666 2945 3894 2998 manibus
3920 2962 4046 2998 ves-

2447 3037 2534 3087 tris
2565 3033 2726 3105 (lbid.
2763 3033 2894 3104 Ii)?
2925 3036 2997 3089 De
3025 3037 3353 3106 spiritalibus
3386 3053 3511 3092 vero
3537 3037 3814 3092 sacriﬁciis
3853 3039 4003 3092 addit
4029 3082 4046 3105 ,

2448 3127 2674 3181 dicens:
2719 3125 2782 3180 Et
2815 3129 2865 3180 in
2910 3130 3046 3180 omni
3089 3129 3199 3182 loco
3237 3130 3490 3198 sacriﬁcia
3536 3131 3724 3184 manda
3766 3130 4055 3197 olferentur

752 3225 1029 3277 vi-rtinnts.
1063 3223 1140 3295 (a)
1175 3223 1431 3293 llenique,
1465 3239 1585 3277 cum
1639 3238 1732 3292 per
1773 3223 1989 3294 Moysen
2022 3223 2071 3276 in
2105 3223 2341 3278 Levitico
2369 3221 2412 3282 C
2449 3221 2640 3274 nomini
2667 3237 2796 3282 meo,
2824 3221 2946 3274 dicit
2976 3221 3240 3276 Dominus.

756 3317 839 3372 lcx
892 3316 1238 3371 ειιιτυνιιυιτιιίς
1287 3316 1755 3380 conscrilieretur,
1824 3316 2128 3370 invenimus
2206 3332 2343 3385 prcc—

755 3411 1016 3475 scriptum
1047 3405 1242 3475 popqu
1262 3404 1465 3470 Isi-acti,
1487 3414 1542 3458 ut
1562 3404 1821 3460 sacriﬁcia
1850 3406 1996 3460 nullo
2029 3406 2080 3458 in
2111 3405 2230 3460 loco
2260 3405 2344 3459 ol-

759 3502 1022 3555 Icrrcntur
1065 3500 1172 3553 Deo
1202 3514 1359 3569 quam
1409 3499 1458 3552 iii
1493 3509 1629 3553 terra
1685 3499 2140 3569 repromissionis,
2183 3517 2343 3571 quam

761 3593 835 3647 Ilo
861 3595 1016 3646 uinus
1049 3592 1186 3645 Deus
1212 3592 1432 3646 daturus
1456 3602 1599 3646 esset
1643 3593 1842 3662 populo
1868 3591 2053 3648 Israeli
2080 3603 2135 3648 ct
2163 3593 2346 3648 fratri-

758 3684 856 3739 bus
882 3699 1102 3739 earnm:
1139 3693 1216 3748 ut,
1246 3683 1551 3737 introducto
1591 3683 1775 3747 Israel,
1806 3684 1913 3737 illic
1943 3685 2347 3741 celebrarentur

756 3777 1015 3832 sacrilicia
1070 3787 1124 3831 et
1193 3777 1500 3830 holocausta
1557 3787 1661 3830 tam
1735 3791 1832 3846 pro
1891 3779 2122 3846 peccatis
2188 3795 2346 3850 quam

759 3887 857 3942 pro
926 3872 1256 3934 animabus,
1311 3881 1366 3924 et
1437 3884 1696 3938 nuSquam
1765 3871 1891 3925 alibi
1947 3874 2046 3926 nisi
2124 3873 2176 3928 in
2241 3886 2350 3928 ter-

760 3981 817 4021 ra
856 3972 1038 4019 sancta
1086 3961 1388 4036 (l)(Deut.
1445 3959 1602 4032 XII).
1637 3962 1746 4016 Cur
1788 3963 1963 4032 itaque
2019 3975 2198 4033 postea
2260 3982 2355 4036 per

761 4057 1052 4127 prophcms
1102 4055 1353 4125 prmum:
1409 4055 1638 4121 Spiritus
1691 4055 1923 4109 futurum
1981 4067 2036 4110 nt
2093 4058 2146 4112 in
2206 4061 2353 4116 omni

764 4159 903 4204 tetra
934 4159 1025 4202 aut
1052 4148 1103 4202 iti
1135 4147 1281 4201 omni
1315 4148 1433 4202 loco
1464 4145 1761 4202 offerantur
1792 4147 2051 4203 sacriﬁcia
2086 4149 2217 4216 Deo,
2249 4153 2354 4207 sic-

3065 3313 3293 3371 CAI'UT
3338 3316 3422 3370 Vl.

2526 3405 2704 3473 Igitur,
2738 3421 2858 3460 cum
2897 3407 3233 3462 manifestum
3266 3409 3336 3462 sit
3362 3418 3417 3463 et
3443 3409 3724 3465 sabbatum
3752 3411 4058 3481 temporale

2451 3513 2745 3568 ostensum,
2771 3515 2825 3559 ct
2851 3504 3129 3559 sabbatum
3158 3515 3414 3559 adet-unm
3455 3505 3785 3573 pra-dictum,
3809 3507 4058 3560 circum-

2453 3596 2706 3650 cisionem
2731 3595 2998 3648 carnalem
3022 3595 3351 3664 praedictam,
3374 3607 3426 3650 ct
3451 3597 3906 3652 circmucisioaem
3934 3599 4028 3667 spi
4046 3627 4061 3639 -

2455 3688 2662 3741 ritalem
2706 3688 3102 3757 prmiudicatam
3128 3731 3141 3752 ,
3175 3689 3344 3758 legem
3375 3703 3586 3758 quoque
3616 3688 3966 3757 temporalem
4006 3700 4067 3745 ct

2455 3779 2628 3849 lcgcm
2653 3780 2969 3833 acternalem
3023 3779 3410 3844 denuntiatum,
3441 3778 3698 3834 sacriﬁcia
3727 3780 3969 3834 carnalia
4012 3791 4068 3836 et

2456 3871 2714 3926 sacriﬁcia
2745 3873 3000 3942 spiritalia
3035 3883 3395 3941 pra-ostensa;
3439 3874 3698 3954 sequitur,
3747 3882 3798 3926 ut
3845 3888 4064 3942 phoce-

2458 3966 2603 4020 denti
2637 3975 2875 4035 tempore
2901 3965 3038 4020 datis
3062 3966 3309 4019 omnibus
3332 3964 3448 4020 istis
3471 3981 3593 4034 prae.
3613 3965 3750 4034 eptis
3765 3965 4066 4019 earnaliter

2462 4059 2656 4128 pnpnlo
2691 4057 2869 4123 Israel,
2902 4059 3271 4127 superveniret
3299 4070 3631 4126 tempusque
3661 4057 3789 4127 legis
3815 4059 4067 4127 antiqua:

2463 4162 2516 4208 ct
2536 4153 2973 4207 caeremoniarum
2998 4163 3231 4206 vctcrttm
3258 4159 3519 4221 praecepta
3542 4160 3893 4214 cessarcttt,et
3912 4165 4070 4205 novte

2103 4264 2479 4323 LISCTIONES
2515 4266 2931 4322 νΑιιιιΝἰΕε.

862 4380 905 4443 1)
929 4379 1240 4443 (“cavatuissc
1271 4380 1405 4443 Pam.
1433 4373 1580 4427 Itltcn.
1619 4377 1780 4427 Obert.

862 4381 905 4443 1)
929 4381 1240 4428 Fouvaluissc
1271 4381 1405 4428 Pam.
1433 4381 1482 4426 Rt

830 4381 904 4508 (2)
933 4442 1051 4492 ιιι...
1077 4441 1296 4492 dedisset
1318 4438 1482 4491 iidem.

2530 4381 2604 4444 (5)
2629 4382 2866 4432 Praedicta
2889 4379 3054 4432 iidem.

2530 4447 2600 4510 (4)
2636 4445 2838 4495 Terram
2879 4453 3091 4494 sanctam
3122 4452 3239 4496 Ven.

2145 4569 2704 4629 COMMENTARIUS.

843 4682 1226 4771 C..-\P._V.—(a)
1253 4682 1478 4771 Denique
1490 4700 1601 4738 cum
1622 4699 1706 4749 per
1725 4681 1934 4771 illogsen
1952 4685 1999 4737 in
2017 4683 2358 4771 LeuiticoV'cl
2389 4687 2438 4746 D
2465 4688 2954 4771 maioremlbostiam
2981 4706 3176 4771 ,iguam
3204 4691 3314 4758 ipse
3358 4691 3643 4771 mandavit,
3668 4690 3959 4771 orationem
4017 4692 4079 4744 de

774 4776 839 4816 ex
873 4754 1500 4820 Itoclocopatetsubindc
1524 4756 1777 4808 memoria
1807 4757 2011 4822 lapsum
2054 4757 2342 4811 Auctorem

780 4834 830 4887 in
854 4827 1082 4884 citandis
1108 4827 1501 4894 Scripturarum
1526 4825 1672 4887 locis,
1707 4841 1827 4878 cum
1861 4825 1959 4879 hoc
1983 4828 2346 4895 praticriptnm

781 4914 1038 4970 nusquam
1068 4899 1119 4952 in
1148 4897 1741 4970 LeviticoreperiaturL
1761 4896 1853 4970 sed
1892 4899 2174 4970 lieutcron.
2234 4898 2349 4952 XII.

783 4967 983 5030 Enilcm
1015 4971 1242 5038 pertinet
1262 4967 1401 5034 quod
1428 4983 1607 5036 sttpra,
1638 4983 1685 5020 c.
1719 4969 1771 5031 '5,
1799 4967 1930 5021 dixit
1958 4987 1970 5019 :
2008 4967 2067 5022 Et
2099 4970 2211 5022 ideo
2234 4971 2355 5023 sub-

783 5058 990 5114 sequcns
1017 5056 1182 5094 sermo
1207 5039 1483 5114 promi-eia},
1518 5048 1622 5092 etc.
1651 5040 1784 5093 Cum
1815 5042 2082 5114 pra-cedat
2110 5057 2168 5093 ea
2202 5043 2362 5108 scrip-

787 5111 901 5170 tura
927 5114 1067 5165 illam
1094 5127 1213 5181 quae
1238 5112 1386 5178 prius
1413 5111 1570 5164 citata
1615 5119 1717 5172 est,
1748 5125 1852 5164 non
1892 5111 2279 5179 subsequatur;
2312 5122 2365 5165 et

787 5188 920 5243 inira
945 5201 956 5235 :
977 5194 1020 5235 et
1039 5183 1157 5236 alibi
1185 5183 1326 5246 dicit,
1343 5195 1463 5251 cum
1482 5182 1668 5236 eniti-tn
1693 5198 1807 5251 cap.
1829 5183 2188 5236 contineatur.
2216 5183 2367 5249 Quod

787 5255 955 5314 si-incl
983 5253 1267 5308 adnotasse
1294 5250 1522 5307 sufﬁciat
1543 5263 1728 5308 contra
1758 5250 1952 5307 scinlns
1974 5254 2253 5322 quosdam,
2279 5254 2371 5323 qui

789 5325 1277 5396 IltlltltllfﬂIItltIllt‘l‘c
1304 5324 1353 5396 ill
1382 5325 1619 5391 patribus
1633 5329 1898 5396 ἁμάρτημα
1911 5337 2210 5391 μνημονικὸν.
2234 5325 2369 5378 Ριιι.

791 5431 861 5442 ——
887 5401 943 5451 In
977 5395 1214 5450 Leuitico.
1246 5395 1628 5464 Aglosscmatc
1660 5395 1894 5465 proiecta
1915 5397 2027 5450 Incc
2057 5397 2211 5451 verba
2231 5406 2375 5465 putat

794 5470 1032 5527 Latinius
1064 5485 1076 5519 :
1112 5476 1239 5520 sunt
1263 5467 1404 5519 enim
1437 5471 1486 5520 iti
1522 5468 1953 5521 Deuteronomio.
1977 5469 2144 5522 Snus.

866 5542 948 5614 (b)
979 5538 1244 5614 Angeluin.
1273 5537 1556 5614 Malacliias
1581 5538 1789 5610 angelus
1831 5553 1950 5614 seuA
1970 5542 2178 5614 nuntius
2205 5540 2344 5614 inter

798 5608 1058 5683 pri-tatur.
1084 5608 1237 5683 Quod
1275 5609 1547 5683 subiunxit
1577 5651 1590 5673 ,
1620 5608 1775 5683 unum
1802 5626 1862 5664 ea:
1897 5609 1957 5664 l2
1988 5608 2246 5682 prapltetis
2267 5651 2280 5675 ,
2313 5610 2380 5665 de

802 5680 1093 5738 minoribus
1123 5689 1203 5732 est
1226 5680 1643 5749 intelligendum.
1673 5680 1807 5734 Eoo.

875 5754 950 5824 (c)
980 5750 1129 5824 Quod
1140 5766 1252 5824 non
1271 5752 1486 5824 terrenis
1524 5753 1809 5824 sacriﬁciis,
1831 5752 1926 5824 sed
1941 5750 2252 5824 spiritalibus
2281 5752 2388 5806 Deo

821 5821 1077 5878 itanllum.
1114 5822 1243 5876 llinc
1269 5821 1356 5874 illa
1387 5823 1438 5876 in
1471 5823 1816 5892 Apologetico
1846 5842 1858 5877 '.
1891 5821 2067 5891 0/fcro
2091 5823 2314 5892 opimam
2343 5835 2390 5878 et

2451 4777 2602 4818 carne
2625 4759 2826 4825 pudica,
2855 4761 2917 4811 de
2933 4761 3103 4813 anima
3121 4762 3396 4825 innocenti,
3417 4763 3480 4814 de
3504 4762 3701 4831 Spiritu
3722 4760 3920 4815 Sancto
3946 4779 4074 4831 pro-

2454 4837 2672 4905 fectam,
2707 4841 2813 4884 etc.
2861 4831 3151 4905 Et_Iil_tellu
3190 4831 3255 4885 ad
3304 4833 3636 4905 Scapulam;
3690 4832 4070 4905 Sacriﬁcantus

2455 4901 2704 4976 quomodo
2734 4902 2970 4976 priccepit
3007 4902 3164 4976 Deus,
3213 4919 3343 4972 pura
3381 4920 3546 4976 prece.
3584 4903 3652 4959 Et
3692 4904 3782 4976 lib.
3813 4904 3888 4958 de
3916 4905 4030 4958 Ora
4052 4936 4064 4944 -

2461 4973 2627 5034 tione,
2660 4976 2748 5025 tibi
2797 4973 2864 5026 de
2905 4974 3235 5027 orationibus
3281 4974 3707 5039 sacriﬁciorum,
3759 4975 3812 5028 in
3858 4977 4066 5044 quibus

2467 5046 2729 5113 accipitur
2758 5058 2956 5112 corpus
2989 5045 3214 5098 Domini.
3255 5044 3320 5098 Et
3363 5047 3452 5100 lib.
3486 5044 3555 5100 de
3598 5045 3822 5113 Jt-juniis
3871 5064 3884 5097 :
3946 5045 4074 5099 Uter:

2470 5119 2560 5172 erit
2590 5118 2735 5169 statio
2767 5132 2899 5176 sera,
2923 5131 3035 5184 qua:
3060 5117 3127 5168 ad
3156 5132 3412 5182 vesperam
3442 5117 3707 5185 iejunans,
3741 5117 4072 5185 pinguiorem

2472 5190 2751 5240 orationem
2784 5187 2894 5240 Deo
2940 5190 3189 5240 immolat.
3216 5188 3481 5241 (luiturum
3521 5187 3807 5242 observare
3835 5200 3927 5241 est
3959 5189 4074 5240 Iu-c

2478 5258 2784 5314 Tertulliani
2834 5272 2940 5312 non
2992 5273 3084 5322 per
3113 5259 3288 5311 omnia
3335 5259 3630 5328 convenire
3674 5272 3793 5312 cum
3843 5259 3913 5311 ἰὶς
3959 5275 4080 5328 qua:

2477 5331 2613 5400 apud
2641 5329 2899 5384 Irenaeum
2942 5331 3186 5399 leguntur
3213 5329 3308 5383 lib.
3341 5327 3430 5394 IV,
3462 5344 3580 5399 cap.
3613 5330 3686 5385 55
3715 5340 3770 5382 ct
3795 5329 3884 5383 δι.
3921 5327 4047 5384 Ric.

2554 5445 2631 5513 (d)
2676 5444 2929 5509 Quoniam
2962 5444 3054 5496 etsi
3081 5442 3394 5513 adtuleritis,
3427 5441 3611 5513 inquit,
3657 5440 3782 5494 milii
3829 5441 4080 5513 similam.

2482 5510 2665 5571 Simila
2711 5517 2825 5569 sive
2877 5516 3120 5580 simitago
3166 5523 3250 5567 est
3291 5512 3455 5566 farina
3496 5510 3534 5567 'e
3577 5514 3754 5573 tritico
3802 5510 4083 5566 communi

2487 5613 2643 5667 facta.
2681 5611 2919 5666 llebrmi;
2951 5611 3122 5664 simila
3151 5622 3234 5664 est
3261 5587 3384 5665 rbi:
3425 5609 3628 5664 Grzccis
3651 5619 3730 5664 est
3755 5613 4010 5677 σεμίδαλις
4035 5609 4084 5661 in

2492 5685 2740 5738 versione
2773 5683 2936 5737 latina
2964 5682 3274 5746 sacriﬁcium
3307 5683 3532 5735 habetur
3561 5682 3612 5734 in
3655 5682 3756 5734 IIOC
3788 5680 3939 5742 loco,
3969 5679 4092 5734 licet

2493 5755 2684 5810 simila:
2720 5770 2916 5809 nomen
2963 5754 3080 5808 aliis
3121 5755 3171 5806 in
3215 5755 3348 5808 locis
3375 5763 3683 5820 usurpetur,
3729 5751 3993 5807 nimirum
4037 5751 4088 5804 in

2497 5826 2633 5882 Gen.
2667 5843 2787 5895 cap.
2823 5822 3016 5892 XVIII,
3045 5835 3098 5879 ct
3129 5826 3258 5880 I..ev.
3288 5840 3407 5896 cap.
3441 5821 3504 5878 Il.
3535 5822 3610 5878 Le.
3641 5823 3733 5877 Pa.
