4270 6498
239 392 347 446 615

1386 390 1592 446 LIBER
1630 390 1997 446 ADVERSUS
2032 390 2335 446 JUDASUS.

3437 390 3539 445 (ili

240 519 285 559 cl
316 525 472 576 super
500 510 749 563 civitatein
778 518 1022 571 sanetum,
1056 508 1383 577 quoadusque
1417 508 1715 561 inveteretur
1742 506 1832 561 de-
1862 511 1913 569 Α
1942 507 1993 560 in
2038 507 2150 575 ipso
2190 516 2429 576 tempore
2464 504 2762 560 ostenditur
2794 505 2997 560 Danieli
3046 507 3183 559 visio
3221 507 3352 575 ipsa.
3405 506 3544 559 Dicit

238 604 436 666 licium,
481 614 526 657 et
571 604 832 674 signentur
858 612 1080 673 peccata,
1113 613 1161 655 et
1188 612 1459 656 exorentur
1484 602 1762 671 injustitiat,
1792 611 1837 655 et

253 697 527 749 ii.di.catnr
575 699 769 759 iustitia
798 710 1006 760 (eterna,
1036 706 1087 749 ut
1131 707 1176 750 et
1218 696 1297 767 (1)
1336 699 1562 767 signetur
1610 698 1732 749 visio
1792 708 1837 749 et

239 790 525 857 prophetes,
554 801 601 843 et
623 799 676 843 ut
704 801 923 860 ungatur
940 790 1161 844 Sanctus
1188 799 1497 843 sanctorum.
1530 786 1597 841 Et
1622 788 1766 849 scies,
1792 797 1838 840 et

242 882 515 948 perspicies
536 894 580 935 et
603 883 848 953 intelliges
868 899 899 934 (ι
920 882 1228 951 profectione
1250 882 1515 946 sermonis,
1541 880 1839 951 integrando

237 983 280 1025 et
314 975 671 1040 rewdi/icando
704 974 1023 1028 Hierusalem
1056 992 1210 1045 usque
1254 976 1320 1027 ad
1348 975 1603 1028 Christum
1633 974 1833 1037 ducem,

240 1064 585 1118 hebdomadas
614 1074 803 1134 septem
832 1076 879 1118 et
907 1066 1194 1132 dimidiam,
1226 1078 1269 1120 et
1292 1067 1608 1137 septuaginta
1638 1067 1766 1118 duas
1790 1076 1838 1120 et

242 1157 509 1209 dimidiam
537 1172 553 1211 .'
581 1168 627 1211 et
672 1167 939 1221 convertet,
973 1169 1016 1211 et
1059 1159 1392 1226 (mli/imbitur
1422 1160 1471 1213 in
1501 1159 1748 1223 lwtitiam,
1792 1168 1839 1211 et

245 1249 689 1314 cuiirallatiouini,
721 1262 767 1303 et
793 1251 1163 1303 innovabantur
1190 1263 1415 1321 tempora
1442 1266 1457 1303 :
1492 1262 1535 1303 et
1577 1262 1685 1320 post
1719 1252 1837 1305 heb-

236 1341 485 1393 domadas
516 1342 605 1394 has
630 1343 943 1413 septuaginta
971 1344 1119 1409 ditas,
1150 1353 1195 1396 et
1222 1343 1835 1410 exterminabiturunctio,

243 1446 288 1487 c!
323 1452 425 1487 non
469 1435 562 1488 erit
602 1450 619 1486 :
649 1444 694 1487 et
725 1436 973 1489 civitatem
1002 1447 1046 1488 et
1086 1446 1317 1489 sanctum
1358 1436 1701 1489 extrrminabit
1727 1453 1841 1490 cum

237 1530 366 1581 dae:
394 1530 707 1593 adveniente,
736 1539 781 1582 et
812 1529 1139 1583 concidentur
1166 1531 1422 1597 quomodo
1453 1533 1504 1585 in
1533 1536 1841 1601 cataclgsino

239 1638 398 1689 usque
416 1621 645 1688 adfinem
666 1621 800 1687 belli,
824 1621 959 1692 quod
981 1622 1271 1675 concidctur
1298 1640 1457 1693 usque
1477 1625 1542 1675 ad
1562 1624 1837 1676 interitum.

241 1715 307 1767 lit
338 1716 656 1783 conﬁrmabit
683 1726 1029 1769 testamentum
1059 1716 1109 1769 in
1155 1716 1234 1787 (it)
1276 1718 1467 1771 multis.
1508 1715 1841 1770 lleldomada

239 1825 343 1859 ina
374 1818 417 1859 et
444 1807 658 1859 dimidia
687 1806 1033 1872 hebdomadis,
1058 1810 1317 1878 auferetur
1345 1826 1505 1861 meum
1534 1810 1839 1877 sacriﬁcium

1942 599 2119 652 enini:
2154 597 2219 651 Et
2239 598 2479 669 intelligo,
2510 609 2557 651 et
2587 599 2781 669 conjice
2803 600 2872 651 ad
2903 600 3256 668 perfectionem
3309 600 3388 671 (7)
3432 617 3537 654 ser-

1943 691 2105 743 monis
2126 691 2458 759 respondente
2482 688 2561 760 (8)
2580 707 2656 744 me
2698 691 2786 743 tibi
2826 691 2951 744 lucc.
2982 690 3131 745 Unde
3155 706 3183 744 a
3211 694 3380 761 primo
3400 707 3543 745 anno

1947 782 2086 836 Darii
2116 782 2372 836 debemus
2399 794 2733 851 computare,
2753 783 2963 853 quando
2984 784 3117 839 hanc
3137 785 3390 838 visionem
3416 786 3544 841 vidit

1952 872 2159 927 Daniel.
2194 872 2479 928 Videamus
2501 874 2659 943 igitur
2679 876 2800 928 anni
2823 877 3091 944 quomodo
3123 875 3204 947 (9)
3224 877 3542 945 impleantur

1946 984 2111 1037 usque
2159 967 2225 1020 ad
2297 967 2585 1022 adventum
2634 968 2851 1023 Christi.
2904 969 3090 1023 Darius
3162 972 3302 1024 enim
3355 986 3542 1040 regna-

1946 1061 2019 1114 vit
2045 1063 2197 1115 annis
2225 1077 2351 1121 xix;
2390 1064 2717 1117 Artaxerxes
2760 1064 2995 1132 regnavit
3036 1064 3188 1116 annis
3219 1080 3315 1117 xi.:
3351 1064 3540 1119 deinde

1946 1171 2037 1208 rex
2089 1154 2290 1218 Ochus,
2333 1156 2423 1225 qui
2476 1165 2528 1211 et
2575 1157 2781 1229 Cyrus,
2868 1160 3106 1228 regnavit
3169 1162 3322 1213 anuis
3379 1177 3535 1226 xxiv;

1951 1250 2123 1319 Argus
2150 1250 2223 1319 (b)
2252 1266 2392 1305 anno
2420 1266 2552 1315 uno;
2583 1252 2719 1306 alius
2752 1253 2956 1319 Darius,
2986 1254 3073 1323 qui
3098 1263 3146 1307 et
3180 1254 3339 1308 Melas
3370 1254 3541 1309 iiouii-

1946 1352 2099 1396 natus
2138 1353 2239 1409 est,
2286 1345 2437 1398 annis
2484 1360 2624 1409 xxii;
2664 1346 2736 1414 (ε)
2784 1347 3091 1402 Alexander
3129 1347 3344 1402 Macedo
3388 1352 3540 1403 annis

1945 1436 2248 1491 duodecim.
2286 1438 2486 1493 Deinde
2521 1448 2638 1507 post
2665 1439 3047 1505 Alexandrum,
3080 1442 3168 1510 qui
3200 1452 3253 1494 et
3295 1440 3462 1494 Medis
3490 1450 3540 1493 et

1952 1530 2129 1585 Persis
2160 1541 2576 1597 regiiarat,quos
2609 1533 2863 1585 i'evicerat
2897 1532 3037 1601 (i0),
3064 1534 3190 1587 etin
3220 1533 3539 1587 Alexandria

1947 1637 2170 1691 regnum
2198 1636 2350 1675 suum
2382 1624 2707 1685 ﬁrmaverat,
2740 1625 2951 1691 quando
2977 1634 3029 1677 et
3060 1624 3272 1677 nomine
3296 1640 3393 1677 suo
3421 1639 3539 1677 eam

1945 1714 2255 1785 appellavit.
2307 1714 2495 1767 Postea
2548 1711 2661 1784 (11)
2700 1716 2940 1782 regnavit
2982 1715 3085 1768 iilic
3122 1716 3171 1768 in
3216 1715 3539 1770 Alexandria

1944 1808 2100 1863 Sotcr
2123 1807 2279 1860 annis
2302 1821 2479 1869 xxxv;
2499 1806 2582 1859 cui
2612 1806 2903 1859 succiduas
2927 1806 3323 1875 Philadelphus,
3354 1822 3541 1876 regna-

239 1910 285 1950 rt
315 1899 512 1961 Iibatio,
543 1908 589 1951 et
614 1900 664 1952 in
695 1911 869 1952 sancto
898 1902 1148 1953 execratio
1180 1902 1490 1967 vastationis,
1516 1912 1561 1955 et
1589 1919 1745 1967 usque
1769 1904 1835 1957 ad
1865 1908 1910 1967 Β
1940 1900 2012 1953 vit
2041 1899 2195 1953 annis
2219 1898 2431 1966 triginta
2460 1912 2650 1951 novem
2680 1898 2777 1966 (il).
2808 1897 2938 1952 lluic
2965 1899 3203 1952 succedit
3228 1900 3535 1966 {ivi-rge'ies,

240 2000 397 2063 finem
430 1998 667 2069 temporis
708 1998 1075 2052 consummatio
1112 1998 1313 2050 dubitur
1342 2014 1495 2068 super
1537 1999 1633 2052 hac
1675 2010 1837 2053 vasta-

241 2092 396 2145 tione
432 2090 934 2145 Aniiuadvertamus
964 2092 1119 2160 igitur
1153 2092 1459 2155 terminum,
1492 2091 1761 2160 qumnodo
1786 2094 1836 2146 iu

238 2199 370 2236 vero
412 2183 657 2253 pra'dixit
716 2184 793 2253 (5)
834 2184 1168 2252 septuaginta
1216 2182 1576 2237 iti'itdtmlﬂtitts
1613 2182 1835 2249 futurae,

242 2277 509 2345 inquibus
531 2278 573 2329 si
594 2278 885 2345 receperint
905 2293 1047 2339 eum,
1069 2276 1418 2329 u-dilicahitur
1437 2276 1485 2329 in
1508 2276 1837 2331 latitudinem

239 2390 249 2417 ι
276 2379 294 2420 t
325 2371 372 2421 ia
409 2368 814 2438 longitudinem,
842 2379 889 2421 et
924 2368 1320 2423 iiuiovahuntur
1347 2377 1606 2437 tempora.
1650 2367 1838 2421 Provi-

238 2463 376 2516 deus
404 2473 580 2517 autem
617 2464 754 2517 licus
782 2464 904 2533 quid
961 2474 1103 2517 esset
1156 2463 1429 2527 futurum,
1484 2472 1537 2517 et
1590 2462 1838 2532 quoniam

247 2571 355 2608 non
417 2564 499 2608 tau
531 2572 616 2608 um
672 2571 773 2608 non
830 2554 1084 2623 recipient
1128 2570 1249 2608 enin
1283 2596 1297 2618 ,
1352 2570 1534 2608 verum
1587 2564 1641 2608 et
1698 2556 1839 2609 iuse-

243 2656 497 2711 qinrntur,
548 2656 600 2699 et
642 2646 849 2699 tradi-nt
878 2662 1000 2699 cum
1048 2647 1225 2710 morti,
1264 2656 1317 2701 et
1359 2647 1741 2716 recapitufavit.
1788 2657 1840 2699 et

238 2734 412 2789 dixit:
449 2735 505 2789 In
532 2737 801 2806 sexaginta
830 2738 1033 2790 duabus
1064 2737 1485 2791 hebdomadibus
1516 2739 1659 2791 nasci
1692 2737 1837 2791 illiiui

247 2841 296 2881 et
344 2830 466 2897 ungi
494 2828 745 2883 Sanctum
789 2841 1123 2895 sani-turum;
1157 2830 1514 2885 liebdnmadcs
1544 2842 1719 2885 autem
1767 2848 1838 2885 vn

237 2932 293 2972 iet
342 2921 558 2974 dimidia
606 2937 725 2975 cum
770 2923 1139 2993 impleieatiir,
1198 2924 1303 2991 pati
1345 2922 1561 2987 habere,
1608 2932 1662 2977 et
1705 2924 1837 2978 civi-

236 3021 402 3067 tatein
444 3014 790 3068 exterminari
844 3024 962 3082 post
1010 3031 1167 3068 unam
1209 3024 1263 3069 et
1306 3012 1578 3068 dimidiam
1634 3015 1837 3069 hebdo-

246 3105 482 3168 inadain,
514 3123 618 3174 quo
645 3106 851 3160 scilicet
900 3105 979 3175 (4)
1027 3113 1264 3174 tempore
1314 3116 1516 3175 septem
1544 3115 1596 3159 et
1623 3106 1837 3160 dimidia

236 3198 591 3253 hebdomadai
630 3198 909 3267 coinpletie
939 3208 1081 3251 sunt.
1114 3198 1249 3252 Dicit
1287 3198 1429 3253 enim
1466 3199 1576 3253 sic:
1630 3198 1692 3251 Et
1720 3200 1837 3252 rivi-

1943 1992 2098 2048 auuis
2128 2008 2265 2057 xxv;
2296 1991 2490 2046 deinde
2538 1991 2845 2061 Philopator
2875 1993 3029 2046 annis
3071 2007 3216 2057 xvii;
3252 2003 3371 2061 post
3402 1992 3542 2048 hunc

1946 2087 2251 2158 Epiphanes
2293 2088 2446 2139 anuis
2480 2102 2630 2148 xxiv;
2682 2086 2805 2139 item
2851 2087 2987 2139 alius
3036 2086 3343 2155 livergi-tes,
3389 2087 3542 2140 annis

1947 2196 2098 2245 xxix,
2130 2180 2287 2233 Soter
2312 2178 2465 2230 anuis
2496 2192 2726 2242 xxxvm,
2764 2176 3085 2233 Ptolemaeus
3116 2178 3269 2231 annis
3312 2194 3538 2241 xxxviii,

1941 2273 2223 2341 Cleopatra
2246 2272 2399 2325 anuis
2416 2287 2448 2325 x
2461 2287 2507 2333 x,
2532 2272 2804 2324 mensibus
2821 2286 2891 2324 vi.
2910 2270 3040 2325 Item
3059 2270 3235 2327 adhuc
3258 2274 3540 2342 Cle0patra

1944 2365 2290 2435 eonreguavit
2314 2365 2553 2433 Augusto
2580 2364 2732 2416 annis
2762 2378 2880 2428 xiii,
2931 2374 3048 2433 post
3074 2366 3407 2434 Cleopatram
3437 2366 3543 2420 Ati-

1942 2471 2128 2529 giistiis
2155 2459 2273 2513 aliis
2301 2459 2456 2512 anuis
2489 2473 2641 2512 xuii.
2664 2456 2795 2511 Nam
2825 2473 3011 2513 omnes
3037 2460 3161 2512 anni
3195 2459 3399 2527 imperii
3430 2460 3541 2513 Au-

1942 2554 2103 2624 gusti,
2124 2552 2333 2606 iuerunt
2362 2550 2484 2603 anni
2509 2566 2611 2604 LVI.
2641 2550 2897 2605 Videmus
2933 2563 3109 2606 autem
3139 2553 3387 2622 quoniam
3412 2569 3543 2623 qua-

1943 2647 2244 2717 diagesuno
2263 2658 2309 2700 et
2334 2645 2504 2715 primo
2540 2660 2682 2697 anno
2705 2644 2911 2713 imperii
2940 2646 3159 2715 Augusti
3193 2646 3284 2708 le),
3308 2644 3542 2715 queui)

1945 2749 2061 2807 post
2092 2748 2319 2793 mortem
2348 2738 2645 2807 Cleopatra:
2677 2739 2979 2806 imperavit,
3010 2740 3244 2792 nascitur
3274 2738 3538 2794 Christus.

1947 2832 2009 2886 ιει
2024 2830 2317 2900 supervixit
2341 2830 2477 2883 idem
2498 2832 2789 2899 Augustus,
2809 2846 2874 2885 ex
2893 2847 2995 2901 quo
3020 2832 3257 2886 nascitur
3273 2829 3539 2899 Christus,

1943 2923 2099 2977 anuis
2122 2937 2217 2976 xv.
2252 2920 2320 2992 (f)
2367 2921 2434 2975 Et
2471 2932 2629 2976 erunt
2656 2921 2858 2992 reliqua
2890 2933 3128 2993 tempora
3190 2939 3453 2978 annorum
3491 2924 3541 2978 in

1946 3018 2091 3071 diem
2137 3016 2427 3070 nativitatis
2471 3014 2668 3069 Christi
2697 3015 2822 3069 anni
2867 3032 2974 3069 xu.
3009 3015 3331 3071 Efﬁeiuntur
3360 3026 3539 3073 autem

1951 3112 2074 3164 anni
2112 3123 2445 3171 ccccxxxvu,
2481 3122 2693 3162 nienses
2717 3122 2789 3161 νι.
2844 3106 2992 3161 Unde
3055 3108 3267 3177 ﬂiiiltlplt
3290 3121 3411 3163 mur
3440 3126 3544 3165 uti

1945 3199 2291 3257 hebdomadie
2304 3209 2356 3254 ct
2369 3198 2604 3263 dimidia,
2628 3215 2743 3267 qua:
2758 3198 2997 3253 efﬁciunt
3014 3215 3186 3256 annos
3200 3216 3325 3255 cccc
3337 3218 3365 3254 x
3378 3219 3400 3254 v
3412 3218 3540 3266 xvii,

237 3303 391 3347 tatem
419 3303 467 3346 et
494 3304 719 3346 sanetum
747 3293 1069 3347 exterminari
1098 3310 1214 3345 cum
1231 3293 1356 3347 duce
1370 3302 1597 3358 venturo,
1616 3295 1841 3349 etconci-
1869 3298 1913 3360 C
1950 3310 2162 3351 nienses
2193 3310 2264 3359 vl,
2292 3295 2342 3347 iii
2374 3293 2512 3347 diem
2547 3293 2833 3347 nativitatis
2858 3292 3079 3347 Christi.
3112 3292 3178 3347 Et
3210 3294 3541 3349 manifestata

240 3390 428 3439 dentur
449 3388 573 3439 sicut
597 3388 645 3439 in
667 3388 995 3456 catae/gsnio,
1012 3396 1055 3439 et
1079 3385 1297 3440 destruet
1317 3388 1644 3455 pinnaculum
1682 3404 1839 3458 usque

241 3480 312 3531 ad
344 3477 1060 3548 interitum.(a)Uni|eigitur
1087 3478 1417 3533 ostendimus
1466 3478 1546 3549 (5)
1586 3480 1834 3545 quoniam

231 3574 387 3629 venit
429 3574 670 3627 Christus
699 3574 832 3626 intra
867 3588 994 3635 ini,
1029 3582 1083 3626 et
1121 3570 1393 3626 dimidiam
1436 3571 1837 3627 hebdomadas?

232 3666 647 3722 Numerabimus
665 3677 839 3721 autem
859 3680 887 3718 a
903 3665 1075 3736 primo
1109 3678 1252 3719 anno
1283 3663 1446 3732 Darii,
1467 3664 1736 3735 quomodo
1754 3664 1835 3737 (6)

1941 3399 2019 3443 est
2048 3388 2248 3458 iustitia
2279 3396 2498 3451 asterna,
2532 3395 2583 3438 et
2619 3396 2807 3438 unctus
2836 3397 2913 3439 est
2947 3384 3176 3439 Sanctus
3212 3395 3539 3452 sanctorum,

1942 3483 1991 3536 id
2034 3491 2116 3536 est
2166 3479 2440 3543 Christus;
2498 3488 2549 3530 et
2599 3480 2802 3547 signata
2850 3486 2932 3533 est
2970 3480 3103 3533 visio
3132 3490 3184 3533 et
3235 3480 3535 3548 prophetia,

1940 3584 1994 3627 et
2047 3571 2262 3626 dimissa
2308 3578 2429 3621 sunt
2484 3579 2718 3638 peccata,
2781 3584 2899 3638 qu.e
2958 3585 3051 3638 per
3100 3570 3256 3624 tidem
3307 3571 3542 3625 nominis

1940 3662 2158 3727 Christi,
2186 3661 2433 3716 omnibus
2459 3661 2510 3714 in
2533 3676 2653 3715 eum
2668 3660 3011 3717 credentibus
3032 3663 3372 3718 remittuntur
3392 3664 3536 3736 (15).

1461 3777 1845 3836 LECTIONES
1884 3774 2297 3835 VARIANTES.

300 3876 316 3935 (
330 3873 376 3995 I;
402 3874 462 3923 Et
486 3881 537 3923 ut
557 3872 721 3924 iidem.

301 3938 353 3995 (2
403 3936 455 3985 In
479 3937 607 3987 abest
633 3937 721 3986 Frc

301 3936 374 3996 (2)
403 3936 455 3985 In
479 3937 607 3987 abest
633 3937 784 3986 Fran.

299 3993 375 4063 (ὃ)
400 3997 457 4063 in
482 4000 630 4047 verbo
652 4011 772 4063 quas
795 3997 919 4063 dixit
938 3994 1087 4047 Rhea.
1116 3993 1310 4047 Oberth.

306 4058 375 4123 (ι)
400 4060 642 4123 't‘eiuporc
665 4058 980 4123 otiiitt._Piii_ti.

321 4118 373 4191 .3)
399 4118 1049 4191 Qsteiidemusaliihabent.
1080 4181 1140 4191 ω
1307 4182 1317 4191 ⁸

322 4183 373 4243 is)
400 4186 634 4243 Quoniam
658 4184 765 4235 cod.
794 4183 981 4235 Dieion.
1009 4190 1050 4233 ct
1072 4183 1273 4233 Hieron.
1301 4183 1348 4232 in
1378 4184 1499 4232 Dan.
1527 4183 1603 4233 IX.

299 4243 374 4308 (7)
399 4249 441 4295 A
468 4249 764 4307 profectione
790 4250 942 4298 Πιιεη.
972 4243 1166 4295 ()berth.
1193 4249 1234 4308 Α
1256 4259 1357 4308 pro;
1380 4247 1629 4296 lietatioue
1653 4260 1835 4297 sermo-

237 4307 317 4362 nis
342 4307 620 4374 hujusuude
644 4325 670 4359 a
696 4314 865 4373 prauo,
914 4318 1009 4360 etc.
1036 4312 1145 4359 co.t.
1174 4307 1364 4359 Divion.
1390 4313 1431 4357 Λ
1457 4310 1832 4372 prephetatione

1949 3872 2193 3941 sermonis
2210 3871 2353 3941 hujus
2368 3870 2497 3941 unde
2522 3883 2550 3941 a
2582 3874 2763 3941 primo,
2789 3880 2877 3923 etc.
2904 3875 3014 3925 cod.
3042 3872 3234 3926 Dii'ion.
3262 3874 3301 3925 Α
3330 3878 3541 3941 prophe-

1947 3937 2137 4004 tai‘ioue‘
2151 3932 2330 4004 legitur
2350 3939 2396 3983 et
2416 3934 2549 4004 apud
2574 3932 2777 3986 Hieron.

2026 3998 2076 4059 8)
2108 3993 2425 4058 lies-pondere
2444 3993 2534 4045 iid.

2026 4059 2075 4121 9)
2105 4060 2337 4121 Quoniam
2366 4066 2512 4121 Fran.

2004 4117 2106 4184 (10)
2128 4119 2394 4184 Doricerat
2412 4122 2457 4167 Η
2465 4117 2615 4169 ierou.
2643 4121 2763 4169 Jun.

2004 4181 2044 4241 il
2062 4185 2077 4247 t
2088 4181 2104 4247 )
2127 4181 2451 4247 Posteaabest
2467 4196 2497 4232 a
2529 4186 2646 4233 Ven.

2008 4244 2108 4309 (t2)
2136 4246 2223 4304 Qui
2246 4246 2290 4294 11
2297 4244 2449 4295 ieron.

2004 4305 2108 4373 (15)
2134 4309 2433 4358 'l'ribauntur
2450 4305 2599 4359 Ithen.

1574 4392 2132 4449 COMMENTARIUS.

307 4509 387 4578 (η)
433 4508 579 4564 Unde
613 4509 767 4580 igitur
808 4510 1114 4563 ostendimus
1152 4510 1391 4573 quoniam
1418 4508 1547 4561 venit
1596 4506 1829 4564 Christus

229 4581 373 4634 intra
425 4582 850 4651 septuagesimum
916 4593 961 4635 et
1014 4582 1279 4633 dimidiam
1333 4580 1569 4634 liebilom.
1604 4583 1829 4651 Auctor

1934 4508 2152 4590 Eurum,
2185 4508 2521 4590 etHSulpicio
2568 4509 2767 4565 Severo
2808 4511 2974 4590 (ΙΙίδι.
3018 4531 3196 4590 sacrte,
3223 4516 3315 4590 lib.
3346 4517 3435 4590 ll),
3478 4531 3531 4575 et

1936 4581 2126 4659 Clossa
2154 4581 2431 4659 _oriliiiaria
2473 4597 2566 4659 pro
2614 4597 2679 4635 eo
2707 4584 2843 4651 quod
2878 4593 3051 4659 antea,
3083 4595 3134 4637 et
3181 4587 3266 4641 hic
3297 4600 3347 4641 cl
3391 4581 3529 4659 apud

230 4654 436 4718 Quaest.
467 4669 532 4706 ex
562 4650 843 4726 vet._'l‘esi.
873 4668 992 4721 qua:
1015 4653 1236 4726 adjecta:
1264 4663 1384 4726 sunt
1416 4651 1564 4726 Tum.
1693 4652 1829 4726 Upe-
1856 4667 1907 4726 D
1940 4652 2257 4726 t’ouiwrium
2282 4650 2558 4706 decennl'lt
2580 4667 2792 4719 possunt
2819 4656 3131 4709 eiuicordari
3158 4674 3277 4711 cum
3309 4650 3526 4717 Eiiebii

230 4739 355 4777 l‘llttl
415 4724 726 4793 Augustini:
785 4726 822 4775 Λ
875 4734 1096 4785 tempore
1143 4723 1292 4791 primi
1329 4726 1451 4776 anui
1494 4722 1635 4793 Darii
1689 4724 1826 4793 regis

238 4792 516 4848 Persarum
545 4811 701 4863 usque
725 4797 791 4846 ad
814 4797 1121 4847 nativitatem
1150 4806 1193 4845 et
1219 4795 1499 4861 passionem
1532 4792 1753 4857 Domini,
1780 4805 1827 4848 et

228 4876 276 4918 et
326 4867 579 4919 excidium
622 4863 942 4918 Hierusalem
988 4864 1121 4930 quod
1163 4869 1350 4934 factum
1398 4875 1466 4916 est
1508 4882 1596 4933 per
1638 4863 1825 4928 Vespa-

227 4938 434 4989 sianum
484 4936 685 5003 imperii
726 4938 923 4990 romani
965 4937 1261 5005 principem,
1294 4937 1513 5005 impletiv
1556 4946 1669 4989 sunt
1704 4934 1825 4987 heb.

227 5008 468 5061 domada:
506 5008 843 5077 septuaginta,
872 5024 983 5074 qua:
1005 5018 1119 5060 sunt
1149 5009 1269 5060 anni
1300 5022 1525 5070 ccccxc,
1556 5008 1643 5077 qui
1687 5023 1825 5058 roni-

228 5090 385 5147 pntus
417 5097 504 5149 per
535 5096 690 5149 regna
720 5089 775 5149 et,
812 5096 900 5147 per
938 5079 1274 5132 successiones
1305 5080 1501 5147 imperii
1530 5078 1827 5147 manifestus

226 5162 323 5214 est,
370 5148 621 5219 quomodo
672 5166 703 5203 η
737 5148 1050 5204 Tertulliano
1089 5160 1433 5209 conmutatum
1476 5151 1727 5202 invenitur
1772 5150 1824 5201 in

226 5224 361 5275 libro
391 5238 540 5290 quem
564 5221 764 5291 scripsit
806 5222 1045 5275 adversus
1070 5220 1278 5273 Judieos
1306 5238 1317 5273 :
1343 5220 1477 5288 quod
1519 5237 1581 5273 ne
1606 5220 1672 5272 ad
1694 5219 1827 5289 inju-

226 5310 361 5345 rnnn
404 5293 514 5359 eius
561 5297 845 5362 proficeret.
878 5294 997 5361 quia
1042 5292 1164 5345 bene
1197 5292 1501 5360 computavit
1544 5292 1827 5355 ριηιιρνυιὲ·

224 5365 407 5417 simus.
444 5364 507 5417 Et
550 5365 661 5432 quis
709 5362 927 5433 ambigat
972 5365 1033 5416 de
1066 5364 1159 5415 hoc
1198 5379 1423 5425 numero,
1468 5378 1580 5413 cum
1620 5362 1827 5415 trecenti

224 5436 429 5487 cirriter
453 5439 570 5488 anni
599 5451 729 5487 nunc
749 5451 901 5503 super
923 5435 1053 5488 hunc
1084 5450 1344 5487 numerum
1370 5433 1722 5485 inveniantur?
1750 5434 1822 5487 Ex

225 5505 421 5573 quibus
447 5505 622 5559 verbis
639 5507 903 5575 colligitur
922 5517 1048 5559 intus
1072 5506 1228 5574 hujus
1248 5505 1524 5573 scripturis
1551 5504 1825 5572 aliquanto

226 5576 477 5643 :-iipeii~r
513 5578 826 5646 .\iigii~tino.
852 5578 965 5634 ltro.

305 5646 389 5713 (b)
421 5647 585 5717 .trgus
615 5664 749 5701 anno
780 5665 901 5702 uno.
955 5650 1036 5701 Ab
1090 5646 1319 5701 Eusebio
1351 5654 1679 5715 nuncupatur
1728 5647 1827 5701 iste

226 5719 403 5781 Arses,
436 5734 465 5770 a
498 5718 733 5787 Sulpicio
787 5720 928 5781 Arse,
963 5720 1046 5771 cui
1080 5720 1286 5773 interitu
1314 5718 1380 5771 ab
1408 5719 1507 5771 illis
1536 5728 1627 5771 alit
1662 5717 1696 5771 4
1736 5728 1827 5772 aut

223 5789 261 5843 ὅ
288 5791 413 5841 anni
450 5789 771 5852 tribuuntur,
808 5790 963 5843 Dario
993 5792 1026 5841 (3
1056 5791 1347 5843 dumtaxat.
1384 5788 1520 5843 Ptin.

298 5858 379 5988 (el)
398 5859 683 5915 Alexander
707 5858 942 5939 Macedo,
972 5862 1120 5913 initiis
1149 5860 1432 5942 duodecim.
1463 5860 1533 5914 Ita
1560 5858 1699 5943 haud
1722 5858 1825 5941 dii-

298 5947 315 5988 :
368 5931 631 5988 exendum
657 5946 722 5988 ex
749 5930 812 5988 Β.
844 5930 1169 5988 lheronvnio
1194 5930 1212 5988 (
1228 5947 1279 5986 in
1304 5928 1347 5987 ll
1376 5946 1491 5988 can.
1522 5929 1817 5988 Damalis).

223 5928 318 5990 tne'
348 5928 631 6006 legendum
657 5946 722 5989 ex
749 5930 812 5989 Β.
844 5930 1169 6005 Hieronymo
1194 5930 1279 6004 (in
1304 5928 1347 5987 ll
1376 5946 1491 6001 cap.
1522 5929 1817 6004 Danielis),

1934 4725 2057 4796 anui
2090 4742 2180 4777 sax
2204 4724 2484 4796 duntaxat,
2510 4725 2629 4793 quia
2659 4725 2747 4777 ille
2778 4740 3055 4780 succo-sor
3076 4727 3364 4782 l'toleiiiaw
3388 4734 3529 4796 Lago

1936 4792 2063 4865 [qui
2098 4796 2181 4867 hic
2206 4804 2258 4847 et
2284 4790 2715 4857 Josepho'Antia.
2750 4796 2839 4849 lib.
2873 4796 2988 4860 XII,
3018 4814 3133 4867 cap.
3162 4800 3183 4851 1
3221 4802 3402 4856 Sonat
3441 4790 3529 4854 vii-

1932 4864 2139 4943 igitur].
2177 4866 2381 4943 tti'ihuit
2407 4867 2622 4919 Animos
2650 4868 2955 4943 liU_,:_iiietor
2986 4864 3111 4943 vero
3137 4872 3407 4928 dumtaxat
3435 4876 3525 4943 55,

1933 4935 2002 4989 ita
2036 4935 2290 4990 ιιιᾉοῑιιιη
2320 4938 2369 4989 iu
2398 4953 2503 4991 uno
2532 4954 2672 4991 anno
2701 4938 2968 4991 dilTeraut.
2995 4940 3130 4995 Pan.

2005 5007 2086 5075 (ιι)
2124 5006 2366 5076 Regnavit
2392 5010 2536 5062 (mnis
2565 5024 2746 5062 χχχιχ.
2774 5009 2988 5063 Hieron.
3018 5010 3115 5065 Cui
3144 5016 3374 5069 successit
3406 5015 3529 5071 l’hi-

1931 5078 2197 5146 laili'lpltus
2223 5096 2438 5149 regnans
2464 5097 2549 5131 an.
2582 5081 2783 5149 triginta
2815 5092 2943 5133 octo.
2982 5083 3099 5139 the.

2004 5150 2081 5219 (υ)
2122 5149 2357 5223 Videmus
2392 5160 2556 5203 autem
2590 5151 2828 5223 quoniam
2878 5169 2943 5206 XI.
2990 5164 3037 5207 et
3068 5171 3081 5207 ι
3127 5173 3259 5209 anuo
3292 5158 3524 5223 Augusti.

1933 5217 2245 5299 tlitatnrbic
2268 5222 2414 5299 locus
2446 5222 2496 5299 i_n
2524 5217 3057 5299 EusebiiChronicis,
3084 5217 3524 5299 examinatatque

1934 5292 2411 5346 .\iiiinadversioiie
2449 5291 2560 5361 ilus.
2612 5293 2864 5360 Scaligeri
2895 5296 2958 5347 ad
3003 5312 3148 5348 num.
3183 5314 3379 5351 innixv.
3417 5291 3521 5356 lic-

1934 5380 2099 5422 iiarus,
2142 5363 2229 5438 lib.
2272 5380 2403 5438 cap._
2426 5362 2519 5417 25.
2554 5361 2699 5438 Circa
2730 5366 2968 5433 primum,
3002 5378 3047 5419 et
3086 5370 3526 5438 ginalragesimum

1930 5451 2119 5487 annum
2152 5435 2363 5503 Augusti
2389 5436 2607 5501 imperii.
2640 5436 2755 5491 “I6.

2005 5502 2069 5575 (I)
2105 5504 2166 5558 Et
2206 5502 2350 5558 erant
2382 5507 2573 5573 reliqua
2613 5517 2838 5569 tempora
2868 5525 3048 5560 annor.
3084 5511 3133 5562 in
3163 5511 3294 5563 diem
3340 5514 3522 5566 astici-

1932 5578 2045 5629 latis
2073 5576 2277 5630 Christi.
2332 5575 2387 5628 lii
2429 5575 2677 5631 lt‘iiidensi
2710 5578 2918 5647 legitur.
2964 5578 3030 5631 In
3070 5581 3200 5633 diem
3246 5585 3524 5637 nativitatis

1931 5647 2115 5701 Christi
2142 5664 2330 5700 annum
2361 5663 2469 5711 xu,
2500 5661 2607 5716 post
2653 5660 2859 5702 mortem
2920 5649 3200 5718 (ΣΙοομίιινςιι
3240 5671 3314 5707 xx
3348 5667 3391 5706 et
3434 5674 3521 5710 \n'.

1932 5718 2177 5789 Augusto,
2210 5719 2491 5787 efficiuntur
2516 5721 2634 5773 anni
2665 5736 2911 5775 ccccxxx
2961 5736 3005 5774 et
3035 5739 3123 5788 vii,
3154 5742 3341 5776 nmiae.»-
3376 5743 3423 5786 γ,
3472 5745 3521 5780 ιη

1930 5790 2010 5841 die
2054 5790 2245 5843 nutivit.
2293 5790 2441 5858 Apud
2478 5791 2854 5862 llieioitymuiii
2905 5809 3026 5847 veto
3052 5797 3380 5848 emendatius
3417 5818 3425 5848 :
3457 5797 3519 5851 lit

1930 5871 2074 5932 erant
2140 5862 2331 5931 reliqua
2384 5871 2608 5932 tempora
2656 5880 2906 5916 annorum
2970 5866 3017 5916 in
3066 5866 3195 5917 diem
3243 5869 3520 5923 nativitatis

1932 5928 2138 6000 Christi,
2161 5934 2210 5985 in
2237 5928 2428 5989 annum
2458 5928 3127 6009 Augustiguadragssimum
3156 5938 3375 6008 primum
3404 5951 3517 6012 post
