4270 6498
725 379 827 435 619

2125 349 2580 412 TERTULLIANI

3908 337 4011 393 620

730 491 965 548 venentur
992 487 1196 544 scilicet
1227 489 1528 554 prmguatus
1560 486 1614 533 et
1640 484 1840 547 partus.
1873 473 1928 528 lu
1949 472 2157 542 signum
2184 483 2312 539 ergo
2339 471 2386 529 Λ
2418 471 2717 526 norassent,
2747 471 2801 516 et
2825 475 2962 531 genu
2995 458 3168 529 posito
3197 455 3531 516 adorassent,
3557 452 3705 524 quasi
3733 449 4012 506 dominum

733 585 886 640 nobis
911 581 1079 652 posita
1109 579 1257 646 virgo
1281 586 1451 630 mater
1483 570 1675 626 merito
1697 567 1951 631 creditur,
1984 563 2158 619 infans
2187 576 2315 617 vero

733 678 960 732 bellator
993 689 1094 727 non
1129 685 1297 740 :eque.
1329 667 1443 723 Non
1493 666 1635 721 enim
1665 662 1743 735 (I)
1792 671 1845 718 et
1876 661 1962 715 hic
1996 659 2130 730 signi
2179 657 2316 712 ratio

735 775 1013 829 versatur,
1045 762 1121 833 (‘2)
1165 760 1256 816 sed
1301 761 1451 826 signo
1495 755 1785 810 nativitatis
1834 767 1983 807 nova:
2013 749 2312 819 adscripto,

735 861 926 917 exinde
955 867 1075 929 post
1105 856 1310 924 signant
1343 852 1478 906 alius
1508 850 1616 920 jam
1644 846 1775 901 ordo
1804 844 2016 900 infantis
2037 843 2269 898 edicitur
2301 881 2316 906 ,

738 957 842 1010 nth
888 963 940 1007 et
981 953 1228 1021 butyrum
1283 942 1668 1000 manducaturi.
1694 940 1803 996 Nec
1827 939 1925 993 hoc
1958 939 2136 1006 utique
2167 937 2220 990 in
2249 935 2320 990 si-

735 1062 895 1118 gnum
924 1052 1000 1098 est
1026 1084 1038 1105 ,
1072 1040 1146 1110 (5)
1173 1049 1227 1094 et
1275 1042 1374 1093 hoc
1422 1035 1562 1089 enim
1603 1031 1836 1088 infantia:
1875 1039 1986 1095 est;
2019 1029 2112 1083 sed
2135 1041 2321 1096 accep-

742 1150 914 1191 turum
945 1136 1193 1187 virtutem
1217 1129 1455 1184 Damasci
1484 1170 1496 1192 ,
1528 1136 1577 1181 et
1607 1125 1771 1194 spolia
1796 1122 2050 1178 Summ-ire
2066 1119 2323 1174 adversus

739 1243 914 1298 regem
951 1225 1286 1295 Assyriorum
1308 1262 1321 1285 ,
1350 1219 1450 1273 hoc
1476 1229 1556 1274 est
1589 1215 1829 1269 mirabile
1851 1214 2080 1283 signum.
2104 1211 2322 1266 Servate

742 1319 952 1372 modum
983 1315 1153 1368 artatis
1175 1355 1188 1379 ,
1213 1310 1508 1382 etqumrite
1530 1321 1740 1361 sensum
1768 1304 2156 1375 pnedicationis
2183 1320 2194 1355 :
2227 1303 2326 1355 im-

739 1425 826 1464 mo
857 1407 1061 1463 reddite
1082 1404 1288 1460 veritati
1316 1445 1329 1466 ,
1376 1416 1492 1471 qua:
1514 1398 1735 1453 credere
1777 1413 1880 1450 non
1913 1397 2070 1450 vultis
2092 1437 2105 1460 ,
2135 1402 2188 1448 et
2219 1403 2322 1447 tam

742 1503 1049 1573 intelligitur
1090 1497 1385 1568 prophetia,
1433 1507 1588 1563 quam
1621 1491 1727 1562 (a)
1759 1491 2090 1545 renuntiatur
2121 1488 2197 1560 (4)
2229 1502 2324 1540 ex-

744 1605 953 1663 puncta.
986 1590 1203 1658 Accepit
1231 1586 1477 1642 Christus
1503 1583 1678 1638 infans
1714 1581 1962 1634 virtutem
1995 1579 2233 1633 Damasci
2273 1587 2327 1632 et

740 1687 907 1756 spolia
936 1682 1212 1739 Sumat-he.
1253 1678 1324 1749 (b)
1357 1674 1761 1731 Maneantenim
1793 1670 2082 1727 orientales
2113 1669 2186 1724 illi
2214 1667 2324 1722 Ma-

739 1775 1193 1847 gi,(c)infanti:nn
1247 1769 1440 1824 Christi
1484 1774 1751 1822 recentem
1799 1763 1877 1834 (5‘)
1925 1777 2055 1817 auro
2095 1770 2149 1816 et
2174 1759 2330 1814 thure

2417 558 2533 630 (11)
2570 568 2622 614 et
2652 571 2828 627 regem
2875 554 2974 609 sub
3011 553 3320 608 testimonio
3369 549 3556 603 indicis
3608 556 3664 602 et
3710 544 3862 600 ducis
3899 540 4015 614 (ιε)

2418 652 2584 706 stella:
2625 648 2792 719 spolia
2833 655 2956 700 sunt
2996 645 3116 698 facti
3157 642 3442 705 Samarite,
3469 639 3519 694 id
3546 648 3629 694 est
3663 635 4015 700 idololatrim,

2421 743 2700 798 credentes
2744 740 2990 794 videlicet
3034 740 3084 791 in
3131 736 3422 790 Christum.
3469 731 3830 786 ldOlOlilll'imll
3873 729 4020 783 enim

2422 834 2678 889 Samaria:
2708 832 2924 886 nomine
2951 832 3173 893 notavit,
3204 837 3262 881 ut
3296 825 3662 896 ignominiosa:
3694 823 3763 874 oh
3789 818 4018 874 idolola-

2426 929 2602 991 triam,
2623 940 2723 995 qua
2746 924 3037 979 desciverat
3065 932 3188 975 tunc
3213 937 3240 973 a
3265 919 3374 974 Deo
3402 917 3500 971 sub
3523 932 3644 986 rege
3672 913 4016 968 [Iit-reboant.

2426 1019 2495 1090 (f)
2541 1019 2651 1074 Nec
2692 1018 2793 1072 hoc
2833 1017 2975 1072 enim
3007 1030 3198 1069 novum
3230 1012 3521 1080 Scripturis
3549 1009 3764 1073 divinis,
3801 1009 4024 1078 figurate

2427 1113 2498 1166 uti
2523 1111 2866 1166 translatione
2890 1108 3163 1163 nominmn
3189 1121 3252 1161 ex
3276 1103 3674 1173 comparatione
3696 1100 4019 1154 criminum:

2428 1221 2546 1258 nam
2572 1214 2620 1258 et
2645 1203 2913 1256 archontas
2944 1199 3285 1254 Sodomorum
3309 1195 3434 1266 (ιι,
3470 1194 3519 1259 1,
3555 1194 3653 1263 10)
3679 1192 3908 1261 appellat
3933 1206 4025 1244 ar-

2427 1294 2648 1350 chontas
2667 1302 2892 1356 vestros,
2914 1301 2966 1345 et
2994 1291 3242 1360 pomilum
3267 1299 3501 1342 rostrum
3529 1285 3773 1355 populum
3807 1281 4027 1336 (lentor-

2430 1390 2534 1442 rha:
2555 1384 2742 1458 (Ibid.)
2770 1396 2953 1447 Vocat;
2987 1399 3105 1438 cum
3132 1382 3240 1452 jam
3269 1382 3393 1435 olim
3425 1392 3603 1434 essent
3632 1379 3877 1432 civitates
3911 1376 4028 1431 istae

2430 1481 2721 1535 exstinctze.
2744 1477 2808 1531 Et
2838 1476 2961 1531 alibi
2996 1491 3088 1544 per
3119 1473 3427 1543 prophetam
3457 1471 3520 1525 ad
3546 1469 3795 1540 populum
3827 1467 3983 1521 Israel
4012 1481 4026 1519 :

2432 1572 2606 1628 Pater.
2623 1570 2809 1640 inquit,
2837 1579 2949 1621 tuus
2965 1565 3311 1628 Amorrlueus,
3333 1572 3379 1616 et
3397 1573 3554 1616 mater
3571 1572 3654 1614 tua
3672 1561 3856 1614 Cet/tea
3875 1557 4027 1628 (lfze.

2432 1664 2572 1729 XVI,
2597 1663 2671 1734 '5);
2694 1675 2917 1731 quorum
2948 1675 3010 1712 ex
3041 1672 3233 1727 genere
3252 1654 3510 1724 procreati
3546 1670 3647 1706 non
3680 1649 3931 1714 sunt,sed
3961 1648 4032 1704 ob

2434 1758 2762 1813 consimilem
2796 1754 3118 1824 impietatem
3151 1766 3165 1807 :
3204 1765 3337 1820 quos
3381 1746 3665 1818 aliquando
3695 1747 3856 1799 etiam
3894 1743 4031 1796 tilios

741 1869 822 1939 ((i)
873 1874 1251 1926 munerantcs,
1303 1871 1350 1914 et
1401 1857 1664 1926 acceperit
1725 1858 1804 1925 (7)
1861 1855 2033 1911 infans
2090 1854 2166 1923 (ά)
2220 1855 2326 1908 vir-
2362 1863 2561 1923 Bsuos
2589 1847 2915 1913 dixeratpcr
2936 1843 3124 1898 Isaiam
3149 1835 3698 1908 PrOplietam:l"ilios
3724 1834 3958 1906 genero-vi
3983 1842 4032 1886 et

742 1971 906 2014 tutem
961 1955 1201 2011 Damasci
1252 1955 1367 2008 sine
1409 1950 1592 2023 pra-lio
1623 1960 1676 2004 et
1720 1949 1908 2002 armis.
1935 1947 2100 2012 Nam,
2135 1955 2328 2015 printer

742 2050 880 2120 quod
912 2049 1159 2103 omnibus
1209 2055 1388 2099 notum
1419 2053 1500 2097 est
1524 2083 1538 2108 ,
1585 2039 1819 2096 Orientis
1850 2039 2096 2093 virtutem
2124 2081 2138 2104 ,
2169 2037 2216 2092 id
2246 2047 2328 2093 est

741 2147 912 2208 vires,
942 2142 1022 2212 (8)
1060 2155 1200 2212 auro
1225 2147 1277 2193 et
1316 2137 1572 2190 odoribus
1598 2134 1796 2204 pollere
1836 2132 2047 2186 solitam
2073 2174 2086 2198 ,
2122 2141 2326 2186 certum

741 2243 826 2290 est
857 2234 955 2304 (9).
980 2242 1033 2288 ct
1060 2248 1122 2286 ex
1149 2228 1342 2285 divinis
1372 2227 1678 2298 Scripturis,
1713 2225 1962 2280 virtutem
1990 2239 2200 2293 quoque
2226 2239 2328 2278 ca:-

744 2339 972 2382 tcrarum
1002 2327 1236 2394 gentium
1260 2336 1446 2376 aurum
1464 2319 1788 2373 constituere
1813 2333 1826 2376 ;
1851 2317 1988 2371 sicut
2009 2331 2101 2384 per
2122 2314 2328 2368 Zacha-

737 2422 870 2475 riam
885 2420 1037 2474 dicit:
1059 2416 1120 2470 Et
1138 2415 1169 2469 ,Ι
1178 2416 1302 2469 udas
1319 2412 1570 2483 pet-tendet
1587 2409 1905 2464 Hierusalem
1920 2409 1936 2478 (
1951 2408 1969 2464 1
1982 2407 2112 2475 0),et
2129 2423 2330 2477 congre-

739 2513 874 2582 gabit
899 2525 1096 2566 onmem
1119 2507 1387 2560 calentium
1409 2503 1708 2570 populorum
1730 2517 1816 2568 per
1833 2501 2116 2564 circuitum,
2146 2515 2340 2553 aurum

741 2612 787 2656 ct
815 2610 1080 2669 argentum
1113 2598 1130 2667 (
1161 2596 1321 2650 Zuch.
1353 2594 1486 2657 XIV,
1529 2593 1634 2660 14).
1688 2590 1817 2646 Nam
1847 2590 1912 2646 de
1945 2590 2042 2646 hoc
2068 2591 2181 2645 auri
2207 2605 2328 2644 tutt-

747 2690 1050 2746 nereetiam
1086 2687 1250 2741 David
1276 2687 1438 2741 dixit:
1491 2683 1772 2737 Ettlabitur
1817 2682 1895 2736 illi
1918 2683 1978 2734 tle
2021 2697 2146 2735 auro
2193 2681 2326 2733 Ara-

745 2783 836 2836 bia:
865 2789 879 2851 (
916 2778 1059 2834 Psal.
1086 2777 1273 2842 LXXI,
1310 2777 1419 2838 15).
1453 2776 1517 2830 Et
1554 2776 1743 2828 iterum
1789 2791 1801 2826 :
1836 2771 1994 2842 Reges
2034 2772 2256 2826 Arabum
2284 2782 2328 2825 et

742 2872 881 2929 Saba
920 2888 1128 2924 munera
1173 2867 1384 2934 a/Terent
1428 2866 1504 2918 illi
1533 2863 1692 2934 (Ibid.
1731 2862 1820 2934 70)
1855 2862 1946 2935 (e).
1977 2862 2108 2918 Nam
2136 2872 2190 2918 et
2219 2866 2326 2920 Ma-

742 2981 837 3035 gos
893 2979 1046 3034 reges
1101 2961 1214 3016 fere
1271 2960 1452 3014 ltuhuit
1496 2956 1725 3021 Oriens,
1769 2958 2135 3012 etllamascus
2188 2960 2327 3012 Ara-

744 3056 843 3109 bia:
872 3063 1015 3109 retro
1042 3050 1412 3123 deputabatur,
1453 3061 1735 3119 antequam
1761 3048 2074 3117 transcripta
2104 3058 2245 3103 esset
2277 3049 2326 3102 in

741 3146 1184 3219 Syrophmniecm
1218 3158 1280 3197 ex
1310 3141 1654 3197 distinctione
1679 3137 1986 3208 Syriarum,
2023 3139 2174 3208 cujus
2207 3151 2330 3194 tunc

2433 1941 2645 1995 exaltari
2676 1936 2798 2008 (ls.,
2832 1936 2874 2000 Ι,
2904 1935 2983 2004 2).
3029 1935 3101 2004 (g)
3131 1934 3216 1985 Sic
3248 1939 3298 1986 et
3331 1928 3592 2000 Aigyptus
3624 1925 3761 1998 (Is.,
3797 1924 3938 1988 XIX,
3973 1923 4030 1994 1)

2435 2046 2836 2100 nonnumquam
2873 2036 3011 2082 totus
3041 2026 3186 2081 orbis
3210 2024 3520 2092 intelligitur
3551 2020 3690 2090 apud
3722 2019 3890 2080 illum,
3936 2032 4029 2071 su-

2436 2123 2758 2196 perstitiOnis
2785 2131 2837 2175 et
2869 2116 3255 2173 Inalcdictionis
3281 2115 3476 2183 elogio.
3503 2113 3581 2180 (h)
3610 2109 3699 2165 Sic
3723 2118 3774 2164 et
3798 2106 4032 2177 Babylon

2437 2219 2652 2288 (ripam,
2686 2212 2860 2276 XVII,
2895 2211 2962 2279 5)
3001 2208 3139 2278 apud
3169 2206 3425 2262 Joannem
3458 2215 3733 2264 nostrum,
3773 2199 4033 2253 Romana:

2435 2313 2580 2366 urbis
2602 2311 2768 2379 figura
2789 2318 2892 2369 est,
2918 2303 3137 2375 proinde
3160 2311 3214 2356 et
3236 2313 3460 2368 magum,
3492 2309 3546 2352 et
3574 2310 3736 2366 regno
3759 2294 4028 2363 superbze,

2433 2416 2485 2460 et
2522 2412 2821 2459 sanctorum
2859 2396 3241 2453 debellatricis.
3286 2392 3394 2446 lloc
3435 2392 3611 2459 itique
3650 2387 3808 2442 modo
3849 2400 4032 2452 magos

2432 2510 2644 2567 quoque
2673 2494 3128 2549 Samaritanorum
3159 2484 3517 2556 appellatione
3548 2480 3807 2541 titolavit,
3839 2487 3892 2531 ct
3937 2477 4029 2532 de-

2434 2588 2711 2658 Spoliatos,
2739 2583 2879 2654 quod
2904 2581 3201 2637 hahuerant
3227 2592 3348 2630 cum
3377 2572 3673 2637 Samaritis,
3697 2580 3751 2623 ut
3775 2569 4031 2635 diximus,

2436 2679 2812 2734 itlololatrizun.
2869 2674 3138 2730 Adversus
3187 2685 3366 2740 regem
3421 2677 3598 2721 autem
3651 2664 4030 2732 Assyriorum,

2435 2773 2692 2828 adversus
2721 2769 3020 2832 diabolum,
3061 2765 3151 2836 qui
3190 2763 3253 2816 ad
3295 2764 3394 2814 hoc
3423 2775 3480 2815 se
3512 2773 3738 2829 regnare
3770 2766 3950 2826 putat,
3987 2755 4036 2808 si

2437 2874 2649 2920 sanctos
2694 2879 2721 2916 a
2771 2862 3025 2931 religione
3075 2858 3168 2912 Dei
3224 2855 3489 2910 deturbat.
3533 2850 3882 2922 Atljnvabitur
3934 2863 4036 2901 au-

2437 2970 2541 3014 tem
2594 2956 2708 3010 hzec
2754 2963 2933 3008 nostra
2980 2950 3378 3020 interpretatio,
3425 2947 3551 3000 dum
3597 2955 3651 3000 et
3693 2944 3817 2998 alibi
3865 2941 4035 2996 bella-

2439 3059 2607 3105 torem
2662 3047 2930 3100 Christum
2983 3043 3270 3112 Scriptura:
3323 3039 3604 3107 designant
3645 3036 3714 3090 ob
3760 3047 4034 3090 armorum

2436 3141 2786 3211 quorumdam
2842 3136 3093 3192 vocahnla
3145 3145 3198 3188 et
3259 3129 3519 3202 ejusmodi
3577 3128 3756 3182 verha.
3811 3126 3918 3180 Sed
3968 3141 4036 3179 ex

743 3241 991 3293 virtutem
1023 3235 1268 3290 Christus
1298 3232 1537 3302 accepit,
1584 3229 1894 3300 accipiendo
1926 3229 2150 3300 insignia
2183 3230 2327 3300 ejus,
2359 3251 2402 3313 ρ
2440 3235 2762 3303 reliquorum
2842 3243 3093 3284 sensuum
3175 3224 3576 3294 comparatione
3649 3219 4037 3276 convincentur

744 3345 930 3385 aurum
954 3328 1156 3383 scilicet
1177 3337 1229 3381 ct
1249 3325 1473 3381 odores:
1499 3323 1667 3394 spolia
1693 3332 1870 3378 autent
1890 3322 2162 3386 Samariw,
2190 3325 2331 3394 ipsos

747 3435 950 3493 magos,
977 3420 1211 3490 quicum
1246 3416 1389 3472 illum
1422 3415 1797 3487 cognovissent
1825 3424 1878 3470 et
1902 3415 2206 3470 muneribus
2235 3415 2331 3470 ho-

2439 3325 2606 3382 Judari
2639 3341 2649 3377 :
2685 3323 2990 3392 Accingere,
3038 3318 3204 3388 inquit
3261 3315 3457 3380 David,
3514 3330 3682 3368 ensem
3737 3326 3893 3381 supra
3949 3311 4029 3378 [e-

2437 3435 2552 3471 ntur
2603 3414 2798 3486 (Psal.
2865 3411 3048 3478 XLIV,
3100 3411 3134 3466 4
3168 3410 3206 3482 ).
3255 3408 3362 3465 Sed
3407 3407 3532 3477 quid
3579 3421 3738 3477 supra
3787 3404 3918 3476 legis
3961 3401 4030 3460 de

1976 3546 2359 3605 LECTIONES
2402 3546 2812 3604 VARIANTES.

842 3693 884 3754 t)
907 3690 1011 3754 Sion
1035 3688 1215 3754 teque?
1242 3692 1295 3754 e_t
1316 3687 1396 3754 hic
1418 3684 1569 3738 Rhea.
1598 3683 1793 3738 Oberth.

835 3747 884 3816 2')
912 3747 1162 3816 Versatur.
1181 3749 1285 3816 Sed
1306 3747 1476 3816 Iidem.

817 3809 891 3884 (δ’)
925 3815 985 3884 lit
1009 3815 1098 3884 hoc
1125 3813 1294 3884 utique
1329 3815 1376 3860 in
1413 3813 1606 3884 signum
1631 3809 2091 3884 infantim'estfar.
2118 3812 2222 3862 Pro
2245 3812 2342 3884 uti-

753 3872 852 3942 que
876 3872 988 3942 legit
1013 3879 1151 3942 1fum.
1177 3872 1389 3942 uirique:
1418 3872 1522 3923 Nec
1545 3874 1635 3922 hoc
1660 3875 1828 3935 utique
1855 3872 1903 3920 in
1927 3873 2118 3935 signum
2137 3882 2212 3923 est
2232 3910 2245 3934 ,
2266 3875 2342 3922 in-

755 3933 900 3991 fantia
923 3933 1001 3988 Est
1025 3933 1218 3989 Overtlt.
1245 3933 1396 3985 Séml.

822 3999 889 4064 (.i)
910 3999 1170 4064 Erephetia
1194 3998 1489 4064 renuntiata,
1510 4009 1656 4058 quam
1680 3995 1896 4045 creditur
1916 4002 2158 4058 expuucta
2182 3994 2340 4049 Obert.

754 4059 906 4117 mea.
932 4059 1115 4111 Tum...
1143 4071 1291 4120 quam
1315 4059 1432 4120 Jun,

824 4126 894 4190 (ὅ)
923 4124 981 4174 L't
1001 4117 1173 4185 regem
1197 4123 1338 4171 Pam.
1364 4117 1513 4171 Rhen.
1542 4118 1738 4171 Oberth.

2510 3683 2580 3750 (ϐ)
2601 3685 2662 3736 Et
2685 3684 2878 3750 myrrha
2898 3684 2927 3750 _I
2930 3683 3076 3733 idem.

2535 3745 2584 3808 7)
2609 3745 2812 3808 Accepit
2831 3745 3004 3796 Iidem.

2532 3803 2582 3859 8i
2608 3811 2658 3859 Id
2687 3803 2763 3858 est
2781 3811 2911 3857 vires
2932 3808 3062 3858 abest
3087 3818 3116 3853 α
3137 3803 3247 3854 carl.
3277 3804 3460 3852 Wouw.

2534 3859 2584 3934 υ)
2612 3871 2759 3942 certe
2804 3879 2880 3919 est
2925 3868 3321 3942 creatorif’am.
3367 3864 3521 3942 Ithen;
3563 3859 3758 3913 Obcrth.
3797 3860 4044 3912 Creatoris

2449 3924 2601 3985 Fran.
2624 3932 2814 3985 videtur
2841 3943 2903 3983 ea:
2925 3940 3062 3980 certe
3090 3936 3167 3978 est
3184 3935 3355 3978 ortum.
3384 3924 3536 3977 Sentl.

2513 3997 2616 4058 (l0)
2644 3995 2909 4058 Praetendit
2927 3992 3076 4043 Israel
3101 3991 3254 4042 Eheu.
3280 3987 3473 4042 Oberth.

2540 4062 2615 4185 iiii
2640 4057 3091 4171 Ridigife’tal’itdtcis
3109 4115 3260 4168 Rhen.
3290 4107 3406 4167 Obei

2542 4112 2614 4172 12)
2640 4120 2822 4171 Iudicis
2846 4129 2897 4170 et
2918 4117 3091 4169 Indicis
3109 4115 3260 4168 Rhen.
3290 4112 3482 4167 Oberth.

2134 4249 2502 4308 COMMENTA
2513 4252 2688 4309 RIUS.

843 4389 917 4461 (a)
952 4387 1287 4513 Ill‘emtutiutur
1321 4393 1588 4456 expuncto.
1634 4382 1744 4437 lIoc
1789 4390 1868 4437 est
1893 4423 1907 4446 ,
1948 4391 2139 4438 eventu
2168 4384 2344 4439 adim-

843 4472 929 4513 ua.
1009 4475 1073 4513 IG.

792 4464 929 4518 dcta.
960 4464 1073 4515 lttc.

771 4481 929 4601 luelli).
961 4481 1217 4583 Ἦῗιήεαηε
1247 4527 1385 4601 enim
1415 4525 1700 4601 Orientales
1740 4523 1916 4601 Magi.
1945 4524 2218 4590 Maneant,
2253 4541 2348 4595 pro

774 4584 1050 4672 expectent.
1079 4597 1514 4672 Quo_signilicatu
1536 4597 1817 4652 Terentius
1836 4584 2052 4651 βιιοιιιιι.
2084 4584 2351 4651 mansurus

775 4670 969 4746 patrem
994 4672 1143 4746 dixit.
1197 4670 1329 4746 Pun.

846 4744 923 4868 (ο)
945 4741 1223 4813 Infantiam
1251 4739 1436 4793 Christi
1462 4746 1704 4792 recentem
1722 4753 1846 4790 auro
1867 4747 1912 4791 et
1937 4738 2079 4792 thure
2094 4754 2354 4794 muneran-

846 4837 868 4868 ξ.
930 4814 1049 4867 lane
1089 4811 1402 4868 scripturam
1431 4809 1676 4863 omnibus
1726 4809 1843 4863 aliis
1892 4809 2096 4868 nraztuli
2116 4851 2128 4868 .
2163 4819 2351 4864 aucto-

777 4809 868 4871 τεεί
903 4809 1049 4868 Ηωιέ
1089 4811 1402 4877 scripturam
1431 4809 1676 4863 omnibus
1726 4809 1843 4863 aliis
1892 4809 2128 4877 praetuli,
2163 4819 2351 4864 aucto-

780 4887 854 4940 ris
876 4884 1038 4938 menti
1079 4880 1660 4950 convenientissimam,
1693 4887 1851 4949 atque
1882 4881 1978 4950 ipsi
2011 4881 2169 4934 etiam
2196 4895 2351 4936 usur-

778 4967 985 5026 patam,
1020 4953 1152 5026 libro
1176 4967 1236 5026 ut
1259 4952 1515 5026 adversus
1539 4949 1860 5026 Marcionem
1883 4949 2161 5026 :lilaneant
2197 4953 2350 5014 enim,

780 5019 980 5097 inquit,
1009 5022 1288 5097 Orientales
1306 5021 1382 5074 illi
1406 5019 1547 5090 Magi
1571 5021 1624 5074 in
1649 5020 1869 5097 infantia
1904 5020 2157 5075 Christum
2179 5038 2351 5077 recen-

780 5090 878 5152 1εηί
902 5110 1026 5149 auro
1054 5104 1098 5146 et
1130 5094 1273 5146 thure
1310 5101 1647 5145 numerantes.
1681 5090 1799 5147 RIG.

853 5167 928 5237 (tl)
979 5163 1222 5237 Virtutem
1238 5160 1477 5237 Damasci
1487 5203 1508 5237 ._
1531 5161 1648 5216 Mox
1675 5163 1824 5237 dicet
1839 5162 2320 5237 virtutemOrientis
2336 5205 2351 5230 ,

776 5237 828 5292 id
860 5233 936 5292 est
966 5233 1341 5289 abundantiam
1372 5244 1425 5286 et
1463 5234 1623 5304 vires.
1674 5233 1895 5288 Servius
1943 5233 2006 5287 ad
2039 5234 2124 5287 illa
2153 5234 2354 5304 Virgilii

776 5308 899 5364 Ain.
930 5305 1057 5369 XII,
1087 5317 1244 5358 movet
1271 5321 1411 5355 arma
1444 5305 1553 5356 leo:
1581 5303 1718 5358 vires
1753 5317 1878 5358 suas
1903 5306 2202 5371 espcritur,
2233 5303 2352 5359 nam

778 5395 922 5434 arma
953 5386 1075 5431 sunt
1098 5375 1509 5442 uniuscujusque
1533 5375 1606 5429 rei
1627 5374 1966 5442 possibilitas.
1990 5375 2358 5432 SicColumei-

780 5453 848 5514 la,
879 5449 1136 5520 principio
1188 5447 1276 5500 lib.
1309 5446 1358 5506 7,
1389 5445 1518 5520 dixit
1546 5444 1801 5520 honorem
1831 5444 2103 5520 Arcadia),
2128 5448 2352 5513 asellos,

777 5515 928 5590 queis
956 5515 1183 5590 matrima
1227 5515 1641 5590 commendatur
1680 5515 1924 5590 Arcadia.
1953 5515 2072 5572 Βία.

849 5589 923 5662 (e)
947 5587 1080 5662 ant
1101 5598 1145 5640 et
1161 5603 1331 5662 magos
1343 5602 1480 5655 reges
1499 5585 1602 5654 {ere
1624 5586 1796 5638 habuit
1814 5586 2107 5662 0rien_s.Ex
2127 5586 2357 5642 hocloco

776 5657 954 5716 inferri
974 5673 1076 5713 non
1094 5666 1265 5726 potest
1279 5657 1553 5711 Persarum
1575 5671 1728 5726 reges
1751 5671 1933 5726 magos
1953 5657 2132 5720 fuisse,
2169 5673 2356 5713 verum

776 5733 886 5787 fere
917 5744 1097 5798 magos
1123 5747 1134 5782 :
1165 5744 1287 5783 cum
1304 5729 1443 5782 enim
1460 5742 1734 5798 magorum
1759 5727 2358 5798 prarceptisimbueren-

778 5816 881 5867 tur,
916 5797 1114 5870 aliquid
1139 5799 1259 5854 inde
1283 5797 1601 5853 retinebant.
1649 5797 1766 5870 Qui
1799 5800 1935 5870 magi
1974 5798 2112 5868 apud
2167 5799 2357 5859 Persas

776 5867 1120 5940 dicebantur,
1156 5871 1189 5928 ii
1221 5879 1370 5928 erant
1417 5882 1599 5941 regum
1645 5867 1962 5942 paedagogi;
2011 5867 2159 5927 testis
2214 5870 2352 5927 Tull.

2451 4385 2542 4440 lib.
2577 4383 2639 4439 Ill
2663 4385 2724 4439 de
2755 4383 2880 4438 Nut.
2922 4383 3074 4437 Deor.
3109 4391 3160 4434 et
3188 4378 3346 4449 Apul.
3400 4378 3449 4432 in
3483 4375 3633 4449 Apol.
3665 4383 3838 4449 atque
3855 4373 4043 4449 eodem

2453 4455 2710 4526 Apulcjo,
2744 4455 2920 4526 Magos
2969 4454 3106 4508 idem
3160 4445 3540 4506 ac'sacerdos‘
3579 4448 3754 4517 lingua
3807 4445 4041 4502 Persica.

2371 4509 2424 4570 D
2453 4509 2530 4582 Li;
2563 4509 2650 4581 tui.

2529 4619 2594 4690 (Γ)
2638 4619 2746 4673 Nec
2804 4621 2896 4673 hoc
2936 4619 3290 4690 eninrnovum
3329 4608 3857 4690 divinisSa'ipturis‘.‘
3887 4607 4047 4689 Libro

2456 4677 2709 4746 adversus
2731 4689 3051 4745 Marcionem
3075 4687 3137 4743 lll
3166 4706 3177 4738 :
3209 4683 3316 4737 Nec
3343 4685 3434 4738 hoc
3458 4683 3589 4736 enim
3615 4696 3796 4734 novum
3819 4677 4046 4732 Creatori

2457 4763 2675 4835 ﬁgurate
2704 4763 2775 4816 uti
2803 4761 3149 4815 translatione.
3183 4756 3301 4812 RIG.

2529 4856 2609 4927 (g)
2652 4856 2742 4910 Sic
2772 4865 2816 4927 et
2849 4853 3110 4927 {Egyptus
3141 4864 3518 4927 nonnumquam
3548 4855 3681 4927 lotus
3701 4843 3834 4926 orbis
3856 4841 4046 4896 intelli-

2457 4916 2612 5000 gitur.
2647 4926 2850 5000 Alludit
2881 4916 3104 5000 @ritisse
3144 4922 3209 4976 ad
3250 4916 3401 5000 Isaia:
3435 4933 3553 4988 cap.
3591 4917 3677 4975 I9.
3714 4916 3763 5000 i_n
3795 4929 3902 5000 quo
3925 4928 4046 4967 cum

2461 4987 2709 5067 pleraque
2753 4997 2817 5051 ad
2863 4994 3150 5066 .IEgyptum
3179 4987 3535 5067 pertineant,
3576 4987 3818 5056 quaedam
3864 4992 4044 5067 nmen

2459 5053 2562 5124 non
2601 5053 2774 5123 solum
2816 5053 3053 5127 veteres,
3100 5053 3208 5119 sed'
3228 5070 3284 5116 et
3316 5059 3487 5116 Judmi
3524 5053 4047 5127 interpretanturhde

2459 5123 2660 5194 mundo
2682 5138 2942 5210 Egyptiis
2965 5123 3201 5191 tenebris
3223 5133 3480 5210 involuto,
3505 5140 3559 5184 et
3584 5123 4046 5210 nominatinilillud

2459 5211 2526 5265 de
2557 5195 2804 5266 Ecclesia"
2826 5195 2920 5277 per
2951 5216 3116 5262 totum
3149 5204 3403 5277 mundum
3431 5200 3670 5277 dispersa
3704 5196 3820 5277 :nln
3850 5197 3943 5249 illa
3964 5195 4046 5248 die

2459 5282 2551 5335 erit
2576 5283 2736 5335 altare
2766 5269 2967 5333 Domini
2993 5280 3045 5330 in
3078 5276 3240 5330 medio
3271 5285 3417 5328 terrm
3442 5269 3679 5342 IEgypti.
3717 5269 3850 5323 Ρη.

2532 5371 2614 5440 (Ιι)
2658 5373 2745 5426 Sic
2773 5382 2817 5424 et
2843 5368 3096 5439 Babylon.
3130 5363 3486 5440 Exptnigenda
3517 5377 3634 5440 qua:
3660 5359 3725 5413 ad
3753 5357 4045 5440 marginem

2460 5427 2726 5511 adscripta
2761 5441 2858 5495 fuit
2885 5427 3226 5511 adnotatione
3254 5427 3482 5511 Qabylon
3519 5427 3699 5511 8min;
3734 5428 3875 5510 quod
3906 5427 4046 5507 haud

2461 5514 2621 5569 dubie
2643 5499 2709 5566 ab
2732 5513 2970 5566 hostibus
2987 5510 3242 5564 Romanae
3258 5499 3510 5561 Ecclesia:
3533 5502 3709 5556 addita
3731 5506 3829 5564 sit;
3852 5499 4049 5568 quippe

2461 5599 2581 5639 cum
2631 5586 2768 5637 Inmc
2817 5584 2989 5637 locum
3035 5587 3219 5634 contra
3268 5591 3386 5631 eam
3432 5575 3754 5643 detorquere
3781 5584 3907 5643 non
3950 5583 4044 5622 ve-

2463 5662 2700 5717 reantur,
2733 5655 2821 5722 qui
2854 5661 3029 5707 tamen
3058 5666 3164 5705 non
3194 5649 3259 5704 de
3290 5647 3552 5709 Ecclesia,
3587 5639 3682 5722 sed
3715 5641 3844 5722 urbe
3864 5639 4043 5722 Roma

2461 5728 2588 5794 agit.
2621 5712 2791 5791 eaque
2818 5738 2883 5779 eo
2908 5733 3145 5794 tempore
3175 5734 3281 5790 quo
3309 5726 3614 5794 sanctorum
3645 5712 3958 5768 debellatrix
3993 5713 4041 5762 in

2463 5788 2793 5850 Chrisuanos
2839 5788 3272 5862 persecutionem
3311 5788 3589 5862 movebat,
3641 5799 3736 5854 per
3784 5797 3908 5844 suos
3951 5795 4046 5836 an-

2465 5867 2659 5926 tistites
2685 5881 2779 5925 seu
2808 5857 3068 5924 idolorum
3097 5861 3394 5936 pontifices.
3431 5857 3566 5917 Ρη.
