  <div class='ocr_page' id='page_1' title='image "/cluster/home/n/w/nwhite01/storage/ocr_20150623/2/hvd.32044015466741/340.png"; bbox 0 0 4270 6498; ppageno 0'>
   <div class='ocr_carea' id='block_1_1' title="bbox 186 384 282 440">
    <p class='ocr_par' dir='ltr' id='par_1_1' title="bbox 186 384 282 440">
     <span class='ocr_line' id='line_1_1' title="bbox 186 384 282 440; baseline 0.021 -2"><span class='ocrx_word' id='word_1_1' title='bbox 186 384 282 440; x_wconf 75' lang='lat'><strong>6‘21</strong></span> 
     </span>
    </p>
   </div>
   <div class='ocr_carea' id='block_1_2' title="bbox 1457 374 2153 437">
    <p class='ocr_par' dir='ltr' id='par_1_2' title="bbox 1457 374 2153 437">
     <span class='ocr_line' id='line_1_2' title="bbox 1457 374 2153 437; baseline -0.004 -1"><span class='ocrx_word' id='word_1_2' title='bbox 1457 374 1824 437; x_wconf 74' lang='lat' dir='ltr'><strong>ADVERSUS</strong></span> <span class='ocrx_word' id='word_1_3' title='bbox 1850 374 2153 434; x_wconf 70' lang='lat' dir='ltr'><strong>JUDA&#39;JOS.</strong></span> 
     </span>
    </p>
   </div>
   <div class='ocr_carea' id='block_1_3' title="bbox 3364 383 3470 439">
    <p class='ocr_par' dir='ltr' id='par_1_3' title="bbox 3364 383 3470 439">
     <span class='ocr_line' id='line_1_3' title="bbox 3364 383 3470 439; baseline 0.019 -2"><span class='ocrx_word' id='word_1_4' title='bbox 3364 383 3470 439; x_wconf 72' lang='lat'><strong>622</strong></span> 
     </span>
    </p>
   </div>
   <div class='ocr_carea' id='block_1_4' title="bbox 184 495 3464 577">
    <p class='ocr_par' dir='ltr' id='par_1_4' title="bbox 184 495 3464 577">
     <span class='ocr_line' id='line_1_4' title="bbox 184 495 3464 577; baseline -0.001 -19"><span class='ocrx_word' id='word_1_5' title='bbox 184 503 396 559; x_wconf 91' lang='lat' dir='ltr'><strong>Christo</strong></span> <span class='ocrx_word' id='word_1_6' title='bbox 441 505 590 576; x_wconf 78' lang='lat' dir='ltr'>(l)?</span> <span class='ocrx_word' id='word_1_7' title='bbox 633 502 991 575; x_wconf 82' lang='lat' dir='ltr'><strong>Tentpcstivus</strong></span> <span class='ocrx_word' id='word_1_8' title='bbox 1019 502 1197 556; x_wconf 78' lang='lat' dir='ltr'><strong>decore</strong></span> <span class='ocrx_word' id='word_1_9' title='bbox 1240 514 1392 568; x_wconf 83' lang='lat' dir='ltr'><strong>super</strong></span> <span class='ocrx_word' id='word_1_10' title='bbox 1430 499 1562 565; x_wconf 84' lang='lat' dir='ltr'><strong>ﬁlios</strong></span> <span class='ocrx_word' id='word_1_11' title='bbox 1610 496 1769 550; x_wconf 85' lang='lat' dir='ltr'><strong>Itomi-</strong></span> <span class='ocrx_word' id='word_1_12' title='bbox 1799 498 1851 557; x_wconf 80' lang='grc' dir='ltr'><strong>Α</strong></span> <span class='ocrx_word' id='word_1_13' title='bbox 1878 496 2052 564; x_wconf 82' lang='lat' dir='ltr'><strong>Atque</strong></span> <span class='ocrx_word' id='word_1_14' title='bbox 2089 496 2155 550; x_wconf 87' lang='lat' dir='ltr'><strong>ita</strong></span> <span class='ocrx_word' id='word_1_15' title='bbox 2222 495 2273 549; x_wconf 91' lang='lat' dir='ltr'><strong>in</strong></span> <span class='ocrx_word' id='word_1_16' title='bbox 2325 502 2527 554; x_wconf 85' lang='lat' dir='ltr'><strong>tantum</strong></span> <span class='ocrx_word' id='word_1_17' title='bbox 2576 500 2819 560; x_wconf 76' lang='lat' dir='ltr'><strong>Christus</strong></span> <span class='ocrx_word' id='word_1_18' title='bbox 2850 505 2966 577; x_wconf 88' lang='grc'>(11)</span> <span class='ocrx_word' id='word_1_19' title='bbox 3016 504 3105 572; x_wconf 88' lang='lat' dir='ltr'><strong>qui</strong></span> <span class='ocrx_word' id='word_1_20' title='bbox 3152 503 3294 557; x_wconf 72' lang='lat' dir='ltr'><strong>Vettii.</strong></span> <span class='ocrx_word' id='word_1_21' title='bbox 3323 502 3464 572; x_wconf 60' lang='grc' dir='ltr'>(μὶ),</span> 
     </span>
    </p>
   </div>
   <div class='ocr_carea' id='block_1_5' title="bbox 188 588 1777 665">
    <p class='ocr_par' dir='ltr' id='par_1_5' title="bbox 188 588 1777 665">
     <span class='ocr_line' id='line_1_5' title="bbox 188 588 1777 665; baseline -0.001 -18"><span class='ocrx_word' id='word_1_22' title='bbox 188 611 340 660; x_wconf 84' lang='lat' dir='ltr'><strong>nutu;</strong></span> <span class='ocrx_word' id='word_1_23' title='bbox 366 594 525 661; x_wconf 74' lang='lat' dir='ltr'><strong>effusa</strong></span> <span class='ocrx_word' id='word_1_24' title='bbox 560 605 631 649; x_wconf 86' lang='lat' dir='ltr'><strong>est</strong></span> <span class='ocrx_word' id='word_1_25' title='bbox 666 596 829 665; x_wconf 87' lang='lat' dir='ltr'><strong>gratia</strong></span> <span class='ocrx_word' id='word_1_26' title='bbox 862 596 915 647; x_wconf 85' lang='lat' dir='ltr'><strong>in</strong></span> <span class='ocrx_word' id='word_1_27' title='bbox 950 594 1097 647; x_wconf 79' lang='lat' dir='ltr'><strong>labiis</strong></span> <span class='ocrx_word' id='word_1_28' title='bbox 1135 594 1231 646; x_wconf 84' lang='lat' dir='ltr'><strong>tuis</strong></span> <span class='ocrx_word' id='word_1_29' title='bbox 1266 590 1453 664; x_wconf 73' lang='lat' dir='ltr'><strong>(Ibid,</strong></span> <span class='ocrx_word' id='word_1_30' title='bbox 1490 590 1581 659; x_wconf 79' lang='grc'><strong>5).</strong></span> <span class='ocrx_word' id='word_1_31' title='bbox 1610 588 1777 645; x_wconf 73' lang='lat' dir='ltr'><strong>Valde</strong></span> 
     </span>
    </p>
   </div>
   <div class='ocr_carea' id='block_1_6' title="bbox 183 681 1779 754">
    <p class='ocr_par' dir='ltr' id='par_1_6' title="bbox 183 681 1779 754">
     <span class='ocr_line' id='line_1_6' title="bbox 183 681 1779 754; baseline -0.002 -17"><span class='ocrx_word' id='word_1_32' title='bbox 183 696 357 740; x_wconf 85' lang='lat' dir='ltr'><strong>autem</strong></span> <span class='ocrx_word' id='word_1_33' title='bbox 400 687 689 741; x_wconf 79' lang='lat' dir='ltr'><strong>absurdum</strong></span> <span class='ocrx_word' id='word_1_34' title='bbox 728 696 837 748; x_wconf 72' lang='lat' dir='ltr'><strong>est,</strong></span> <span class='ocrx_word' id='word_1_35' title='bbox 882 686 923 739; x_wconf 87' lang='lat' dir='ltr'><strong>si</strong></span> <span class='ocrx_word' id='word_1_36' title='bbox 963 700 1120 754; x_wconf 70' lang='lat' dir='ltr'><strong>quem</strong></span> <span class='ocrx_word' id='word_1_37' title='bbox 1162 684 1229 737; x_wconf 87' lang='lat' dir='ltr'><strong>ab</strong></span> <span class='ocrx_word' id='word_1_38' title='bbox 1269 682 1464 737; x_wconf 87' lang='lat' dir='ltr'><strong>bellum</strong></span> <span class='ocrx_word' id='word_1_39' title='bbox 1503 695 1630 735; x_wconf 88' lang='lat' dir='ltr'><strong>ense</strong></span> <span class='ocrx_word' id='word_1_40' title='bbox 1666 681 1779 735; x_wconf 81' lang='lat' dir='ltr'><strong>cin—</strong></span> 
     </span>
    </p>
   </div>
   <div class='ocr_carea' id='block_1_7' title="bbox 185 772 1777 848">
    <p class='ocr_par' dir='ltr' id='par_1_7' title="bbox 185 772 1777 848">
     <span class='ocr_line' id='line_1_7' title="bbox 185 772 1777 848; baseline -0.002 -21"><span class='ocrx_word' id='word_1_41' title='bbox 185 780 358 848; x_wconf 80' lang='lat' dir='ltr'><strong>gebat,</strong></span> <span class='ocrx_word' id='word_1_42' title='bbox 385 779 431 832; x_wconf 93' lang='lat' dir='ltr'><strong>ei</strong></span> <span class='ocrx_word' id='word_1_43' title='bbox 460 778 525 832; x_wconf 85' lang='lat' dir='ltr'><strong>de</strong></span> <span class='ocrx_word' id='word_1_44' title='bbox 554 779 970 847; x_wconf 65' lang='lat' dir='ltr'><strong>tumpestivitate</strong></span> <span class='ocrx_word' id='word_1_45' title='bbox 998 777 1210 831; x_wconf 88' lang='lat' dir='ltr'><strong>decoris</strong></span> <span class='ocrx_word' id='word_1_46' title='bbox 1239 783 1293 829; x_wconf 92' lang='lat' dir='ltr'><strong>et</strong></span> <span class='ocrx_word' id='word_1_47' title='bbox 1321 774 1580 828; x_wconf 88' lang='lat' dir='ltr'><strong>labiormn</strong></span> <span class='ocrx_word' id='word_1_48' title='bbox 1608 772 1777 842; x_wconf 89' lang='lat' dir='ltr'><strong>gratia</strong></span> 
     </span>
    </p>
   </div>
   <div class='ocr_carea' id='block_1_8' title="bbox 189 864 1777 941">
    <p class='ocr_par' dir='ltr' id='par_1_8' title="bbox 189 864 1777 941">
     <span class='ocr_line' id='line_1_8' title="bbox 189 864 1777 941; baseline -0.006 -14"><span class='ocrx_word' id='word_1_49' title='bbox 189 873 587 937; x_wconf 71' lang='lat' dir='ltr'><strong>lllJntllcltzillll&#39;;</strong></span> <span class='ocrx_word' id='word_1_50' title='bbox 619 877 686 926; x_wconf 84' lang='lat' dir='ltr'><strong>tle</strong></span> <span class='ocrx_word' id='word_1_51' title='bbox 716 888 821 941; x_wconf 82' lang='lat' dir='ltr'><strong>quo</strong></span> <span class='ocrx_word' id='word_1_52' title='bbox 851 871 1199 940; x_wconf 81' lang='lat' dir='ltr'><strong>subjungcns,</strong></span> <span class='ocrx_word' id='word_1_53' title='bbox 1229 867 1443 923; x_wconf 83' lang='lat' dir='ltr'><strong>diccbat</strong></span> <span class='ocrx_word' id='word_1_54' title='bbox 1476 884 1487 918; x_wconf 90' lang='lat'>:</span> <span class='ocrx_word' id='word_1_55' title='bbox 1524 864 1777 931; x_wconf 66' lang='lat' dir='ltr'><strong>Extende,</strong></span> 
     </span>
    </p>
   </div>
   <div class='ocr_carea' id='block_1_9' title="bbox 188 955 1775 1033">
    <p class='ocr_par' dir='ltr' id='par_1_9' title="bbox 188 955 1775 1033">
     <span class='ocr_line' id='line_1_9' title="bbox 188 955 1775 1033; baseline -0.005 -17"><span class='ocrx_word' id='word_1_56' title='bbox 188 974 231 1016; x_wconf 83' lang='lat' dir='ltr'><strong>et</strong></span> <span class='ocrx_word' id='word_1_57' title='bbox 273 979 541 1033; x_wconf 82' lang='lat' dir='ltr'><strong>prospera,</strong></span> <span class='ocrx_word' id='word_1_58' title='bbox 585 973 631 1015; x_wconf 90' lang='lat' dir='ltr'><strong>et</strong></span> <span class='ocrx_word' id='word_1_59' title='bbox 670 979 824 1033; x_wconf 77' lang='lat' dir='ltr'><strong>regna</strong></span> <span class='ocrx_word' id='word_1_60' title='bbox 890 960 969 1032; x_wconf 72' lang='grc' dir='ltr'>(Ξ)</span> <span class='ocrx_word' id='word_1_61' title='bbox 1012 966 1029 1032; x_wconf 86' lang='grc'><strong>(</strong></span> <span class='ocrx_word' id='word_1_62' title='bbox 1064 959 1227 1025; x_wconf 85' lang='lat' dir='ltr'><strong>Ibid.,</strong></span> <span class='ocrx_word' id='word_1_63' title='bbox 1266 960 1299 1014; x_wconf 88' lang='grc'>5</span> <span class='ocrx_word' id='word_1_64' title='bbox 1422 957 1486 1011; x_wconf 85' lang='lat' dir='ltr'><strong>Et</strong></span> <span class='ocrx_word' id='word_1_65' title='bbox 1539 955 1775 1025; x_wconf 83' lang='lat' dir='ltr'><strong>adjecit:</strong></span> 
     </span>
    </p>
   </div>
   <div class='ocr_carea' id='block_1_10' title="bbox 194 1050 1782 1127">
    <p class='ocr_par' dir='ltr' id='par_1_10' title="bbox 194 1050 1782 1127">
     <span class='ocr_line' id='line_1_10' title="bbox 194 1050 1782 1127; baseline -0.002 -18"><span class='ocrx_word' id='word_1_66' title='bbox 194 1055 408 1127; x_wconf 82' lang='lat' dir='ltr'><strong>PrOptcr</strong></span> <span class='ocrx_word' id='word_1_67' title='bbox 446 1057 701 1110; x_wconf 83' lang='lat' dir='ltr'><strong>lenitatem</strong></span> <span class='ocrx_word' id='word_1_68' title='bbox 740 1066 783 1109; x_wconf 81' lang='lat' dir='ltr'><strong>et</strong></span> <span class='ocrx_word' id='word_1_69' title='bbox 814 1057 1069 1127; x_wconf 84' lang='lat' dir='ltr'><strong>justitiam</strong></span> <span class='ocrx_word' id='word_1_70' title='bbox 1110 1068 1247 1108; x_wconf 86' lang='lat' dir='ltr'><strong>tuam</strong></span> <span class='ocrx_word' id='word_1_71' title='bbox 1284 1051 1497 1121; x_wconf 86' lang='lat' dir='ltr'><strong>(Ibid.).</strong></span> <span class='ocrx_word' id='word_1_72' title='bbox 1534 1051 1611 1124; x_wconf 90' lang='lat' dir='ltr'>(a)</span> <span class='ocrx_word' id='word_1_73' title='bbox 1651 1050 1782 1119; x_wconf 86' lang='lat' dir='ltr'><strong>Quis</strong></span> 
     </span>
    </p>
   </div>
   <div class='ocr_carea' id='block_1_11' title="bbox 190 1143 1779 1217">
    <p class='ocr_par' dir='ltr' id='par_1_11' title="bbox 190 1143 1779 1217">
     <span class='ocr_line' id='line_1_11' title="bbox 190 1143 1779 1217; baseline -0.004 -14"><span class='ocrx_word' id='word_1_74' title='bbox 190 1151 328 1203; x_wconf 62' lang='lat' dir='ltr'><strong>enim</strong></span> <span class='ocrx_word' id='word_1_75' title='bbox 379 1165 509 1204; x_wconf 90' lang='lat' dir='ltr'><strong>ense</strong></span> <span class='ocrx_word' id='word_1_76' title='bbox 553 1146 989 1217; x_wconf 82' lang='lat' dir='ltr'><strong>Operabitnr(5),</strong></span> <span class='ocrx_word' id='word_1_77' title='bbox 1022 1158 1208 1203; x_wconf 89' lang='lat' dir='ltr'><strong>etnon</strong></span> <span class='ocrx_word' id='word_1_78' title='bbox 1254 1146 1521 1201; x_wconf 89' lang='lat' dir='ltr'><strong>c0ntraria</strong></span> <span class='ocrx_word' id='word_1_79' title='bbox 1576 1143 1779 1197; x_wconf 84' lang='lat' dir='ltr'><strong>lenitati</strong></span> 
     </span>
    </p>
   </div>
   <div class='ocr_carea' id='block_1_12' title="bbox 192 1241 1784 1312">
    <p class='ocr_par' dir='ltr' id='par_1_12' title="bbox 192 1241 1784 1312">
     <span class='ocr_line' id='line_1_12' title="bbox 192 1241 1784 1312; baseline -0.003 -17"><span class='ocrx_word' id='word_1_80' title='bbox 192 1253 241 1295; x_wconf 77' lang='lat' dir='ltr'><strong>et</strong></span> <span class='ocrx_word' id='word_1_81' title='bbox 271 1242 488 1312; x_wconf 72' lang='lat' dir='ltr'><strong>jnstilia:</strong></span> <span class='ocrx_word' id='word_1_82' title='bbox 523 1242 783 1297; x_wconf 63' lang='lat' dir='ltr'><strong>exercet?</strong></span> <span class='ocrx_word' id='word_1_83' title='bbox 826 1242 875 1296; x_wconf 92' lang='lat' dir='ltr'><strong>id</strong></span> <span class='ocrx_word' id='word_1_84' title='bbox 917 1252 999 1295; x_wconf 89' lang='lat' dir='ltr'><strong>est</strong></span> <span class='ocrx_word' id='word_1_85' title='bbox 1035 1241 1213 1296; x_wconf 83' lang='lat' dir='ltr'><strong>dolum</strong></span> <span class='ocrx_word' id='word_1_86' title='bbox 1257 1251 1309 1295; x_wconf 88' lang='lat' dir='ltr'><strong>ct</strong></span> <span class='ocrx_word' id='word_1_87' title='bbox 1344 1241 1689 1309; x_wconf 86' lang='lat' dir='ltr'><strong>asperitatem</strong></span> <span class='ocrx_word' id='word_1_88' title='bbox 1729 1246 1784 1293; x_wconf 89' lang='lat' dir='ltr'><strong>et</strong></span> 
     </span>
    </p>
   </div>
   <div class='ocr_carea' id='block_1_13' title="bbox 195 1329 1780 1403">
    <p class='ocr_par' dir='ltr' id='par_1_13' title="bbox 195 1329 1780 1403">
     <span class='ocr_line' id='line_1_13' title="bbox 195 1329 1780 1403; baseline -0.003 -16"><span class='ocrx_word' id='word_1_89' title='bbox 195 1334 534 1403; x_wconf 87' lang='lat' dir='ltr'><strong>injustitiam,</strong></span> <span class='ocrx_word' id='word_1_90' title='bbox 574 1334 786 1403; x_wconf 80' lang='lat' dir='ltr'><strong>propria</strong></span> <span class='ocrx_word' id='word_1_91' title='bbox 830 1334 1035 1387; x_wconf 79' lang='lat' dir='ltr'><strong>scilicet</strong></span> <span class='ocrx_word' id='word_1_92' title='bbox 1077 1333 1282 1403; x_wconf 76' lang='lat' dir='ltr'><strong>negotia</strong></span> <span class='ocrx_word' id='word_1_93' title='bbox 1324 1331 1646 1402; x_wconf 68' lang='lat' dir='ltr'><strong>pratliornm.</strong></span> <span class='ocrx_word' id='word_1_94' title='bbox 1687 1329 1780 1382; x_wconf 82' lang='lat' dir='ltr'><strong>Vi-</strong></span> 
     </span>
    </p>
   </div>
   <div class='ocr_carea' id='block_1_14' title="bbox 193 1422 1786 1494">
    <p class='ocr_par' dir='ltr' id='par_1_14' title="bbox 193 1422 1786 1494">
     <span class='ocr_line' id='line_1_14' title="bbox 193 1422 1786 1494; baseline -0.002 -15"><span class='ocrx_word' id='word_1_95' title='bbox 193 1426 411 1480; x_wconf 83' lang='lat' dir='ltr'><strong>deamus</strong></span> <span class='ocrx_word' id='word_1_96' title='bbox 450 1440 578 1494; x_wconf 88' lang='lat' dir='ltr'><strong>ergo</strong></span> <span class='ocrx_word' id='word_1_97' title='bbox 615 1442 680 1479; x_wconf 90' lang='lat' dir='ltr'><strong>an</strong></span> <span class='ocrx_word' id='word_1_98' title='bbox 723 1426 860 1479; x_wconf 85' lang='lat' dir='ltr'><strong>alius</strong></span> <span class='ocrx_word' id='word_1_99' title='bbox 898 1427 968 1479; x_wconf 88' lang='lat' dir='ltr'><strong>sit</strong></span> <span class='ocrx_word' id='word_1_100' title='bbox 1008 1427 1152 1479; x_wconf 90' lang='lat' dir='ltr'><strong>ensis</strong></span> <span class='ocrx_word' id='word_1_101' title='bbox 1189 1425 1307 1491; x_wconf 88' lang='lat' dir='ltr'><strong>ille,</strong></span> <span class='ocrx_word' id='word_1_102' title='bbox 1350 1424 1501 1493; x_wconf 90' lang='lat' dir='ltr'><strong>cujus</strong></span> <span class='ocrx_word' id='word_1_103' title='bbox 1535 1432 1618 1477; x_wconf 89' lang='lat' dir='ltr'><strong>est</strong></span> <span class='ocrx_word' id='word_1_104' title='bbox 1650 1422 1786 1476; x_wconf 91' lang='lat' dir='ltr'><strong>alius</strong></span> 
     </span>
    </p>
   </div>
   <div class='ocr_carea' id='block_1_15' title="bbox 192 1515 1785 1589">
    <p class='ocr_par' dir='ltr' id='par_1_15' title="bbox 192 1515 1785 1589">
     <span class='ocr_line' id='line_1_15' title="bbox 192 1515 1785 1589; baseline 0 -18"><span class='ocrx_word' id='word_1_105' title='bbox 192 1529 338 1572; x_wconf 85' lang='lat' dir='ltr'><strong>actus</strong></span> <span class='ocrx_word' id='word_1_106' title='bbox 372 1517 467 1588; x_wconf 78' lang='grc' dir='ltr'>(ὁ),</span> <span class='ocrx_word' id='word_1_107' title='bbox 521 1517 569 1571; x_wconf 92' lang='lat' dir='ltr'><strong>id</strong></span> <span class='ocrx_word' id='word_1_108' title='bbox 603 1516 683 1589; x_wconf 82' lang='lat' dir='ltr'>(i)</span> <span class='ocrx_word' id='word_1_109' title='bbox 726 1528 807 1572; x_wconf 83' lang='lat' dir='ltr'><strong>est</strong></span> <span class='ocrx_word' id='word_1_110' title='bbox 860 1518 952 1572; x_wconf 93' lang='lat' dir='ltr'><strong>Dei</strong></span> <span class='ocrx_word' id='word_1_111' title='bbox 986 1532 1162 1571; x_wconf 87' lang='lat' dir='ltr'><strong>sermo</strong></span> <span class='ocrx_word' id='word_1_112' title='bbox 1193 1515 1425 1581; x_wconf 82' lang='lat' dir='ltr'><strong>divinus,</strong></span> <span class='ocrx_word' id='word_1_113' title='bbox 1470 1516 1551 1570; x_wconf 89' lang='lat' dir='ltr'><strong>bis</strong></span> <span class='ocrx_word' id='word_1_114' title='bbox 1599 1523 1785 1571; x_wconf 87' lang='lat' dir='ltr'><strong>acutus</strong></span> 
     </span>
    </p>
   </div>
   <div class='ocr_carea' id='block_1_16' title="bbox 194 1605 1783 1677">
    <p class='ocr_par' dir='ltr' id='par_1_16' title="bbox 194 1605 1783 1677">
     <span class='ocr_line' id='line_1_16' title="bbox 194 1605 1783 1677; baseline -0.002 -14"><span class='ocrx_word' id='word_1_115' title='bbox 194 1610 271 1677; x_wconf 73' lang='grc' dir='ltr'>(ὅ)</span> <span class='ocrx_word' id='word_1_116' title='bbox 329 1608 345 1676; x_wconf 90' lang='grc'><strong>(</strong></span> <span class='ocrx_word' id='word_1_117' title='bbox 382 1607 561 1673; x_wconf 86' lang='lat' dir='ltr'><strong>llebr.,</strong></span> <span class='ocrx_word' id='word_1_118' title='bbox 594 1607 681 1671; x_wconf 74' lang='lat' dir='ltr'><strong>IV,</strong></span> <span class='ocrx_word' id='word_1_119' title='bbox 716 1607 781 1662; x_wconf 70' lang='lat'><strong>12</strong></span> <span class='ocrx_word' id='word_1_120' title='bbox 814 1606 829 1677; x_wconf 94' lang='lat'><strong>)</strong></span> <span class='ocrx_word' id='word_1_121' title='bbox 861 1607 1070 1662; x_wconf 89' lang='lat' dir='ltr'><strong>duobus</strong></span> <span class='ocrx_word' id='word_1_122' title='bbox 1102 1607 1454 1668; x_wconf 87' lang='lat' dir='ltr'><strong>testamentis,</strong></span> <span class='ocrx_word' id='word_1_123' title='bbox 1486 1605 1616 1677; x_wconf 88' lang='lat' dir='ltr'><strong>legis</strong></span> <span class='ocrx_word' id='word_1_124' title='bbox 1645 1605 1783 1660; x_wconf 89' lang='lat' dir='ltr'><strong>anti-</strong></span> 
     </span>
    </p>
   </div>
   <div class='ocr_carea' id='block_1_17' title="bbox 194 1695 1785 1769">
    <p class='ocr_par' dir='ltr' id='par_1_17' title="bbox 194 1695 1785 1769">
     <span class='ocr_line' id='line_1_17' title="bbox 194 1695 1785 1769; baseline -0.001 -17"><span class='ocrx_word' id='word_1_125' title='bbox 194 1717 309 1769; x_wconf 71' lang='lat' dir='ltr'><strong>qua:</strong></span> <span class='ocrx_word' id='word_1_126' title='bbox 345 1711 397 1753; x_wconf 83' lang='lat' dir='ltr'><strong>et</strong></span> <span class='ocrx_word' id='word_1_127' title='bbox 434 1700 564 1769; x_wconf 84' lang='lat' dir='ltr'><strong>legis</strong></span> <span class='ocrx_word' id='word_1_128' title='bbox 600 1715 779 1760; x_wconf 64' lang='lat' dir='ltr'><strong>nosne,</strong></span> <span class='ocrx_word' id='word_1_129' title='bbox 822 1709 1011 1753; x_wconf 80' lang='lat' dir='ltr'><strong>acutus</strong></span> <span class='ocrx_word' id='word_1_130' title='bbox 1050 1700 1325 1767; x_wconf 81' lang='lat' dir='ltr'><strong>sapientia:</strong></span> <span class='ocrx_word' id='word_1_131' title='bbox 1361 1713 1471 1752; x_wconf 83' lang='lat' dir='ltr'><strong>sua:</strong></span> <span class='ocrx_word' id='word_1_132' title='bbox 1505 1695 1785 1764; x_wconf 67' lang='lat' dir='ltr'><strong>arquitate,</strong></span> 
     </span>
    </p>
   </div>
   <div class='ocr_carea' id='block_1_18' title="bbox 196 1787 1785 1861">
    <p class='ocr_par' dir='ltr' id='par_1_18' title="bbox 196 1787 1785 1861">
     <span class='ocr_line' id='line_1_18' title="bbox 196 1787 1785 1861; baseline -0.003 -15"><span class='ocrx_word' id='word_1_133' title='bbox 196 1793 426 1847; x_wconf 76' lang='lat' dir='ltr'><strong>reddens</strong></span> <span class='ocrx_word' id='word_1_134' title='bbox 454 1792 739 1861; x_wconf 85' lang='lat' dir='ltr'><strong>unicuique</strong></span> <span class='ocrx_word' id='word_1_135' title='bbox 771 1790 1062 1845; x_wconf 79' lang='lat' dir='ltr'><strong>seminium</strong></span> <span class='ocrx_word' id='word_1_136' title='bbox 1095 1800 1269 1844; x_wconf 85' lang='lat' dir='ltr'><strong>actum</strong></span> <span class='ocrx_word' id='word_1_137' title='bbox 1295 1805 1471 1843; x_wconf 89' lang='lat' dir='ltr'><strong>suum.</strong></span> <span class='ocrx_word' id='word_1_138' title='bbox 1504 1787 1673 1843; x_wconf 87' lang='lat' dir='ltr'><strong>Licuit</strong></span> <span class='ocrx_word' id='word_1_139' title='bbox 1709 1787 1785 1860; x_wconf 86' lang='lat'>(6)</span> 
     </span>
    </p>
   </div>
   <div class='ocr_carea' id='block_1_19' title="bbox 1883 588 3466 667">
    <p class='ocr_par' dir='ltr' id='par_1_19' title="bbox 1883 588 3466 667">
     <span class='ocr_line' id='line_1_19' title="bbox 1883 588 3466 667; baseline 0.004 -25"><span class='ocrx_word' id='word_1_140' title='bbox 1883 605 1987 642; x_wconf 85' lang='lat' dir='ltr'><strong>nun</strong></span> <span class='ocrx_word' id='word_1_141' title='bbox 2028 589 2125 643; x_wconf 91' lang='lat' dir='ltr'><strong>l&#39;uit</strong></span> <span class='ocrx_word' id='word_1_142' title='bbox 2160 588 2410 658; x_wconf 87' lang='lat' dir='ltr'><strong>bellator,</strong></span> <span class='ocrx_word' id='word_1_143' title='bbox 2438 594 2559 663; x_wconf 91' lang='lat' dir='ltr'><strong>quia</strong></span> <span class='ocrx_word' id='word_1_144' title='bbox 2602 611 2706 651; x_wconf 91' lang='lat' dir='ltr'><strong>non</strong></span> <span class='ocrx_word' id='word_1_145' title='bbox 2750 598 2868 652; x_wconf 82' lang='lat' dir='ltr'><strong>talis</strong></span> <span class='ocrx_word' id='word_1_146' title='bbox 2904 601 2972 653; x_wconf 91' lang='lat' dir='ltr'><strong>ab</strong></span> <span class='ocrx_word' id='word_1_147' title='bbox 3010 598 3165 653; x_wconf 86' lang='lat' dir='ltr'><strong>Esaia</strong></span> <span class='ocrx_word' id='word_1_148' title='bbox 3208 597 3466 667; x_wconf 63' lang='lat' dir='ltr'><strong>praedica-</strong></span> 
     </span>
    </p>
   </div>
   <div class='ocr_carea' id='block_1_20' title="bbox 1883 682 3466 763">
    <p class='ocr_par' dir='ltr' id='par_1_20' title="bbox 1883 682 3466 763">
     <span class='ocr_line' id='line_1_20' title="bbox 1883 682 3466 763; baseline 0.004 -27"><span class='ocrx_word' id='word_1_149' title='bbox 1883 682 2058 738; x_wconf 91' lang='lat' dir='ltr'><strong>batur.</strong></span> <span class='ocrx_word' id='word_1_150' title='bbox 2082 683 2187 738; x_wconf 87' lang='lat' dir='ltr'><strong>Sed</strong></span> <span class='ocrx_word' id='word_1_151' title='bbox 2219 683 2263 738; x_wconf 87' lang='lat' dir='ltr'><strong>si</strong></span> <span class='ocrx_word' id='word_1_152' title='bbox 2296 686 2558 755; x_wconf 78' lang='lat' dir='ltr'><strong>Christus,</strong></span> <span class='ocrx_word' id='word_1_153' title='bbox 2592 690 2855 761; x_wconf 87' lang='lat' dir='ltr'><strong>inquiunt,</strong></span> <span class='ocrx_word' id='word_1_154' title='bbox 2885 691 2973 763; x_wconf 85' lang='lat' dir='ltr'><strong>qui</strong></span> <span class='ocrx_word' id='word_1_155' title='bbox 3006 702 3262 747; x_wconf 89' lang='lat' dir='ltr'><strong>venturus</strong></span> <span class='ocrx_word' id='word_1_156' title='bbox 3290 689 3466 745; x_wconf 90' lang='lat' dir='ltr'><strong>credi-</strong></span> 
     </span>
    </p>
   </div>
   <div class='ocr_carea' id='block_1_21' title="bbox 1885 776 3472 856">
    <p class='ocr_par' dir='ltr' id='par_1_21' title="bbox 1885 776 3472 856">
     <span class='ocr_line' id='line_1_21' title="bbox 1885 776 3472 856; baseline 0.005 -28"><span class='ocrx_word' id='word_1_157' title='bbox 1885 786 1988 837; x_wconf 90' lang='lat' dir='ltr'><strong>tur,</strong></span> <span class='ocrx_word' id='word_1_158' title='bbox 2020 791 2123 831; x_wconf 91' lang='lat' dir='ltr'><strong>non</strong></span> <span class='ocrx_word' id='word_1_159' title='bbox 2147 776 2300 832; x_wconf 82' lang='lat' dir='ltr'><strong>Jesus</strong></span> <span class='ocrx_word' id='word_1_160' title='bbox 2340 778 2535 835; x_wconf 86' lang='lat' dir='ltr'><strong>dicitur</strong></span> <span class='ocrx_word' id='word_1_161' title='bbox 2558 781 2695 855; x_wconf 78' lang='lat' dir='ltr'><strong>(l3),</strong></span> <span class='ocrx_word' id='word_1_162' title='bbox 2725 800 2890 856; x_wconf 87' lang='lat' dir='ltr'><strong>quare</strong></span> <span class='ocrx_word' id='word_1_163' title='bbox 2929 785 2971 840; x_wconf 88' lang='lat' dir='ltr'><strong>is</strong></span> <span class='ocrx_word' id='word_1_164' title='bbox 3011 786 3098 853; x_wconf 89' lang='lat' dir='ltr'><strong>qni</strong></span> <span class='ocrx_word' id='word_1_165' title='bbox 3130 787 3291 849; x_wconf 86' lang='lat' dir='ltr'><strong>venit,</strong></span> <span class='ocrx_word' id='word_1_166' title='bbox 3317 783 3472 839; x_wconf 88' lang='lat' dir='ltr'><strong>Jesus</strong></span> 
     </span>
    </p>
   </div>
   <div class='ocr_carea' id='block_1_22' title="bbox 1882 864 3474 945">
    <p class='ocr_par' dir='ltr' id='par_1_22' title="bbox 1882 864 3474 945">
     <span class='ocr_line' id='line_1_22' title="bbox 1882 864 3474 945; baseline 0.004 -25"><span class='ocrx_word' id='word_1_167' title='bbox 1882 864 2129 921; x_wconf 81' lang='lat' dir='ltr'><strong>Christus</strong></span> <span class='ocrx_word' id='word_1_168' title='bbox 2159 868 2501 937; x_wconf 78' lang='lat' dir='ltr'><strong>appellatur?</strong></span> <span class='ocrx_word' id='word_1_169' title='bbox 2540 871 2821 929; x_wconf 80' lang='lat' dir='ltr'><strong>Constabit</strong></span> <span class='ocrx_word' id='word_1_170' title='bbox 2852 884 3030 931; x_wconf 90' lang='lat' dir='ltr'><strong>autem</strong></span> <span class='ocrx_word' id='word_1_171' title='bbox 3064 884 3345 945; x_wconf 87' lang='lat' dir='ltr'><strong>utrumque</strong></span> <span class='ocrx_word' id='word_1_172' title='bbox 3378 889 3474 927; x_wconf 90' lang='lat' dir='ltr'><strong>no-</strong></span> 
     </span>
    </p>
   </div>
   <div class='ocr_carea' id='block_1_23' title="bbox 1886 956 3475 1034">
    <p class='ocr_par' dir='ltr' id='par_1_23' title="bbox 1886 956 3475 1034">
     <span class='ocr_line' id='line_1_23' title="bbox 1886 956 3475 1034; baseline 0.005 -25"><span class='ocrx_word' id='word_1_173' title='bbox 1886 971 2005 1010; x_wconf 87' lang='lat' dir='ltr'><strong>men</strong></span> <span class='ocrx_word' id='word_1_174' title='bbox 2052 957 2102 1011; x_wconf 90' lang='lat' dir='ltr'><strong>in</strong></span> <span class='ocrx_word' id='word_1_175' title='bbox 2141 956 2359 1013; x_wconf 88' lang='lat' dir='ltr'><strong>Christo</strong></span> <span class='ocrx_word' id='word_1_176' title='bbox 2404 960 2527 1026; x_wconf 86' lang='lat' dir='ltr'><strong>Dei,</strong></span> <span class='ocrx_word' id='word_1_177' title='bbox 2574 965 2625 1017; x_wconf 91' lang='lat' dir='ltr'><strong>in</strong></span> <span class='ocrx_word' id='word_1_178' title='bbox 2665 979 2771 1034; x_wconf 87' lang='lat' dir='ltr'><strong>quo</strong></span> <span class='ocrx_word' id='word_1_179' title='bbox 2814 965 3081 1020; x_wconf 86' lang='lat' dir='ltr'><strong>invenitur</strong></span> <span class='ocrx_word' id='word_1_180' title='bbox 3117 967 3275 1020; x_wconf 91' lang='lat' dir='ltr'><strong>etiam</strong></span> <span class='ocrx_word' id='word_1_181' title='bbox 3317 963 3475 1018; x_wconf 81' lang='lat' dir='ltr'><strong>Jesus</strong></span> 
     </span>
    </p>
   </div>
   <div class='ocr_carea' id='block_1_24' title="bbox 1884 1048 3477 1132">
    <p class='ocr_par' dir='ltr' id='par_1_24' title="bbox 1884 1048 3477 1132">
     <span class='ocr_line' id='line_1_24' title="bbox 1884 1048 3477 1132; baseline 0.004 -32"><span class='ocrx_word' id='word_1_182' title='bbox 1884 1048 2201 1117; x_wconf 86' lang='lat' dir='ltr'><strong>appellatus.</strong></span> <span class='ocrx_word' id='word_1_183' title='bbox 2237 1049 2391 1105; x_wconf 86' lang='lat' dir='ltr'><strong>Disce</strong></span> <span class='ocrx_word' id='word_1_184' title='bbox 2415 1054 2617 1109; x_wconf 89' lang='lat' dir='ltr'><strong>erroris</strong></span> <span class='ocrx_word' id='word_1_185' title='bbox 2647 1055 2720 1109; x_wconf 90' lang='lat' dir='ltr'><strong>tui</strong></span> <span class='ocrx_word' id='word_1_186' title='bbox 2748 1070 2973 1111; x_wconf 89' lang='lat' dir='ltr'><strong>morem.</strong></span> <span class='ocrx_word' id='word_1_187' title='bbox 3003 1056 3134 1110; x_wconf 90' lang='lat' dir='ltr'><strong>Dum</strong></span> <span class='ocrx_word' id='word_1_188' title='bbox 3165 1056 3329 1132; x_wconf 61' lang='lat' dir='ltr'><strong>Moysi</strong></span> <span class='ocrx_word' id='word_1_189' title='bbox 3357 1070 3477 1108; x_wconf 86' lang='lat' dir='ltr'><strong>suc-</strong></span> 
     </span>
    </p>
   </div>
   <div class='ocr_carea' id='block_1_25' title="bbox 1886 1140 3475 1213">
    <p class='ocr_par' dir='ltr' id='par_1_25' title="bbox 1886 1140 3475 1213">
     <span class='ocr_line' id='line_1_25' title="bbox 1886 1140 3475 1213; baseline 0.004 -20"><span class='ocrx_word' id='word_1_190' title='bbox 1886 1153 2069 1195; x_wconf 87' lang='lat' dir='ltr'><strong>cessor</strong></span> <span class='ocrx_word' id='word_1_191' title='bbox 2114 1140 2474 1199; x_wconf 90' lang='lat' dir='ltr'><strong>destinaretur</strong></span> <span class='ocrx_word' id='word_1_192' title='bbox 2521 1147 2693 1201; x_wconf 74' lang='lat' dir='ltr'><strong>Auses</strong></span> <span class='ocrx_word' id='word_1_193' title='bbox 2741 1147 2877 1203; x_wconf 89' lang='lat' dir='ltr'><strong>lilius</strong></span> <span class='ocrx_word' id='word_1_194' title='bbox 2925 1147 3102 1213; x_wconf 85' lang='lat' dir='ltr'><strong>Nave,</strong></span> <span class='ocrx_word' id='word_1_195' title='bbox 3157 1145 3475 1202; x_wconf 78' lang='lat' dir='ltr'><strong>transfertur</strong></span> 
     </span>
    </p>
   </div>
   <div class='ocr_carea' id='block_1_26' title="bbox 1887 1231 3476 1309">
    <p class='ocr_par' dir='ltr' id='par_1_26' title="bbox 1887 1231 3476 1309">
     <span class='ocr_line' id='line_1_26' title="bbox 1887 1231 3476 1309; baseline 0.004 -24"><span class='ocrx_word' id='word_1_196' title='bbox 1887 1244 2032 1287; x_wconf 85' lang='lat' dir='ltr'><strong>certe</strong></span> <span class='ocrx_word' id='word_1_197' title='bbox 2081 1231 2236 1303; x_wconf 74' lang='lat' dir='ltr'>(M)</span> <span class='ocrx_word' id='word_1_198' title='bbox 2289 1233 2355 1289; x_wconf 87' lang='lat' dir='ltr'><strong>de</strong></span> <span class='ocrx_word' id='word_1_199' title='bbox 2402 1236 2630 1305; x_wconf 89' lang='lat' dir='ltr'><strong>pristino</strong></span> <span class='ocrx_word' id='word_1_200' title='bbox 2679 1240 2924 1305; x_wconf 84' lang='lat' dir='ltr'><strong>nomine,</strong></span> <span class='ocrx_word' id='word_1_201' title='bbox 2975 1250 3027 1295; x_wconf 86' lang='lat' dir='ltr'><strong>et</strong></span> <span class='ocrx_word' id='word_1_202' title='bbox 3077 1240 3260 1309; x_wconf 88' lang='lat' dir='ltr'><strong>incipit</strong></span> <span class='ocrx_word' id='word_1_203' title='bbox 3301 1240 3476 1293; x_wconf 77' lang='lat' dir='ltr'><strong>vocari</strong></span> 
     </span>
    </p>
   </div>
   <div class='ocr_carea' id='block_1_27' title="bbox 1886 1321 3478 1401">
    <p class='ocr_par' dir='ltr' id='par_1_27' title="bbox 1886 1321 3478 1401">
     <span class='ocr_line' id='line_1_27' title="bbox 1886 1321 3478 1401; baseline 0.005 -23"><span class='ocrx_word' id='word_1_204' title='bbox 1886 1321 2041 1378; x_wconf 70' lang='lat' dir='ltr'><strong>.lesus</strong></span> <span class='ocrx_word' id='word_1_205' title='bbox 2088 1324 2193 1395; x_wconf 80' lang='lat' dir='ltr'><strong>(tl).</strong></span> <span class='ocrx_word' id='word_1_206' title='bbox 2231 1324 2420 1394; x_wconf 82' lang='lat' dir='ltr'><strong>Certe,</strong></span> <span class='ocrx_word' id='word_1_207' title='bbox 2465 1328 2641 1399; x_wconf 90' lang='lat' dir='ltr'><strong>inquis</strong></span> <span class='ocrx_word' id='word_1_208' title='bbox 2694 1329 2831 1401; x_wconf 86' lang='lat' dir='ltr'><strong>(l5).</strong></span> <span class='ocrx_word' id='word_1_209' title='bbox 2878 1331 3024 1385; x_wconf 90' lang='lat' dir='ltr'><strong>llanc</strong></span> <span class='ocrx_word' id='word_1_210' title='bbox 3073 1334 3216 1401; x_wconf 88' lang='lat' dir='ltr'><strong>prius</strong></span> <span class='ocrx_word' id='word_1_211' title='bbox 3252 1332 3478 1386; x_wconf 93' lang='lat' dir='ltr'><strong>dicimus</strong></span> 
     </span>
    </p>
   </div>
   <div class='ocr_carea' id='block_1_28' title="bbox 1892 1416 3480 1493">
    <p class='ocr_par' dir='ltr' id='par_1_28' title="bbox 1892 1416 3480 1493">
     <span class='ocr_line' id='line_1_28' title="bbox 1892 1416 3480 1493; baseline 0.004 -24"><span class='ocrx_word' id='word_1_212' title='bbox 1892 1416 2112 1487; x_wconf 80' lang='lat' dir='ltr'><strong>ﬁgurant</strong></span> <span class='ocrx_word' id='word_1_213' title='bbox 2136 1416 2298 1472; x_wconf 87' lang='lat' dir='ltr'><strong>l‘utttri</strong></span> <span class='ocrx_word' id='word_1_214' title='bbox 2323 1417 2509 1476; x_wconf 76' lang='lat' dir='ltr'><strong>fuisse.</strong></span> <span class='ocrx_word' id='word_1_215' title='bbox 2536 1419 2664 1477; x_wconf 65' lang='lat' dir='ltr'><strong>Nam</strong></span> <span class='ocrx_word' id='word_1_216' title='bbox 2695 1425 2815 1493; x_wconf 89' lang='lat' dir='ltr'><strong>quia</strong></span> <span class='ocrx_word' id='word_1_217' title='bbox 2842 1422 2995 1478; x_wconf 85' lang='lat' dir='ltr'><strong>Jcsns</strong></span> <span class='ocrx_word' id='word_1_218' title='bbox 3018 1422 3263 1479; x_wconf 84' lang='lat' dir='ltr'><strong>Christus</strong></span> <span class='ocrx_word' id='word_1_219' title='bbox 3288 1439 3480 1478; x_wconf 85' lang='lat' dir='ltr'><strong>secun-</strong></span> 
     </span>
    </p>
   </div>
   <div class='ocr_carea' id='block_1_29' title="bbox 1890 1506 3479 1583">
    <p class='ocr_par' dir='ltr' id='par_1_29' title="bbox 1890 1506 3479 1583">
     <span class='ocr_line' id='line_1_29' title="bbox 1890 1506 3479 1583; baseline 0.007 -25"><span class='ocrx_word' id='word_1_220' title='bbox 1890 1506 2013 1562; x_wconf 85' lang='lat' dir='ltr'><strong>dum</strong></span> <span class='ocrx_word' id='word_1_221' title='bbox 2046 1510 2334 1580; x_wconf 82' lang='lat' dir='ltr'><strong>populum,</strong></span> <span class='ocrx_word' id='word_1_222' title='bbox 2376 1512 2517 1583; x_wconf 89' lang='lat' dir='ltr'><strong>quod</strong></span> <span class='ocrx_word' id='word_1_223' title='bbox 2559 1529 2746 1571; x_wconf 90' lang='lat' dir='ltr'><strong>smnus</strong></span> <span class='ocrx_word' id='word_1_224' title='bbox 2782 1531 2908 1579; x_wconf 91' lang='lat' dir='ltr'><strong>nos,</strong></span> <span class='ocrx_word' id='word_1_225' title='bbox 2940 1517 3183 1571; x_wconf 85' lang='lat' dir='ltr'><strong>nationes</strong></span> <span class='ocrx_word' id='word_1_226' title='bbox 3213 1517 3263 1570; x_wconf 90' lang='lat' dir='ltr'><strong>in</strong></span> <span class='ocrx_word' id='word_1_227' title='bbox 3296 1516 3479 1571; x_wconf 67' lang='lat' dir='ltr'><strong>saeculi</strong></span> 
     </span>
    </p>
   </div>
   <div class='ocr_carea' id='block_1_30' title="bbox 1888 1600 3483 1675">
    <p class='ocr_par' dir='ltr' id='par_1_30' title="bbox 1888 1600 3483 1675">
     <span class='ocr_line' id='line_1_30' title="bbox 1888 1600 3483 1675; baseline 0.006 -21"><span class='ocrx_word' id='word_1_228' title='bbox 1888 1600 2103 1656; x_wconf 87' lang='lat' dir='ltr'><strong>deserto</strong></span> <span class='ocrx_word' id='word_1_229' title='bbox 2124 1601 2238 1674; x_wconf 87' lang='grc'>(16)</span> <span class='ocrx_word' id='word_1_230' title='bbox 2264 1617 2661 1662; x_wconf 88' lang='lat' dir='ltr'><strong>commorantes</strong></span> <span class='ocrx_word' id='word_1_231' title='bbox 2694 1618 2849 1663; x_wconf 82' lang='lat' dir='ltr'><strong>antea</strong></span> <span class='ocrx_word' id='word_1_232' title='bbox 2862 1650 2876 1675; x_wconf 88' lang='lat'><strong>,</strong></span> <span class='ocrx_word' id='word_1_233' title='bbox 2903 1608 3301 1665; x_wconf 89' lang='lat' dir='ltr'><strong>introducturns</strong></span> <span class='ocrx_word' id='word_1_234' title='bbox 3338 1618 3483 1665; x_wconf 88' lang='lat' dir='ltr'><strong>esset</strong></span> 
     </span>
    </p>
   </div>
   <div class='ocr_carea' id='block_1_31' title="bbox 1893 1694 3481 1768">
    <p class='ocr_par' dir='ltr' id='par_1_31' title="bbox 1893 1694 3481 1768">
     <span class='ocr_line' id='line_1_31' title="bbox 1893 1694 3481 1768; baseline 0.006 -22"><span class='ocrx_word' id='word_1_235' title='bbox 1893 1694 1943 1747; x_wconf 92' lang='lat' dir='ltr'><strong>in</strong></span> <span class='ocrx_word' id='word_1_236' title='bbox 1977 1706 2172 1750; x_wconf 90' lang='lat' dir='ltr'><strong>terram</strong></span> <span class='ocrx_word' id='word_1_237' title='bbox 2203 1698 2664 1768; x_wconf 83' lang='lat' dir='ltr'><strong>repromissionis,</strong></span> <span class='ocrx_word' id='word_1_238' title='bbox 2702 1702 2863 1756; x_wconf 88' lang='lat' dir='ltr'><strong>melle</strong></span> <span class='ocrx_word' id='word_1_239' title='bbox 2889 1710 2944 1757; x_wconf 90' lang='lat' dir='ltr'><strong>et</strong></span> <span class='ocrx_word' id='word_1_240' title='bbox 2974 1702 3111 1757; x_wconf 83' lang='lat' dir='ltr'><strong>lacte</strong></span> <span class='ocrx_word' id='word_1_241' title='bbox 3144 1714 3481 1766; x_wconf 86' lang='lat' dir='ltr'><strong>manantem,</strong></span> 
     </span>
    </p>
   </div>
   <div class='ocr_carea' id='block_1_32' title="bbox 1894 1785 3488 1865">
    <p class='ocr_par' dir='ltr' id='par_1_32' title="bbox 1894 1785 3488 1865">
     <span class='ocr_line' id='line_1_32' title="bbox 1894 1785 3488 1865; baseline 0.006 -26"><span class='ocrx_word' id='word_1_242' title='bbox 1894 1785 1943 1839; x_wconf 89' lang='lat' dir='ltr'><strong>id</strong></span> <span class='ocrx_word' id='word_1_243' title='bbox 1972 1796 2055 1841; x_wconf 87' lang='lat' dir='ltr'><strong>est</strong></span> <span class='ocrx_word' id='word_1_244' title='bbox 2094 1788 2144 1842; x_wconf 91' lang='lat' dir='ltr'><strong>in</strong></span> <span class='ocrx_word' id='word_1_245' title='bbox 2173 1788 2295 1844; x_wconf 78' lang='lat' dir='ltr'><strong>vita:</strong></span> <span class='ocrx_word' id='word_1_246' title='bbox 2334 1800 2552 1845; x_wconf 62' lang='lat' dir='ltr'><strong>ceterum</strong></span> <span class='ocrx_word' id='word_1_247' title='bbox 2603 1793 2995 1861; x_wconf 86' lang='lat' dir='ltr'><strong>possessionem</strong></span> <span class='ocrx_word' id='word_1_248' title='bbox 3035 1795 3184 1863; x_wconf 89' lang='grc'>(17).</span> <span class='ocrx_word' id='word_1_249' title='bbox 3225 1811 3324 1865; x_wconf 90' lang='lat' dir='ltr'><strong>qua</strong></span> <span class='ocrx_word' id='word_1_250' title='bbox 3355 1795 3488 1849; x_wconf 84' lang='lat' dir='ltr'><strong>nihil</strong></span> 
     </span>
    </p>
   </div>
   <div class='ocr_carea' id='block_1_33' title="bbox 194 1878 3488 1956">
    <p class='ocr_par' dir='ltr' id='par_1_33' title="bbox 194 1878 3488 1956">
     <span class='ocr_line' id='line_1_33' title="bbox 194 1878 3488 1956; baseline 0.001 -18"><span class='ocrx_word' id='word_1_251' title='bbox 194 1900 319 1953; x_wconf 83' lang='lat' dir='ltr'><strong>ergo</strong></span> <span class='ocrx_word' id='word_1_252' title='bbox 341 1884 621 1939; x_wconf 78' lang='lat' dir='ltr'><strong>ctChtisto</strong></span> <span class='ocrx_word' id='word_1_253' title='bbox 646 1885 733 1937; x_wconf 86' lang='lat' dir='ltr'><strong>Dei</strong></span> <span class='ocrx_word' id='word_1_254' title='bbox 760 1884 808 1936; x_wconf 90' lang='lat' dir='ltr'><strong>in</strong></span> <span class='ocrx_word' id='word_1_255' title='bbox 834 1882 1056 1937; x_wconf 75' lang='lat' dir='ltr'><strong>Psalmis</strong></span> <span class='ocrx_word' id='word_1_256' title='bbox 1075 1883 1189 1936; x_wconf 85' lang='lat' dir='ltr'><strong>sine</strong></span> <span class='ocrx_word' id='word_1_257' title='bbox 1210 1881 1410 1936; x_wconf 74' lang='lat' dir='ltr'><strong>bellicis</strong></span> <span class='ocrx_word' id='word_1_258' title='bbox 1428 1880 1586 1935; x_wconf 88' lang='lat' dir='ltr'><strong>rebus</strong></span> <span class='ocrx_word' id='word_1_259' title='bbox 1604 1896 1786 1935; x_wconf 81' lang='lat' dir='ltr'><strong>ensem</strong></span> <span class='ocrx_word' id='word_1_260' title='bbox 1818 1894 1865 1952; x_wconf 74' lang='grc' dir='ltr'><strong>Β</strong></span> <span class='ocrx_word' id='word_1_261' title='bbox 1893 1878 2098 1934; x_wconf 89' lang='lat' dir='ltr'><strong>dulcius</strong></span> <span class='ocrx_word' id='word_1_262' title='bbox 2122 1897 2134 1933; x_wconf 90' lang='lat'><strong>:</strong></span> <span class='ocrx_word' id='word_1_263' title='bbox 2164 1880 2321 1952; x_wconf 81' lang='lat' dir='ltr'><strong>idque</strong></span> <span class='ocrx_word' id='word_1_264' title='bbox 2346 1882 2463 1952; x_wconf 87' lang='grc'>(18)</span> <span class='ocrx_word' id='word_1_265' title='bbox 2505 1898 2609 1937; x_wconf 92' lang='lat' dir='ltr'><strong>non</strong></span> <span class='ocrx_word' id='word_1_266' title='bbox 2652 1900 2747 1954; x_wconf 87' lang='lat' dir='ltr'><strong>per</strong></span> <span class='ocrx_word' id='word_1_267' title='bbox 2788 1885 3023 1956; x_wconf 82' lang='lat' dir='ltr'><strong>Moysen,</strong></span> <span class='ocrx_word' id='word_1_268' title='bbox 3057 1884 3107 1940; x_wconf 93' lang='lat' dir='ltr'><strong>id</strong></span> <span class='ocrx_word' id='word_1_269' title='bbox 3136 1895 3238 1951; x_wconf 87' lang='lat' dir='ltr'><strong>est,</strong></span> <span class='ocrx_word' id='word_1_270' title='bbox 3263 1901 3368 1939; x_wconf 91' lang='lat' dir='ltr'><strong>non</strong></span> <span class='ocrx_word' id='word_1_271' title='bbox 3395 1902 3488 1955; x_wconf 88' lang='lat' dir='ltr'><strong>per</strong></span> 
     </span>
    </p>
   </div>
   <div class='ocr_carea' id='block_1_34' title="bbox 196 1972 1790 2044">
    <p class='ocr_par' dir='ltr' id='par_1_34' title="bbox 196 1972 1790 2044">
     <span class='ocr_line' id='line_1_34' title="bbox 196 1972 1790 2044; baseline -0.003 -16"><span class='ocrx_word' id='word_1_272' title='bbox 196 1976 459 2029; x_wconf 77' lang='lat' dir='ltr'><strong>sermonis</strong></span> <span class='ocrx_word' id='word_1_273' title='bbox 506 1975 595 2029; x_wconf 86' lang='lat' dir='ltr'><strong>Dei</strong></span> <span class='ocrx_word' id='word_1_274' title='bbox 640 1975 887 2044; x_wconf 60' lang='lat' dir='ltr'><strong>praecingi</strong></span> <span class='ocrx_word' id='word_1_275' title='bbox 934 1978 1190 2044; x_wconf 70' lang='lat' dir='ltr'><strong>ligut‘ato,</strong></span> <span class='ocrx_word' id='word_1_276' title='bbox 1236 1974 1321 2028; x_wconf 84' lang='lat' dir='ltr'><strong>cui</strong></span> <span class='ocrx_word' id='word_1_277' title='bbox 1365 1972 1613 2042; x_wconf 68' lang='lat' dir='ltr'><strong>praedicta</strong></span> <span class='ocrx_word' id='word_1_278' title='bbox 1655 1980 1790 2027; x_wconf 88' lang='lat' dir='ltr'><strong>tetu-</strong></span> 
     </span>
    </p>
   </div>
   <div class='ocr_carea' id='block_1_35' title="bbox 196 2066 1790 2135">
    <p class='ocr_par' dir='ltr' id='par_1_35' title="bbox 196 2066 1790 2135">
     <span class='ocr_line' id='line_1_35' title="bbox 196 2066 1790 2135; baseline -0.002 -14"><span class='ocrx_word' id='word_1_279' title='bbox 196 2066 472 2135; x_wconf 74' lang='lat' dir='ltr'><strong>p&quot;Sli\&#39;l|tlS</strong></span> <span class='ocrx_word' id='word_1_280' title='bbox 498 2078 752 2129; x_wconf 71' lang='lat' dir='ltr'><strong>congruat</strong></span> <span class='ocrx_word' id='word_1_281' title='bbox 782 2082 901 2120; x_wconf 85' lang='lat' dir='ltr'><strong>eum</strong></span> <span class='ocrx_word' id='word_1_282' title='bbox 934 2068 1098 2135; x_wconf 67' lang='lat' dir='ltr'><strong>gratia</strong></span> <span class='ocrx_word' id='word_1_283' title='bbox 1134 2067 1396 2120; x_wconf 86' lang='lat' dir='ltr'><strong>lahiorum</strong></span> <span class='ocrx_word' id='word_1_284' title='bbox 1418 2106 1432 2130; x_wconf 94' lang='lat'><strong>,</strong></span> <span class='ocrx_word' id='word_1_285' title='bbox 1473 2081 1630 2132; x_wconf 85' lang='lat' dir='ltr'><strong>quem</strong></span> <span class='ocrx_word' id='word_1_286' title='bbox 1666 2075 1790 2118; x_wconf 89' lang='lat' dir='ltr'><strong>tunc</strong></span> 
     </span>
    </p>
   </div>
   <div class='ocr_carea' id='block_1_36' title="bbox 196 2158 1790 2230">
    <p class='ocr_par' dir='ltr' id='par_1_36' title="bbox 196 2158 1790 2230">
     <span class='ocr_line' id='line_1_36' title="bbox 196 2158 1790 2230; baseline -0.003 -16"><span class='ocrx_word' id='word_1_287' title='bbox 196 2160 512 2230; x_wconf 69' lang='lat' dir='ltr'><strong>cingebatur</strong></span> <span class='ocrx_word' id='word_1_288' title='bbox 537 2174 697 2227; x_wconf 82' lang='lat' dir='ltr'><strong>super</strong></span> <span class='ocrx_word' id='word_1_289' title='bbox 726 2160 895 2213; x_wconf 85' lang='lat' dir='ltr'><strong>lentur</strong></span> <span class='ocrx_word' id='word_1_290' title='bbox 922 2159 1058 2229; x_wconf 88' lang='lat' dir='ltr'><strong>apud</strong></span> <span class='ocrx_word' id='word_1_291' title='bbox 1086 2159 1271 2224; x_wconf 82' lang='lat' dir='ltr'><strong>David,</strong></span> <span class='ocrx_word' id='word_1_292' title='bbox 1302 2158 1512 2228; x_wconf 82' lang='lat' dir='ltr'><strong>quando</strong></span> <span class='ocrx_word' id='word_1_293' title='bbox 1539 2170 1790 2213; x_wconf 72' lang='lat' dir='ltr'><strong>venturus</strong></span> 
     </span>
    </p>
   </div>
   <div class='ocr_carea' id='block_1_37' title="bbox 196 2249 1789 2321">
    <p class='ocr_par' dir='ltr' id='par_1_37' title="bbox 196 2249 1789 2321">
     <span class='ocr_line' id='line_1_37' title="bbox 196 2249 1789 2321; baseline -0.001 -16"><span class='ocrx_word' id='word_1_294' title='bbox 196 2254 246 2306; x_wconf 86' lang='lat' dir='ltr'><strong>iit</strong></span> <span class='ocrx_word' id='word_1_295' title='bbox 291 2263 461 2306; x_wconf 87' lang='lat' dir='ltr'><strong>terras</strong></span> <span class='ocrx_word' id='word_1_296' title='bbox 496 2268 558 2305; x_wconf 77' lang='lat' dir='ltr'><strong>ex</strong></span> <span class='ocrx_word' id='word_1_297' title='bbox 605 2252 693 2306; x_wconf 85' lang='lat' dir='ltr'><strong>Dei</strong></span> <span class='ocrx_word' id='word_1_298' title='bbox 728 2253 890 2321; x_wconf 84' lang='lat' dir='ltr'><strong>patris</strong></span> <span class='ocrx_word' id='word_1_299' title='bbox 922 2250 1139 2306; x_wconf 84' lang='lat' dir='ltr'><strong>decreto</strong></span> <span class='ocrx_word' id='word_1_300' title='bbox 1180 2251 1519 2305; x_wconf 87' lang='lat' dir='ltr'><strong>nuntiabatur</strong></span> <span class='ocrx_word' id='word_1_301' title='bbox 1548 2270 1560 2303; x_wconf 88' lang='lat'><strong>:</strong></span> <span class='ocrx_word' id='word_1_302' title='bbox 1609 2249 1668 2304; x_wconf 72' lang='lat' dir='ltr'><strong>lCt</strong></span> <span class='ocrx_word' id='word_1_303' title='bbox 1700 2250 1789 2304; x_wconf 89' lang='lat' dir='ltr'><strong>de-</strong></span> 
     </span>
    </p>
   </div>
   <div class='ocr_carea' id='block_1_38' title="bbox 196 2343 1790 2418">
    <p class='ocr_par' dir='ltr' id='par_1_38' title="bbox 196 2343 1790 2418">
     <span class='ocr_line' id='line_1_38' title="bbox 196 2343 1790 2418; baseline 0 -21"><span class='ocrx_word' id='word_1_304' title='bbox 196 2347 363 2412; x_wconf 82' lang='lat' dir='ltr'><strong>ducet,</strong></span> <span class='ocrx_word' id='word_1_305' title='bbox 392 2345 580 2415; x_wconf 80' lang='lat' dir='ltr'><strong>inquit,</strong></span> <span class='ocrx_word' id='word_1_306' title='bbox 605 2356 651 2399; x_wconf 86' lang='lat' dir='ltr'><strong>te</strong></span> <span class='ocrx_word' id='word_1_307' title='bbox 682 2346 978 2414; x_wconf 75' lang='lat' dir='ltr'><strong>magnitudo</strong></span> <span class='ocrx_word' id='word_1_308' title='bbox 1004 2348 1221 2400; x_wconf 67' lang='lat' dir='ltr'><strong>dextera:</strong></span> <span class='ocrx_word' id='word_1_309' title='bbox 1247 2356 1347 2399; x_wconf 76' lang='lat' dir='ltr'><strong>tua:</strong></span> <span class='ocrx_word' id='word_1_310' title='bbox 1376 2344 1530 2418; x_wconf 78' lang='lat' dir='ltr'><strong>(l’sal</strong></span> <span class='ocrx_word' id='word_1_311' title='bbox 1560 2387 1571 2407; x_wconf 90' lang='lat'><strong>,</strong></span> <span class='ocrx_word' id='word_1_312' title='bbox 1606 2343 1790 2409; x_wconf 73' lang='lat' dir='ltr'><strong>XLIV,</strong></span> 
     </span>
    </p>
   </div>
   <div class='ocr_carea' id='block_1_39' title="bbox 197 2436 1793 2509">
    <p class='ocr_par' dir='ltr' id='par_1_39' title="bbox 197 2436 1793 2509">
     <span class='ocr_line' id='line_1_39' title="bbox 197 2436 1793 2509; baseline 0.001 -19"><span class='ocrx_word' id='word_1_313' title='bbox 197 2439 295 2507; x_wconf 83' lang='lat'><strong>5),</strong></span> <span class='ocrx_word' id='word_1_314' title='bbox 343 2440 510 2493; x_wconf 75' lang='lat' dir='ltr'><strong>\‘irttts</strong></span> <span class='ocrx_word' id='word_1_315' title='bbox 549 2439 748 2494; x_wconf 82' lang='lat' dir='ltr'><strong>scilicet</strong></span> <span class='ocrx_word' id='word_1_316' title='bbox 787 2440 971 2509; x_wconf 73' lang='lat' dir='ltr'><strong>gratia:</strong></span> <span class='ocrx_word' id='word_1_317' title='bbox 1016 2439 1298 2508; x_wconf 75' lang='lat' dir='ltr'><strong>spiritalis,</strong></span> <span class='ocrx_word' id='word_1_318' title='bbox 1341 2437 1408 2493; x_wconf 87' lang='lat' dir='ltr'><strong>de</strong></span> <span class='ocrx_word' id='word_1_319' title='bbox 1447 2454 1547 2508; x_wconf 91' lang='lat' dir='ltr'><strong>qua</strong></span> <span class='ocrx_word' id='word_1_320' title='bbox 1589 2436 1793 2492; x_wconf 87' lang='lat' dir='ltr'><strong>Christi</strong></span> 
     </span>
    </p>
   </div>
   <div class='ocr_carea' id='block_1_40' title="bbox 196 2528 1791 2600">
    <p class='ocr_par' dir='ltr' id='par_1_40' title="bbox 196 2528 1791 2600">
     <span class='ocr_line' id='line_1_40' title="bbox 196 2528 1791 2600; baseline 0.002 -19"><span class='ocrx_word' id='word_1_321' title='bbox 196 2529 395 2599; x_wconf 89' lang='lat' dir='ltr'><strong>agnitio</strong></span> <span class='ocrx_word' id='word_1_322' title='bbox 413 2529 693 2584; x_wconf 88' lang='lat' dir='ltr'><strong>deducitur</strong></span> <span class='ocrx_word' id='word_1_323' title='bbox 712 2549 724 2584; x_wconf 90' lang='lat'><strong>:</strong></span> <span class='ocrx_word' id='word_1_324' title='bbox 743 2531 958 2600; x_wconf 81' lang='lat' dir='ltr'><strong>Sagitta:</strong></span> <span class='ocrx_word' id='word_1_325' title='bbox 976 2539 1093 2595; x_wconf 56' lang='lat' dir='ltr'><strong>luat,</strong></span> <span class='ocrx_word' id='word_1_326' title='bbox 1116 2530 1305 2598; x_wconf 87' lang='lat' dir='ltr'><strong>inquit,</strong></span> <span class='ocrx_word' id='word_1_327' title='bbox 1324 2540 1489 2583; x_wconf 78' lang='lat' dir='ltr'><strong>acuta:</strong></span> <span class='ocrx_word' id='word_1_328' title='bbox 1506 2528 1693 2599; x_wconf 65' lang='lat' dir='ltr'><strong>(Ibid,</strong></span> <span class='ocrx_word' id='word_1_329' title='bbox 1711 2529 1791 2597; x_wconf 84' lang='lat'><strong>6),</strong></span> 
     </span>
    </p>
   </div>
   <div class='ocr_carea' id='block_1_41' title="bbox 198 2619 1794 2693">
    <p class='ocr_par' dir='ltr' id='par_1_41' title="bbox 198 2619 1794 2693">
     <span class='ocr_line' id='line_1_41' title="bbox 198 2619 1794 2693; baseline 0.002 -22"><span class='ocrx_word' id='word_1_330' title='bbox 198 2638 289 2690; x_wconf 87' lang='lat' dir='ltr'><strong>per</strong></span> <span class='ocrx_word' id='word_1_331' title='bbox 331 2622 564 2674; x_wconf 71' lang='lat' dir='ltr'><strong>volantia</strong></span> <span class='ocrx_word' id='word_1_332' title='bbox 607 2623 786 2691; x_wconf 91' lang='lat' dir='ltr'><strong>utique</strong></span> <span class='ocrx_word' id='word_1_333' title='bbox 977 2622 1065 2677; x_wconf 87' lang='lat' dir='ltr'><strong>Dei</strong></span> <span class='ocrx_word' id='word_1_334' title='bbox 1098 2632 1360 2692; x_wconf 70' lang='lat' dir='ltr'><strong>pt&#39;mcepta</strong></span> <span class='ocrx_word' id='word_1_335' title='bbox 1383 2662 1397 2686; x_wconf 94' lang='lat'><strong>,</strong></span> <span class='ocrx_word' id='word_1_336' title='bbox 1430 2620 1691 2677; x_wconf 72' lang='lat' dir='ltr'><strong>minantes</strong></span> <span class='ocrx_word' id='word_1_337' title='bbox 1722 2619 1794 2693; x_wconf 87' lang='lat' dir='ltr'>(c)</span> 
     </span>
    </p>
   </div>
   <div class='ocr_carea' id='block_1_42' title="bbox 200 2713 1794 2786">
    <p class='ocr_par' dir='ltr' id='par_1_42' title="bbox 200 2713 1794 2786">
     <span class='ocr_line' id='line_1_42' title="bbox 200 2713 1794 2786; baseline 0.003 -19"><span class='ocrx_word' id='word_1_338' title='bbox 200 2713 584 2769; x_wconf 74' lang='lat' dir='ltr'><strong>traditotioncm</strong></span> <span class='ocrx_word' id='word_1_339' title='bbox 640 2715 1051 2785; x_wconf 86' lang='lat' dir='ltr'><strong>uniuscujusque</strong></span> <span class='ocrx_word' id='word_1_340' title='bbox 1098 2714 1312 2781; x_wconf 88' lang='lat' dir='ltr'><strong>cordis,</strong></span> <span class='ocrx_word' id='word_1_341' title='bbox 1370 2724 1794 2786; x_wconf 84' lang='lat' dir='ltr'><strong>compungeutes</strong></span> 
     </span>
    </p>
   </div>
   <div class='ocr_carea' id='block_1_43' title="bbox 197 2804 1796 2879">
    <p class='ocr_par' dir='ltr' id='par_1_43' title="bbox 197 2804 1796 2879">
     <span class='ocr_line' id='line_1_43' title="bbox 197 2804 1796 2879; baseline 0.003 -22"><span class='ocrx_word' id='word_1_342' title='bbox 197 2817 245 2857; x_wconf 93' lang='lat' dir='ltr'><strong>et</strong></span> <span class='ocrx_word' id='word_1_343' title='bbox 294 2806 666 2875; x_wconf 72' lang='lat' dir='ltr'><strong>transligenles</strong></span> <span class='ocrx_word' id='word_1_344' title='bbox 707 2804 790 2877; x_wconf 88' lang='grc'><strong>(8)</strong></span> <span class='ocrx_word' id='word_1_345' title='bbox 831 2807 1209 2861; x_wconf 76' lang='lat' dir='ltr'><strong>conscientiattt</strong></span> <span class='ocrx_word' id='word_1_346' title='bbox 1263 2821 1525 2877; x_wconf 85' lang='lat' dir='ltr'><strong>quamque</strong></span> <span class='ocrx_word' id='word_1_347' title='bbox 1554 2806 1654 2879; x_wconf 87' lang='lat'>(9).</span> <span class='ocrx_word' id='word_1_348' title='bbox 1692 2806 1796 2861; x_wconf 84' lang='lat' dir='ltr'><strong>P0-</strong></span> 
     </span>
    </p>
   </div>
   <div class='ocr_carea' id='block_1_44' title="bbox 199 2896 1796 2969">
    <p class='ocr_par' dir='ltr' id='par_1_44' title="bbox 199 2896 1796 2969">
     <span class='ocr_line' id='line_1_44' title="bbox 199 2896 1796 2969; baseline 0.004 -20"><span class='ocrx_word' id='word_1_349' title='bbox 199 2896 304 2965; x_wconf 84' lang='lat' dir='ltr'><strong>puli</strong></span> <span class='ocrx_word' id='word_1_350' title='bbox 334 2897 426 2949; x_wconf 87' lang='lat' dir='ltr'><strong>sub</strong></span> <span class='ocrx_word' id='word_1_351' title='bbox 456 2908 503 2949; x_wconf 86' lang='lat' dir='ltr'><strong>te</strong></span> <span class='ocrx_word' id='word_1_352' title='bbox 531 2897 742 2960; x_wconf 80' lang='lat' dir='ltr'><strong>cadent,</strong></span> <span class='ocrx_word' id='word_1_353' title='bbox 788 2899 969 2967; x_wconf 88' lang='lat' dir='ltr'><strong>utique</strong></span> <span class='ocrx_word' id='word_1_354' title='bbox 1008 2898 1313 2953; x_wconf 87' lang='lat' dir='ltr'><strong>adorantes.</strong></span> <span class='ocrx_word' id='word_1_355' title='bbox 1356 2899 1446 2954; x_wconf 91' lang='lat' dir='ltr'><strong>Sic</strong></span> <span class='ocrx_word' id='word_1_356' title='bbox 1477 2899 1796 2969; x_wconf 86' lang='lat' dir='ltr'><strong>bellipotens</strong></span> 
     </span>
    </p>
   </div>
   <div class='ocr_carea' id='block_1_45' title="bbox 198 2988 1794 3063">
    <p class='ocr_par' dir='ltr' id='par_1_45' title="bbox 198 2988 1794 3063">
     <span class='ocr_line' id='line_1_45' title="bbox 198 2988 1794 3063; baseline 0.005 -22"><span class='ocrx_word' id='word_1_357' title='bbox 198 2998 247 3042; x_wconf 90' lang='lat' dir='ltr'><strong>et</strong></span> <span class='ocrx_word' id='word_1_358' title='bbox 274 2989 509 3057; x_wconf 77' lang='lat' dir='ltr'><strong>armiger</strong></span> <span class='ocrx_word' id='word_1_359' title='bbox 534 2988 778 3043; x_wconf 88' lang='lat' dir='ltr'><strong>Christus</strong></span> <span class='ocrx_word' id='word_1_360' title='bbox 802 3000 906 3053; x_wconf 88' lang='lat' dir='ltr'><strong>est,</strong></span> <span class='ocrx_word' id='word_1_361' title='bbox 937 2990 1014 3044; x_wconf 81' lang='lat' dir='ltr'><strong>sic</strong></span> <span class='ocrx_word' id='word_1_362' title='bbox 1064 2990 1283 3059; x_wconf 79' lang='lat' dir='ltr'><strong>recipiet</strong></span> <span class='ocrx_word' id='word_1_363' title='bbox 1312 2990 1431 3061; x_wconf 87' lang='grc'>(10)</span> <span class='ocrx_word' id='word_1_364' title='bbox 1471 2993 1661 3063; x_wconf 76' lang='lat' dir='ltr'><strong>Spolia,</strong></span> <span class='ocrx_word' id='word_1_365' title='bbox 1689 3009 1794 3049; x_wconf 92' lang='lat' dir='ltr'><strong>non</strong></span> 
     </span>
    </p>
   </div>
   <div class='ocr_carea' id='block_1_46' title="bbox 199 3080 1796 3156">
    <p class='ocr_par' dir='ltr' id='par_1_46' title="bbox 199 3080 1796 3156">
     <span class='ocr_line' id='line_1_46' title="bbox 199 3080 1796 3156; baseline 0.005 -23"><span class='ocrx_word' id='word_1_366' title='bbox 199 3080 367 3134; x_wconf 77' lang='lat' dir='ltr'><strong>solius</strong></span> <span class='ocrx_word' id='word_1_367' title='bbox 396 3082 671 3143; x_wconf 69' lang='lat' dir='ltr'><strong>Saittariar,</strong></span> <span class='ocrx_word' id='word_1_368' title='bbox 704 3097 889 3135; x_wconf 90' lang='lat' dir='ltr'><strong>verum</strong></span> <span class='ocrx_word' id='word_1_369' title='bbox 919 3094 973 3137; x_wconf 90' lang='lat' dir='ltr'><strong>et</strong></span> <span class='ocrx_word' id='word_1_370' title='bbox 997 3082 1234 3137; x_wconf 87' lang='lat' dir='ltr'><strong>omnium</strong></span> <span class='ocrx_word' id='word_1_371' title='bbox 1261 3083 1521 3154; x_wconf 88' lang='lat' dir='ltr'><strong>gentium.</strong></span> <span class='ocrx_word' id='word_1_372' title='bbox 1552 3088 1796 3156; x_wconf 74' lang='lat' dir='ltr'><strong>Agnosco</strong></span> 
     </span>
    </p>
   </div>
   <div class='ocr_carea' id='block_1_47' title="bbox 1894 1972 3493 2047">
    <p class='ocr_par' dir='ltr' id='par_1_47' title="bbox 1894 1972 3493 2047">
     <span class='ocr_line' id='line_1_47' title="bbox 1894 1972 3493 2047; baseline 0.003 -21"><span class='ocrx_word' id='word_1_373' title='bbox 1894 1972 2025 2042; x_wconf 86' lang='lat' dir='ltr'><strong>legis</strong></span> <span class='ocrx_word' id='word_1_374' title='bbox 2060 1972 2431 2044; x_wconf 89' lang='lat' dir='ltr'><strong>disciplinam,</strong></span> <span class='ocrx_word' id='word_1_375' title='bbox 2469 1974 2563 2029; x_wconf 87' lang='lat' dir='ltr'><strong>sed</strong></span> <span class='ocrx_word' id='word_1_376' title='bbox 2610 1992 2703 2044; x_wconf 88' lang='lat' dir='ltr'><strong>per</strong></span> <span class='ocrx_word' id='word_1_377' title='bbox 2742 1975 2955 2043; x_wconf 83' lang='lat' dir='ltr'><strong>Jcsnm,</strong></span> <span class='ocrx_word' id='word_1_378' title='bbox 2998 1976 3045 2030; x_wconf 88' lang='lat' dir='ltr'><strong>id</strong></span> <span class='ocrx_word' id='word_1_379' title='bbox 3087 1986 3169 2030; x_wconf 86' lang='lat' dir='ltr'><strong>est</strong></span> <span class='ocrx_word' id='word_1_380' title='bbox 3208 1992 3300 2047; x_wconf 88' lang='lat' dir='ltr'><strong>per</strong></span> <span class='ocrx_word' id='word_1_381' title='bbox 3341 1992 3493 2030; x_wconf 76' lang='lat' dir='ltr'><strong>ll()\‘:P.</strong></span> 
     </span>
    </p>
   </div>
   <div class='ocr_carea' id='block_1_48' title="bbox 1894 2066 3490 2136">
    <p class='ocr_par' dir='ltr' id='par_1_48' title="bbox 1894 2066 3490 2136">
     <span class='ocr_line' id='line_1_48' title="bbox 1894 2066 3490 2136; baseline 0.004 -18"><span class='ocrx_word' id='word_1_382' title='bbox 1894 2066 2024 2134; x_wconf 85' lang='lat' dir='ltr'><strong>legis</strong></span> <span class='ocrx_word' id='word_1_383' title='bbox 2067 2067 2325 2136; x_wconf 81' lang='lat' dir='ltr'><strong>gratiam,</strong></span> <span class='ocrx_word' id='word_1_384' title='bbox 2373 2068 2657 2136; x_wconf 81' lang='lat' dir='ltr'><strong>provenire</strong></span> <span class='ocrx_word' id='word_1_385' title='bbox 2698 2067 2926 2123; x_wconf 88' lang='lat' dir='ltr'><strong>habebat</strong></span> <span class='ocrx_word' id='word_1_386' title='bbox 2966 2070 3297 2125; x_wconf 82' lang='lat' dir='ltr'><strong>circumcisis</strong></span> <span class='ocrx_word' id='word_1_387' title='bbox 3337 2070 3490 2125; x_wconf 83' lang='lat' dir='ltr'><strong>ttnltls</strong></span> 
     </span>
    </p>
   </div>
   <div class='ocr_carea' id='block_1_49' title="bbox 1895 2158 3488 2231">
    <p class='ocr_par' dir='ltr' id='par_1_49' title="bbox 1895 2158 3488 2231">
     <span class='ocr_line' id='line_1_49' title="bbox 1895 2158 3488 2231; baseline 0.004 -20"><span class='ocrx_word' id='word_1_388' title='bbox 1895 2159 2099 2226; x_wconf 85' lang='lat' dir='ltr'><strong>petrina</strong></span> <span class='ocrx_word' id='word_1_389' title='bbox 2143 2158 2289 2222; x_wconf 89' lang='lat' dir='ltr'><strong>acie,</strong></span> <span class='ocrx_word' id='word_1_390' title='bbox 2337 2159 2388 2214; x_wconf 94' lang='lat' dir='ltr'><strong>id</strong></span> <span class='ocrx_word' id='word_1_391' title='bbox 2429 2170 2512 2214; x_wconf 88' lang='lat' dir='ltr'><strong>est</strong></span> <span class='ocrx_word' id='word_1_392' title='bbox 2556 2160 2755 2215; x_wconf 87' lang='lat' dir='ltr'><strong>Christi</strong></span> <span class='ocrx_word' id='word_1_393' title='bbox 2798 2162 3111 2231; x_wconf 68' lang='lat' dir='ltr'><strong>praeceptis,</strong></span> <span class='ocrx_word' id='word_1_394' title='bbox 3161 2174 3303 2230; x_wconf 83' lang='lat' dir='ltr'><strong>petra</strong></span> <span class='ocrx_word' id='word_1_395' title='bbox 3343 2162 3488 2217; x_wconf 90' lang='lat' dir='ltr'><strong>enim</strong></span> 
     </span>
    </p>
   </div>
   <div class='ocr_carea' id='block_1_50' title="bbox 1896 2248 3493 2323">
    <p class='ocr_par' dir='ltr' id='par_1_50' title="bbox 1896 2248 3493 2323">
     <span class='ocr_line' id='line_1_50' title="bbox 1896 2248 3493 2323; baseline 0.003 -18"><span class='ocrx_word' id='word_1_396' title='bbox 1896 2250 2127 2306; x_wconf 77' lang='lat' dir='ltr'><strong>Clu-istas</strong></span> <span class='ocrx_word' id='word_1_397' title='bbox 2158 2250 2177 2323; x_wconf 96' lang='lat'><strong>(</strong></span> <span class='ocrx_word' id='word_1_398' title='bbox 2210 2250 2223 2304; x_wconf 90' lang='grc' dir='ltr'><strong>Ι</strong></span> <span class='ocrx_word' id='word_1_399' title='bbox 2253 2248 2397 2316; x_wconf 88' lang='lat' dir='ltr'><strong>Cor.,</strong></span> <span class='ocrx_word' id='word_1_400' title='bbox 2430 2250 2501 2317; x_wconf 81' lang='grc' dir='ltr'><strong>Χ,</strong></span> <span class='ocrx_word' id='word_1_401' title='bbox 2530 2251 2564 2305; x_wconf 70' lang='grc'>4</span> <span class='ocrx_word' id='word_1_402' title='bbox 2596 2252 2611 2320; x_wconf 91' lang='grc'><strong>)</strong></span> <span class='ocrx_word' id='word_1_403' title='bbox 2648 2251 2829 2306; x_wconf 88' lang='lat' dir='ltr'><strong>ntultis</strong></span> <span class='ocrx_word' id='word_1_404' title='bbox 2860 2252 3030 2307; x_wconf 87' lang='lat' dir='ltr'><strong>modis</strong></span> <span class='ocrx_word' id='word_1_405' title='bbox 3058 2262 3113 2307; x_wconf 89' lang='lat' dir='ltr'><strong>et</strong></span> <span class='ocrx_word' id='word_1_406' title='bbox 3141 2254 3322 2323; x_wconf 87' lang='lat' dir='ltr'><strong>tignris</strong></span> <span class='ocrx_word' id='word_1_407' title='bbox 3355 2269 3493 2322; x_wconf 69' lang='lat' dir='ltr'><strong>prae-</strong></span> 
     </span>
    </p>
   </div>
   <div class='ocr_carea' id='block_1_51' title="bbox 1898 2344 3497 2416">
    <p class='ocr_par' dir='ltr' id='par_1_51' title="bbox 1898 2344 3497 2416">
     <span class='ocr_line' id='line_1_51' title="bbox 1898 2344 3497 2416; baseline 0.001 -17"><span class='ocrx_word' id='word_1_408' title='bbox 1898 2345 2106 2401; x_wconf 87' lang='lat' dir='ltr'><strong>dicatus</strong></span> <span class='ocrx_word' id='word_1_409' title='bbox 2135 2355 2218 2401; x_wconf 89' lang='lat' dir='ltr'><strong>est</strong></span> <span class='ocrx_word' id='word_1_410' title='bbox 2244 2363 2255 2398; x_wconf 93' lang='lat'>:</span> <span class='ocrx_word' id='word_1_411' title='bbox 2293 2345 2414 2400; x_wconf 89' lang='lat' dir='ltr'><strong>ideo</strong></span> <span class='ocrx_word' id='word_1_412' title='bbox 2445 2346 2488 2400; x_wconf 88' lang='lat' dir='ltr'><strong>is</strong></span> <span class='ocrx_word' id='word_1_413' title='bbox 2519 2345 2603 2400; x_wconf 83' lang='lat' dir='ltr'><strong>vir</strong></span> <span class='ocrx_word' id='word_1_414' title='bbox 2628 2344 2716 2416; x_wconf 90' lang='lat' dir='ltr'><strong>qui</strong></span> <span class='ocrx_word' id='word_1_415' title='bbox 2748 2346 2798 2400; x_wconf 92' lang='lat' dir='ltr'><strong>in</strong></span> <span class='ocrx_word' id='word_1_416' title='bbox 2830 2345 2987 2414; x_wconf 87' lang='lat' dir='ltr'><strong>lmjns</strong></span> <span class='ocrx_word' id='word_1_417' title='bbox 3013 2348 3333 2401; x_wconf 72' lang='lat' dir='ltr'><strong>sacramenti</strong></span> <span class='ocrx_word' id='word_1_418' title='bbox 3365 2347 3497 2401; x_wconf 86' lang='lat' dir='ltr'><strong>ima-</strong></span> 
     </span>
    </p>
   </div>
   <div class='ocr_carea' id='block_1_52' title="bbox 1897 2437 3496 2510">
    <p class='ocr_par' dir='ltr' id='par_1_52' title="bbox 1897 2437 3496 2510">
     <span class='ocr_line' id='line_1_52' title="bbox 1897 2437 3496 2510; baseline 0.003 -20"><span class='ocrx_word' id='word_1_419' title='bbox 1897 2438 2075 2509; x_wconf 81' lang='lat' dir='ltr'><strong>ginem</strong></span> <span class='ocrx_word' id='word_1_420' title='bbox 2100 2437 2405 2507; x_wconf 87' lang='lat' dir='ltr'><strong>parabatur,</strong></span> <span class='ocrx_word' id='word_1_421' title='bbox 2425 2438 2585 2492; x_wconf 88' lang='lat' dir='ltr'><strong>etiam</strong></span> <span class='ocrx_word' id='word_1_422' title='bbox 2612 2437 2847 2494; x_wconf 87' lang='lat' dir='ltr'><strong>numinis</strong></span> <span class='ocrx_word' id='word_1_423' title='bbox 2871 2439 3128 2495; x_wconf 91' lang='lat' dir='ltr'><strong>Dontinici</strong></span> <span class='ocrx_word' id='word_1_424' title='bbox 3154 2440 3496 2510; x_wconf 88' lang='lat' dir='ltr'><strong>inauguratus</strong></span> 
     </span>
    </p>
   </div>
   <div class='ocr_carea' id='block_1_53' title="bbox 1898 2527 3493 2602">
    <p class='ocr_par' dir='ltr' id='par_1_53' title="bbox 1898 2527 3493 2602">
     <span class='ocr_line' id='line_1_53' title="bbox 1898 2527 3493 2602; baseline 0.001 -18"><span class='ocrx_word' id='word_1_425' title='bbox 1898 2538 1979 2584; x_wconf 89' lang='lat' dir='ltr'><strong>est</strong></span> <span class='ocrx_word' id='word_1_426' title='bbox 2008 2528 2197 2598; x_wconf 74' lang='lat' dir='ltr'><strong>figura,</strong></span> <span class='ocrx_word' id='word_1_427' title='bbox 2228 2539 2285 2582; x_wconf 90' lang='lat' dir='ltr'><strong>ut</strong></span> <span class='ocrx_word' id='word_1_428' title='bbox 2309 2527 2465 2583; x_wconf 75' lang='lat' dir='ltr'><strong>Jesus</strong></span> <span class='ocrx_word' id='word_1_429' title='bbox 2489 2530 2875 2584; x_wconf 82' lang='lat' dir='ltr'><strong>nominaretur.</strong></span> <span class='ocrx_word' id='word_1_430' title='bbox 2906 2530 3037 2585; x_wconf 85' lang='lat' dir='ltr'><strong>Nam</strong></span> <span class='ocrx_word' id='word_1_431' title='bbox 3066 2531 3154 2602; x_wconf 90' lang='lat' dir='ltr'><strong>qtti</strong></span> <span class='ocrx_word' id='word_1_432' title='bbox 3183 2531 3247 2584; x_wconf 90' lang='lat' dir='ltr'><strong>ad</strong></span> <span class='ocrx_word' id='word_1_433' title='bbox 3275 2530 3493 2602; x_wconf 81' lang='lat' dir='ltr'><strong>Moysen</strong></span> 
     </span>
    </p>
   </div>
   <div class='ocr_carea' id='block_1_54' title="bbox 1899 2618 3493 2693">
    <p class='ocr_par' dir='ltr' id='par_1_54' title="bbox 1899 2618 3493 2693">
     <span class='ocr_line' id='line_1_54' title="bbox 1899 2618 3493 2693; baseline 0.003 -20"><span class='ocrx_word' id='word_1_434' title='bbox 1899 2618 2230 2687; x_wconf 88' lang='lat' dir='ltr'><strong>loquebatur,</strong></span> <span class='ocrx_word' id='word_1_435' title='bbox 2277 2620 2390 2689; x_wconf 88' lang='lat' dir='ltr'><strong>ipse</strong></span> <span class='ocrx_word' id='word_1_436' title='bbox 2426 2628 2541 2674; x_wconf 89' lang='lat' dir='ltr'><strong>erat</strong></span> <span class='ocrx_word' id='word_1_437' title='bbox 2584 2619 2678 2675; x_wconf 88' lang='lat' dir='ltr'><strong>Dei</strong></span> <span class='ocrx_word' id='word_1_438' title='bbox 2719 2620 2877 2685; x_wconf 84' lang='lat' dir='ltr'><strong>tilias,</strong></span> <span class='ocrx_word' id='word_1_439' title='bbox 2908 2620 2997 2693; x_wconf 88' lang='lat' dir='ltr'><strong>qui</strong></span> <span class='ocrx_word' id='word_1_440' title='bbox 3026 2631 3081 2677; x_wconf 90' lang='lat' dir='ltr'><strong>et</strong></span> <span class='ocrx_word' id='word_1_441' title='bbox 3107 2636 3320 2693; x_wconf 89' lang='lat' dir='ltr'><strong>semper</strong></span> <span class='ocrx_word' id='word_1_442' title='bbox 3342 2624 3493 2678; x_wconf 81' lang='lat' dir='ltr'><strong>vide-</strong></span> 
     </span>
    </p>
   </div>
   <div class='ocr_carea' id='block_1_55' title="bbox 1902 2710 3499 2784">
    <p class='ocr_par' dir='ltr' id='par_1_55' title="bbox 1902 2710 3499 2784">
     <span class='ocr_line' id='line_1_55' title="bbox 1902 2710 3499 2784; baseline 0.002 -19"><span class='ocrx_word' id='word_1_443' title='bbox 1902 2711 2055 2766; x_wconf 88' lang='lat' dir='ltr'><strong>batur</strong></span> <span class='ocrx_word' id='word_1_444' title='bbox 2087 2710 2179 2781; x_wconf 92' lang='lat' dir='ltr'><strong>(e).</strong></span> <span class='ocrx_word' id='word_1_445' title='bbox 2213 2710 2376 2766; x_wconf 87' lang='lat' dir='ltr'><strong>Deum</strong></span> <span class='ocrx_word' id='word_1_446' title='bbox 2405 2710 2545 2765; x_wconf 90' lang='lat' dir='ltr'><strong>enim</strong></span> <span class='ocrx_word' id='word_1_447' title='bbox 2574 2720 2777 2782; x_wconf 84' lang='lat' dir='ltr'><strong>patrem</strong></span> <span class='ocrx_word' id='word_1_448' title='bbox 2808 2727 2964 2768; x_wconf 86' lang='lat' dir='ltr'><strong>nemo</strong></span> <span class='ocrx_word' id='word_1_449' title='bbox 2993 2711 3121 2768; x_wconf 75' lang='lat' dir='ltr'><strong>vidit</strong></span> <span class='ocrx_word' id='word_1_450' title='bbox 3143 2728 3414 2784; x_wconf 88' lang='lat' dir='ltr'><strong>umquam,</strong></span> <span class='ocrx_word' id='word_1_451' title='bbox 3444 2724 3499 2768; x_wconf 87' lang='lat' dir='ltr'><strong>et</strong></span> 
     </span>
    </p>
   </div>
   <div class='ocr_carea' id='block_1_56' title="bbox 1902 2801 3497 2875">
    <p class='ocr_par' dir='ltr' id='par_1_56' title="bbox 1902 2801 3497 2875">
     <span class='ocr_line' id='line_1_56' title="bbox 1902 2801 3497 2875; baseline 0.002 -18"><span class='ocrx_word' id='word_1_452' title='bbox 1902 2806 2032 2859; x_wconf 73' lang='lat' dir='ltr'><strong>vixit</strong></span> <span class='ocrx_word' id='word_1_453' title='bbox 2073 2801 2304 2875; x_wconf 77' lang='lat' dir='ltr'><strong>(Exod.,</strong></span> <span class='ocrx_word' id='word_1_454' title='bbox 2348 2801 2604 2867; x_wconf 74' lang='lat' dir='ltr'><strong>XXXIII,</strong></span> <span class='ocrx_word' id='word_1_455' title='bbox 2648 2803 2748 2867; x_wconf 74' lang='lat'><strong>20)</strong></span> <span class='ocrx_word' id='word_1_456' title='bbox 2779 2823 2791 2860; x_wconf 91' lang='lat'><strong>:</strong></span> <span class='ocrx_word' id='word_1_457' title='bbox 2830 2813 2885 2860; x_wconf 86' lang='lat' dir='ltr'><strong>et</strong></span> <span class='ocrx_word' id='word_1_458' title='bbox 2922 2805 3042 2860; x_wconf 87' lang='lat' dir='ltr'><strong>ideo</strong></span> <span class='ocrx_word' id='word_1_459' title='bbox 3079 2815 3286 2860; x_wconf 77' lang='lat' dir='ltr'><strong>constat</strong></span> <span class='ocrx_word' id='word_1_460' title='bbox 3324 2806 3497 2875; x_wconf 87' lang='lat' dir='ltr'><strong>ipsum</strong></span> 
     </span>
    </p>
   </div>
   <div class='ocr_carea' id='block_1_57' title="bbox 1904 2893 3493 2967">
    <p class='ocr_par' dir='ltr' id='par_1_57' title="bbox 1904 2893 3493 2967">
     <span class='ocr_line' id='line_1_57' title="bbox 1904 2893 3493 2967; baseline 0 -18"><span class='ocrx_word' id='word_1_461' title='bbox 1904 2895 1994 2950; x_wconf 88' lang='lat' dir='ltr'><strong>Dei</strong></span> <span class='ocrx_word' id='word_1_462' title='bbox 2027 2895 2190 2949; x_wconf 88' lang='lat' dir='ltr'><strong>lilium</strong></span> <span class='ocrx_word' id='word_1_463' title='bbox 2232 2893 2400 2965; x_wconf 79' lang='lat' dir='ltr'><strong>Moysi</strong></span> <span class='ocrx_word' id='word_1_464' title='bbox 2440 2910 2559 2949; x_wconf 80' lang='lat' dir='ltr'><strong>esse</strong></span> <span class='ocrx_word' id='word_1_465' title='bbox 2600 2894 2854 2961; x_wconf 90' lang='lat' dir='ltr'><strong>locutum,</strong></span> <span class='ocrx_word' id='word_1_466' title='bbox 2899 2906 2950 2951; x_wconf 91' lang='lat' dir='ltr'><strong>et</strong></span> <span class='ocrx_word' id='word_1_467' title='bbox 2989 2895 3192 2952; x_wconf 81' lang='lat' dir='ltr'><strong>dixisse</strong></span> <span class='ocrx_word' id='word_1_468' title='bbox 3221 2897 3285 2951; x_wconf 88' lang='lat' dir='ltr'><strong>ad</strong></span> <span class='ocrx_word' id='word_1_469' title='bbox 3320 2913 3493 2967; x_wconf 82' lang='lat' dir='ltr'><strong>popu-</strong></span> 
     </span>
    </p>
   </div>
   <div class='ocr_carea' id='block_1_58' title="bbox 1902 2985 3496 3063">
    <p class='ocr_par' dir='ltr' id='par_1_58' title="bbox 1902 2985 3496 3063">
     <span class='ocr_line' id='line_1_58' title="bbox 1902 2985 3496 3063; baseline 0.003 -23"><span class='ocrx_word' id='word_1_470' title='bbox 1902 2986 2009 3041; x_wconf 91' lang='lat' dir='ltr'><strong>lum</strong></span> <span class='ocrx_word' id='word_1_471' title='bbox 2046 3004 2058 3038; x_wconf 89' lang='lat'>:</span> <span class='ocrx_word' id='word_1_472' title='bbox 2103 2986 2170 3058; x_wconf 79' lang='grc' dir='ltr'>(Ι)</span> <span class='ocrx_word' id='word_1_473' title='bbox 2218 2985 2351 3040; x_wconf 87' lang='lat' dir='ltr'><strong>Ecce</strong></span> <span class='ocrx_word' id='word_1_474' title='bbox 2382 3002 2473 3058; x_wconf 90' lang='lat' dir='ltr'><strong>ego</strong></span> <span class='ocrx_word' id='word_1_475' title='bbox 2511 2987 2653 3041; x_wconf 81' lang='lat' dir='ltr'><strong>mitto</strong></span> <span class='ocrx_word' id='word_1_476' title='bbox 2690 2987 2928 3059; x_wconf 86' lang='lat' dir='ltr'><strong>angelum</strong></span> <span class='ocrx_word' id='word_1_477' title='bbox 2966 3005 3131 3043; x_wconf 88' lang='lat' dir='ltr'><strong>meum</strong></span> <span class='ocrx_word' id='word_1_478' title='bbox 3168 3000 3282 3044; x_wconf 84' lang='lat' dir='ltr'><strong>ante</strong></span> <span class='ocrx_word' id='word_1_479' title='bbox 3311 2992 3496 3063; x_wconf 78' lang='lat' dir='ltr'><strong>faciem</strong></span> 
     </span>
    </p>
   </div>
   <div class='ocr_carea' id='block_1_59' title="bbox 1904 3078 3485 3149">
    <p class='ocr_par' dir='ltr' id='par_1_59' title="bbox 1904 3078 3485 3149">
     <span class='ocr_line' id='line_1_59' title="bbox 1904 3078 3485 3149; baseline 0.003 -16"><span class='ocrx_word' id='word_1_480' title='bbox 1904 3091 2071 3146; x_wconf 84' lang='lat' dir='ltr'><strong>tuam,</strong></span> <span class='ocrx_word' id='word_1_481' title='bbox 2103 3078 2155 3134; x_wconf 88' lang='lat' dir='ltr'><strong>id</strong></span> <span class='ocrx_word' id='word_1_482' title='bbox 2182 3087 2265 3135; x_wconf 89' lang='lat' dir='ltr'><strong>est</strong></span> <span class='ocrx_word' id='word_1_483' title='bbox 2294 3078 2504 3149; x_wconf 88' lang='lat' dir='ltr'><strong>populi,</strong></span> <span class='ocrx_word' id='word_1_484' title='bbox 2537 3080 2622 3148; x_wconf 88' lang='lat' dir='ltr'><strong>qui</strong></span> <span class='ocrx_word' id='word_1_485' title='bbox 2652 3088 2698 3135; x_wconf 85' lang='lat' dir='ltr'><strong>te</strong></span> <span class='ocrx_word' id='word_1_486' title='bbox 2725 3080 2977 3135; x_wconf 74' lang='lat' dir='ltr'><strong>custodiat</strong></span> <span class='ocrx_word' id='word_1_487' title='bbox 3004 3080 3056 3134; x_wconf 84' lang='lat' dir='ltr'><strong>in</strong></span> <span class='ocrx_word' id='word_1_488' title='bbox 3087 3081 3292 3147; x_wconf 82' lang='lat' dir='ltr'><strong>itinere,</strong></span> <span class='ocrx_word' id='word_1_489' title='bbox 3326 3093 3370 3137; x_wconf 88' lang='lat' dir='ltr'><strong>et</strong></span> <span class='ocrx_word' id='word_1_490' title='bbox 3402 3084 3485 3137; x_wconf 87' lang='lat' dir='ltr'><strong>iu-</strong></span> 
     </span>
    </p>
   </div>
   <div class='ocr_carea' id='block_1_60' title="bbox 196 3167 3496 3247">
    <p class='ocr_par' dir='ltr' id='par_1_60' title="bbox 196 3167 3496 3247">
     <span class='ocr_line' id='line_1_60' title="bbox 196 3167 3496 3247; baseline 0.001 -22"><span class='ocrx_word' id='word_1_491' title='bbox 196 3180 247 3225; x_wconf 91' lang='lat' dir='ltr'><strong>et</strong></span> <span class='ocrx_word' id='word_1_492' title='bbox 283 3171 459 3241; x_wconf 87' lang='lat' dir='ltr'><strong>spolia</strong></span> <span class='ocrx_word' id='word_1_493' title='bbox 499 3170 720 3243; x_wconf 86' lang='lat' dir='ltr'><strong>ﬁgurata</strong></span> <span class='ocrx_word' id='word_1_494' title='bbox 758 3174 911 3243; x_wconf 86' lang='lat' dir='ltr'><strong>cujus</strong></span> <span class='ocrx_word' id='word_1_495' title='bbox 945 3183 1001 3229; x_wconf 90' lang='lat' dir='ltr'><strong>et</strong></span> <span class='ocrx_word' id='word_1_496' title='bbox 1033 3189 1181 3230; x_wconf 88' lang='lat' dir='ltr'><strong>arma</strong></span> <span class='ocrx_word' id='word_1_497' title='bbox 1217 3176 1500 3247; x_wconf 78' lang='lat' dir='ltr'><strong>allegorica</strong></span> <span class='ocrx_word' id='word_1_498' title='bbox 1539 3176 1789 3232; x_wconf 84' lang='lat' dir='ltr'><strong>didicisti.</strong></span> <span class='ocrx_word' id='word_1_499' title='bbox 1819 3167 1862 3229; x_wconf 89' lang='lat' dir='ltr'><strong>C</strong></span> <span class='ocrx_word' id='word_1_500' title='bbox 1899 3172 2132 3228; x_wconf 87' lang='lat' dir='ltr'><strong>traducat</strong></span> <span class='ocrx_word' id='word_1_501' title='bbox 2166 3171 2218 3225; x_wconf 86' lang='lat' dir='ltr'><strong>in</strong></span> <span class='ocrx_word' id='word_1_502' title='bbox 2255 3180 2440 3225; x_wconf 86' lang='lat' dir='ltr'><strong>terram</strong></span> <span class='ocrx_word' id='word_1_503' title='bbox 2468 3187 2620 3241; x_wconf 84' lang='lat' dir='ltr'><strong>quam</strong></span> <span class='ocrx_word' id='word_1_504' title='bbox 2655 3171 2939 3242; x_wconf 78' lang='lat' dir='ltr'><strong>prtuparavi</strong></span> <span class='ocrx_word' id='word_1_505' title='bbox 2968 3170 3094 3239; x_wconf 85' lang='lat' dir='ltr'><strong>tibi;</strong></span> <span class='ocrx_word' id='word_1_506' title='bbox 3132 3173 3335 3228; x_wconf 85' lang='lat' dir='ltr'><strong>intende</strong></span> <span class='ocrx_word' id='word_1_507' title='bbox 3385 3174 3496 3239; x_wconf 80' lang='lat' dir='ltr'><strong>illi,</strong></span> 
     </span>
    </p>
   </div>
   <div class='ocr_carea' id='block_1_61' title="bbox 1430 3284 2269 3348">
    <p class='ocr_par' dir='ltr' id='par_1_61' title="bbox 1430 3284 2269 3348">
     <span class='ocr_line' id='line_1_61' title="bbox 1430 3284 2269 3348; baseline -0.007 -3"><span class='ocrx_word' id='word_1_508' title='bbox 1430 3289 1720 3346; x_wconf 71' lang='lat' dir='ltr'><strong>LECTION</strong></span> <span class='ocrx_word' id='word_1_509' title='bbox 1730 3290 1814 3348; x_wconf 85' lang='lat' dir='ltr'><strong>ES</strong></span> <span class='ocrx_word' id='word_1_510' title='bbox 1851 3284 2269 3344; x_wconf 70' lang='lat' dir='ltr'><strong>VARIANTES.</strong></span> 
     </span>
    </p>
   </div>
   <div class='ocr_carea' id='block_1_62' title="bbox 261 3399 1239 3465">
    <p class='ocr_par' dir='ltr' id='par_1_62' title="bbox 261 3399 1239 3465">
     <span class='ocr_line' id='line_1_62' title="bbox 261 3399 1239 3465; baseline -0.002 -14"><span class='ocrx_word' id='word_1_511' title='bbox 261 3404 335 3461; x_wconf 80' lang='lat' dir='ltr'><strong>(lt</strong></span> <span class='ocrx_word' id='word_1_512' title='bbox 361 3405 493 3465; x_wconf 63' lang='grc' dir='ltr'><strong>όραιος</strong></span> <span class='ocrx_word' id='word_1_513' title='bbox 516 3420 567 3465; x_wconf 63' lang='grc' dir='ltr'><strong>τις.</strong></span> <span class='ocrx_word' id='word_1_514' title='bbox 590 3414 713 3452; x_wconf 58' lang='lat' dir='ltr'><strong>tam.“</strong></span> <span class='ocrx_word' id='word_1_515' title='bbox 734 3399 852 3451; x_wconf 88' lang='lat' dir='ltr'><strong>add.</strong></span> <span class='ocrx_word' id='word_1_516' title='bbox 880 3399 1070 3452; x_wconf 85' lang='lat' dir='ltr'><strong>Obertlt.</strong></span> <span class='ocrx_word' id='word_1_517' title='bbox 1091 3400 1239 3452; x_wconf 84' lang='lat' dir='ltr'><strong>Seml.</strong></span> 
     </span>
    </p>
   </div>
   <div class='ocr_carea' id='block_1_63' title="bbox 262 3462 1798 3529">
    <p class='ocr_par' dir='ltr' id='par_1_63' title="bbox 262 3462 1798 3529">
     <span class='ocr_line' id='line_1_63' title="bbox 262 3462 1798 3529; baseline 0.004 -18"><span class='ocrx_word' id='word_1_518' title='bbox 262 3465 334 3528; x_wconf 75' lang='lat' dir='ltr'>(:t)</span> <span class='ocrx_word' id='word_1_519' title='bbox 361 3462 417 3512; x_wconf 69' lang='lat' dir='ltr'><strong>Iit</strong></span> <span class='ocrx_word' id='word_1_520' title='bbox 434 3462 742 3529; x_wconf 67' lang='lat' dir='ltr'><strong>prosperare,</strong></span> <span class='ocrx_word' id='word_1_521' title='bbox 769 3476 974 3526; x_wconf 80' lang='lat' dir='ltr'><strong>pmpera</strong></span> <span class='ocrx_word' id='word_1_522' title='bbox 995 3472 1046 3513; x_wconf 90' lang='lat' dir='ltr'><strong>et</strong></span> <span class='ocrx_word' id='word_1_523' title='bbox 1065 3477 1221 3527; x_wconf 85' lang='lat' dir='ltr'><strong>regna</strong></span> <span class='ocrx_word' id='word_1_524' title='bbox 1246 3464 1396 3514; x_wconf 64' lang='lat' dir='ltr'><strong>Iv’ran.</strong></span> <span class='ocrx_word' id='word_1_525' title='bbox 1424 3462 1484 3515; x_wconf 82' lang='lat' dir='ltr'><strong>Et</strong></span> <span class='ocrx_word' id='word_1_526' title='bbox 1508 3477 1798 3529; x_wconf 82' lang='lat' dir='ltr'><strong>prosperare</strong></span> 
     </span>
    </p>
   </div>
   <div class='ocr_carea' id='block_1_64' title="bbox 202 3527 1427 3651">
    <p class='ocr_par' dir='ltr' id='par_1_64' title="bbox 202 3527 1427 3651">
     <span class='ocr_line' id='line_1_64' title="bbox 291 3539 581 3572; baseline 0.003 -1"><span class='ocrx_word' id='word_1_527' title='bbox 291 3539 372 3559; x_wconf 68' lang='grc' dir='ltr'><strong>ἀπ</strong></span> <span class='ocrx_word' id='word_1_528' title='bbox 410 3542 421 3572; x_wconf 83' lang='lat'><strong>:</strong></span> <span class='ocrx_word' id='word_1_529' title='bbox 572 3563 581 3572; x_wconf 92' lang='lat'><strong>.</strong></span> 
     </span>
     <span class='ocr_line' id='line_1_65' title="bbox 202 3527 1427 3651; baseline 0.002 -16"><span class='ocrx_word' id='word_1_530' title='bbox 202 3527 679 3651; x_wconf 38' lang='lat' dir='ltr'><strong>Cl(istfttiii{sublimem</strong></span> <span class='ocrx_word' id='word_1_531' title='bbox 708 3588 1027 3651; x_wconf 84' lang='lat' dir='ltr'><strong>accingetur?</strong></span> <span class='ocrx_word' id='word_1_532' title='bbox 1052 3585 1202 3641; x_wconf 80' lang='lat' dir='ltr'><strong>Itlten.</strong></span> <span class='ocrx_word' id='word_1_533' title='bbox 1232 3588 1427 3641; x_wconf 84' lang='lat' dir='ltr'><strong>Oberth.</strong></span> 
     </span>
    </p>
   </div>
   <div class='ocr_carea' id='block_1_65' title="bbox 266 3649 1033 3832">
    <p class='ocr_par' dir='ltr' id='par_1_65' title="bbox 266 3649 1033 3832">
     <span class='ocr_line' id='line_1_66' title="bbox 266 3649 868 3717; baseline 0 -21"><span class='ocrx_word' id='word_1_534' title='bbox 266 3649 336 3713; x_wconf 81' lang='grc'><strong>(1)</strong></span> <span class='ocrx_word' id='word_1_535' title='bbox 369 3649 414 3717; x_wconf 79' lang='lat' dir='ltr'><strong>is</strong></span> <span class='ocrx_word' id='word_1_536' title='bbox 435 3650 553 3697; x_wconf 83' lang='lat' dir='ltr'><strong>Jun.</strong></span> <span class='ocrx_word' id='word_1_537' title='bbox 857 3649 868 3651; x_wconf 65' lang='grc'>⁷</span> 
     </span>
     <span class='ocr_line' id='line_1_67' title="bbox 266 3708 1033 3832; baseline -0.001 -71"><span class='ocrx_word' id='word_1_538' title='bbox 368 3708 809 3823; x_wconf 45' lang='lat' dir='ltr'><strong>tithrt&#39;tltqiit‘ti‘tnlltltett.</strong></span> <span class='ocrx_word' id='word_1_539' title='bbox 840 3710 1033 3763; x_wconf 83' lang='lat' dir='ltr'><strong>Obertlt.</strong></span> 
     </span>
     <span class='ocr_line' id='line_1_68' title="bbox 328 3792 706 3831; baseline 0 -8"><span class='ocrx_word' id='word_1_540' title='bbox 328 3792 338 3831; x_wconf 74' lang='lat' dir='ltr'><strong>i</strong></span> <span class='ocrx_word' id='word_1_541' title='bbox 458 3792 486 3823; x_wconf 78' lang='lat' dir='ltr'><strong>L</strong></span> <span class='ocrx_word' id='word_1_542' title='bbox 696 3812 706 3823; x_wconf 99' lang='lat'><strong>.</strong></span> 
     </span>
    </p>
   </div>
   <div class='ocr_carea' id='block_1_66' title="bbox 288 3771 706 3831">
    <p class='ocr_par' dir='ltr' id='par_1_66' title="bbox 288 3771 706 3831">
     <span class='ocr_line' id='line_1_69' title="bbox 288 3771 706 3831; baseline 0.01 -12"><span class='ocrx_word' id='word_1_543' title='bbox 288 3771 338 3831; x_wconf 68' lang='grc'>(1⁷)</span> <span class='ocrx_word' id='word_1_544' title='bbox 368 3773 508 3823; x_wconf 87' lang='lat' dir='ltr'><strong>Libet</strong></span> <span class='ocrx_word' id='word_1_545' title='bbox 530 3771 706 3823; x_wconf 78' lang='lat' dir='ltr'><strong>Iidem.</strong></span> 
     </span>
    </p>
   </div>
   <div class='ocr_carea' id='block_1_67' title="bbox 268 3832 762 3899">
    <p class='ocr_par' dir='ltr' id='par_1_67' title="bbox 268 3832 762 3899">
     <span class='ocr_line' id='line_1_70' title="bbox 268 3832 762 3899; baseline 0.002 -16"><span class='ocrx_word' id='word_1_546' title='bbox 268 3836 339 3896; x_wconf 81' lang='lat'>(7)</span> <span class='ocrx_word' id='word_1_547' title='bbox 372 3835 563 3899; x_wconf 70' lang='lat' dir='ltr'><strong>Cbique</strong></span> <span class='ocrx_word' id='word_1_548' title='bbox 584 3837 611 3885; x_wconf 91' lang='grc' dir='ltr'><em>Ι</em></span> <span class='ocrx_word' id='word_1_549' title='bbox 616 3832 762 3885; x_wconf 77' lang='lat' dir='ltr'><strong>idem.</strong></span> 
     </span>
    </p>
   </div>
   <div class='ocr_carea' id='block_1_68' title="bbox 289 3897 1427 3961">
    <p class='ocr_par' dir='ltr' id='par_1_68' title="bbox 289 3897 1427 3961">
     <span class='ocr_line' id='line_1_71' title="bbox 289 3897 1427 3961; baseline 0.001 -15"><span class='ocrx_word' id='word_1_550' title='bbox 289 3900 340 3961; x_wconf 78' lang='lat'>8)</span> <span class='ocrx_word' id='word_1_551' title='bbox 366 3898 428 3947; x_wconf 71' lang='lat' dir='ltr'><strong>lit</strong></span> <span class='ocrx_word' id='word_1_552' title='bbox 454 3897 827 3961; x_wconf 67' lang='lat' dir='ltr'><strong>couqtnngcntis</strong></span> <span class='ocrx_word' id='word_1_553' title='bbox 850 3905 902 3947; x_wconf 94' lang='lat' dir='ltr'><strong>et</strong></span> <span class='ocrx_word' id='word_1_554' title='bbox 926 3897 1255 3961; x_wconf 77' lang='lat' dir='ltr'><strong>transtigentis</strong></span> <span class='ocrx_word' id='word_1_555' title='bbox 1275 3897 1427 3951; x_wconf 84' lang='lat' dir='ltr'><strong>then.</strong></span> 
     </span>
    </p>
   </div>
   <div class='ocr_carea' id='block_1_69' title="bbox 290 3958 1529 4023">
    <p class='ocr_par' dir='ltr' id='par_1_69' title="bbox 290 3958 1529 4023">
     <span class='ocr_line' id='line_1_72' title="bbox 290 3958 1529 4023; baseline 0.003 -16"><span class='ocrx_word' id='word_1_556' title='bbox 290 3958 340 4017; x_wconf 78' lang='lat'>9)</span> <span class='ocrx_word' id='word_1_557' title='bbox 359 3958 741 4023; x_wconf 75' lang='lat' dir='ltr'><strong>t‘oitscientiain.</strong></span> <span class='ocrx_word' id='word_1_558' title='bbox 769 3959 991 4023; x_wconf 80' lang='lat' dir='ltr'><strong>Namque</strong></span> <span class='ocrx_word' id='word_1_559' title='bbox 1018 3958 1177 4023; x_wconf 70' lang='lat' dir='ltr'><strong>populi</strong></span> <span class='ocrx_word' id='word_1_560' title='bbox 1194 3958 1345 4013; x_wconf 81' lang='lat' dir='ltr'><strong>then.</strong></span> <span class='ocrx_word' id='word_1_561' title='bbox 1368 3960 1529 4015; x_wconf 82' lang='lat' dir='ltr'><strong>Obert.</strong></span> 
     </span>
    </p>
   </div>
   <div class='ocr_carea' id='block_1_70' title="bbox 296 4019 1183 4087">
    <p class='ocr_par' dir='ltr' id='par_1_70' title="bbox 296 4019 1183 4087">
     <span class='ocr_line' id='line_1_73' title="bbox 296 4019 1183 4087; baseline -0.002 -14"><span class='ocrx_word' id='word_1_562' title='bbox 296 4021 375 4087; x_wconf 86' lang='lat'><strong>10)</strong></span> <span class='ocrx_word' id='word_1_563' title='bbox 402 4024 625 4085; x_wconf 78' lang='lat' dir='ltr'><strong>Accipiet</strong></span> <span class='ocrx_word' id='word_1_564' title='bbox 647 4024 788 4072; x_wconf 83' lang='lat' dir='ltr'><strong>Pam.</strong></span> <span class='ocrx_word' id='word_1_565' title='bbox 816 4019 967 4075; x_wconf 76' lang='lat' dir='ltr'><strong>Rhea.</strong></span> <span class='ocrx_word' id='word_1_566' title='bbox 990 4019 1183 4075; x_wconf 67' lang='grc' dir='ltr'><strong>Οὐὰ-ιιι.</strong></span> 
     </span>
    </p>
   </div>
   <div class='ocr_carea' id='block_1_71' title="bbox 1966 3393 2525 3523">
    <p class='ocr_par' dir='ltr' id='par_1_71' title="bbox 1966 3393 2525 3523">
     <span class='ocr_line' id='line_1_74' title="bbox 1966 3393 2525 3523; baseline -0.002 -75"><span class='ocrx_word' id='word_1_567' title='bbox 1966 3398 2011 3457; x_wconf 85' lang='grc'><strong>(1</strong></span> <span class='ocrx_word' id='word_1_568' title='bbox 2027 3394 2070 3523; x_wconf 56' lang='grc'><strong>1)</strong></span> <span class='ocrx_word' id='word_1_569' title='bbox 2091 3396 2207 3447; x_wconf 84' lang='lat' dir='ltr'><strong>Erat</strong></span> <span class='ocrx_word' id='word_1_570' title='bbox 2226 3393 2384 3447; x_wconf 82' lang='lat' dir='ltr'><strong>addit.</strong></span> <span class='ocrx_word' id='word_1_571' title='bbox 2403 3396 2525 3447; x_wconf 83' lang='lat' dir='ltr'><strong>Jun.</strong></span> 
     </span>
     <span class='ocr_line' id='line_1_75' title="bbox 1967 3459 2525 3523; baseline -0.004 -14"><span class='ocrx_word' id='word_1_572' title='bbox 1967 3460 2049 3523; x_wconf 72' lang='lat' dir='ltr'><strong>(t2</strong></span> <span class='ocrx_word' id='word_1_573' title='bbox 2097 3459 2390 3523; x_wconf 70' lang='lat' dir='ltr'><strong>[aquantum</strong></span> <span class='ocrx_word' id='word_1_574' title='bbox 2414 3460 2525 3523; x_wconf 71' lang='lat' dir='ltr'><strong>Lat.</strong></span> 
     </span>
    </p>
   </div>
   <div class='ocr_carea' id='block_1_72' title="bbox 1967 3459 2518 3525">
    <p class='ocr_par' dir='ltr' id='par_1_72' title="bbox 1967 3459 2518 3525">
     <span class='ocr_line' id='line_1_76' title="bbox 1967 3459 2518 3525; baseline -0.002 0"><span class='ocrx_word' id='word_1_575' title='bbox 1967 3459 2069 3525; x_wconf 61' lang='lat' dir='ltr'><strong>te)</strong></span> <span class='ocrx_word' id='word_1_576' title='bbox 2096 3459 2390 3525; x_wconf 59' lang='lat' dir='ltr'><strong>lpqeenlum</strong></span> <span class='ocrx_word' id='word_1_577' title='bbox 2414 3460 2518 3508; x_wconf 68' lang='grc' dir='ltr'><strong>ιαι.</strong></span> 
     </span>
    </p>
   </div>
   <div class='ocr_carea' id='block_1_73' title="bbox 1965 3519 3503 3585">
    <p class='ocr_par' dir='ltr' id='par_1_73' title="bbox 1965 3519 3503 3585">
     <span class='ocr_line' id='line_1_77' title="bbox 1965 3519 3503 3585; baseline 0.003 -13"><span class='ocrx_word' id='word_1_578' title='bbox 1965 3519 2065 3585; x_wconf 71' lang='lat' dir='ltr'>(l5)</span> <span class='ocrx_word' id='word_1_579' title='bbox 2094 3519 2387 3573; x_wconf 78' lang='lat' dir='ltr'><strong>EstObertlt.</strong></span> <span class='ocrx_word' id='word_1_580' title='bbox 2407 3519 2549 3571; x_wconf 83' lang='lat' dir='ltr'><strong>Scml.</strong></span> <span class='ocrx_word' id='word_1_581' title='bbox 2572 3519 2676 3570; x_wconf 86' lang='lat' dir='ltr'><strong>Non</strong></span> <span class='ocrx_word' id='word_1_582' title='bbox 2697 3522 2842 3571; x_wconf 87' lang='lat' dir='ltr'><strong>etiam</strong></span> <span class='ocrx_word' id='word_1_583' title='bbox 2862 3520 3011 3573; x_wconf 83' lang='lat' dir='ltr'><strong>Jesus</strong></span> <span class='ocrx_word' id='word_1_584' title='bbox 3027 3537 3052 3573; x_wconf 90' lang='lat' dir='ltr'><strong>a</strong></span> <span class='ocrx_word' id='word_1_585' title='bbox 3076 3522 3261 3575; x_wconf 82' lang='lat' dir='ltr'><strong>Juda-is</strong></span> <span class='ocrx_word' id='word_1_586' title='bbox 3283 3526 3503 3576; x_wconf 84' lang='lat' dir='ltr'><strong>creditur</strong></span> 
     </span>
    </p>
   </div>
   <div class='ocr_carea' id='block_1_74' title="bbox 1902 3582 3503 3713">
    <p class='ocr_par' dir='ltr' id='par_1_74' title="bbox 1902 3582 3503 3713">
     <span class='ocr_line' id='line_1_78' title="bbox 1902 3582 3503 3713; baseline 0.001 -15"><span class='ocrx_word' id='word_1_587' title='bbox 1902 3582 2067 3713; x_wconf 54' lang='lat' dir='ltr'><strong>:Sei&#39;ii&#39;)</strong></span> <span class='ocrx_word' id='word_1_588' title='bbox 2094 3645 2308 3713; x_wconf 60' lang='lat' dir='ltr'><strong>Morem,</strong></span> <span class='ocrx_word' id='word_1_589' title='bbox 2317 3645 2506 3713; x_wconf 85' lang='lat' dir='ltr'><strong>dum..._</strong></span> <span class='ocrx_word' id='word_1_590' title='bbox 2503 3645 2835 3713; x_wconf 75' lang='lat' dir='ltr'><strong>destinaretur</strong></span> <span class='ocrx_word' id='word_1_591' title='bbox 2852 3647 3013 3699; x_wconf 81' lang='lat' dir='ltr'><strong>Auses</strong></span> <span class='ocrx_word' id='word_1_592' title='bbox 3034 3646 3160 3699; x_wconf 75' lang='lat' dir='ltr'><strong>illius</strong></span> <span class='ocrx_word' id='word_1_593' title='bbox 3179 3648 3327 3708; x_wconf 77' lang='lat' dir='ltr'><strong>Nare,</strong></span> <span class='ocrx_word' id='word_1_594' title='bbox 3343 3655 3503 3700; x_wconf 86' lang='lat' dir='ltr'><strong>trans-</strong></span> 
     </span>
    </p>
   </div>
   <div class='ocr_carea' id='block_1_75' title="bbox 1900 3706 2621 3762">
    <p class='ocr_par' dir='ltr' id='par_1_75' title="bbox 1900 3706 2621 3762">
     <span class='ocr_line' id='line_1_79' title="bbox 1900 3706 2621 3762; baseline -0.006 -2"><span class='ocrx_word' id='word_1_595' title='bbox 1900 3706 2222 3762; x_wconf 65' lang='lat' dir='ltr'><strong>fer‘tur&#39;certe</strong></span> <span class='ocrx_word' id='word_1_596' title='bbox 2246 3706 2443 3759; x_wconf 85' lang='lat' dir='ltr'><strong>Obertlt.</strong></span> <span class='ocrx_word' id='word_1_597' title='bbox 2470 3706 2621 3759; x_wconf 88' lang='lat' dir='ltr'><strong>Seml.</strong></span> 
     </span>
    </p>
   </div>
   <div class='ocr_carea' id='block_1_76' title="bbox 1994 3767 2642 3834">
    <p class='ocr_par' dir='ltr' id='par_1_76' title="bbox 1994 3767 2642 3834">
     <span class='ocr_line' id='line_1_80' title="bbox 1994 3767 2642 3834; baseline -0.006 -11"><span class='ocrx_word' id='word_1_598' title='bbox 1994 3771 2070 3834; x_wconf 80' lang='grc'>15)</span> <span class='ocrx_word' id='word_1_599' title='bbox 2096 3770 2424 3834; x_wconf 81' lang='lat' dir='ltr'><strong>lnquis,hane</strong></span> <span class='ocrx_word' id='word_1_600' title='bbox 2448 3767 2642 3834; x_wconf 83' lang='lat' dir='ltr'><strong>Obertlt.</strong></span> 
     </span>
    </p>
   </div>
   <div class='ocr_carea' id='block_1_77' title="bbox 1966 3770 3508 3900">
    <p class='ocr_par' dir='ltr' id='par_1_77' title="bbox 1966 3770 3508 3900">
     <span class='ocr_line' id='line_1_81' title="bbox 1994 3770 2642 3834; baseline -0.006 -11"><span class='ocrx_word' id='word_1_601' title='bbox 1994 3774 2050 3823; x_wconf 80' lang='grc'>15</span> <span class='ocrx_word' id='word_1_602' title='bbox 2096 3770 2282 3834; x_wconf 81' lang='lat' dir='ltr'><strong>lnquis,</strong></span> <span class='ocrx_word' id='word_1_603' title='bbox 2303 3770 2424 3820; x_wconf 87' lang='lat' dir='ltr'><strong>hanc</strong></span> <span class='ocrx_word' id='word_1_604' title='bbox 2448 3770 2642 3822; x_wconf 83' lang='lat' dir='ltr'><strong>Obertlt.</strong></span> 
     </span>
     <span class='ocr_line' id='line_1_82' title="bbox 1966 3770 3508 3900; baseline 0.001 -14"><span class='ocrx_word' id='word_1_605' title='bbox 1966 3770 2070 3900; x_wconf 62' lang='lat' dir='ltr'><strong>insi</strong></span> <span class='ocrx_word' id='word_1_606' title='bbox 2091 3834 2147 3885; x_wconf 87' lang='lat' dir='ltr'><strong>In</strong></span> <span class='ocrx_word' id='word_1_607' title='bbox 2164 3833 2358 3893; x_wconf 63' lang='lat' dir='ltr'><strong>saeculo,</strong></span> <span class='ocrx_word' id='word_1_608' title='bbox 2378 3834 2427 3882; x_wconf 89' lang='lat' dir='ltr'><strong>in</strong></span> <span class='ocrx_word' id='word_1_609' title='bbox 2445 3833 2646 3883; x_wconf 72' lang='lat' dir='ltr'><strong>deserto</strong></span> <span class='ocrx_word' id='word_1_610' title='bbox 2662 3830 2837 3884; x_wconf 84' lang='lat' dir='ltr'><strong>Obertlt</strong></span> <span class='ocrx_word' id='word_1_611' title='bbox 2875 3831 3015 3885; x_wconf 81' lang='lat' dir='ltr'><strong>setnl.</strong></span> <span class='ocrx_word' id='word_1_612' title='bbox 3033 3833 3087 3884; x_wconf 85' lang='lat' dir='ltr'><strong>In</strong></span> <span class='ocrx_word' id='word_1_613' title='bbox 3109 3834 3289 3887; x_wconf 59' lang='lat' dir='ltr'><strong>sarculo</strong></span> <span class='ocrx_word' id='word_1_614' title='bbox 3304 3835 3508 3888; x_wconf 84' lang='lat' dir='ltr'><strong>deserto</strong></span> 
     </span>
    </p>
   </div>
   <div class='ocr_carea' id='block_1_78' title="bbox 1904 3900 2673 4023">
    <p class='ocr_par' dir='ltr' id='par_1_78' title="bbox 1904 3900 2673 4023">
     <span class='ocr_line' id='line_1_83' title="bbox 1904 3900 2673 4023; baseline -0.005 -14"><span class='ocrx_word' id='word_1_615' title='bbox 1904 3900 2076 4023; x_wconf 52' lang='lat' dir='ltr'><strong>P067)</strong></span> <span class='ocrx_word' id='word_1_616' title='bbox 2100 3956 2498 4023; x_wconf 70' lang='lat' dir='ltr'><strong>Beprontlssipue</strong></span> <span class='ocrx_word' id='word_1_617' title='bbox 2524 3954 2673 4023; x_wconf 68' lang='lat' dir='ltr'><strong>send.</strong></span> 
     </span>
    </p>
   </div>
   <div class='ocr_carea' id='block_1_79' title="bbox 1972 3960 3317 4088">
    <p class='ocr_par' dir='ltr' id='par_1_79' title="bbox 1972 3960 3317 4088">
     <span class='ocr_line' id='line_1_84' title="bbox 1972 3960 3192 4088; baseline -0.007 -78"><span class='ocrx_word' id='word_1_618' title='bbox 1972 3960 2076 4088; x_wconf 65' lang='lat' dir='ltr'>(l7)</span> <span class='ocrx_word' id='word_1_619' title='bbox 2100 3960 2498 4021; x_wconf 81' lang='lat' dir='ltr'><strong>Repromissioue</strong></span> <span class='ocrx_word' id='word_1_620' title='bbox 2524 3960 2673 4006; x_wconf 85' lang='lat' dir='ltr'><strong>Semt.</strong></span> <span class='ocrx_word' id='word_1_621' title='bbox 3175 4021 3192 4035; x_wconf 40' lang='grc' dir='ltr'>ν</span> 
     </span>
     <span class='ocr_line' id='line_1_85' title="bbox 2004 4016 3317 4086; baseline -0.002 -13"><span class='ocrx_word' id='word_1_622' title='bbox 2004 4024 2083 4086; x_wconf 86' lang='grc'>18)</span> <span class='ocrx_word' id='word_1_623' title='bbox 2108 4020 2163 4071; x_wconf 87' lang='lat' dir='ltr'><strong>In</strong></span> <span class='ocrx_word' id='word_1_624' title='bbox 2180 4031 2329 4085; x_wconf 81' lang='lat' dir='ltr'><strong>quam</strong></span> <span class='ocrx_word' id='word_1_625' title='bbox 2350 4016 2503 4071; x_wconf 83' lang='lat' dir='ltr'><strong>Rhea.</strong></span> <span class='ocrx_word' id='word_1_626' title='bbox 2529 4016 2727 4069; x_wconf 86' lang='lat' dir='ltr'><strong>Obertlt.</strong></span> <span class='ocrx_word' id='word_1_627' title='bbox 2752 4018 2806 4071; x_wconf 89' lang='lat' dir='ltr'><strong>Id</strong></span> <span class='ocrx_word' id='word_1_628' title='bbox 2828 4019 2956 4085; x_wconf 90' lang='lat' dir='ltr'><strong>quod</strong></span> <span class='ocrx_word' id='word_1_629' title='bbox 2982 4020 3093 4072; x_wconf 85' lang='lat' dir='ltr'><strong>cod.</strong></span> <span class='ocrx_word' id='word_1_630' title='bbox 3129 4021 3177 4071; x_wconf 64' lang='lat' dir='ltr'><strong>ll</strong></span> <span class='ocrx_word' id='word_1_631' title='bbox 3193 4034 3317 4074; x_wconf 86' lang='lat' dir='ltr'><strong>ouw.</strong></span> 
     </span>
    </p>
   </div>
   <div class='ocr_carea' id='block_1_80' title="bbox 1571 4102 2126 4195">
    <p class='ocr_par' dir='ltr' id='par_1_80' title="bbox 1571 4102 2126 4195">
     <span class='ocr_line' id='line_1_86' title="bbox 1571 4102 2126 4195; baseline -0.011 -32"><span class='ocrx_word' id='word_1_632' title='bbox 1571 4102 2126 4195; x_wconf 77' lang='lat' dir='ltr'><strong>COMMENTARIUS.</strong></span> 
     </span>
    </p>
   </div>
   <div class='ocr_carea' id='block_1_81' title="bbox 282 4221 1802 4307">
    <p class='ocr_par' dir='ltr' id='par_1_81' title="bbox 282 4221 1802 4307">
     <span class='ocr_line' id='line_1_87' title="bbox 282 4221 1802 4307; baseline -0.002 -31"><span class='ocrx_word' id='word_1_633' title='bbox 282 4223 361 4307; x_wconf 86' lang='lat' dir='ltr'>(a)</span> <span class='ocrx_word' id='word_1_634' title='bbox 406 4221 533 4305; x_wconf 75' lang='lat' dir='ltr'><strong>Quis</strong></span> <span class='ocrx_word' id='word_1_635' title='bbox 555 4222 690 4304; x_wconf 78' lang='lat' dir='ltr'><strong>enim</strong></span> <span class='ocrx_word' id='word_1_636' title='bbox 716 4238 831 4275; x_wconf 70' lang='lat' dir='ltr'><strong>ense</strong></span> <span class='ocrx_word' id='word_1_637' title='bbox 856 4222 1160 4307; x_wconf 47' lang='lat' dir='ltr'><strong>qp&#39;erabitu&#39;r,</strong></span> <span class='ocrx_word' id='word_1_638' title='bbox 1195 4230 1241 4303; x_wconf 77' lang='lat' dir='ltr'><strong>et</strong></span> <span class='ocrx_word' id='word_1_639' title='bbox 1268 4238 1377 4305; x_wconf 38' lang='lat' dir='ltr'><strong>tum.</strong></span> <span class='ocrx_word' id='word_1_640' title='bbox 1392 4222 1649 4305; x_wconf 75' lang='lat' dir='ltr'><strong>contraria</strong></span> <span class='ocrx_word' id='word_1_641' title='bbox 1673 4221 1802 4307; x_wconf 68' lang='lat' dir='ltr'><strong>leni-</strong></span> 
     </span>
    </p>
   </div>
   <div class='ocr_carea' id='block_1_82' title="bbox 206 4292 1798 4363">
    <p class='ocr_par' dir='ltr' id='par_1_82' title="bbox 206 4292 1798 4363">
     <span class='ocr_line' id='line_1_88' title="bbox 206 4292 1798 4363; baseline -0.003 -15"><span class='ocrx_word' id='word_1_642' title='bbox 206 4292 303 4348; x_wconf 82' lang='lat' dir='ltr'><strong>tati</strong></span> <span class='ocrx_word' id='word_1_643' title='bbox 334 4292 379 4349; x_wconf 82' lang='lat' dir='ltr'><strong>et</strong></span> <span class='ocrx_word' id='word_1_644' title='bbox 402 4293 619 4362; x_wconf 79' lang='lat' dir='ltr'><strong>justitia:</strong></span> <span class='ocrx_word' id='word_1_645' title='bbox 647 4294 884 4346; x_wconf 76' lang='lat' dir='ltr'><strong>exercet?</strong></span> <span class='ocrx_word' id='word_1_646' title='bbox 925 4292 1238 4349; x_wconf 87' lang='lat' dir='ltr'><strong>Tertulliani</strong></span> <span class='ocrx_word' id='word_1_647' title='bbox 1276 4294 1471 4363; x_wconf 76' lang='lat' dir='ltr'><strong>scripta</strong></span> <span class='ocrx_word' id='word_1_648' title='bbox 1502 4292 1798 4363; x_wconf 12' lang='lat' dir='ltr'><strong>vixiindnl-r</strong></span> 
     </span>
    </p>
   </div>
   <div class='ocr_carea' id='block_1_83' title="bbox 206 4362 1793 4436">
    <p class='ocr_par' dir='ltr' id='par_1_83' title="bbox 206 4362 1793 4436">
     <span class='ocr_line' id='line_1_89' title="bbox 206 4362 1793 4436; baseline -0.003 -17"><span class='ocrx_word' id='word_1_649' title='bbox 206 4374 339 4436; x_wconf 47' lang='lat' dir='ltr'><strong>gwut</strong></span> <span class='ocrx_word' id='word_1_650' title='bbox 365 4364 607 4419; x_wconf 89' lang='lat' dir='ltr'><strong>militiam</strong></span> <span class='ocrx_word' id='word_1_651' title='bbox 633 4363 967 4436; x_wconf 75' lang='lat' dir='ltr'><strong>Christianis.</strong></span> <span class='ocrx_word' id='word_1_652' title='bbox 1004 4364 1161 4436; x_wconf 86' lang='lat' dir='ltr'><strong>Libro</strong></span> <span class='ocrx_word' id='word_1_653' title='bbox 1187 4364 1249 4417; x_wconf 85' lang='lat' dir='ltr'><strong>de</strong></span> <span class='ocrx_word' id='word_1_654' title='bbox 1278 4362 1551 4427; x_wconf 80' lang='lat' dir='ltr'><strong>Patientia,</strong></span> <span class='ocrx_word' id='word_1_655' title='bbox 1587 4362 1793 4436; x_wconf 87' lang='lat' dir='ltr'><strong>Domini</strong></span> 
     </span>
    </p>
   </div>
   <div class='ocr_carea' id='block_1_84' title="bbox 210 4433 1796 4507">
    <p class='ocr_par' dir='ltr' id='par_1_84' title="bbox 210 4433 1796 4507">
     <span class='ocr_line' id='line_1_90' title="bbox 210 4433 1796 4507; baseline -0.001 -19"><span class='ocrx_word' id='word_1_656' title='bbox 210 4433 526 4507; x_wconf 74' lang='lat' dir='ltr'><strong>patientiam</strong></span> <span class='ocrx_word' id='word_1_657' title='bbox 552 4436 677 4507; x_wconf 78' lang='lat' dir='ltr'><strong>dicit</strong></span> <span class='ocrx_word' id='word_1_658' title='bbox 701 4437 750 4487; x_wconf 87' lang='lat' dir='ltr'><strong>ia</strong></span> <span class='ocrx_word' id='word_1_659' title='bbox 793 4433 997 4489; x_wconf 87' lang='lat' dir='ltr'><strong>Malcho</strong></span> <span class='ocrx_word' id='word_1_660' title='bbox 1020 4435 1352 4507; x_wconf 86' lang='lat' dir='ltr'><strong>vulneratam</strong></span> <span class='ocrx_word' id='word_1_661' title='bbox 1382 4436 1573 4497; x_wconf 90' lang='lat' dir='ltr'><strong>luisse;</strong></span> <span class='ocrx_word' id='word_1_662' title='bbox 1620 4435 1796 4507; x_wconf 79' lang='lat' dir='ltr'><strong>itaque</strong></span> 
     </span>
    </p>
   </div>
   <div class='ocr_carea' id='block_1_85' title="bbox 214 4504 1798 4576">
    <p class='ocr_par' dir='ltr' id='par_1_85' title="bbox 214 4504 1798 4576">
     <span class='ocr_line' id='line_1_91' title="bbox 214 4504 1798 4576; baseline -0.003 -15"><span class='ocrx_word' id='word_1_663' title='bbox 214 4504 501 4576; x_wconf 77' lang='lat' dir='ltr'><strong>limuimnn</strong></span> <span class='ocrx_word' id='word_1_664' title='bbox 537 4504 697 4574; x_wconf 81' lang='lat' dir='ltr'><strong>gladii</strong></span> <span class='ocrx_word' id='word_1_665' title='bbox 736 4520 896 4576; x_wconf 82' lang='lat' dir='ltr'><strong>Opera</strong></span> <span class='ocrx_word' id='word_1_666' title='bbox 933 4506 1275 4560; x_wconf 77' lang='lat' dir='ltr'><strong>maledixisse</strong></span> <span class='ocrx_word' id='word_1_667' title='bbox 1311 4506 1361 4557; x_wconf 93' lang='lat' dir='ltr'><strong>in</strong></span> <span class='ocrx_word' id='word_1_668' title='bbox 1396 4514 1688 4574; x_wconf 64' lang='lat' dir='ltr'><strong>pomerum.</strong></span> <span class='ocrx_word' id='word_1_669' title='bbox 1736 4504 1798 4576; x_wconf 63' lang='lat' dir='ltr'><strong>lit</strong></span> 
     </span>
    </p>
   </div>
   <div class='ocr_carea' id='block_1_86' title="bbox 1902 4214 3503 4287">
    <p class='ocr_par' dir='ltr' id='par_1_86' title="bbox 1902 4214 3503 4287">
     <span class='ocr_line' id='line_1_92' title="bbox 1902 4214 3503 4287; baseline -0.001 -14"><span class='ocrx_word' id='word_1_670' title='bbox 1902 4215 2486 4287; x_wconf 77' lang='lat' dir='ltr'><strong>scelerumomcinam.</strong></span> <span class='ocrx_word' id='word_1_671' title='bbox 2525 4214 2783 4287; x_wconf 79' lang='lat' dir='ltr'><strong>Martyres</strong></span> <span class='ocrx_word' id='word_1_672' title='bbox 2814 4230 2943 4271; x_wconf 87' lang='lat' dir='ltr'><strong>vero</strong></span> <span class='ocrx_word' id='word_1_673' title='bbox 2971 4226 3024 4271; x_wconf 87' lang='lat' dir='ltr'><strong>et</strong></span> <span class='ocrx_word' id='word_1_674' title='bbox 3052 4216 3367 4281; x_wconf 86' lang='lat' dir='ltr'><strong>Christiani,</strong></span> <span class='ocrx_word' id='word_1_675' title='bbox 3411 4216 3503 4287; x_wconf 91' lang='lat' dir='ltr'><strong>qui</strong></span> 
     </span>
    </p>
   </div>
   <div class='ocr_carea' id='block_1_87' title="bbox 1904 4285 3499 4415">
    <p class='ocr_par' dir='ltr' id='par_1_87' title="bbox 1904 4285 3499 4415">
     <span class='ocr_line' id='line_1_93' title="bbox 1904 4285 3499 4415; baseline -0.002 -71"><span class='ocrx_word' id='word_1_676' title='bbox 1904 4290 1959 4345; x_wconf 91' lang='lat' dir='ltr'><strong>in</strong></span> <span class='ocrx_word' id='word_1_677' title='bbox 1980 4288 2145 4344; x_wconf 89' lang='lat' dir='ltr'><strong>armis</strong></span> <span class='ocrx_word' id='word_1_678' title='bbox 2168 4285 2483 4353; x_wconf 80' lang='lat' dir='ltr'><strong>ﬂoruerunt,</strong></span> <span class='ocrx_word' id='word_1_679' title='bbox 2510 4286 2579 4341; x_wconf 88' lang='lat' dir='ltr'><strong>ab</strong></span> <span class='ocrx_word' id='word_1_680' title='bbox 2606 4285 2697 4341; x_wconf 89' lang='lat' dir='ltr'><strong>illo</strong></span> <span class='ocrx_word' id='word_1_681' title='bbox 2721 4299 2877 4342; x_wconf 62' lang='lat' dir='ltr'><strong>caeno</strong></span> <span class='ocrx_word' id='word_1_682' title='bbox 2903 4287 3171 4344; x_wconf 89' lang='lat' dir='ltr'><strong>immunes</strong></span> <span class='ocrx_word' id='word_1_683' title='bbox 3196 4285 3499 4415; x_wconf 51' lang='lat' dir='ltr'><strong>eiasqi-unt.</strong></span> 
     </span>
     <span class='ocr_line' id='line_1_94' title="bbox 3273 4376 3426 4415; baseline -0.007 0"><span class='ocrx_word' id='word_1_684' title='bbox 3273 4376 3302 4415; x_wconf 76' lang='grc' dir='ltr'>ε</span> <span class='ocrx_word' id='word_1_685' title='bbox 3375 4377 3426 4414; x_wconf 86' lang='lat' dir='ltr'><strong>n.</strong></span> 
     </span>
    </p>
   </div>
   <div class='ocr_carea' id='block_1_88' title="bbox 1975 4376 3503 4504">
    <p class='ocr_par' dir='ltr' id='par_1_88' title="bbox 1975 4376 3503 4504">
     <span class='ocr_line' id='line_1_95' title="bbox 1975 4376 3503 4504; baseline 0 -20"><span class='ocrx_word' id='word_1_686' title='bbox 1975 4430 2055 4504; x_wconf 93' lang='lat' dir='ltr'>(h)</span> <span class='ocrx_word' id='word_1_687' title='bbox 2095 4429 2163 4485; x_wconf 85' lang='lat' dir='ltr'><strong>Id</strong></span> <span class='ocrx_word' id='word_1_688' title='bbox 2190 4439 2263 4504; x_wconf 89' lang='lat' dir='ltr'><strong>est</strong></span> <span class='ocrx_word' id='word_1_689' title='bbox 2291 4429 2386 4484; x_wconf 83' lang='lat' dir='ltr'><strong>Dei</strong></span> <span class='ocrx_word' id='word_1_690' title='bbox 2413 4443 2575 4504; x_wconf 82' lang='lat' dir='ltr'><strong>sermo</strong></span> <span class='ocrx_word' id='word_1_691' title='bbox 2600 4427 2821 4483; x_wconf 83' lang='lat' dir='ltr'><strong>divinus.</strong></span> <span class='ocrx_word' id='word_1_692' title='bbox 2854 4428 2998 4504; x_wconf 77' lang='lat' dir='ltr'><strong>Loco</strong></span> <span class='ocrx_word' id='word_1_693' title='bbox 3020 4376 3503 4504; x_wconf 57' lang='lat' dir='ltr'><strong>smpissiiiiielciiatn</strong></span> 
     </span>
    </p>
   </div>
   <div class='ocr_carea' id='block_1_89' title="bbox 1905 4499 3503 4571">
    <p class='ocr_par' dir='ltr' id='par_1_89' title="bbox 1905 4499 3503 4571">
     <span class='ocr_line' id='line_1_96' title="bbox 1905 4499 3503 4571; baseline -0.001 -14"><span class='ocrx_word' id='word_1_694' title='bbox 1905 4499 2175 4557; x_wconf 84' lang='lat' dir='ltr'><strong>interserit</strong></span> <span class='ocrx_word' id='word_1_695' title='bbox 2246 4502 2411 4571; x_wconf 85' lang='lat' dir='ltr'><strong>ipsam</strong></span> <span class='ocrx_word' id='word_1_696' title='bbox 2445 4499 2788 4571; x_wconf 62' lang='lat' dir='ltr'><strong>scripturam</strong></span> <span class='ocrx_word' id='word_1_697' title='bbox 2859 4499 3219 4570; x_wconf 68' lang='lat' dir='ltr'><strong>ApttCaIyseOs</strong></span> <span class='ocrx_word' id='word_1_698' title='bbox 3275 4502 3503 4571; x_wconf 84' lang='lat' dir='ltr'><strong>apostoli</strong></span> 
     </span>
    </p>
   </div>
   <div class='ocr_carea' id='block_1_90' title="bbox 212 4568 3503 4645">
    <p class='ocr_par' dir='ltr' id='par_1_90' title="bbox 212 4568 3503 4645">
     <span class='ocr_line' id='line_1_97' title="bbox 212 4568 3503 4645; baseline -0.002 -13"><span class='ocrx_word' id='word_1_699' title='bbox 212 4581 306 4633; x_wconf 90' lang='lat' dir='ltr'><strong>lib.</strong></span> <span class='ocrx_word' id='word_1_700' title='bbox 357 4578 421 4630; x_wconf 89' lang='lat' dir='ltr'><strong>de</strong></span> <span class='ocrx_word' id='word_1_701' title='bbox 464 4568 695 4636; x_wconf 66' lang='lat' dir='ltr'><strong>Corona,</strong></span> <span class='ocrx_word' id='word_1_702' title='bbox 744 4568 975 4645; x_wconf 81' lang='lat' dir='ltr'><strong>gladium</strong></span> <span class='ocrx_word' id='word_1_703' title='bbox 1026 4592 1123 4630; x_wconf 89' lang='lat' dir='ltr'><strong>nec</strong></span> <span class='ocrx_word' id='word_1_704' title='bbox 1174 4568 1461 4630; x_wconf 69' lang='lat' dir='ltr'><strong>ﬂaminica:</strong></span> <span class='ocrx_word' id='word_1_705' title='bbox 1506 4574 1798 4629; x_wconf 82' lang='lat' dir='ltr'><strong>defensioni</strong></span> <span class='ocrx_word' id='word_1_706' title='bbox 1828 4580 1879 4640; x_wconf 87' lang='grc' dir='ltr'>Ι)</span> <span class='ocrx_word' id='word_1_707' title='bbox 1905 4572 2146 4638; x_wconf 83' lang='lat' dir='ltr'><strong>Joannis,</strong></span> <span class='ocrx_word' id='word_1_708' title='bbox 2164 4572 2227 4626; x_wconf 90' lang='lat' dir='ltr'><strong>ad</strong></span> <span class='ocrx_word' id='word_1_709' title='bbox 2255 4568 2412 4643; x_wconf 81' lang='lat' dir='ltr'><strong>quam</strong></span> <span class='ocrx_word' id='word_1_710' title='bbox 2444 4568 2531 4625; x_wconf 87' lang='lat' dir='ltr'><strong>hic</strong></span> <span class='ocrx_word' id='word_1_711' title='bbox 2556 4570 2744 4625; x_wconf 91' lang='lat' dir='ltr'><strong>alludit</strong></span> <span class='ocrx_word' id='word_1_712' title='bbox 2771 4568 3115 4645; x_wconf 42' lang='grc' dir='ltr'><strong>(Αροιοᾳιηι).</strong></span> <span class='ocrx_word' id='word_1_713' title='bbox 3139 4568 3321 4626; x_wconf 71' lang='lat' dir='ltr'><strong>Juxur</strong></span> <span class='ocrx_word' id='word_1_714' title='bbox 3344 4588 3503 4641; x_wconf 86' lang='lat' dir='ltr'><strong>quem</strong></span> 
     </span>
    </p>
   </div>
   <div class='ocr_carea' id='block_1_91' title="bbox 212 4645 1803 4716">
    <p class='ocr_par' dir='ltr' id='par_1_91' title="bbox 212 4645 1803 4716">
     <span class='ocr_line' id='line_1_98' title="bbox 212 4645 1803 4716; baseline -0.003 -12"><span class='ocrx_word' id='word_1_715' title='bbox 212 4648 584 4704; x_wconf 76' lang='lat' dir='ltr'><strong>necessarium</strong></span> <span class='ocrx_word' id='word_1_716' title='bbox 614 4645 796 4701; x_wconf 78' lang='lat' dir='ltr'><strong>fuisse.</strong></span> <span class='ocrx_word' id='word_1_717' title='bbox 820 4648 885 4701; x_wconf 78' lang='lat' dir='ltr'><strong>Et</strong></span> <span class='ocrx_word' id='word_1_718' title='bbox 908 4647 1227 4716; x_wconf 86' lang='lat' dir='ltr'><strong>generaliter</strong></span> <span class='ocrx_word' id='word_1_719' title='bbox 1252 4646 1342 4700; x_wconf 90' lang='lat' dir='ltr'><strong>lib.</strong></span> <span class='ocrx_word' id='word_1_720' title='bbox 1370 4646 1433 4701; x_wconf 88' lang='lat' dir='ltr'><strong>de</strong></span> <span class='ocrx_word' id='word_1_721' title='bbox 1461 4645 1762 4700; x_wconf 84' lang='lat' dir='ltr'><strong>ldotolatriu</strong></span> <span class='ocrx_word' id='word_1_722' title='bbox 1786 4661 1803 4700; x_wconf 90' lang='lat'><strong><em>:</em></strong></span> 
     </span>
    </p>
   </div>
   <div class='ocr_carea' id='block_1_92' title="bbox 216 4717 1807 4788">
    <p class='ocr_par' dir='ltr' id='par_1_92' title="bbox 216 4717 1807 4788">
     <span class='ocr_line' id='line_1_99' title="bbox 216 4717 1807 4788; baseline 0.001 -19"><span class='ocrx_word' id='word_1_723' title='bbox 216 4718 564 4788; x_wconf 80' lang='lat' dir='ltr'><strong>thtntttOtlo,</strong></span> <span class='ocrx_word' id='word_1_724' title='bbox 600 4717 795 4786; x_wconf 85' lang='lat' dir='ltr'><strong>inquit,</strong></span> <span class='ocrx_word' id='word_1_725' title='bbox 830 4719 987 4772; x_wconf 87' lang='lat' dir='ltr'><strong>etiam</strong></span> <span class='ocrx_word' id='word_1_726' title='bbox 1023 4718 1073 4771; x_wconf 93' lang='lat' dir='ltr'><strong>in</strong></span> <span class='ocrx_word' id='word_1_727' title='bbox 1110 4731 1240 4788; x_wconf 89' lang='lat' dir='ltr'><strong>pace</strong></span> <span class='ocrx_word' id='word_1_728' title='bbox 1270 4717 1519 4771; x_wconf 87' lang='lat' dir='ltr'><strong>militabit</strong></span> <span class='ocrx_word' id='word_1_729' title='bbox 1548 4717 1662 4770; x_wconf 83' lang='lat' dir='ltr'><strong>sine</strong></span> <span class='ocrx_word' id='word_1_730' title='bbox 1692 4718 1807 4785; x_wconf 85' lang='lat' dir='ltr'><strong>gla-</strong></span> 
     </span>
    </p>
   </div>
   <div class='ocr_carea' id='block_1_93' title="bbox 213 4788 1810 4858">
    <p class='ocr_par' dir='ltr' id='par_1_93' title="bbox 213 4788 1810 4858">
     <span class='ocr_line' id='line_1_100' title="bbox 213 4788 1810 4858; baseline -0.001 -15"><span class='ocrx_word' id='word_1_731' title='bbox 213 4791 330 4850; x_wconf 80' lang='lat' dir='ltr'><strong>diu,</strong></span> <span class='ocrx_word' id='word_1_732' title='bbox 363 4804 520 4858; x_wconf 89' lang='lat' dir='ltr'><strong>quem</strong></span> <span class='ocrx_word' id='word_1_733' title='bbox 546 4788 1030 4842; x_wconf 86' lang='lat' dir='ltr'><strong>Dominusahstnlit</strong></span> <span class='ocrx_word' id='word_1_734' title='bbox 1065 4806 1083 4839; x_wconf 74' lang='grc' dir='ltr'><strong><em>ι</em></strong></span> <span class='ocrx_word' id='word_1_735' title='bbox 1111 4788 1810 4843; x_wconf 66' lang='lat' dir='ltr'><strong>lito—Christianisomni-</strong></span> 
     </span>
    </p>
   </div>
   <div class='ocr_carea' id='block_1_94' title="bbox 215 4858 1809 4929">
    <p class='ocr_par' dir='ltr' id='par_1_94' title="bbox 215 4858 1809 4929">
     <span class='ocr_line' id='line_1_101' title="bbox 215 4858 1809 4929; baseline -0.001 -15"><span class='ocrx_word' id='word_1_736' title='bbox 215 4864 317 4914; x_wconf 88' lang='lat' dir='ltr'><strong>bus</strong></span> <span class='ocrx_word' id='word_1_737' title='bbox 361 4862 557 4928; x_wconf 85' lang='lat' dir='ltr'><strong>ubique</strong></span> <span class='ocrx_word' id='word_1_738' title='bbox 595 4858 775 4913; x_wconf 84' lang='lat' dir='ltr'><strong>militia</strong></span> <span class='ocrx_word' id='word_1_739' title='bbox 820 4859 1085 4913; x_wconf 86' lang='lat' dir='ltr'><strong>interdicit</strong></span> <span class='ocrx_word' id='word_1_740' title='bbox 1126 4869 1333 4921; x_wconf 88' lang='lat' dir='ltr'><strong>auctor,</strong></span> <span class='ocrx_word' id='word_1_741' title='bbox 1379 4859 1518 4929; x_wconf 89' lang='lat' dir='ltr'><strong>quod</strong></span> <span class='ocrx_word' id='word_1_742' title='bbox 1560 4865 1682 4912; x_wconf 85' lang='lat' dir='ltr'><strong>ante</strong></span> <span class='ocrx_word' id='word_1_743' title='bbox 1720 4873 1809 4929; x_wconf 87' lang='lat' dir='ltr'><strong>me</strong></span> 
     </span>
    </p>
   </div>
   <div class='ocr_carea' id='block_1_95' title="bbox 214 4928 1810 5000">
    <p class='ocr_par' dir='ltr' id='par_1_95' title="bbox 214 4928 1810 5000">
     <span class='ocr_line' id='line_1_102' title="bbox 214 4928 1810 5000; baseline 0 -17"><span class='ocrx_word' id='word_1_744' title='bbox 214 4932 584 5000; x_wconf 84' lang='lat' dir='ltr'><strong>observatum.</strong></span> <span class='ocrx_word' id='word_1_745' title='bbox 644 4929 701 4983; x_wconf 86' lang='grc' dir='ltr'><strong>Β.</strong></span> <span class='ocrx_word' id='word_1_746' title='bbox 752 4929 1103 5000; x_wconf 84' lang='lat' dir='ltr'><strong>Hieronymus</strong></span> <span class='ocrx_word' id='word_1_747' title='bbox 1169 4930 1234 4984; x_wconf 88' lang='lat' dir='ltr'><strong>ad</strong></span> <span class='ocrx_word' id='word_1_748' title='bbox 1284 4928 1591 4985; x_wconf 82' lang='lat' dir='ltr'><strong>Gerontiam</strong></span> <span class='ocrx_word' id='word_1_749' title='bbox 1636 4946 1649 4984; x_wconf 86' lang='lat'><strong>:</strong></span> <span class='ocrx_word' id='word_1_750' title='bbox 1705 4928 1810 4984; x_wconf 79' lang='lat' dir='ltr'><strong>Illo</strong></span> 
     </span>
    </p>
   </div>
   <div class='ocr_carea' id='block_1_96' title="bbox 213 4999 1814 5070">
    <p class='ocr_par' dir='ltr' id='par_1_96' title="bbox 213 4999 1814 5070">
     <span class='ocr_line' id='line_1_103' title="bbox 213 4999 1814 5070; baseline 0 -16"><span class='ocrx_word' id='word_1_751' title='bbox 213 5013 447 5070; x_wconf 84' lang='lat' dir='ltr'><strong>tempore</strong></span> <span class='ocrx_word' id='word_1_752' title='bbox 473 4999 792 5054; x_wconf 84' lang='lat' dir='ltr'><strong>bellatoribus</strong></span> <span class='ocrx_word' id='word_1_753' title='bbox 819 4999 1126 5054; x_wconf 77' lang='lat' dir='ltr'><strong>dicebatum</strong></span> <span class='ocrx_word' id='word_1_754' title='bbox 1143 5002 1433 5067; x_wconf 72' lang='lat' dir='ltr'><strong>Accingere</strong></span> <span class='ocrx_word' id='word_1_755' title='bbox 1447 4999 1626 5070; x_wconf 89' lang='lat' dir='ltr'><strong>gladio</strong></span> <span class='ocrx_word' id='word_1_756' title='bbox 1651 5016 1814 5070; x_wconf 88' lang='lat' dir='ltr'><strong>super</strong></span> 
     </span>
    </p>
   </div>
   <div class='ocr_carea' id='block_1_97' title="bbox 214 5070 1813 5140">
    <p class='ocr_par' dir='ltr' id='par_1_97' title="bbox 214 5070 1813 5140">
     <span class='ocr_line' id='line_1_104' title="bbox 214 5070 1813 5140; baseline -0.002 -13"><span class='ocrx_word' id='word_1_757' title='bbox 214 5074 398 5127; x_wconf 78' lang='lat' dir='ltr'><strong>femur</strong></span> <span class='ocrx_word' id='word_1_758' title='bbox 416 5082 582 5127; x_wconf 87' lang='lat' dir='ltr'><strong>tuutn.</strong></span> <span class='ocrx_word' id='word_1_759' title='bbox 604 5072 996 5140; x_wconf 86' lang='lat' dir='ltr'><strong>potentissime;</strong></span> <span class='ocrx_word' id='word_1_760' title='bbox 1012 5089 1030 5123; x_wconf 75' lang='grc' dir='ltr'><strong><em>ι</em></strong></span> <span class='ocrx_word' id='word_1_761' title='bbox 1054 5071 1200 5125; x_wconf 87' lang='lat' dir='ltr'><strong>modo</strong></span> <span class='ocrx_word' id='word_1_762' title='bbox 1218 5073 1359 5126; x_wconf 86' lang='lat' dir='ltr'><strong>audit</strong></span> <span class='ocrx_word' id='word_1_763' title='bbox 1374 5070 1559 5125; x_wconf 88' lang='lat' dir='ltr'><strong>Petrus</strong></span> <span class='ocrx_word' id='word_1_764' title='bbox 1574 5085 1620 5124; x_wconf 71' lang='grc' dir='ltr'>ε(</span> <span class='ocrx_word' id='word_1_765' title='bbox 1633 5071 1813 5126; x_wconf 90' lang='lat' dir='ltr'><strong>Conde</strong></span> 
     </span>
    </p>
   </div>
   <div class='ocr_carea' id='block_1_98' title="bbox 215 5141 1811 5213">
    <p class='ocr_par' dir='ltr' id='par_1_98' title="bbox 215 5141 1811 5213">
     <span class='ocr_line' id='line_1_105' title="bbox 215 5141 1811 5213; baseline 0 -20"><span class='ocrx_word' id='word_1_766' title='bbox 215 5144 458 5213; x_wconf 83' lang='lat' dir='ltr'><strong>gladium</strong></span> <span class='ocrx_word' id='word_1_767' title='bbox 492 5152 635 5213; x_wconf 89' lang='lat' dir='ltr'><strong>tuum</strong></span> <span class='ocrx_word' id='word_1_768' title='bbox 668 5142 717 5195; x_wconf 91' lang='lat' dir='ltr'><strong>in</strong></span> <span class='ocrx_word' id='word_1_769' title='bbox 748 5143 988 5212; x_wconf 76' lang='lat' dir='ltr'><strong>vaginam</strong></span> <span class='ocrx_word' id='word_1_770' title='bbox 1025 5161 1042 5194; x_wconf 70' lang='grc' dir='ltr'><strong>ι</strong></span> <span class='ocrx_word' id='word_1_771' title='bbox 1068 5144 1132 5196; x_wconf 68' lang='lat' dir='ltr'><strong>lit</strong></span> <span class='ocrx_word' id='word_1_772' title='bbox 1156 5144 1198 5197; x_wconf 82' lang='lat' dir='ltr'><strong>si</strong></span> <span class='ocrx_word' id='word_1_773' title='bbox 1229 5158 1355 5197; x_wconf 84' lang='lat' dir='ltr'><strong>vero</strong></span> <span class='ocrx_word' id='word_1_774' title='bbox 1387 5141 1811 5197; x_wconf 79' lang='lat' dir='ltr'><strong>multiChristia-</strong></span> 
     </span>
    </p>
   </div>
   <div class='ocr_carea' id='block_1_99' title="bbox 218 5212 1812 5295">
    <p class='ocr_par' dir='ltr' id='par_1_99' title="bbox 218 5212 1812 5295">
     <span class='ocr_line' id='line_1_106' title="bbox 218 5212 1812 5295; baseline -0.003 -27"><span class='ocrx_word' id='word_1_775' title='bbox 218 5212 622 5295; x_wconf 67' lang='lat' dir='ltr'><strong>irormtr,__m_ulti</strong></span> <span class='ocrx_word' id='word_1_776' title='bbox 658 5222 917 5295; x_wconf 68' lang='lat' dir='ltr'><strong>martyres</strong></span> <span class='ocrx_word' id='word_1_777' title='bbox 948 5214 1278 5295; x_wconf 66' lang='lat' dir='ltr'><strong>exercituum</strong></span> <span class='ocrx_word' id='word_1_778' title='bbox 1312 5214 1662 5295; x_wconf 65' lang='lat' dir='ltr'><strong>imperatores</strong></span> <span class='ocrx_word' id='word_1_779' title='bbox 1695 5213 1812 5294; x_wconf 76' lang='lat' dir='ltr'><strong>fue-</strong></span> 
     </span>
    </p>
   </div>
   <div class='ocr_carea' id='block_1_100' title="bbox 218 5281 1812 5352">
    <p class='ocr_par' dir='ltr' id='par_1_100' title="bbox 218 5281 1812 5352">
     <span class='ocr_line' id='line_1_107' title="bbox 218 5281 1812 5352; baseline -0.002 -13"><span class='ocrx_word' id='word_1_780' title='bbox 218 5285 364 5346; x_wconf 84' lang='lat' dir='ltr'><strong>rint,</strong></span> <span class='ocrx_word' id='word_1_781' title='bbox 416 5284 541 5336; x_wconf 86' lang='lat' dir='ltr'><strong>illud</strong></span> <span class='ocrx_word' id='word_1_782' title='bbox 586 5292 760 5337; x_wconf 88' lang='lat' dir='ltr'><strong>tamen</strong></span> <span class='ocrx_word' id='word_1_783' title='bbox 800 5281 1135 5352; x_wconf 82' lang='lat' dir='ltr'><strong>improbatur</strong></span> <span class='ocrx_word' id='word_1_784' title='bbox 1173 5284 1535 5338; x_wconf 81' lang='lat' dir='ltr'><strong>vetustissimo</strong></span> <span class='ocrx_word' id='word_1_785' title='bbox 1576 5281 1812 5347; x_wconf 81' lang='lat' dir='ltr'><strong>doctori,</strong></span> 
     </span>
    </p>
   </div>
   <div class='ocr_carea' id='block_1_101' title="bbox 216 5354 1815 5423">
    <p class='ocr_par' dir='ltr' id='par_1_101' title="bbox 216 5354 1815 5423">
     <span class='ocr_line' id='line_1_108' title="bbox 216 5354 1815 5423; baseline -0.001 -15"><span class='ocrx_word' id='word_1_786' title='bbox 216 5367 387 5423; x_wconf 73' lang='lat' dir='ltr'><strong>atque</strong></span> <span class='ocrx_word' id='word_1_787' title='bbox 437 5354 596 5407; x_wconf 90' lang='lat' dir='ltr'><strong>etiam</strong></span> <span class='ocrx_word' id='word_1_788' title='bbox 643 5355 781 5408; x_wconf 82' lang='lat' dir='ltr'><strong>aliis.</strong></span> <span class='ocrx_word' id='word_1_789' title='bbox 837 5355 903 5408; x_wconf 85' lang='grc' dir='ltr'><strong>Μ.</strong></span> <span class='ocrx_word' id='word_1_790' title='bbox 955 5356 1204 5410; x_wconf 76' lang='lat' dir='ltr'><strong>Aurelius</strong></span> <span class='ocrx_word' id='word_1_791' title='bbox 1253 5357 1542 5423; x_wconf 85' lang='lat' dir='ltr'><strong>imperator</strong></span> <span class='ocrx_word' id='word_1_792' title='bbox 1591 5354 1815 5422; x_wconf 87' lang='lat' dir='ltr'><strong>cpistola</strong></span> 
     </span>
    </p>
   </div>
   <div class='ocr_carea' id='block_1_102' title="bbox 216 5424 1816 5496">
    <p class='ocr_par' dir='ltr' id='par_1_102' title="bbox 216 5424 1816 5496">
     <span class='ocr_line' id='line_1_109' title="bbox 216 5424 1816 5496; baseline -0.001 -17"><span class='ocrx_word' id='word_1_793' title='bbox 216 5442 384 5496; x_wconf 72' lang='lat' dir='ltr'><strong>quam</strong></span> <span class='ocrx_word' id='word_1_794' title='bbox 400 5425 472 5496; x_wconf 84' lang='lat' dir='ltr'><strong>ad</strong></span> <span class='ocrx_word' id='word_1_795' title='bbox 498 5434 735 5478; x_wconf 90' lang='lat' dir='ltr'><strong>senatum</strong></span> <span class='ocrx_word' id='word_1_796' title='bbox 759 5440 820 5479; x_wconf 79' lang='lat' dir='ltr'><strong>ex</strong></span> <span class='ocrx_word' id='word_1_797' title='bbox 837 5424 1117 5480; x_wconf 87' lang='lat' dir='ltr'><strong>Germania</strong></span> <span class='ocrx_word' id='word_1_798' title='bbox 1137 5426 1349 5492; x_wconf 84' lang='lat' dir='ltr'><strong>scripsit</strong></span> <span class='ocrx_word' id='word_1_799' title='bbox 1372 5439 1466 5493; x_wconf 85' lang='lat' dir='ltr'><strong>pro</strong></span> <span class='ocrx_word' id='word_1_800' title='bbox 1481 5424 1816 5485; x_wconf 85' lang='lat' dir='ltr'><strong>Christianis,</strong></span> 
     </span>
    </p>
   </div>
   <div class='ocr_carea' id='block_1_103' title="bbox 218 5495 1817 5566">
    <p class='ocr_par' dir='ltr' id='par_1_103' title="bbox 218 5495 1817 5566">
     <span class='ocr_line' id='line_1_110' title="bbox 218 5495 1817 5566; baseline -0.001 -17"><span class='ocrx_word' id='word_1_801' title='bbox 218 5495 297 5551; x_wconf 77' lang='lat' dir='ltr'><strong>:tll</strong></span> <span class='ocrx_word' id='word_1_802' title='bbox 325 5495 529 5549; x_wconf 71' lang='lat' dir='ltr'><strong>bellare</strong></span> <span class='ocrx_word' id='word_1_803' title='bbox 556 5496 618 5548; x_wconf 90' lang='lat' dir='ltr'><strong>iis</strong></span> <span class='ocrx_word' id='word_1_804' title='bbox 641 5510 758 5550; x_wconf 72' lang='lat' dir='ltr'><strong>es~e</strong></span> <span class='ocrx_word' id='word_1_805' title='bbox 790 5498 1032 5560; x_wconf 77' lang='lat' dir='ltr'><strong>Vi&#39;tllllttt,</strong></span> <span class='ocrx_word' id='word_1_806' title='bbox 1060 5500 1141 5550; x_wconf 76' lang='grc' dir='ltr'><strong>διὰ</strong></span> <span class='ocrx_word' id='word_1_807' title='bbox 1161 5507 1213 5551; x_wconf 64' lang='grc' dir='ltr'><strong>τὰ</strong></span> <span class='ocrx_word' id='word_1_808' title='bbox 1237 5503 1396 5566; x_wconf 71' lang='grc' dir='ltr'><strong>ἰχθρὲν</strong></span> <span class='ocrx_word' id='word_1_809' title='bbox 1418 5496 1537 5548; x_wconf 65' lang='lat' dir='ltr'><strong>siu‘t</strong></span> <span class='ocrx_word' id='word_1_810' title='bbox 1562 5504 1614 5550; x_wconf 66' lang='grc' dir='ltr'><strong><em>τὶ</em></strong></span> <span class='ocrx_word' id='word_1_811' title='bbox 1637 5502 1817 5550; x_wconf 59' lang='lat' dir='ltr'><strong>tamira</strong></span> 
     </span>
    </p>
   </div>
   <div class='ocr_carea' id='block_1_104' title="bbox 219 5568 1820 5637">
    <p class='ocr_par' dir='ltr' id='par_1_104' title="bbox 219 5568 1820 5637">
     <span class='ocr_line' id='line_1_111' title="bbox 219 5568 1820 5637; baseline -0.001 -18"><span class='ocrx_word' id='word_1_812' title='bbox 219 5589 238 5611; x_wconf 75' lang='grc' dir='ltr'><em>ν</em></span> <span class='ocrx_word' id='word_1_813' title='bbox 258 5573 409 5628; x_wconf 65' lang='grc' dir='ltr'><strong>ὖτῠῖς,</strong></span> <span class='ocrx_word' id='word_1_814' title='bbox 446 5570 528 5620; x_wconf 72' lang='grc' dir='ltr'><strong>διὰ</strong></span> <span class='ocrx_word' id='word_1_815' title='bbox 555 5578 631 5622; x_wconf 66' lang='grc' dir='ltr'><strong>τὸν</strong></span> <span class='ocrx_word' id='word_1_816' title='bbox 658 5571 774 5625; x_wconf 61' lang='lat' dir='ltr'><strong>“seu,</strong></span> <span class='ocrx_word' id='word_1_817' title='bbox 808 5575 856 5621; x_wconf 74' lang='grc' dir='ltr'><strong>ὃν</strong></span> <span class='ocrx_word' id='word_1_818' title='bbox 884 5579 1066 5637; x_wconf 58' lang='grc' dir='ltr'><strong>Ρορῡῡσι</strong></span> <span class='ocrx_word' id='word_1_819' title='bbox 1100 5575 1226 5622; x_wconf 68' lang='grc' dir='ltr'><strong>κ*τά</strong></span> <span class='ocrx_word' id='word_1_820' title='bbox 1252 5572 1506 5626; x_wconf 68' lang='grc' dir='ltr'><strong>συνείδησιν</strong></span> <span class='ocrx_word' id='word_1_821' title='bbox 1537 5584 1548 5618; x_wconf 89' lang='lat'>:</span> <span class='ocrx_word' id='word_1_822' title='bbox 1583 5568 1820 5634; x_wconf 79' lang='lat' dir='ltr'><strong>quoniam</strong></span> 
     </span>
    </p>
   </div>
   <div class='ocr_carea' id='block_1_105' title="bbox 219 5636 1819 5706">
    <p class='ocr_par' dir='ltr' id='par_1_105' title="bbox 219 5636 1819 5706">
     <span class='ocr_line' id='line_1_112' title="bbox 219 5636 1819 5706; baseline -0.003 -13"><span class='ocrx_word' id='word_1_823' title='bbox 219 5641 367 5693; x_wconf 81' lang='lat' dir='ltr'><strong>istud</strong></span> <span class='ocrx_word' id='word_1_824' title='bbox 407 5640 511 5692; x_wconf 80' lang='lat' dir='ltr'><strong>illis</strong></span> <span class='ocrx_word' id='word_1_825' title='bbox 550 5640 855 5690; x_wconf 84' lang='lat' dir='ltr'><strong>contrarium</strong></span> <span class='ocrx_word' id='word_1_826' title='bbox 895 5649 1096 5704; x_wconf 85' lang='lat' dir='ltr'><strong>pr0pter</strong></span> <span class='ocrx_word' id='word_1_827' title='bbox 1135 5638 1327 5693; x_wconf 81' lang='lat' dir='ltr'><strong>Deum.</strong></span> <span class='ocrx_word' id='word_1_828' title='bbox 1370 5654 1515 5706; x_wconf 80' lang='lat' dir='ltr'><strong>quem</strong></span> <span class='ocrx_word' id='word_1_829' title='bbox 1549 5647 1731 5706; x_wconf 86' lang='lat' dir='ltr'><strong>gerunt</strong></span> <span class='ocrx_word' id='word_1_830' title='bbox 1768 5636 1819 5688; x_wconf 82' lang='lat' dir='ltr'><strong>in</strong></span> 
     </span>
    </p>
   </div>
   <div class='ocr_carea' id='block_1_106' title="bbox 223 5706 1819 5777">
    <p class='ocr_par' dir='ltr' id='par_1_106' title="bbox 223 5706 1819 5777">
     <span class='ocr_line' id='line_1_113' title="bbox 223 5706 1819 5777; baseline 0.003 -20"><span class='ocrx_word' id='word_1_831' title='bbox 223 5722 477 5777; x_wconf 79' lang='lat' dir='ltr'><strong>pectore:</strong></span> <span class='ocrx_word' id='word_1_832' title='bbox 520 5710 741 5763; x_wconf 88' lang='lat' dir='ltr'><strong>habetur</strong></span> <span class='ocrx_word' id='word_1_833' title='bbox 784 5709 897 5763; x_wconf 55' lang='lat' dir='ltr'><strong>hinc</strong></span> <span class='ocrx_word' id='word_1_834' title='bbox 936 5709 1156 5777; x_wconf 80' lang='lat' dir='ltr'><strong>epistola</strong></span> <span class='ocrx_word' id='word_1_835' title='bbox 1194 5708 1333 5776; x_wconf 87' lang='lat' dir='ltr'><strong>apud</strong></span> <span class='ocrx_word' id='word_1_836' title='bbox 1371 5706 1636 5762; x_wconf 80' lang='lat' dir='ltr'><strong>Justitiam</strong></span> <span class='ocrx_word' id='word_1_837' title='bbox 1677 5724 1819 5761; x_wconf 84' lang='lat' dir='ltr'><strong>mar-</strong></span> 
     </span>
    </p>
   </div>
   <div class='ocr_carea' id='block_1_107' title="bbox 223 5779 1822 5850">
    <p class='ocr_par' dir='ltr' id='par_1_107' title="bbox 223 5779 1822 5850">
     <span class='ocr_line' id='line_1_114' title="bbox 223 5779 1822 5850; baseline -0.001 -17"><span class='ocrx_word' id='word_1_838' title='bbox 223 5792 404 5850; x_wconf 76' lang='lat' dir='ltr'><strong>tyrem</strong></span> <span class='ocrx_word' id='word_1_839' title='bbox 449 5790 565 5848; x_wconf 77' lang='lat' dir='ltr'><strong>post</strong></span> <span class='ocrx_word' id='word_1_840' title='bbox 599 5781 821 5849; x_wconf 67' lang='lat' dir='ltr'><strong>Apulug.</strong></span> <span class='ocrx_word' id='word_1_841' title='bbox 857 5780 917 5833; x_wconf 95' lang='lat' dir='ltr'><strong>ll.</strong></span> <span class='ocrx_word' id='word_1_842' title='bbox 962 5779 1241 5835; x_wconf 63' lang='lat' dir='ltr'><strong>ltittiottettt</strong></span> <span class='ocrx_word' id='word_1_843' title='bbox 1280 5780 1436 5833; x_wconf 89' lang='lat' dir='ltr'><strong>aliam</strong></span> <span class='ocrx_word' id='word_1_844' title='bbox 1472 5792 1574 5833; x_wconf 92' lang='lat' dir='ltr'><strong>non</strong></span> <span class='ocrx_word' id='word_1_845' title='bbox 1608 5792 1822 5847; x_wconf 77' lang='lat' dir='ltr'><strong>ansum</strong></span> 
     </span>
    </p>
   </div>
   <div class='ocr_carea' id='block_1_108' title="bbox 222 5850 1824 5920">
    <p class='ocr_par' dir='ltr' id='par_1_108' title="bbox 222 5850 1824 5920">
     <span class='ocr_line' id='line_1_115' title="bbox 222 5850 1824 5920; baseline 0 -15"><span class='ocrx_word' id='word_1_846' title='bbox 222 5851 459 5914; x_wconf 76' lang='lat' dir='ltr'><strong>atferre,</strong></span> <span class='ocrx_word' id='word_1_847' title='bbox 494 5867 648 5919; x_wconf 83' lang='lat' dir='ltr'><strong>quam</strong></span> <span class='ocrx_word' id='word_1_848' title='bbox 687 5852 930 5908; x_wconf 87' lang='lat' dir='ltr'><strong>militiam</strong></span> <span class='ocrx_word' id='word_1_849' title='bbox 967 5860 1088 5904; x_wconf 90' lang='lat' dir='ltr'><strong>tunc</strong></span> <span class='ocrx_word' id='word_1_850' title='bbox 1127 5850 1411 5920; x_wconf 85' lang='lat' dir='ltr'><strong>temporis,</strong></span> <span class='ocrx_word' id='word_1_851' title='bbox 1451 5850 1824 5920; x_wconf 85' lang='lat' dir='ltr'><strong>utplurimum</strong></span> 
     </span>
    </p>
   </div>
   <div class='ocr_carea' id='block_1_109' title="bbox 224 5919 1829 5998">
    <p class='ocr_par' dir='ltr' id='par_1_109' title="bbox 224 5919 1829 5998">
     <span class='ocr_line' id='line_1_116' title="bbox 224 5919 1829 5998; baseline 0 -19"><span class='ocrx_word' id='word_1_852' title='bbox 224 5922 514 5998; x_wconf 82' lang='lat' dir='ltr'><strong>gentilium</strong></span> <span class='ocrx_word' id='word_1_853' title='bbox 554 5922 741 5981; x_wconf 78' lang='lat' dir='ltr'><strong>ritibus</strong></span> <span class='ocrx_word' id='word_1_854' title='bbox 762 5932 813 5983; x_wconf 86' lang='lat' dir='ltr'><strong>ct</strong></span> <span class='ocrx_word' id='word_1_855' title='bbox 856 5922 1213 5995; x_wconf 82' lang='lat' dir='ltr'><strong>impietatibus</strong></span> <span class='ocrx_word' id='word_1_856' title='bbox 1242 5919 1421 5985; x_wconf 77' lang='lat' dir='ltr'><strong>tuisse</strong></span> <span class='ocrx_word' id='word_1_857' title='bbox 1464 5919 1732 5980; x_wconf 84' lang='lat' dir='ltr'><strong>addictam</strong></span> <span class='ocrx_word' id='word_1_858' title='bbox 1774 5929 1829 5979; x_wconf 82' lang='lat' dir='ltr'><strong>et</strong></span> 
     </span>
    </p>
   </div>
   <div class='ocr_carea' id='block_1_110' title="bbox 1910 4641 3506 4712">
    <p class='ocr_par' dir='ltr' id='par_1_110' title="bbox 1910 4641 3506 4712">
     <span class='ocr_line' id='line_1_117' title="bbox 1910 4641 3506 4712; baseline -0.002 -13"><span class='ocrx_word' id='word_1_859' title='bbox 1910 4645 2071 4699; x_wconf 90' lang='lat' dir='ltr'><strong>etiam</strong></span> <span class='ocrx_word' id='word_1_860' title='bbox 2101 4641 2296 4697; x_wconf 82' lang='lat' dir='ltr'><strong>omissa</strong></span> <span class='ocrx_word' id='word_1_861' title='bbox 2330 4656 2477 4704; x_wconf 70' lang='lat' dir='ltr'><strong>Voce.</strong></span> <span class='ocrx_word' id='word_1_862' title='bbox 2499 4654 2575 4712; x_wconf 10' lang='lat' dir='ltr'><strong>fut</strong></span> <span class='ocrx_word' id='word_1_863' title='bbox 2604 4641 2900 4712; x_wconf 78' lang='lat' dir='ltr'><strong>superﬂua,</strong></span> <span class='ocrx_word' id='word_1_864' title='bbox 2938 4642 3180 4712; x_wconf 89' lang='lat' dir='ltr'><strong>legimus,</strong></span> <span class='ocrx_word' id='word_1_865' title='bbox 3223 4645 3295 4696; x_wconf 78' lang='lat' dir='ltr'><strong>bis</strong></span> <span class='ocrx_word' id='word_1_866' title='bbox 3326 4654 3506 4696; x_wconf 89' lang='lat' dir='ltr'><strong>acutus</strong></span> 
     </span>
    </p>
   </div>
   <div class='ocr_carea' id='block_1_111' title="bbox 1911 4711 2692 4769">
    <p class='ocr_par' dir='ltr' id='par_1_111' title="bbox 1911 4711 2692 4769">
     <span class='ocr_line' id='line_1_118' title="bbox 1911 4711 2692 4769; baseline -0.005 0"><span class='ocrx_word' id='word_1_867' title='bbox 1911 4715 2103 4769; x_wconf 86' lang='lat' dir='ltr'><strong>duobus</strong></span> <span class='ocrx_word' id='word_1_868' title='bbox 2129 4712 2458 4767; x_wconf 75' lang='lat' dir='ltr'><strong>testamentis.</strong></span> <span class='ocrx_word' id='word_1_869' title='bbox 2490 4711 2567 4767; x_wconf 73' lang='lat' dir='ltr'><strong>Ls</strong></span> <span class='ocrx_word' id='word_1_870' title='bbox 2596 4711 2692 4766; x_wconf 82' lang='lat' dir='ltr'><strong>Pu.</strong></span> 
     </span>
    </p>
   </div>
   <div class='ocr_carea' id='block_1_112' title="bbox 1986 4781 3508 4855">
    <p class='ocr_par' dir='ltr' id='par_1_112' title="bbox 1986 4781 3508 4855">
     <span class='ocr_line' id='line_1_119' title="bbox 1986 4781 3508 4855; baseline 0.001 -18"><span class='ocrx_word' id='word_1_871' title='bbox 1986 4783 2061 4855; x_wconf 75' lang='grc' dir='ltr'>(ο)</span> <span class='ocrx_word' id='word_1_872' title='bbox 2108 4784 2495 4838; x_wconf 81' lang='lat' dir='ltr'><strong>Traductionent</strong></span> <span class='ocrx_word' id='word_1_873' title='bbox 2522 4783 2712 4837; x_wconf 85' lang='lat' dir='ltr'><strong>cordis.</strong></span> <span class='ocrx_word' id='word_1_874' title='bbox 2744 4781 3015 4847; x_wconf 80' lang='lat' dir='ltr'><strong>Signilicat</strong></span> <span class='ocrx_word' id='word_1_875' title='bbox 3043 4782 3150 4855; x_wconf 86' lang='lat' dir='ltr'><strong>vim</strong></span> <span class='ocrx_word' id='word_1_876' title='bbox 3180 4782 3365 4853; x_wconf 73' lang='lat' dir='ltr'><strong>gratia:</strong></span> <span class='ocrx_word' id='word_1_877' title='bbox 3394 4782 3508 4855; x_wconf 77' lang='lat' dir='ltr'><strong>spi-</strong></span> 
     </span>
    </p>
   </div>
   <div class='ocr_carea' id='block_1_113' title="bbox 1912 4853 3507 4926">
    <p class='ocr_par' dir='ltr' id='par_1_113' title="bbox 1912 4853 3507 4926">
     <span class='ocr_line' id='line_1_120' title="bbox 1912 4853 3507 4926; baseline -0.001 -15"><span class='ocrx_word' id='word_1_878' title='bbox 1912 4853 2103 4916; x_wconf 87' lang='lat' dir='ltr'><strong>ritalis.</strong></span> <span class='ocrx_word' id='word_1_879' title='bbox 2128 4870 2245 4926; x_wconf 76' lang='lat' dir='ltr'><strong>qua:</strong></span> <span class='ocrx_word' id='word_1_880' title='bbox 2266 4854 2566 4909; x_wconf 85' lang='lat' dir='ltr'><strong>divinorum</strong></span> <span class='ocrx_word' id='word_1_881' title='bbox 2592 4862 2975 4926; x_wconf 68' lang='lat' dir='ltr'><strong>princeptorunt</strong></span> <span class='ocrx_word' id='word_1_882' title='bbox 2999 4854 3203 4924; x_wconf 80' lang='lat' dir='ltr'><strong>sagittis</strong></span> <span class='ocrx_word' id='word_1_883' title='bbox 3224 4853 3507 4909; x_wconf 69' lang='lat' dir='ltr'><strong>Conscien-</strong></span> 
     </span>
    </p>
   </div>
   <div class='ocr_carea' id='block_1_114' title="bbox 1914 4923 3049 4995">
    <p class='ocr_par' dir='ltr' id='par_1_114' title="bbox 1914 4923 3049 4995">
     <span class='ocr_line' id='line_1_121' title="bbox 1914 4923 3049 4995; baseline -0.004 -13"><span class='ocrx_word' id='word_1_884' title='bbox 1914 4928 2038 4982; x_wconf 92' lang='lat' dir='ltr'><strong>tiam</strong></span> <span class='ocrx_word' id='word_1_885' title='bbox 2072 4923 2243 4980; x_wconf 74' lang='lat' dir='ltr'><strong>fidelis</strong></span> <span class='ocrx_word' id='word_1_886' title='bbox 2273 4926 2529 4995; x_wconf 85' lang='lat' dir='ltr'><strong>cujusque</strong></span> <span class='ocrx_word' id='word_1_887' title='bbox 2559 4924 2891 4995; x_wconf 78' lang='lat' dir='ltr'><strong>transadigit.</strong></span> <span class='ocrx_word' id='word_1_888' title='bbox 2928 4923 3049 4979; x_wconf 80' lang='lat' dir='ltr'><strong>th.</strong></span> 
     </span>
    </p>
   </div>
   <div class='ocr_carea' id='block_1_115' title="bbox 1988 4992 3511 5069">
    <p class='ocr_par' dir='ltr' id='par_1_115' title="bbox 1988 4992 3511 5069">
     <span class='ocr_line' id='line_1_122' title="bbox 1988 4992 3511 5069; baseline 0.002 -22"><span class='ocrx_word' id='word_1_889' title='bbox 1988 4995 2068 5069; x_wconf 81' lang='grc' dir='ltr'>(ιι)</span> <span class='ocrx_word' id='word_1_890' title='bbox 2112 4997 2183 5069; x_wconf 75' lang='lat' dir='ltr'><strong>Et</strong></span> <span class='ocrx_word' id='word_1_891' title='bbox 2204 4992 2379 5063; x_wconf 82' lang='lat' dir='ltr'><strong>incipit</strong></span> <span class='ocrx_word' id='word_1_892' title='bbox 2414 4992 2583 5069; x_wconf 75' lang='lat' dir='ltr'><strong>uocari</strong></span> <span class='ocrx_word' id='word_1_893' title='bbox 2622 4992 3271 5069; x_wconf 26' lang='lat' dir='ltr'><strong>Jesus.’lta_e_x__Mss_....._.</strong></span> <span class='ocrx_word' id='word_1_894' title='bbox 3307 4994 3511 5069; x_wconf 79' lang='lat' dir='ltr'><strong>Alludit</strong></span> 
     </span>
    </p>
   </div>
   <div class='ocr_carea' id='block_1_116' title="bbox 1916 5063 3509 5136">
    <p class='ocr_par' dir='ltr' id='par_1_116' title="bbox 1916 5063 3509 5136">
     <span class='ocr_line' id='line_1_123' title="bbox 1916 5063 3509 5136; baseline -0.003 -13"><span class='ocrx_word' id='word_1_895' title='bbox 1916 5063 2091 5123; x_wconf 83' lang='lat' dir='ltr'><strong>autem</strong></span> <span class='ocrx_word' id='word_1_896' title='bbox 2123 5068 2187 5121; x_wconf 91' lang='lat' dir='ltr'><strong>ad</strong></span> <span class='ocrx_word' id='word_1_897' title='bbox 2221 5069 2269 5121; x_wconf 93' lang='lat' dir='ltr'><strong>id</strong></span> <span class='ocrx_word' id='word_1_898' title='bbox 2300 5067 2439 5136; x_wconf 90' lang='lat' dir='ltr'><strong>quod</strong></span> <span class='ocrx_word' id='word_1_899' title='bbox 2466 5068 2689 5136; x_wconf 78' lang='lat' dir='ltr'><strong>habetur</strong></span> <span class='ocrx_word' id='word_1_900' title='bbox 2719 5064 2875 5136; x_wconf 82' lang='lat' dir='ltr'><strong>Num.</strong></span> <span class='ocrx_word' id='word_1_901' title='bbox 2911 5063 3058 5131; x_wconf 76' lang='lat' dir='ltr'><strong>Xlll,</strong></span> <span class='ocrx_word' id='word_1_902' title='bbox 3091 5066 3153 5119; x_wconf 81' lang='grc'>17</span> <span class='ocrx_word' id='word_1_903' title='bbox 3175 5085 3186 5118; x_wconf 91' lang='lat'><strong>:</strong></span> <span class='ocrx_word' id='word_1_904' title='bbox 3208 5064 3509 5134; x_wconf 80' lang='lat' dir='ltr'><strong>Vocavitque</strong></span> 
     </span>
    </p>
   </div>
   <div class='ocr_carea' id='block_1_117' title="bbox 1918 5134 3512 5265">
    <p class='ocr_par' dir='ltr' id='par_1_117' title="bbox 1918 5134 3512 5265">
     <span class='ocr_line' id='line_1_124' title="bbox 1918 5134 3512 5265; baseline -0.003 -71"><span class='ocrx_word' id='word_1_905' title='bbox 1918 5138 2175 5265; x_wconf 56' lang='lat' dir='ltr'><strong>BMOYSCS)</strong></span> <span class='ocrx_word' id='word_1_906' title='bbox 2203 5134 2347 5198; x_wconf 76' lang='lat' dir='ltr'><strong>Osee.</strong></span> <span class='ocrx_word' id='word_1_907' title='bbox 2375 5138 2535 5203; x_wconf 81' lang='lat' dir='ltr'><strong>lilium</strong></span> <span class='ocrx_word' id='word_1_908' title='bbox 2574 5134 2722 5201; x_wconf 84' lang='lat' dir='ltr'><strong>Nun,</strong></span> <span class='ocrx_word' id='word_1_909' title='bbox 2750 5134 3023 5191; x_wconf 86' lang='lat' dir='ltr'><strong>Josuc.....</strong></span> <span class='ocrx_word' id='word_1_910' title='bbox 3054 5136 3192 5204; x_wconf 89' lang='lat' dir='ltr'><strong>quod</strong></span> <span class='ocrx_word' id='word_1_911' title='bbox 3243 5137 3512 5190; x_wconf 66' lang='lat' dir='ltr'><strong>transtulit</strong></span> 
     </span>
     <span class='ocr_line' id='line_1_125' title="bbox 1968 5205 3511 5265; baseline -0.001 -3"><span class='ocrx_word' id='word_1_912' title='bbox 1968 5250 1978 5262; x_wconf 91' lang='lat'><strong>.</strong></span> <span class='ocrx_word' id='word_1_913' title='bbox 2013 5210 2341 5265; x_wconf 69' lang='lat' dir='ltr'><strong>Augustinus</strong></span> <span class='ocrx_word' id='word_1_914' title='bbox 2370 5207 2457 5265; x_wconf 77' lang='lat' dir='ltr'><strong>lex</strong></span> <span class='ocrx_word' id='word_1_915' title='bbox 2503 5222 2675 5265; x_wconf 69' lang='lat' dir='ltr'><strong>arinen</strong></span> <span class='ocrx_word' id='word_1_916' title='bbox 2728 5208 2971 5262; x_wconf 82' lang='lat' dir='ltr'><strong>versione</strong></span> <span class='ocrx_word' id='word_1_917' title='bbox 2999 5206 3014 5265; x_wconf 89' lang='lat'><strong>)</strong></span> <span class='ocrx_word' id='word_1_918' title='bbox 3060 5209 3149 5259; x_wconf 86' lang='lat' dir='ltr'><strong>lib.</strong></span> <span class='ocrx_word' id='word_1_919' title='bbox 3183 5205 3301 5261; x_wconf 74' lang='lat' dir='ltr'><strong>XVI</strong></span> <span class='ocrx_word' id='word_1_920' title='bbox 3332 5219 3511 5261; x_wconf 84' lang='lat' dir='ltr'><strong>contra</strong></span> 
     </span>
    </p>
   </div>
   <div class='ocr_carea' id='block_1_118' title="bbox 1968 5205 3511 5332">
    <p class='ocr_par' dir='ltr' id='par_1_118' title="bbox 1968 5205 3511 5332">
     <span class='ocr_line' id='line_1_126' title="bbox 1968 5205 3511 5332; baseline -0.001 -70"><span class='ocrx_word' id='word_1_921' title='bbox 1968 5250 1978 5262; x_wconf 91' lang='lat'><strong>.</strong></span> <span class='ocrx_word' id='word_1_922' title='bbox 2013 5205 2341 5279; x_wconf 77' lang='lat' dir='ltr'><strong>Augustinus</strong></span> <span class='ocrx_word' id='word_1_923' title='bbox 2370 5207 2457 5332; x_wconf 47' lang='lat' dir='ltr'><strong>gas</strong></span> <span class='ocrx_word' id='word_1_924' title='bbox 2503 5222 2675 5277; x_wconf 75' lang='lat' dir='ltr'><strong>grtnca</strong></span> <span class='ocrx_word' id='word_1_925' title='bbox 2728 5206 3014 5277; x_wconf 83' lang='lat' dir='ltr'><strong>versione)</strong></span> <span class='ocrx_word' id='word_1_926' title='bbox 3060 5209 3149 5259; x_wconf 86' lang='lat' dir='ltr'><strong>lib.</strong></span> <span class='ocrx_word' id='word_1_927' title='bbox 3183 5205 3301 5261; x_wconf 74' lang='lat' dir='ltr'><strong>XVI</strong></span> <span class='ocrx_word' id='word_1_928' title='bbox 3332 5219 3511 5261; x_wconf 84' lang='lat' dir='ltr'><strong>contra</strong></span> 
     </span>
     <span class='ocr_line' id='line_1_127' title="bbox 1970 5275 3510 5332; baseline 0 0"><span class='ocrx_word' id='word_1_929' title='bbox 1970 5290 2194 5332; x_wconf 81' lang='lat' dir='ltr'><strong>mutum.</strong></span> <span class='ocrx_word' id='word_1_930' title='bbox 2226 5293 2343 5332; x_wconf 86' lang='lat' dir='ltr'><strong>can.</strong></span> <span class='ocrx_word' id='word_1_931' title='bbox 2430 5276 2493 5331; x_wconf 84' lang='grc' dir='ltr'><strong>ΙΧ</strong></span> <span class='ocrx_word' id='word_1_932' title='bbox 2532 5295 2540 5328; x_wconf 87' lang='lat'>:</span> <span class='ocrx_word' id='word_1_933' title='bbox 2578 5275 2644 5330; x_wconf 80' lang='lat' dir='ltr'><strong>Et</strong></span> <span class='ocrx_word' id='word_1_934' title='bbox 2676 5278 3046 5332; x_wconf 83' lang='lat' dir='ltr'><strong>coanominavit</strong></span> <span class='ocrx_word' id='word_1_935' title='bbox 3078 5278 3279 5332; x_wconf 81' lang='lat' dir='ltr'><strong>Menses</strong></span> <span class='ocrx_word' id='word_1_936' title='bbox 3317 5280 3510 5332; x_wconf 81' lang='lat' dir='ltr'><strong>Ausen.</strong></span> 
     </span>
    </p>
   </div>
   <div class='ocr_carea' id='block_1_119' title="bbox 1918 5275 3510 5348">
    <p class='ocr_par' dir='ltr' id='par_1_119' title="bbox 1918 5275 3510 5348">
     <span class='ocr_line' id='line_1_128' title="bbox 1918 5275 3510 5348; baseline -0.001 -15"><span class='ocrx_word' id='word_1_937' title='bbox 1918 5275 2194 5342; x_wconf 78' lang='lat' dir='ltr'><strong>Faustum,</strong></span> <span class='ocrx_word' id='word_1_938' title='bbox 2226 5293 2343 5347; x_wconf 86' lang='lat' dir='ltr'><strong>cap.</strong></span> <span class='ocrx_word' id='word_1_939' title='bbox 2378 5275 2540 5332; x_wconf 49' lang='lat' dir='ltr'><strong>XIX?</strong></span> <span class='ocrx_word' id='word_1_940' title='bbox 2578 5275 2644 5330; x_wconf 80' lang='lat' dir='ltr'><strong>Et</strong></span> <span class='ocrx_word' id='word_1_941' title='bbox 2676 5275 3046 5348; x_wconf 77' lang='lat' dir='ltr'><strong>cognominauit</strong></span> <span class='ocrx_word' id='word_1_942' title='bbox 3078 5278 3279 5348; x_wconf 81' lang='lat' dir='ltr'><strong>Moyses</strong></span> <span class='ocrx_word' id='word_1_943' title='bbox 3317 5280 3510 5345; x_wconf 80' lang='lat' dir='ltr'><strong>Ausen,</strong></span> 
     </span>
    </p>
   </div>
   <div class='ocr_carea' id='block_1_120' title="bbox 1920 5347 3179 5421">
    <p class='ocr_par' dir='ltr' id='par_1_120' title="bbox 1920 5347 3179 5421">
     <span class='ocr_line' id='line_1_129' title="bbox 1920 5347 3179 5421; baseline 0.012 -17"><span class='ocrx_word' id='word_1_944' title='bbox 1920 5352 2086 5421; x_wconf 80' lang='lat' dir='ltr'><strong>ﬁlium</strong></span> <span class='ocrx_word' id='word_1_945' title='bbox 2117 5349 2279 5421; x_wconf 65' lang='lat' dir='ltr'><strong>Nave,</strong></span> <span class='ocrx_word' id='word_1_946' title='bbox 2310 5348 2506 5403; x_wconf 84' lang='lat' dir='ltr'><strong>Jesum.</strong></span> <span class='ocrx_word' id='word_1_947' title='bbox 2543 5347 2676 5421; x_wconf 50' lang='lat' dir='ltr'><strong>PA“:</strong></span> <span class='ocrx_word' id='word_1_948' title='bbox 2741 5347 2748 5348; x_wconf 12' lang='grc' dir='ltr'>ί</span> <span class='ocrx_word' id='word_1_949' title='bbox 2860 5418 2904 5421; x_wconf 65' lang='lat'><strong>_-</strong></span> <span class='ocrx_word' id='word_1_950' title='bbox 2947 5418 2956 5421; x_wconf 77' lang='grc'><em>,</em></span> <span class='ocrx_word' id='word_1_951' title='bbox 3116 5418 3123 5421; x_wconf 88' lang='lat'><strong>_</strong></span> 
     </span>
    </p>
   </div>
   <div class='ocr_carea' id='block_1_121' title="bbox 1993 5418 3515 5507">
    <p class='ocr_par' dir='ltr' id='par_1_121' title="bbox 1993 5418 3515 5507">
     <span class='ocr_line' id='line_1_130' title="bbox 1993 5418 3515 5507; baseline -0.011 -19"><span class='ocrx_word' id='word_1_952' title='bbox 1993 5420 2069 5493; x_wconf 77' lang='grc' dir='ltr'>(θ)</span> <span class='ocrx_word' id='word_1_953' title='bbox 2114 5420 2213 5507; x_wconf 66' lang='lat' dir='ltr'><strong>Qui</strong></span> <span class='ocrx_word' id='word_1_954' title='bbox 2244 5431 2288 5473; x_wconf 76' lang='grc' dir='ltr'><strong>ει</strong></span> <span class='ocrx_word' id='word_1_955' title='bbox 2318 5435 2516 5507; x_wconf 51' lang='lat' dir='ltr'><strong>“finger</strong></span> <span class='ocrx_word' id='word_1_956' title='bbox 2547 5418 2825 5507; x_wconf 64' lang='lat' dir='ltr'><strong>ridebatur.</strong></span> <span class='ocrx_word' id='word_1_957' title='bbox 2860 5418 3083 5499; x_wconf 65' lang='lat' dir='ltr'><strong>videtur</strong></span> <span class='ocrx_word' id='word_1_958' title='bbox 3114 5418 3222 5501; x_wconf 37' lang='lat' dir='ltr'><strong>hnc.</strong></span> <span class='ocrx_word' id='word_1_959' title='bbox 3245 5419 3515 5507; x_wconf 63' lang='lat' dir='ltr'><strong>pertinere</strong></span> 
     </span>
    </p>
   </div>
   <div class='ocr_carea' id='block_1_122' title="bbox 1922 5488 3514 5558">
    <p class='ocr_par' dir='ltr' id='par_1_122' title="bbox 1922 5488 3514 5558">
     <span class='ocr_line' id='line_1_131' title="bbox 1922 5488 3514 5558; baseline -0.003 -11"><span class='ocrx_word' id='word_1_960' title='bbox 1922 5488 2081 5547; x_wconf 84' lang='lat' dir='ltr'><strong>etiam</strong></span> <span class='ocrx_word' id='word_1_961' title='bbox 2107 5493 2170 5545; x_wconf 89' lang='lat' dir='ltr'><strong>ad</strong></span> <span class='ocrx_word' id='word_1_962' title='bbox 2192 5504 2404 5545; x_wconf 86' lang='lat' dir='ltr'><strong>errores</strong></span> <span class='ocrx_word' id='word_1_963' title='bbox 2427 5488 2763 5554; x_wconf 72' lang='lat' dir='ltr'><strong>Tertulliani,</strong></span> <span class='ocrx_word' id='word_1_964' title='bbox 2788 5490 2936 5558; x_wconf 69' lang='lat' dir='ltr'><strong>quasi</strong></span> <span class='ocrx_word' id='word_1_965' title='bbox 2960 5492 3188 5545; x_wconf 88' lang='lat' dir='ltr'><strong>senserit</strong></span> <span class='ocrx_word' id='word_1_966' title='bbox 3212 5491 3347 5543; x_wconf 85' lang='lat' dir='ltr'><strong>idem</strong></span> <span class='ocrx_word' id='word_1_967' title='bbox 3373 5488 3514 5558; x_wconf 87' lang='lat' dir='ltr'><strong>quod</strong></span> 
     </span>
    </p>
   </div>
   <div class='ocr_carea' id='block_1_123' title="bbox 1925 5558 3519 5629">
    <p class='ocr_par' dir='ltr' id='par_1_123' title="bbox 1925 5558 3519 5629">
     <span class='ocr_line' id='line_1_132' title="bbox 1925 5558 3519 5629; baseline -0.003 -12"><span class='ocrx_word' id='word_1_968' title='bbox 1925 5562 2241 5622; x_wconf 75' lang='lat' dir='ltr'><strong>Maximinus</strong></span> <span class='ocrx_word' id='word_1_969' title='bbox 2291 5559 2553 5624; x_wconf 78' lang='lat' dir='ltr'><strong>Arianns,</strong></span> <span class='ocrx_word' id='word_1_970' title='bbox 2608 5560 2771 5629; x_wconf 79' lang='lat' dir='ltr'><strong>filium</strong></span> <span class='ocrx_word' id='word_1_971' title='bbox 2820 5558 2915 5611; x_wconf 86' lang='lat' dir='ltr'><strong>Dei</strong></span> <span class='ocrx_word' id='word_1_972' title='bbox 2962 5577 3158 5625; x_wconf 75' lang='lat' dir='ltr'><strong>semper</strong></span> <span class='ocrx_word' id='word_1_973' title='bbox 3206 5562 3366 5613; x_wconf 77' lang='lat' dir='ltr'><strong>visunt</strong></span> <span class='ocrx_word' id='word_1_974' title='bbox 3410 5574 3519 5613; x_wconf 77' lang='lat' dir='ltr'><strong>esse</strong></span> 
     </span>
    </p>
   </div>
   <div class='ocr_carea' id='block_1_124' title="bbox 1926 5629 3514 5699">
    <p class='ocr_par' dir='ltr' id='par_1_124' title="bbox 1926 5629 3514 5699">
     <span class='ocr_line' id='line_1_133' title="bbox 1926 5629 3514 5699; baseline -0.002 -12"><span class='ocrx_word' id='word_1_975' title='bbox 1926 5634 2242 5697; x_wconf 82' lang='lat' dir='ltr'><strong>hominibus,</strong></span> <span class='ocrx_word' id='word_1_976' title='bbox 2295 5642 2476 5686; x_wconf 80' lang='lat' dir='ltr'><strong>contra</strong></span> <span class='ocrx_word' id='word_1_977' title='bbox 2529 5646 2685 5699; x_wconf 84' lang='lat' dir='ltr'><strong>quem</strong></span> <span class='ocrx_word' id='word_1_978' title='bbox 2742 5632 2843 5682; x_wconf 83' lang='lat' dir='ltr'><strong>late</strong></span> <span class='ocrx_word' id='word_1_979' title='bbox 2894 5629 3127 5698; x_wconf 85' lang='lat' dir='ltr'><strong>disputat</strong></span> <span class='ocrx_word' id='word_1_980' title='bbox 3179 5631 3235 5684; x_wconf 72' lang='lat' dir='ltr'><strong>Il.</strong></span> <span class='ocrx_word' id='word_1_981' title='bbox 3289 5635 3514 5699; x_wconf 74' lang='lat' dir='ltr'><strong>August.</strong></span> 
     </span>
    </p>
   </div>
   <div class='ocr_carea' id='block_1_125' title="bbox 1928 5701 3517 5773">
    <p class='ocr_par' dir='ltr' id='par_1_125' title="bbox 1928 5701 3517 5773">
     <span class='ocr_line' id='line_1_134' title="bbox 1928 5701 3517 5773; baseline -0.003 -14"><span class='ocrx_word' id='word_1_982' title='bbox 1928 5706 2017 5760; x_wconf 88' lang='lat' dir='ltr'><strong>lib.</strong></span> <span class='ocrx_word' id='word_1_983' title='bbox 2054 5706 2151 5767; x_wconf 87' lang='lat' dir='ltr'><strong>lll,</strong></span> <span class='ocrx_word' id='word_1_984' title='bbox 2192 5720 2312 5773; x_wconf 86' lang='lat' dir='ltr'><strong>cap.</strong></span> <span class='ocrx_word' id='word_1_985' title='bbox 2344 5703 2433 5756; x_wconf 74' lang='lat'><strong>‘26.</strong></span> <span class='ocrx_word' id='word_1_986' title='bbox 2478 5702 2673 5763; x_wconf 82' lang='lat' dir='ltr'><strong>l&#39;orrn,</strong></span> <span class='ocrx_word' id='word_1_987' title='bbox 2718 5702 2856 5768; x_wconf 87' lang='lat' dir='ltr'><strong>quod</strong></span> <span class='ocrx_word' id='word_1_988' title='bbox 2888 5706 3149 5773; x_wconf 68' lang='lat' dir='ltr'><strong>sequitur,</strong></span> <span class='ocrx_word' id='word_1_989' title='bbox 3194 5701 3352 5754; x_wconf 84' lang='lat' dir='ltr'><strong>Deum</strong></span> <span class='ocrx_word' id='word_1_990' title='bbox 3385 5703 3517 5755; x_wconf 84' lang='lat' dir='ltr'><strong>enim</strong></span> 
     </span>
    </p>
   </div>
   <div class='ocr_carea' id='block_1_126' title="bbox 1929 5772 3520 5847">
    <p class='ocr_par' dir='ltr' id='par_1_126' title="bbox 1929 5772 3520 5847">
     <span class='ocr_line' id='line_1_135' title="bbox 1929 5772 3520 5847; baseline -0.001 -17"><span class='ocrx_word' id='word_1_991' title='bbox 1929 5787 2124 5847; x_wconf 86' lang='lat' dir='ltr'><strong>putrem</strong></span> <span class='ocrx_word' id='word_1_992' title='bbox 2166 5772 2309 5847; x_wconf 79' lang='lat' dir='ltr'><strong>nemo</strong></span> <span class='ocrx_word' id='word_1_993' title='bbox 2351 5773 2489 5847; x_wconf 72' lang='lat' dir='ltr'><strong>ridit_</strong></span> <span class='ocrx_word' id='word_1_994' title='bbox 2514 5781 2829 5847; x_wconf 72' lang='lat' dir='ltr'><strong>utnquant_et</strong></span> <span class='ocrx_word' id='word_1_995' title='bbox 2874 5772 3025 5836; x_wconf 74' lang='lat' dir='ltr'><strong>uixit,</strong></span> <span class='ocrx_word' id='word_1_996' title='bbox 3073 5773 3315 5827; x_wconf 86' lang='lat' dir='ltr'><strong>similiter</strong></span> <span class='ocrx_word' id='word_1_997' title='bbox 3359 5773 3520 5828; x_wconf 87' lang='lat' dir='ltr'><strong>etiam</strong></span> 
     </span>
    </p>
   </div>
   <div class='ocr_carea' id='block_1_127' title="bbox 1933 5840 2890 5921">
    <p class='ocr_par' dir='ltr' id='par_1_127' title="bbox 1933 5840 2890 5921">
     <span class='ocr_line' id='line_1_136' title="bbox 1933 5840 2890 5921; baseline -0.005 -22"><span class='ocrx_word' id='word_1_998' title='bbox 1933 5840 2155 5921; x_wconf 68' lang='lat' dir='ltr'><strong>prorsus</strong></span> <span class='ocrx_word' id='word_1_999' title='bbox 2176 5845 2266 5900; x_wconf 87' lang='lat' dir='ltr'><strong>lib.</strong></span> <span class='ocrx_word' id='word_1_1000' title='bbox 2298 5843 2414 5898; x_wconf 84' lang='lat' dir='ltr'><strong>adv.</strong></span> <span class='ocrx_word' id='word_1_1001' title='bbox 2445 5840 2720 5921; x_wconf 56' lang='lat' dir='ltr'><strong>frameam.</strong></span> <span class='ocrx_word' id='word_1_1002' title='bbox 2754 5840 2890 5921; x_wconf 63' lang='lat' dir='ltr'><strong>Pass.</strong></span> 
     </span>
    </p>
   </div>
   <div class='ocr_carea' id='block_1_128' title="bbox 2003 5911 3517 5989">
    <p class='ocr_par' dir='ltr' id='par_1_128' title="bbox 2003 5911 3517 5989">
     <span class='ocr_line' id='line_1_137' title="bbox 2003 5911 3517 5989; baseline 0.002 -18"><span class='ocrx_word' id='word_1_1003' title='bbox 2003 5918 2069 5989; x_wconf 84' lang='lat' dir='ltr'>(t&#39;)</span> <span class='ocrx_word' id='word_1_1004' title='bbox 2109 5915 2243 5974; x_wconf 75' lang='lat' dir='ltr'><strong>Ecce</strong></span> <span class='ocrx_word' id='word_1_1005' title='bbox 2269 5932 2360 5989; x_wconf 80' lang='lat' dir='ltr'><strong>ego</strong></span> <span class='ocrx_word' id='word_1_1006' title='bbox 2389 5914 2529 5973; x_wconf 86' lang='lat' dir='ltr'><strong>mitto</strong></span> <span class='ocrx_word' id='word_1_1007' title='bbox 2549 5911 2807 5986; x_wconf 80' lang='lat' dir='ltr'><strong>angelum.</strong></span> <span class='ocrx_word' id='word_1_1008' title='bbox 2836 5911 3143 5985; x_wconf 82' lang='lat' dir='ltr'><strong>Adjceimus</strong></span> <span class='ocrx_word' id='word_1_1009' title='bbox 3179 5930 3268 5989; x_wconf 75' lang='lat' dir='ltr'><strong>ego</strong></span> <span class='ocrx_word' id='word_1_1010' title='bbox 3305 5931 3367 5972; x_wconf 75' lang='lat' dir='ltr'><strong>es</strong></span> <span class='ocrx_word' id='word_1_1011' title='bbox 3392 5914 3517 5974; x_wconf 75' lang='lat' dir='ltr'><strong>Mss.</strong></span> 
     </span>
    </p>
   </div>
  </div>
