4270 6498
711 413 811 470 651

2127 408 2587 468 TERTULLIANI

3901 420 4007 476 63‘!

719 545 816 598 quc
858 543 1032 583 eorum
1077 526 1130 581 in
1176 526 1410 593 tenebris,
1444 527 1782 596 intust/nisque
1833 530 1883 580 in
1930 528 2160 580 cubiculo
2217 529 2299 578 ab-
2334 529 2383 584 A
2417 531 2579 598 Hujus
2611 541 2784 586 autem
2817 532 2949 602 signi
2981 544 3375 591 sacramentum
3400 536 3561 591 variis
3588 535 3762 606 modis
3797 535 4000 604 pradi-

727 639 939 682 sronso;
989 622 1228 690 quoniam
1257 623 1494 676 dixerunt
1522 638 1540 675 .'
1589 621 1706 675 Non
1736 623 1866 674 videt
1896 638 1987 674 nos
2022 621 2268 674 Dominus
2292 662 2307 684 ,

723 715 984 781 drrcl;qnit
1033 713 1278 766 Dominus
1319 723 1523 764 terram.
1575 711 1641 765 Et
1687 713 1816 766 dixit
1858 713 1928 764 ad
1967 727 2082 764 me:
2132 713 2313 765 Adhuc

725 823 992 860 conversus
1041 806 1226 858 ridebis
1259 805 1490 873 facinora
1520 806 1716 870 maiora
1744 821 1858 872 qnw
1887 807 1967 858 isti
1997 807 2211 876 faciunt.
2249 803 2312 857 Et

723 899 1004 952 introduxit
1056 915 1132 952 me
1179 899 1244 950 ad
1290 898 1469 951 limina
1506 898 1686 966 janua:
1731 897 1912 950 domus
1961 897 2164 950 Domini
2201 912 2314 967 qua:

725 993 908 1062 aspicit
942 992 1008 1044 ad
1029 991 1335 1058 aquilonem,
1363 1000 1408 1043 et
1436 1006 1548 1044 ecce
1573 991 1678 1044 illic
1702 990 1939 1045 mulieres
1963 995 2186 1045 sedentes
2207 988 2310 1060 (a),

725 1093 773 1137 et
820 1085 1112 1155 plangeutcs
1157 1082 1478 1146 Thammuz;
1528 1091 1575 1135 et
1621 1083 1750 1137 dixit
1797 1082 2040 1137 Dominus
2079 1083 2147 1136 ad
2191 1098 2310 1137 me:

732 1176 777 1229 1³
780 1177 835 1230 ili
866 1177 1103 1240 hominis,
1135 1175 1344 1229 vidisti?
1402 1174 1663 1245 Numquid
1703 1175 1900 1229 modica
1939 1177 2114 1228 domui
2149 1175 2310 1243 Juda,

728 1280 782 1322 ut
816 1269 1006 1338 faciant
1038 1269 1268 1337 facinora
1293 1283 1406 1335 qua!
1454 1270 1723 1338 fecerunt:
1767 1278 1814 1321 et
1841 1269 2010 1321 adhuc
2038 1269 2233 1322 visurus
2262 1285 2314 1323 es

727 1362 1036 1428 adfectiones
1076 1350 1293 1432 majores
1320 1377 1511 1414 eorum.
1546 1359 1610 1413 Et
1639 1361 1919 1415 introduxit
1948 1377 2026 1413 me
2063 1362 2116 1414 in
2155 1361 2315 1414 eadem

733 1454 911 1506 domus
969 1452 1175 1505 Domini
1217 1452 1527 1516 interiorem,
1578 1469 1688 1506 ecce
1735 1454 1787 1505 in
1832 1452 2091 1506 liminibus
2139 1451 2316 1522 templi

733 1545 971 1606 Domini,
1019 1544 1148 1596 inter
1196 1544 1416 1596 medium
1457 1545 1588 1597 clam
1614 1554 1661 1599 et
1686 1545 1816 1598 inter
1843 1543 2063 1596 mediunt
2100 1544 2312 1608 altaris,

729 1637 873 1703 quasi
904 1637 1080 1707 viginti
1123 1637 1339 1704 quinque
1372 1637 1452 1707 (I)
1501 1638 1595 1691 viri
1632 1637 1912 1709 posteriora
1955 1653 2048 1691 sua
2072 1638 2318 1692 dederunt

730 1733 798 1782 ad
829 1731 1069 1798 templum
1103 1728 1330 1793 Domini,
1364 1741 1410 1783 et
1441 1733 1596 1801 [acies
1621 1749 1738 1784 snas
1760 1741 1932 1784 contra
1961 1731 2235 1794 Orientem,
2265 1731 2318 1783 hi

731 1821 1015 1875 adorabunt
1044 1822 1240 1883 solem;
1270 1832 1314 1875 et
1344 1822 1470 1875 dixit
1495 1824 1564 1874 ad
1591 1839 1668 1875 me
1693 1838 1710 1875 :
1752 1821 1917 1886 Vides,
1954 1823 2031 1890 ﬁli
2062 1821 2318 1875 hominis?

2419 635 2594 676 calum
2627 633 2709 678 est
2731 669 2743 687 ,
2780 628 2830 679 in
2861 642 2965 694 quo
2995 626 3098 679 vita
3139 627 3444 682 hominibus
3471 627 3890 700 prmstruebatur
3910 671 3924 692 ,
3955 630 4005 681 in

2417 729 2521 782 quo
2551 713 2716 769 Judaei
2761 731 2864 767 non
2916 723 3099 770 esSent
3142 718 3393 772 credituri
3429 736 3442 784 ;
3495 719 3564 787 (e)
3607 719 3743 772 sicut
3792 718 4006 788 Moyses

2419 814 2541 858 autc
2571 807 2848 860 muntiabat
2877 808 2927 861 in
2971 808 3155 863 Exodo
3194 809 3415 864 dicens:
3467 808 3752 880 Ejiciemini
3781 810 3846 862 de
3873 819 4008 863 terra

2418 898 2644 966 inquam
2674 898 2962 963 introibitis,
3009 908 3056 954 et
3098 901 3150 953 in
3198 883 3488 955 nationibus
3522 900 3626 954 illis
3659 918 3760 954 non
3788 901 3929 954 eritis
3956 901 4011 954 iu

2419 989 2662 1056 requiem.
2690 988 2754 1042 Et
2775 1006 2876 1042 non
2902 991 2995 1043 erit
3021 991 3271 1046 stabilitas
3293 992 3497 1062 vestigio
3515 991 3658 1062 pedis
3682 992 3777 1048 tui.
3801 1001 3850 1043 et
3871 990 4012 1043 dabit

2419 1081 2506 1134 tibi
2537 1080 2672 1135 Deus
2699 1097 2785 1134 cor
2811 1082 3048 1148 ttedians,
3075 1093 3120 1136 et
3136 1083 3469 1136 tabescentem
3489 1084 3736 1148 animant,
3766 1092 3812 1136 et
3834 1082 4011 1136 oculos

2419 1171 2727 1241 deﬁcientes,
2757 1183 2811 1226 ut
2838 1191 2937 1227 non
2968 1175 3204 1237 videant;
3233 1182 3277 1227 et
3316 1176 3413 1228 erit
3451 1176 3552 1228 vita
3591 1184 3678 1227 tua
3707 1175 3931 1244 pendens
3956 1175 4010 1227 in

2419 1263 2557 1333 liquo
2577 1273 2694 1318 ante
2721 1267 2894 1319 oculos
2924 1277 3074 1330 tuos;
3115 1277 3160 1320 et
3197 1283 3294 1320 non
3323 1267 3496 1321 credes
3536 1267 3650 1320 vittc
3673 1274 3775 1319 tua:
3803 1264 4010 1334 (Deut.,

2420 1356 2658 1425 XXVIII,
2686 1359 2756 1414 64
2779 1401 2794 1424 ,
2826 1360 2943 1431 65).
2977 1360 3155 1428 Itaque
3180 1402 3195 1428 ,
3241 1361 3491 1430 quoniam
3534 1362 3750 1431 impleta
3778 1371 3862 1416 est
3891 1377 4015 1431 pro-

2422 1450 2598 1520 phetia
2630 1467 2726 1522 per
2751 1451 3034 1506 adventuum
3082 1453 3200 1523 ejus
3224 1495 3237 1518 ,
3292 1453 3342 1507 id
3394 1462 3478 1508 est
3524 1468 3618 1524 per
3649 1454 4010 1518 nativitatem,

2420 1557 2578 1610 quam
2606 1558 2764 1612 supra
2797 1545 3242 1612 memoravimus,
3274 1554 3328 1599 et
3351 1546 3674 1614 passionem,
3704 1561 3865 1616 quam
3897 1545 4014 1598 evi-

2421 1635 2608 1691 denter
2627 1636 2745 1692 edis
2758 1638 2915 1703 imus,
2946 1645 3228 1708 prepterea
3246 1647 3298 1692 et
3321 1639 3502 1692 Daniel
3527 1638 3726 1707 signari
3751 1638 4014 1692 visionem

2421 1737 2475 1782 et
2507 1729 2819 1797 prophetam
2849 1728 3116 1793 dit-ebant,
3149 1730 3400 1798 quoniam
3431 1729 3674 1784 Christus
3713 1739 3797 1783 est
3825 1731 4009 1799 signa-

2425 1820 2605 1874 culum
2633 1821 2870 1873 omnium
2903 1820 3282 1890 prophetarum
3306 1863 3319 1884 ,
3361 1820 3659 1890 adimpleus
3687 1822 3868 1874 nuntia
3898 1837 4016 1891 qua

736 1913 1000 1983 Numquid
1029 1915 1213 1979 pusilla
1245 1914 1418 1967 domui
1446 1912 1588 1966 Iuda
1609 1957 1623 1980 ,
1655 1923 1706 1966 ut
1734 1917 1925 1985 faciant
1953 1916 2182 1984 facinora
2208 1929 2320 1983 qua?
2350 1913 2396 1971 B
2425 1923 2570 1968 retro
2599 1922 2752 1968 erant
2778 1913 2846 1968 de
2867 1929 2931 1967 eo
2954 1915 3192 1969 nuntiata
3222 1932 3234 1968 :
3271 1924 3390 1983 post
3417 1914 3558 1968 enim
3581 1913 3872 1969 adventum
3902 1915 4017 1982 ejus

733 2012 955 2078 fecerunt
1008 2006 1087 2060 hic
1149 2006 1294 2077 (2).
1352 2006 1605 2070 Quoniam
1654 2008 1984 2076 impleverunt
2039 2009 2320 2076 impietates

740 2115 883 2161 suas,
916 2107 961 2150 et
988 2113 1102 2152 ecce
1126 2098 1224 2166 ipsi
1252 2099 1398 2168 quasi
1426 2099 1809 2152 subsannantes.
1857 2098 1966 2169 Ego
1998 2100 2183 2170 faciant
2207 2116 2320 2152 cum

732 2189 1080 2259 indignatione
1127 2206 1271 2252 mea,
1317 2205 1416 2242 non
1445 2199 1616 2260 parcet
1641 2193 1818 2244 oculus
1844 2206 2002 2255 meus,
2036 2207 2196 2259 neque
2221 2191 2318 2243 mi-

735 2281 958 2335 sercbor.
991 2279 1364 2334 Exclamabunt
1410 2280 1478 2333 ad
1512 2296 1660 2334 aures
1703 2296 1838 2333 meas
1877 2297 1993 2334 voce
2023 2268 2206 2353 magnei
2227 2324 2240 2341 ,
2273 2292 2322 2335 et

731 2389 832 2426 non
861 2373 1132 2427 exaudiam
1158 2390 1238 2427 eos
1256 2414 1272 2439 ,
1300 2374 1388 2426 sed
1417 2390 1573 2444 neque
1601 2375 1869 2427 miserebor
1909 2373 2146 2443 (Ezeclu,
2176 2373 2318 2439 VIII,

735 2466 932 2537 I248)
993 2465 1088 2537 (b).
1140 2463 1206 2518 Et
1250 2467 1484 2518 clamavit
1519 2467 1570 2518 in
1611 2482 1757 2520 aures
1799 2482 1933 2520 meas
1975 2482 2090 2519 voce
2138 2483 2323 2535 magna

737 2560 911 2614 dicens
941 2575 957 2612 :
991 2559 1375 2627 Adproxtmavit
1403 2558 1622 2612 vindicta
1651 2559 1866 2612 civitatis
1895 2559 2066 2624 huius,
2091 2567 2138 2611 et
2165 2575 2321 2611 unus-

740 2649 950 2717 quisque
981 2648 1155 2701 habuit
1185 2665 1304 2701 vasa
1333 2648 1620 2702 exterminii
1651 2649 1704 2700 in
1746 2664 1900 2700 manu
1938 2664 2051 2700 sua.
2102 2647 2169 2700 Ει
2211 2664 2323 2703 ecce

732 2756 823 2794 sex
852 2740 944 2793 viri
974 2741 1230 2794 veniebant
1257 2741 1324 2792 ad
1351 2741 1484 2793 vium
1517 2749 1675 2810 porta:
1713 2739 1849 2802 alue,
1878 2756 1991 2809 qua:
2029 2742 2322 2810 respiciebat

731 2832 800 2885 ad
841 2833 1124 2901 aquilonem
1149 2875 1162 2896 ,
1206 2841 1252 2885 et
1291 2833 1682 2899 uniuscuiusque
1721 2833 1948 2902 bipennis
1995 2834 2323 2902 dispersionis

736 2934 845 2978 erat
866 2925 918 2977 in
949 2941 1103 2976 manu
1130 2925 1259 2992 ejus.
1295 2923 1359 2977 Et
1387 2942 1517 2978 unus
1543 2925 1618 2979 vir
1645 2927 1697 2978 iu
1725 2928 1887 2980 medio
1919 2943 2088 2980 eorum
2116 2927 2322 2980 indutus

736 3016 945 3086 podere,
975 3025 1020 3070 et
1051 3033 1180 3070 zona
1207 3018 1402 3088 saphiri
1429 3018 1481 3071 in
1507 3018 1690 3071 lumbis
1724 3020 1852 3090 ejus.
1893 3019 1956 3074 Et
1995 3021 2318 3086 introierunt,

737 3116 785 3160 et
825 3117 1066 3162 steterunt
1105 3109 1157 3161 iu
1204 3109 1448 3177 proximis
1497 3110 1674 3163 altaris
1721 3111 1858 3172 a'rei,
1908 3119 1954 3163 et
1983 3111 2187 3164 claritas
2229 3110 2322 3165 Dei

735 3197 903 3254 Israel
947 3201 1173 3254 ascendit
1201 3217 1231 3252 a
1258 3199 1509 3253 Cherubin
1548 3217 1661 3268 qua:
1689 3202 1784 3272 fuit
1816 3201 1894 3271 (5)
1944 3219 2093 3269 super
2144 3220 2202 3256 ea
2248 3203 2322 3272 (ε)

2425 2016 2479 2059 et
2510 2006 2810 2074 passionem
2848 2006 3015 2074 ipsius
3042 2007 3150 2074 jam
3196 2021 3301 2060 non
3331 2006 3466 2060 visio
3498 2021 3674 2075 neque
3703 2006 4014 2075 prophetes.

2427 2095 2575 2151 Unde
2609 2096 2914 2151 ﬁrmissime
2955 2097 3081 2151 dicit
3109 2098 3398 2152 adventum
3440 2097 3556 2166 ejus
3593 2099 3808 2166 signare
3846 2099 4016 2151 visum

2425 2199 2477 2243 et
2507 2189 2859 2259 pr0phetiam.
2910 2188 3094 2258 Itaque
3142 2191 3490 2243 ostendentes
3525 2198 3578 2242 et
3605 2203 3889 2242 numerum
3920 2204 4020 2242 au-

2426 2297 2638 2343 norum.
2669 2291 2721 2335 et
2754 2291 2964 2352 tempus
2994 2281 3133 2336 LXII
3187 2291 3240 2334 ct
3283 2279 3517 2334 dimidim
3561 2279 4019 2334 hebdomadarum

2426 2373 2832 2442 adimpletarum
2859 2413 2874 2436 ,
2917 2371 3264 2441 probavimus
3309 2381 3432 2425 tunc
3461 2371 3672 2425 venisse
3699 2369 3975 2425 Christum
4002 2413 4018 2437 ,

2427 2465 2476 2520 id
2505 2475 2585 2519 est
2611 2475 2788 2519 natum
2817 2484 2829 2518 :
2859 2464 2876 2537 (
2893 2465 2948 2536 f)
2977 2475 3030 2520 et
3050 2473 3256 2533 septem
3281 2463 3514 2519 dimidia:
3539 2462 4018 2528 hebdomadarum,

2424 2575 2541 2628 qum
2571 2567 2694 2612 sunt
2722 2557 3007 2612 subdivisa:
3038 2559 3088 2613 in
3120 2556 3504 2611 abscissionem
3539 2555 3776 2623 priorum
3808 2553 4014 2608 hebdo-

2436 2651 2752 2712 madarum,
2804 2651 2940 2703 intra
2971 2664 3091 2719 qua!
3137 2657 3375 2716 tempora
3424 2662 3639 2716 passum
3685 2645 4024 2700 ostendimus

2425 2743 2732 2805 Christum;
2775 2750 2936 2809 atque
2976 2741 3047 2794 ita
3079 2737 3225 2793 LXX
3256 2737 3681 2792 hebdomadibus
3710 2735 3982 2790 conclusis
4003 2777 4018 2802 ,

2427 2843 2480 2888 et
2507 2834 2721 2886 civitate
2746 2830 3098 2886 exterminata
3123 2872 3138 2896 ,
3183 2838 3238 2884 et
3278 2827 3601 2884 sacriﬁcium
3629 2839 3680 2881 et
3709 2827 4021 2881 unctionem

2425 2925 2621 2980 exinde
2663 2938 2898 2979 cessare.
2942 2921 3152 2978 Suflicit
3191 2923 3465 2990 lmeusque
3491 2918 3557 2974 de
3586 2919 3667 2972 his
3697 2919 3909 2972 interim
3933 2935 4022 2972 or-

2428 3019 2607 3073 dinem
2635 3018 2834 3072 Christi
2881 3016 3188 3071 decurrisse
3208 3056 3222 3079 ,
3264 3028 3372 3084 quo
3415 3012 3532 3067 talis
3563 3011 3820 3082 probatur
3848 3012 4022 3082 qualis

2430 3110 2871 3173 adnuntiabatur,
2905 3108 3069 3162 etiam
3101 3121 3163 3161 ex
3199 3106 3296 3160 ista
3326 3105 3677 3160 consonantia
3705 3103 4022 3175 Scriptura-

2427 3219 2568 3270 rum,
2595 3217 2726 3272 quas
2766 3201 2845 3274 (5)
2873 3243 2886 3265 ,
2921 3216 2983 3255 ex
3027 3198 3337 3270 pra‘judicio
3363 3196 3584 3264 majoris
3625 3196 3792 3264 partis
3829 3195 4025 3250 adver-

735 3291 790 3344 in
835 3291 1070 3345 subdival
1113 3291 1312 3344 donius.
1363 3290 1428 3345 Et
1474 3293 1663 3345 vocavit
1703 3293 1954 3347 hominem
1995 3296 2080 3364 qui
2116 3296 2322 3350 indutus
2349 3293 2394 3354 C
2429 3311 2546 3349 sum
2579 3294 2817 3358 .Iudzeos,
2849 3293 3042 3347 elocuti
3073 3305 3278 3344 sumus.
3309 3287 3496 3357 Neque
3533 3287 3676 3341 enim
3708 3286 3758 3340 iu
3790 3285 4020 3340 dubium

737 3391 843 3435 erat
877 3382 1092 3451 podere,
1125 3384 1210 3452 qui
1238 3383 1415 3436 [tabuit
1443 3400 1594 3453 super
1625 3385 1824 3439 lumbos
1864 3402 1980 3439 suos
2023 3403 2205 3439 zonam
2230 3427 2244 3452 ,
2276 3398 2322 3441 et

737 3471 866 3527 dixit
889 3474 956 3526 ad
986 3491 1096 3526 eum
1132 3473 1379 3528 Dominus
1410 3474 1489 3546 (tl)
1508 3491 1526 3528 :
1554 3474 1741 3528 Transi
1764 3492 1852 3546 per
1877 3477 2096 3531 mediam
2131 3477 2319 3532 llieru-

736 3565 894 3618 salem
916 3608 930 3631 ,
963 3577 1009 3619 et
1039 3565 1198 3621 scribe
1225 3567 1423 3636 signum
1471 3575 1558 3621 tau
1600 3569 1651 3621 in
1697 3569 1945 3637 frontibus
1992 3571 2209 3625 virorum
2237 3575 2323 3643 qui

737 3668 940 3728 gemunt
984 3668 1030 3713 et
1071 3657 1242 3712 dolent
1282 3677 1434 3729 super
1471 3662 1647 3714 omnia
1689 3662 1920 3732 facinora
1956 3679 2069 3732 qua:
2107 3664 2234 3731 ﬁunt
2265 3666 2320 3720 in

737 3750 905 3803 medio
946 3767 1137 3804 eorum.
1173 3749 1239 3804 Et
1282 3753 1333 3803 in
1378 3752 1456 3805 his
1486 3753 1616 3807 dixit
1643 3754 1710 3807 cd
1735 3755 2022 3808 audientem
2051 3771 2067 3809 :
2097 3755 2178 3810 Ite
2210 3769 2322 3825 post

735 3858 849 3894 eum
875 3842 929 3894 in
954 3842 1223 3906 civitatem,
1253 3851 1299 3896 et
1324 3843 1572 3896 coucidite
1593 3885 1604 3904 ,
1648 3855 1694 3896 et
1735 3846 1890 3899 nolite
1930 3863 2136 3915 parcere
2164 3850 2324 3904 oculis

734 3932 930 3996 vestris,
965 3941 1011 3984 et
1037 3948 1097 3984 ne
1128 3932 1462 3985 misereamini
1483 3934 1712 3998 senioris,
1745 3947 1831 3988 aut
1856 3937 2103 4007 virginis;
2129 3949 2176 3992 et
2203 3957 2322 4009 par-

737 4026 881 4078 vulos
931 4033 977 4078 et
1019 4025 1249 4078 mulieres
1289 4026 1557 4094 interficite
1599 4044 1805 4091 omnes,
1848 4039 1901 4082 ut
1941 4031 2317 4104 perdeleantur.

742 4117 928 4170 Omnes
956 4126 1122 4169 autem
1149 4133 1300 4185 super
1324 4134 1449 4185 quos
1477 4129 1552 4172 est
1599 4129 1686 4172 tau
1737 4122 1970 4192 signum,
2003 4140 2066 4176 ne
2088 4141 2315 4180 accesse-

735 4206 867 4260 ritis.
916 4205 980 4260 Et
1027 4223 1058 4259 a
1102 4207 1293 4260 sanctis
1338 4209 1460 4260 meis
1503 4209 1712 4276 incipite
1755 4211 1994 4282 (Bacch,
2028 4213 2098 4269 IX
2124 4258 2138 4280 ,
2171 4217 2314 4290 1-6).

2427 3387 2695 3443 deducant
2725 3384 2809 3439 vel
2838 3391 3064 3452 negent,
3097 3397 3216 3452 qua:
3244 3380 3442 3447 scripta
3475 3377 3829 3446 proferimus:
3865 3388 3920 3431 ut
3949 3393 4024 3433 ex

2429 3479 2532 3533 hoc
2559 3491 2769 3547 quoque
2798 3475 2945 3545 paria
2987 3489 3107 3530 esse
3131 3472 3428 3542 Scripturis
3454 3470 3656 3525 divinis
3687 3485 3882 3539 negare
3907 3486 4026 3525 non

2428 3572 2670 3642 possint;
2704 3579 2760 3623 ut
2786 3584 2904 3639 ιιιιίι³
2937 3576 3057 3638 post
3097 3565 3369 3620 Christum
3417 3562 3594 3616 futura
3637 3561 4029 3631 prtrcanehan-

2429 3674 2536 3730 tur,
2567 3662 2855 3732 adimpleta
2887 3667 3298 3730 cognoscantur.
3350 3655 3536 3725 Neque
3560 3655 3704 3709 enim
3733 3654 4030 3722 dispositio

2429 3764 2690 3826 expuncto
2748 3753 3076 3808 inveniretur
3120 3749 3201 3821 (6
3232 3748 3251 3821 )
3278 3789 3292 3810 .
3338 3748 3437 3802 nisi
3481 3746 3571 3801 ille
3617 3747 3856 3801 venisset
3899 3756 4031 3815 post

2432 3865 2590 3920 quem
2621 3845 2884 3900 habebant
2902 3845 3132 3914 expungi
3157 3858 3275 3913 qnte
3300 3841 3700 3906 nuntiabantur,
3731 3854 3851 3910 qua:
3875 3854 4032 3895 com-

2426 3944 2566 4014 pleta
2587 3955 2707 3996 esse
2737 3937 2818 4012 (7)
2848 3939 3006 3994 etiam
3033 3937 3404 4007 probarentur.

3029 4027 3254 4084 CAPUT
3291 4027 3408 4083 XII.

2500 4122 2730 4195 Adspice
2777 4121 3060 4177 universas
3112 4121 3376 4180 nationes.
3425 4117 3493 4174 de
3540 4117 3789 4188 voragine
3814 4119 4039 4174 erroris

2426 4217 2642 4273 humani
2671 4213 2864 4270 exinde
2892 4221 3228 4284 emergentes
3254 4211 3322 4267 ad
3352 4211 3642 4265 Dominum
3679 4209 3844 4266 Deum
3872 4226 4044 4268 crea-

1968 4331 2345 4392 LECTIONES
2381 4329 2793 4390 VARIANTES.

793 4439 835 4496 (Ι
851 4455 866 4499 )
891 4439 1115 4501 Quinque
1135 4437 1266 4489 abest
1283 4453 1313 4489 tt
1335 4439 1483 4491 Rhea.
1511 4447 1553 4494 et
1576 4440 1734 4492 Obert.

796 4501 867 4559 (2)
892 4501 952 4550 Hi
978 4498 1123 4551 Rhea.
1148 4500 1307 4550 Obert.

797 4565 870 4624 l3)
895 4561 1113 4624 Fuerunt
1136 4561 1302 4613 tidem.

794 4621 868 4687 (4)
894 4624 1012 4674 Eam
1039 4621 1207 4676 Iidem.

2343 4452 2398 4513 D
2484 4446 2536 4504 (5
2581 4445 2683 4504 Qua
2710 4447 2851 4494 Pam.
2878 4441 3030 4493 Rhea.
3059 4441 3219 4493 Obert.

2423 4449 2915 4620 Segijlifcgzirt‘apim
2947 4505 3201 4568 dispositio

2423 4573 2574 4620 Seml.

2581 4501 2756 4568 Neque
2785 4508 2915 4554 enim
2947 4505 3201 4568 dispositio
3228 4507 3470 4566 expuncta
3507 4503 3811 4554 inveniretur
3832 4501 3981 4556 abest
4007 4519 4046 4555 α

2487 4567 2574 4620 ml.
2599 4576 2643 4619 et
2667 4567 2828 4619 Obert.
3030 4567 3033 4568 ⁷

2487 4632 2562 4695 (7)
2587 4632 2710 4681 Sunt
2731 4630 2896 4682 Obert.
2934 4626 3085 4680 Seml.

2094 4744 2648 4802 COMMENTARIUS.

806 4851 1213 4930 CAP.XI.-—-(a_)
1246 4851 1628 4930 Et-plangentes
1659 4854 1954 4911 Thammuz.
1987 4858 2125 4912 Itael
2148 4876 2319 4930 grmce

741 4934 843 4999 est,
865 4940 960 4999 pro
987 4939 1092 4991 quo
1107 4925 1300 4999 latinus
1319 4925 1370 4977 iu
1396 4925 1546 4999 hebr.
1572 4926 1886 4999 interpretes
1903 4925 2322 4999 vulgatus'verlit

743 4994 1058 5069 {litauit/em;
1092 4994 1302 5069 videtur
1332 5004 1506 5069 autem
1537 4996 1617 5069 his
1645 4997 1866 5065 legisse,
1904 4994 2021 5053 cum
2053 5002 2102 5052 in
2133 5004 2320 5069 graecis

739 5062 1316 5138 hmlie‘exemplaribus
1341 5067 1503 5120 semel
1527 5062 1799 5121 dumtaxat
1824 5062 2152 5138 reperiatur:
2170 5073 2322 5126 Dein-

736 5134 802 5186 th:
862 5135 944 5188 hic
991 5143 1042 5190 et
1079 5136 1236 5206 paulo
1275 5146 1395 5199 post
1445 5138 1531 5190 ubi
1579 5138 1790 5206 legitur.
1829 5134 2077 5206 Nunquid
2122 5145 2319 5195 modica

736 5207 852 5282 (seu
882 5214 937 5258 ιιι
970 5222 1089 5259 mox
1117 5205 1376 5282 Ιοψιίιιιν2
1409 5205 1828 5282 ριωὶιιαξςιηςιειτρ
1855 5223 1927 5278 μῦ.
1950 5205 2124 5282 μικρὰ)
2151 5213 2322 5267 domui

734 5275 925 5351 diuite;
977 5290 1309 5351 cum_gr:rce
1360 5276 1587 5347 legatur,
1631 5275 1790 5334 malui
1839 5275 1987 5351 sequi
2038 5275 2319 5338 lectionem

735 5344 857 5406 ΜΒ..
887 5348 1086 5401 domus.
1117 5346 1254 5400 Pint.

813 5418 894 5492 (ιι)
939 5417 1001 5470 Et
1031 5417 1360 5492 chiriiavitjn
1399 5435 1567 5492 aures.
1615 5421 1955 5478 Continuatio
1985 5423 2194 5492 quidem
2240 5434 2324 5478 est

739 5491 1022 5560 verborum
1057 5487 1351 5542 Ezechielis
1379 5489 1684 5559 prophetat,
1717 5494 1808 5546 sed
1843 5497 1965 5548 noui
1999 5487 2185 5560 capitis
2219 5497 2321 5547 iui-

743 5561 895 5609 tium.
935 5559 1356 5633 licetiusautem
1391 5560 1708 5616 transfertur
1735 5566 1800 5616 ab
1831 5572 2046 5618 auctore
2070 5559 2321 5633 bipennis

740 5643 834 5696 pro
856 5628 1138 5704 at).u;._sed
1161 5628 1510 5704 ltodie_g_r_:t_‘ce
1533 5647 1636 5686 non
1669 5645 1838 5687 exuat
1861 5628 2206 5704 dispersionis,
2229 5637 2318 5689 srd

738 5700 878 5769 quod
914 5701 1070 5753 vertit
1103 5700 1297 5752 latinus
1324 5700 1468 5754 LXX
1491 5702 1774 5769 interpres,
1801 5700 2247 5769 externtiuationis,
2268 5719 2321 5760 et

738 5767 779 5812 Β
820 5769 1194 5844 ,ΙΙιιοςοιιγιιιιιε
1222 5787 1286 5844 es
1319 5771 1472 5844 ltebr.
1500 5767 1884 5844 interfectiouis.
1924 5777 2055 5831 ΡΑιιι.

812 5835 890 5906 (e)
927 5837 992 5893 lu
1039 5835 1268 5893 subdival
1315 5843 1511 5897 donms.
1564 5835 1665 5898 Pro
1694 5846 1981 5900 subdivali:
2013 5858 2094 5902 est
2141 5857 2316 5902 autem

735 5906 876 5964 Idem
907 5925 969 5964 ac
996 5911 1290 5979 subdivum,
1347 5927 1469 5969 nam
1498 5913 1704 5973 Glossa:
1731 5919 2011 5974 solidivqu
2046 5927 2318 5986 ὒπηίῗριιν,

2423 4859 2661 4914 Subdival
2697 4863 2904 4927 σῖΰριον,
2956 4868 3010 4912 at
3039 4871 3199 4912 voces
3239 4857 3344 4911 illae
3388 4871 3581 4925 greeae
3625 4854 3765 4927 Idem
3805 4852 4046 4920 signin-

2424 4942 2577 4995 caut,
2615 4926 2860 4984 nimirum
2904 4931 3104 4983 ciarum
3145 4939 3198 4982 et
3239 4939 3503 4998 apertum,
3557 4926 3842 4982 subdivum
3870 4927 4042 4979 enim

2424 5002 2616 5056 domus
2668 5013 2748 5053 est
2792 5003 3054 5053 serenitas
3104 5012 3249 5053 extra
3322 5008 3550 5060 tectum,
3593 5007 3749 5068 αἴθρη
3795 5003 3888 5048 ὑπὸ
3946 5009 4044 5051 τε»

2425 5078 2542 5142 οἱέρ⁶
2574 5077 2814 5137 ποιμινιῖ,
2841 5072 2914 5124 τιὶι
2940 5071 3252 5142 Πρεγειιιιιβ.
3279 5070 3354 5124 LE
3383 5070 3476 5142 PR.

2498 5143 2576 5213 (d)
2608 5141 2794 5195 Transi
2827 5159 2914 5209 per
2945 5138 3160 5213 mediam
3185 5140 3648 5213 Jerusolcm.Cit:_it
3684 5138 4040 5213 etiasn_§cri-

2425 5205 2632 5284 pturuiu
2665 5214 2804 5268 illaut
2827 5205 2895 5267 de
2921 5215 3069 5282 signo
3102 5211 3210 5265 Tau
3259 5211 3416 5277 inira,
3449 5211 3541 5266 lib.
3573 5209 3809 5334 II|,LadvI;
3843 5205 4041 5264 Marc.

3708 5295 3738 5332 ε
3813 5295 3868 5332 tt.

3708 5295 3738 5332 Ε
3768 5295 3868 5332 ιίι.

2500 5353 2576 5424 (τι)
2619 5355 2763 5409 Sicut
2789 5353 2989 5423 Moyses
3012 5363 3127 5407 ante
3148 5353 3417 5424 nuntiabat
3426 5350 3717 5424 inﬁxodo.
3746 5347 3878 5424 Cum
3910 5365 4041 5424 linit

2429 5424 2478 5478 iu
2510 5419 2720 5483 Esurio.
2746 5428 2837 5479 sed
2867 5419 3275 5478 Deuteroaomio
3297 5421 3510 5478 XXVIII
3544 5422 3803 5476 habentur
3831 5419 4042 5486 Scrip-

2430 5507 2558 5548 tura.-
2590 5498 2746 5550 verba
2774 5513 2893 5563 qua:
2928 5497 3088 5559 citat,
3126 5501 3287 5548 etiam
3318 5495 3402 5547 hic
3430 5494 3612 5562 lapsus
3641 5501 3724 5545 est
3749 5494 4037 5563 meme-ria

2428 5561 2815 5628 'I'et'tullianus,
2848 5574 2941 5618 aut
2968 5566 3248 5634 legendum
3279 5572 3462 5619 contra
3490 5561 3735 5618 Codicum
3761 5561 4039 5618 omnium

2427 5636 2582 5689 ﬁdem
2608 5655 2618 5688 :
2654 5638 2703 5688 in
2731 5636 3137 5689 Druteronomio.
3173 5636 3247 5690 LE
3278 5636 3371 5689 Pa.

2497 5707 2570 5778 (ί)
2597 5707 2886 5778 γιςιεσριειιι
2910 5707 3136 5761 dimidia:
3161 5705 3612 5778 hebdomadarum.
3642 5702 3845 5769 Nempe
3877 5713 4034 5759 temo

2426 5776 2542 5847 pus.
2596 5777 2666 5830 Ita
2713 5793 2841 5831 vero
2869 5781 3170 5832 necessario
3201 5776 3500 5843 legendum,
3523 5790 3628 5828 non
3663 5785 3709 5826 ct
3754 5783 3996 5847 ιηιςιιιιοτ
4020 5820 4035 5840 ,

2425 5842 2578 5902 sicuti
2608 5850 3010 5915 corruptissime
3037 5842 3328 5918 legebatur,
3356 5848 3476 5913 plus
3503 5847 3636 5902 satis
3662 5842 4039 5901 manifestum

2426 5921 2483 5974 ﬁt
2511 5936 2692 5989 supra,
2723 5935 2839 5990 cap.
2871 5921 2926 5982 8,
2958 5935 3063 5976 non
3095 5919 3282 5975 semel.
3316 5918 3451 5974 Pan.
