4270 6498
200 448 308 504 633

1487 429 1843 490 ADVERSUS
1879 427 2182 487 JUDEOS.

3383 423 3487 480 6'54

200 575 370 617 torem
403 560 484 634 (a)
519 566 573 615 et
610 557 676 613 ad
723 557 890 612 Deum
925 552 1003 625 (l)
1034 550 1304 606 Christum
1333 548 1486 619 ejus;
1527 557 1580 601 et
1623 546 1665 598 si
1699 560 1791 599 au-
1821 545 1866 603 A
1897 552 2000 596 lem
2029 544 2257 596 virtutes
2284 540 2336 594 in
2365 538 2527 608 gloria
2575 539 2664 595 Dei
2702 537 2902 608 patris,
2931 545 2978 591 et
3005 537 3138 590 oculi
3176 536 3322 591 uestri
3350 535 3486 634 ride:

199 661 316 720 des,
343 673 473 728 nega
502 655 582 726 (‘2)
610 653 948 726 prophetam.
974 649 1165 705 Statim
1194 645 1287 701 tibi
1314 642 1597 716 promissio
1628 639 1791 711 patris

201 753 437 806 occurrit
486 751 538 803 in
582 746 812 802 Psalmis
858 742 1084 799 dicens:
1135 738 1308 793 Filius
1338 752 1478 790 meus
1509 752 1560 790 es
1600 744 1673 798 tu,
1701 749 1794 803 ego

204 844 357 897 [indie
405 842 553 913 genui
584 852 652 896 te.
679 836 803 893 Pete
826 855 858 891 a
885 851 964 890 me
984 875 998 898 ,
1028 845 1074 888 et
1104 831 1233 886 dabo
1263 831 1350 884 tibi
1370 838 1541 901 gentes
1570 825 1790 881 [neredi-

205 946 358 990 tatem
428 945 587 996 tuam,
634 942 679 986 et
733 931 1097 997 possessionem
1151 936 1288 980 tuam
1343 924 1580 978 terminos
1649 931 1795 974 terra:

207 1029 381 1098 (Psal.
413 1025 474 1091 II,
501 1028 557 1092 7,
587 1024 664 1096 8).
708 1024 817 1079 Nec
868 1022 1068 1091 poteris
1109 1036 1230 1075 eum
1285 1017 1453 1088 magis
1507 1013 1586 1088 (ὃ)
1627 1011 1794 1070 David

207 1122 374 1176 lilimn
419 1121 601 1174 dicere
621 1161 634 1183 ,
668 1133 824 1188 quam
867 1115 1134 1171 Christum
1163 1129 1176 1176 ;
1225 1121 1315 1167 aut
1346 1109 1606 1166 terminos
1638 1116 1796 1162 terra:

215 1212 380 1267 David
414 1211 588 1281 potius
631 1209 946 1280 promissos,
982 1206 1072 1277 qui
1116 1205 1250 1259 intra
1294 1204 1509 1258 unicam
1556 1199 1797 1257 Juda‘am

218 1304 483 1374 regnavit,
507 1317 665 1371 quam
692 1301 925 1366 Christo,
963 1300 1050 1369 qui
1081 1308 1248 1354 totum
1270 1295 1379 1366 jam
1406 1294 1596 1350 orbem
1620 1293 1797 1348 Evan-

207 1397 331 1467 BCIII
377 1398 458 1450 sui
502 1394 606 1450 lide
650 1394 814 1464 cepit,
860 1394 998 1447 sicut
1041 1405 1135 1460 per
1172 1389 1386 1445 Esaiam
1437 1385 1611 1440 dicit:
1665 1383 1801 1438 Ecce

209 1488 327 1541 dedi
358 1497 404 1541 te
432 1488 484 1540 in
512 1485 892 1555 dispositionem
921 1482 1118 1554 generis
1146 1481 1245 1534 mei
1273 1480 1326 1533 in
1355 1479 1518 1533 lucem
1548 1474 1796 1546 gentium,

208 1581 412 1646 aperire
433 1578 606 1633 oculos
634 1592 900 1640 ca'corutn,
920 1576 1103 1643 utique
1127 1571 1444 1634 errantium,
1469 1567 1722 1622 exsolvere
1738 1565 1801 1620 de

211 1672 428 1724 uinculis
453 1671 662 1732 vinctos,
694 1667 744 1722 id
767 1676 848 1722 est
872 1667 940 1722 de
969 1665 1178 1720 doliolis
1207 1663 1467 1717 liberare:
1493 1669 1538 1714 et
1565 1659 1627 1714 de
1651 1659 1801 1712 domo

197 1765 468 1828 carceris,
514 1762 565 1817 id
607 1772 690 1818 est
738 1761 962 1824 mortis,
1031 1759 1257 1814 sedentes
1302 1759 1355 1811 in
1399 1755 1617 1810 tenebris
1657 1754 1798 1829 (Is,

217 1856 376 1919 XLII.
406 1855 460 1920 6,
489 1855 566 1926 7),
597 1855 910 1926 ignorantia:
930 1853 1154 1908 scilicet.
1186 1850 1313 1920 Quae
1335 1849 1380 1904 si
1410 1864 1505 1918 per
1529 1847 1802 1903 Christum

1897 636 2018 688 bnttl
2059 643 2244 687 terram
2289 633 2353 686 de
2400 632 2672 702 longinquo
2715 629 2842 704 (ls.,
2889 627 3099 694 XXIII,
3143 627 3233 698 I7)
3269 645 3283 681 :
3344 625 3485 697 quod

1898 725 2052 780 vobis
2076 740 2172 795 pro
2193 723 2398 779 meritis
2419 724 2614 779 veStris
2638 733 2757 793 post
2778 722 3224 792 expugnationem
3245 717 3490 774 llierusa-

1899 819 2025 882 Ietn,
2058 816 2341 887 prohibitis
2369 815 2572 886 ingredi
2597 817 2650 870 itt
2679 827 2878 870 terram
2906 823 3165 880 vestram,
3194 812 3260 867 de
3283 811 3489 882 longin-

1899 927 2006 982 quo
2031 924 2150 965 eam
2181 908 2351 964 oculis
2377 917 2579 963 tantum
2609 906 2790 962 videre
2809 905 3125 977 permissum
3153 912 3254 958 est.
3282 904 3488 969 Anima,

1901 1002 2092 1072 inquit,
2121 1011 2282 1056 vestra
2309 999 2632 1054 meditabitur
2655 1000 2884 1053 timorem
2915 995 3105 1070 (lbid.,
3138 995 3253 1065 15).
3285 995 3491 1050 scilicet

1899 1110 2006 1165 quo
2035 1104 2278 1164 tempore
2302 1091 2568 1148 excidium
2606 1090 2690 1144 sui
2727 1089 2873 1159 passi
2900 1097 3044 1144 sunt.
3080 1086 3358 1155 Quomodo
3389 1086 3488 1155 igi-

1903 1195 1988 1242 tur
2015 1197 2270 1242 nascetur
2302 1184 2409 1240 dus
2439 1183 2509 1240 de
2536 1182 2719 1240 Judzea
2739 1224 2752 1247 ,
2781 1191 2835 1236 et
2855 1190 3120 1252 quatenus
3147 1180 3397 1251 procedet
3423 1179 3492 1234 de

1902 1279 2244 1346 Bethlehem,
2275 1278 2413 1334 sicut
2441 1277 2622 1333 divina
2647 1275 3026 1347 prophetarum
3057 1274 3326 1330 volumina
3358 1290 3494 1329 tum-

1906 1372 2058 1436 tiant,
2088 1386 2209 1426 cum
2242 1370 2422 1426 nullus
2447 1370 2669 1425 omnino
2708 1370 2778 1426 sit
2815 1369 2920 1423 illic
2949 1369 3002 1424 in
3042 1368 3357 1424 hodiernum
3400 1369 3494 1425 de-

1905 1465 2124 1521 relictus
2159 1481 2222 1520 ex
2264 1463 2464 1532 Israel,
2493 1462 2648 1533 cujus
2676 1477 2742 1518 ex
2774 1463 2944 1533 stirpe
2968 1464 3138 1532 possit
3163 1464 3308 1518 nasci
3335 1461 3494 1518 Chri-

1903 1558 2062 1613 stus?
2116 1557 2174 1613 Si
2229 1557 2414 1622 enim,
2490 1553 2785 1610 secundum
2839 1552 3095 1621 Iudaeos,
3157 1553 3332 1609 adhuc
3387 1569 3494 1609 non

1905 1654 2046 1708 venit
2075 1649 2191 1724 (5),
2221 1667 2342 1706 cum
2402 1651 2588 1706 venire
2640 1649 2896 1720 coeperit,
2928 1649 3071 1704 unde
3113 1650 3384 1721 ungatur?
3418 1650 3492 1723 (ε)

1907 1745 2016 1803 Lex
2040 1748 2183 1802 enim
2200 1747 2473 1817 praecepit,
2490 1746 2542 1801 in
2555 1745 2861 1816 captivitate
2879 1758 2982 1798 non
3004 1743 3167 1799 licere
3189 1744 3494 1800 unctionem

1907 1838 2214 1894 chrismatis
2253 1839 2447 1909 regalis
2495 1839 2708 1893 conlici.
2758 1837 2813 1893 Si
2858 1847 3034 1892 autem
3071 1837 3181 1906 jam
3223 1851 3323 1891 nec
3363 1852 3492 1892 unc-

213 1950 502 2012 eveniunt.
531 1963 636 2003 non
667 1947 720 2001 in
759 1946 922 2000 alium
953 1952 1109 1999 erunt
1146 1941 1459 2012 prophetata
1479 1981 1494 2007 ,
1521 1954 1680 2010 quam
1711 1955 1805 2011 per
1835 1935 1881 1995 Β

1835 1935 1881 1995 Β
1911 1932 1982 1985 tio
2014 1931 2094 2003 (6)
2126 1941 2208 1986 est
2259 1930 2364 1985 illis
2386 1971 2401 1997 ,
2432 1942 2485 1984 ιιι
2521 1930 2701 1984 Daniel
2733 1929 3074 2001 prophetarit
3101 1946 3116 1996 ;
3149 1929 3279 1984 dicit
3308 1928 3449 1983 enim
3481 1945 3496 1984 :

213 2059 372 2115 quem
403 2042 484 2115 (ι)
512 2049 776 2112 espuucta
804 2035 1232 2093 consideramus.

777 2170 1002 2229 CAPUT
1047 2168 1187 2226 XIII.

286 2311 484 2383 Igitur,
535 2309 786 2380 quoniam
840 2309 932 2363 lilii
978 2307 1141 2364 Israel
1185 2306 1455 2362 alllrmant
1497 2322 1596 2364 nos
1625 2323 1808 2365 errare

219 2399 535 2471 recipiendo
560 2399 870 2465 Christtun,
916 2401 1005 2469 qui
1034 2399 1142 2469 jam
1186 2399 1368 2464 venit,
1400 2400 1808 2468 prcescribamus

215 2495 292 2548 eis
313 2509 379 2547 ex
410 2493 542 2562 ipsis
566 2491 863 2562 Scripturis
886 2490 996 2562 jam
1021 2490 1232 2545 venisse
1261 2489 1531 2545 Christum
1560 2490 1647 2559 qui
1675 2505 1811 2560 pra:-

214 2586 532 2650 dicabatur;
581 2587 828 2656 quamvis
867 2600 931 2639 es
976 2581 1307 2653 temporibus
1355 2581 1588 2639 Daniclis
1619 2581 1810 2651 praedi-

215 2679 391 2732 cantis
417 2676 951 2747 prohaverimusjam
984 2675 1199 2731 venisse
1228 2672 1522 2740 Christum,
1553 2674 1643 2745 qui
1667 2690 1809 2728 nuu-

216 2769 468 2824 tiahatur.
536 2767 693 2824 Nasci
741 2769 886 2822 enim
940 2783 1064 2824 eum
1113 2767 1348 2838 oportuit
1397 2766 1449 2820 in
1496 2765 1808 2823 Bethlehem

215 2859 400 2925 Judze;
451 2861 529 2916 sic
555 2859 699 2917 enim
742 2860 999 2928 scriptum
1029 2869 1111 2914 est
1159 2861 1210 2912 Ill
1241 2855 1497 2928 propheta
1523 2856 1625 2929 (b):
1661 2856 1728 2910 Et
1754 2867 1809 2912 ttt

219 2951 538 3017 Bethlehem,
562 2969 664 3007 tton
693 2951 902 3005 minima
930 2967 984 3004 es
1009 2950 1061 3004 in
1089 2950 1301 3004 ducibus
1326 2947 1469 3004 Judtt
1486 2967 1585 3004 :ex
1612 2961 1657 3004 te
1678 2953 1809 3005 enim

215 3046 345 3100 exiet
375 3046 482 3099 dux
507 3045 594 3115 qui
623 3053 802 3115 pascat
829 3042 1074 3114 pupulum
1102 3057 1268 3096 meum
1297 3041 1465 3096 Israel
1497 3042 1710 3114 (.lliclt.,
1747 3044 1808 3110 ν,

216 3135 295 3204 1).
325 3135 380 3190 Si
403 3143 583 3188 autem
609 3133 784 3187 adhuc
807 3142 963 3187 natus
989 3147 1096 3186 noti
1123 3141 1202 3186 est
1222 3132 1311 3202 qui
1336 3147 1685 3203 processurus
1703 3134 1807 3191 dux

215 3229 282 3283 de
331 3227 475 3283 tribtt
521 3224 658 3280 Juda
699 3241 764 3281 ex
814 3224 1132 3280 Bethlehem
1175 3225 1550 3294 nuntiabatur,
1600 3238 1812 3300 oportet

1912 2022 2348 2078 Exterminabitur
2373 2025 2541 2078 unctio
2578 2021 2777 2096 (Dan.,
2810 2023 2903 2089 IX,
2929 2023 3058 2094 27):
3101 2039 3229 2094 ergo
3254 2022 3362 2093 jam
3392 2037 3498 2078 non

1910 2125 1992 2171 est
2019 2117 2126 2171 illic
2154 2118 2352 2182 unctio,
2382 2117 2506 2189 quia
2532 2117 2612 2191 (tt)
2648 2132 2746 2172 nec
2771 2117 3029 2184 templum
3061 2117 3148 2171 ubi
3181 2127 3302 2172 erat
3331 2133 3500 2174 cornu

1909 2210 1979 2267 de
2009 2227 2118 2282 quo
2160 2226 2315 2282 reges
2347 2213 2707 2282 augebantur.
2752 2212 2808 2268 Si
2847 2226 2974 2281 ergo
3021 2226 3125 2266 non
3167 2222 3251 2267 est
3297 2215 3499 2281 unctio,

1913 2305 2054 2364 unde
2093 2314 2322 2376 ungetur
2361 2303 2467 2358 dus
2498 2305 2586 2374 qui
2619 2312 2875 2359 nascetur
2918 2303 2970 2359 in
3013 2302 3374 2359 Bethlehem?
3405 2313 3499 2359 aut

1911 2398 2180 2468 quomodo
2206 2396 2459 2469 procedet
2476 2396 2544 2452 de
2567 2395 2906 2460 Bethlehem,
2929 2413 3049 2452 cum
3075 2396 3142 2453 de
3167 2396 3499 2470 germiue(7)

1911 2490 2071 2548 Israel
2102 2491 2279 2547 nullus
2305 2492 2526 2548 omnino
2554 2492 2626 2546 sit
2648 2490 2703 2545 in
2731 2488 3079 2546 Bethlehem?
3129 2488 3324 2545 ltcrato
3345 2488 3499 2544 dcui-

1911 2599 2017 2654 quc
2042 2583 2412 2649 ostendamus,
2442 2594 2498 2640 et
2519 2583 2630 2655 jam
2658 2583 2931 2640 Christum
2966 2583 3257 2638 secundum
3281 2582 3505 2652 prophe-

1912 2681 2014 2738 tas,
2048 2685 2102 2732 ct
2131 2689 2384 2746 passum,
2431 2684 2486 2730 et
2523 2676 2574 2731 in
2606 2675 2762 2731 cmlis
2803 2675 2914 2744 jam
2947 2676 3218 2745 reCeplum
3240 2715 3253 2739 ,
3301 2684 3354 2728 et
3383 2674 3503 2728 inde

1911 2778 2199 2824 venturum
2264 2766 2559 2823 secundum
2633 2766 3046 2838 praidicationes
3097 2767 3499 2837 prophetarum.

1913 2859 2045 2917 Nam
2077 2869 2196 2930 post
2221 2859 2512 2915 adventum
2535 2859 2669 2929 ejus,
2701 2860 2997 2914 secundum
3031 2858 3328 2925 [)anieletn,
3360 2858 3502 2930 quod

1914 2953 2025 3023 ipsa
2056 2954 2245 3008 civitas
2269 2952 2616 3008 exterminari
2652 2952 2875 3008 haberet
2901 2951 3159 3022 legimus,
3210 2961 3265 3007 et
3293 2951 3362 3006 ita
3397 2951 3504 3008 lac-

1915 3055 2026 3101 tum
2054 3045 2508 3116 recognoscimus.
2535 3045 2674 3100 Dicit
2701 3046 2845 3100 enim
2875 3043 3147 3115 Scriptura
3176 3062 3188 3098 :
3238 3044 3327 3100 Sic
3352 3054 3398 3099 et
3421 3046 3467 3099 ci
3486 3075 3499 3086 -

1914 3137 2118 3192 nitatem
2143 3147 2190 3193 et
2211 3146 2441 3191 sanctum
2463 3136 2618 3190 simul
2638 3136 2969 3190 exterminari
2990 3152 3105 3189 cum
3133 3136 3261 3190 duce
3286 3135 3499 3208 (lbid.),

1914 3230 2238 3296 indubitate,
2284 3230 2374 3301 qui
2405 3229 2473 3285 de
2501 3229 2816 3284 Bethlehem
2854 3237 2912 3284 ct
2936 3230 3004 3284 de
3031 3228 3170 3282 tribu
3197 3227 3331 3284 Juda
3357 3239 3505 3286 esset

213 3320 364 3376 enim
391 3333 514 3374 eum
542 3317 610 3372 de
639 3317 779 3373 tribu
809 3317 945 3374 Iuda
976 3327 1032 3374 et
1057 3333 1088 3373 a
1119 3316 1432 3374 Bethlehem
1480 3322 1801 3392 procedere;
1833 3323 1878 3385 C
1917 3337 2287 3395 processurus.
2340 3321 2492 3380 Unde
2528 3331 2582 3377 et
2620 3320 2962 3376 manifestum
3011 3329 3093 3375 est
3133 3319 3273 3390 quod
3317 3322 3504 3378 civitas

211 3411 695 3467 animadvertimus
749 3421 928 3467 autem
984 3426 1127 3467 nunc
1172 3413 1438 3468 neminem
1497 3413 1563 3470 de
1610 3430 1808 3486 genere

213 3503 380 3561 Israel
429 3504 480 3557 in
517 3503 733 3558 civitate
776 3502 1094 3558 Bethlehem
1145 3504 1501 3570 remansisse,
1533 3515 1588 3560 ct
1614 3509 1807 3564 exinde

211 3595 357 3667 quod
404 3595 746 3651 interdictum
792 3603 874 3650 est
903 3609 973 3649 ne
1013 3594 1066 3648 in
1109 3593 1345 3651 conlinio
1382 3595 1548 3667 ipsius
1576 3599 1807 3669 regionis

211 3688 527 3745 demoretur
553 3687 833 3758 quisquam
860 3685 1191 3752 Iudaeorum,
1221 3696 1278 3744 ut
1304 3687 1406 3744 hoc
1426 3705 1640 3760 quoque
1664 3699 1810 3747 esset

210 3779 559 3850 adimpletum
588 3793 684 3850 per
704 3778 1020 3848 prephetam
1051 3796 1064 3832 :
1088 3777 1267 3834 Terra
1293 3791 1458 3836 oestro
1481 3781 1700 3848 deserta,
1730 3784 1805 3837 ci-

210 3874 393 3928 vitates
419 3881 596 3928 vestrm
615 3872 721 3942 igni
745 3882 953 3936 exustis,
979 3871 1031 3926 id
1053 3880 1136 3927 est
1157 3871 1297 3940 quod
1319 3871 1443 3928 belli
1470 3883 1709 3944 tempore
1727 3876 1807 3931 eis

209 3966 485 4033 evenerit;
527 3965 781 4036 regionem
815 3975 1029 4020 vestram
1069 3967 1123 4018 in
1167 3975 1436 4036 conspectu
1466 3977 1628 4023 vestro
1651 3971 1806 4024 exteri

207 4060 503 4125 comedent,
533 4070 581 4114 et
607 4060 804 4115 deserto
831 4067 878 4114 et
902 4058 1138 4114 subversa
1175 4060 1270 4115 erit
1307 4077 1339 4113 α
1381 4060 1585 4130 populis
1625 4063 1806 4119 alienis

207 4153 340 4225 (ls.,
371 4153 414 4218 Ι,
447 4151 523 4223 7).
574 4151 644 4207 Et
679 4151 786 4207 alio
815 4155 934 4208 loco
969 4151 1046 4207 sic
1075 4166 1170 4222 per
1214 4151 1530 4223 prophetam
1574 4153 1801 4211 dicitur:

209 4247 407 4321 Regem
431 4263 548 4303 eum
573 4246 805 4301 claritate
826 4243 1077 4312 videbitis,
1105 4245 1157 4301 id
1187 4254 1272 4301 est
1295 4243 1568 4301 Christum
1599 4245 1800 4304 facien-

1911 3419 2069 3472 simul
2098 3431 2164 3472 eo
2193 3425 2437 3485 tempore
2464 3415 2812 3472 exterminari
2838 3413 3096 3480 deberet,
3129 3429 3250 3468 cum
3280 3413 3503 3470 ducatur

1910 3510 2028 3580 ejus
2071 3510 2123 3565 in
2170 3523 2231 3564 ea
2279 3509 2385 3580 pati
2439 3508 2700 3575 haberet,
2746 3507 2817 3580 (e)
2880 3506 3172 3568 secundum
3211 3509 3506 3578 scripturas

1911 3602 2319 3674 prapltetarum,
2346 3601 2637 3656 dicentium
2666 3619 2680 3656 :
2727 3600 2969 3671 Expandi
3017 3617 3198 3655 manus
3234 3617 3372 3654 nteas
3397 3611 3502 3656 tota

1909 3693 1994 3748 die
2017 3694 2084 3748 ad
2110 3692 2356 3764 populant
2382 3703 2728 3747 contumacem
2750 3692 3177 3747 contradicentent
3215 3692 3373 3757 mihi,
3419 3691 3505 3762 qui

1911 3786 2173 3840 ambulant
2234 3785 2367 3839 viam
2415 3802 2517 3840 non
2568 3784 2749 3839 bonant
2775 3824 2788 3845 .
2845 3784 2933 3838 sed
2982 3793 3094 3854 post
3146 3794 3356 3855 peccata
3409 3801 3503 3840 sua

1913 3880 2045 3954 (ls.,
2091 3877 2268 3945 LXV,
2313 3877 2409 3950 2).
2454 3878 2517 3934 Et
2566 3879 2617 3933 in
2664 3877 2892 3934 Psalmis
2936 3876 3111 3933 dicit:
3182 3862 3507 3931 Externtina-

1910 3981 2085 4029 verunt
2126 3987 2306 4025 manus
2349 3987 2487 4025 ineas
2529 3980 2576 4024 et
2619 3969 2805 4039 pedes,
2849 3967 3297 4022 dinumeraverunt
3335 3969 3506 4021 onmia

1910 4080 2026 4120 ossa
2065 4078 2193 4116 mea.
2221 4060 2248 4116 Ι
2256 4062 2332 4129 psi
2356 4069 2521 4116 autent
2550 4058 2875 4127 contemplati
2907 4067 3024 4112 sunt
3051 4067 3096 4112 et
3125 4057 3354 4112 viderunt
3380 4074 3458 4111 me
3487 4072 3507 4112 :

1909 4168 1982 4224 et,
2018 4157 2082 4212 In
2121 4157 2204 4210 siti
2255 4172 2366 4210 mea
2409 4162 2703 4225 potttverunt
2749 4169 2830 4206 tne
2875 4161 3014 4207 aceto
3045 4151 3213 4220 (Psal.
3242 4149 3383 4217 XXI,
3408 4151 3502 4217 (i9,

1911 4252 2026 4324 92).
2058 4250 2180 4305 llmc
2222 4248 2382 4304 David
2411 4261 2600 4318 passus
2624 4261 2730 4302 non
2763 4253 2866 4312 est,
2899 4254 2957 4300 ut
2982 4244 3048 4301 de
3075 4258 3134 4300 se
3176 4243 3370 4300 merito
3418 4243 3506 4298 di-

1444 4358 1825 4423 LECTIONES
1865 4360 2271 4422 VARIANTES.

269 4475 345 4538 (1)
366 4476 526 4528 Deum
548 4475 678 4528 abest
699 4489 731 4527 a
747 4473 909 4538 Sensi.
923 4479 968 4526 et
985 4474 1150 4526 Obert.

270 4536 346 4604 (Ξ)
366 4540 568 4604 Negare
584 4539 752 4604 Obert.
777 4536 928 4604 Sensi.

275 4597 348 4666 l5)
371 4597 528 4666 Ilaéis
543 4602 730 4666 abesto
751 4600 902 4666 ῌΙιθη.
920 4604 966 4651 et
985 4597 1148 4654 Obert.

269 4661 347 4728 (ὁ)
376 4661 607 4732 Aliquem
643 4661 794 4716 Sensi.

1973 4482 2024 4542 (ὅ

2025 4479 2046 4593 ὶ
2083 4481 2315 4554 Christus.
2338 4479 2619 4552 Secundum
2637 4479 2890 4553 Iudaeos...
2927 4479 3151 4540 cmperlt.
3175 4477 3320 4529 Unde
3343 4476 3504 4548 Qbert.

2049 4582 2060 4593 .
2087 4571 2148 4581 —-
2171 4545 2334 4593 Possit
2357 4556 2484 4592 nasci
2503 4542 2528 4591 ‘t
2569 4542 2788 4593 Christus
2820 4542 3106 4593 secundum.
3133 4549 3229 4593 etc.
3257 4542 3411 4591 Latm.

1909 4542 2060 4593 Sentl.
2087 4571 2148 4581 —-
2171 4545 2334 4593 Possit
2357 4544 2486 4604 nasci
2503 4542 2528 4591 ‘t
2569 4542 2788 4594 Christus
2820 4542 3106 4604 secundum,
3133 4549 3229 4593 etc.
3257 4542 3411 4591 Latin.

1829 4637 1882 4700 Β
1970 4605 2043 4724 ἓϐ)
2067 4607 2173 4656 Non
2194 4604 2334 4656 addit
2357 4603 2524 4676 Scott,
2550 4619 2645 4655 nec
2664 4617 2758 4656 non
2777 4605 3008 4657 omiuens.

1993 4669 2044 4724 7)
2066 4667 2143 4720 De
2162 4668 2353 4720 semine
2376 4665 2478 4718 alti.

1993 4664 2044 4731 7)
2066 4667 2143 4720 De
2162 4668 2353 4720 semine
2376 4664 2478 4718 alii.

1541 4763 2108 4832 COMMENTARIUS.

280 4885 436 4968 CAP.
466 4883 738 5010 XII.—$a?
786 4881 852 4938 Et
880 4884 947 4938 ad
979 4881 1143 4968 Deum
1169 4883 1428 4938 Christum
1467 4882 1596 4951 ejus.
1625 4882 1714 4940 Sic
1743 4899 1811 4940 ex

280 4973 353 5010 ne
377 4957 521 5010 dlCIO
551 4956 639 5010 ltb.
691 4956 710 5010 l
738 4996 754 5010 .
785 4957 903 5009 adv.
933 4954 1209 5010 Marciam.
1242 4970 1335 5010 nro
1377 4969 1482 5010 uno
1511 4964 1627 5008 erat
1653 4956 1811 5010 dum-

204 4973 353 5026 smpe
377 4957 521 5026 dicto
551 4956 639 5010 lib.
667 4954 754 5022 Ill,
785 4957 903 5009 adv.
933 4954 1209 5020 Marciam,
1242 4970 1335 5026 pro
1377 4969 1482 5023 quo
1511 4964 1627 5026 erat
1653 4956 1813 5011 dum-

209 5025 356 5084 taxat
380 5037 455 5082 :et
483 5025 737 5081 Christum
758 5027 886 5096 ejus.
920 5026 1184 5096 Porro‘de
1225 5025 1437 5081 Christo
1476 5025 1616 5095 quod
1671 5027 1811 5082 Deus

207 5099 515 5164 luerit,aut
567 5097 677 5152 illic
726 5094 816 5152 aut
888 5096 1010 5153 alibi
1073 5094 1285 5151 dabitur
1341 5094 1504 5150 latius
1548 5098 1808 5153 tractandi

207 5171 428 5224 occasio
449 5179 632 5224 contra
655 5168 910 5239 quosdam
939 5175 1133 5239 nostra:
1160 5167 1494 5235 tempestatis
1522 5169 1804 5236 sectarios,

209 5241 302 5311 qui
334 5240 384 5294 id
416 5254 610 5311 negare
637 5237 744 5311 non
771 5237 1206 5311 v_ereutpr._Pan.

279 5311 438 5365 CAP.
461 5307 754 5381 XIIL—(h)
786 5309 846 5381 Et
868 5318 920 5361 tu
936 5307 1236 5381 Bethlehem
1257 5325 1357 5361 non
1380 5308 1590 5381 minima
1616 5325 1684 5362 es.
1711 5307 1800 5364 Sic

206 5396 272 5435 ex
303 5382 401 5436 Ms.
421 5390 474 5434 et
494 5378 691 5449 grtecis'
711 5380 769 5434 Β.
801 5379 987 5434 Matth.
1014 5378 1246 5433 fontibus
1273 5395 1366 5447 pro
1395 5378 1551 5433 Iuda:
1571 5396 1592 5445 ;
1616 5394 1803 5449 quem-

205 5451 497 5506 admodum
519 5451 677 5506 etiam
705 5461 881 5519 pascat
909 5465 1005 5518 pro
1024 5460 1210 5516 pascet,
1234 5465 1406 5518 grzece
1426 5451 1567 5503 enim
1589 5460 1670 5504 est
1690 5476 1802 5504 am-

205 5529 368 5590 μανιῖ.
401 5522 553 5588 Quod
581 5537 700 5576 cum
732 5530 902 5574 vertat
941 5521 1134 5574 latinus
1161 5532 1311 5575 vetus
1353 5521 1612 5588 interpres
1638 5530 1800 5587 regat,

207 5595 317 5647 illic
344 5602 398 5648 et
425 5592 668 5649 eamdem
699 5606 880 5646 vocem
917 5591 1288 5646 idemloannis
1317 5591 1523 5655 ultimo,
1547 5593 1700 5647 sicuti
1719 5593 1804 5647 hic

204 5675 427 5728 auctor;
463 5673 607 5733 patet
655 5663 949 5732 antiquitus
975 5672 1248 5733 acceptam
1277 5677 1304 5715 a
1328 5661 1569 5732 patrihus
1599 5678 1806 5729 pascere

209 5751 308 5806 pro
353 5732 543 5806 regere.
597 5733 751 5806 Quod
789 5733 1042 5787 adnotatu
1081 5732 1304 5806 d_ign_um
1341 5741 1526 5806 contra
1550 5747 1669 5806 eos
1710 5736 1800 5804 qui

209 5803 430 5859 omnem
476 5805 693 5876 regendi
731 5813 1047 5876 potestatem
1077 5804 1168 5876 ab_
1187 5803 1420 5876 Ecclesia
1450 5803 1563 5876 tolli
1592 5803 1794 5876 volunt.

213 5876 445 5931 Videtur
467 5873 645 5932 autem
673 5873 822 5930 ineo
851 5874 994 5946 quod
1023 5874 1266 5944 sequitur
1288 5874 1642 5946 hyperbaton.
1673 5873 1802 5928 Sive

208 5957 392 6003 autem
418 5949 577 6004 exteri
604 5947 750 6019 legas
787 5945 947 6018 paulo
977 5954 1116 6017 post,
1144 5954 1201 6002 ut
1229 5946 1442 6011 excusi,
1472 5945 1585 6003 sive
1609 5946 1803 6001 externi

1917 4897 1975 4943 ut
2004 4889 2126 4954 Με..
2158 4888 2379 4957 perinde
2403 4899 2518 4954 est;
2547 4904 2706 4958 supra
2733 4889 2873 4946 enim
2905 4890 3062 4945 vertit
3085 4888 3259 4944 alieni.
3295 4889 3430 4944 Pin.

1989 4959 2064 5034 (ρ)
2104 4959 2213 5016 Lex
2237 4965 2369 5034 enim
2396 4965 2653 5034 praecinit,
2681 4960 3013 5034 etcLlfiescio
3038 4959 3104 5015 ad
3134 4975 3292 5030 quem
3322 4962 3497 5017 locum

1913 5031 2135 5090 alludat.
2167 5034 2267 5087 nisi
2305 5031 2444 5087 forte
2477 5033 2542 5086 ad
2567 5048 2685 5100 cap.
2723 5031 2956 5087 XXVIII.
2989 5031 3231 5094 Deuter.,
3268 5042 3320 5084 ut
3347 5046 3506 5100 ναι-ει

1916 5102 2215 5173 phrasticus
2243 5119 2304 5157 es
2333 5103 2535 5172 aliquot
2583 5106 2863 5156 commatis
2906 5104 3042 5156 hanc
3070 5104 3390 5173 sententiam
3437 5105 3506 5159 de

1913 5188 2065 5228 more
2092 5188 2187 5226 suo
2207 5173 2557 5244 decerpserit,
2580 5183 2671 5226 aut
2698 5172 2938 5244 fortassis
2965 5173 3065 5224 alia
3089 5174 3250 5226 etiam
3271 5172 3506 5230 editione

1911 5257 2002 5298 aut
2033 5245 2253 5312 Aquilae,
2280 5242 2770 5298 autTheodotionis
2792 5242 2862 5297 sit
2884 5257 3038 5314 usus.
3065 5259 3169 5312 quo
3190 5258 3317 5298 casu
3345 5258 3506 5314 opor-

1907 5323 2044 5370 teret
2063 5315 2228 5385 accipi
2257 5315 2494 5386 prtecepit
2527 5331 2620 5382 pro
2647 5316 2898 5386 prcedixit.
2935 5313 3070 5368 Pan.

1982 5404 2216 5478 (d)_Nec
2238 5406 2478 5478 templum
2498 5405 2600 5478 ubi
2637 5415 2939 5478 eratcornu.
2964 5404 3166 5462 Alludit
3189 5405 3255 5461 ad
3281 5406 3407 5461 illttd
3435 5406 3500 5460 Ill

1910 5475 2047 5547 Reg.
2073 5475 2111 5540 I,
2147 5477 2216 5532 59
2245 5496 2258 5532 ;
2298 5476 2626 5547 Sumpsitque
2655 5475 2829 5530 Sadok
2857 5479 3094 5532 sacerdos
3121 5494 3280 5531 cornu
3313 5478 3416 5530 olei
3438 5479 3499 5530 de

1911 5545 2254 5611 tabernaculo,
2291 5557 2336 5601 et
2380 5545 2527 5601 unxit
2567 5545 2924 5618 Salontonetn;
2973 5548 3113 5604 unde
3142 5548 3415 5618 colligitur
3445 5548 3498 5602 in

1912 5619 2114 5688 templo
2143 5619 2482 5673 observatum
2512 5618 2695 5672 luisse.
2727 5615 2864 5672 Plut.

1982 5727 2059 5801 (e)
2108 5727 2419 5801 Secundum.
2464 5728 2767 5799 Scripturas
2819 5730 3201 5800 prophetarum.
3262 5729 3500 5801 Rursum

1907 5799 2214 5872 scripturas
2239 5799 2435 5862 adfert,
2478 5801 2672 5872 quibus
2703 5799 3013 5872 prmdictum
3043 5801 3183 5872 esth(
3200 5801 3271 5872 uti
3306 5802 3367 5872 Βἶ
3391 5800 3502 5872 Cy-

1907 5871 2126 5942 prianus
2145 5871 2281 5926 hunc
2302 5872 2479 5926 locum
2511 5869 2768 5932 imitatus.
2792 5871 2976 5926 scribit
3000 5871 3091 5925 lib.
3111 5869 3309 5942 Il,'adv.
3338 5869 3494 5937 Jud.,

1906 5941 2025 6012 cap.
2057 5941 2154 6011 20)
2185 5943 2324 6011 quod
2349 5941 2498 5998 cruci
2538 5942 2688 6000 illum
2716 5942 2871 5998 lixuri
2897 5949 3078 6000 essent
3105 5941 3298 5998 Jutlzei.
3353 5942 3490 5998 Pan.
