4270 6498
757 399 861 458 G55

2134 419 2592 480 TERTULIJANI

3939 437 4050 494 636

758 517 898 570 sisse
947 517 1204 586 videatur,
1236 523 1319 593 (a)
1346 522 1436 578 sed
1478 524 1721 582 Christus
1765 529 1851 598 qui
1902 533 2186 586 cruciﬁxus
2235 543 2336 588 est.
2372 534 2420 591 Λ
2453 533 2541 587 liis
2565 547 2733 590 autem
2773 542 2858 608 qui
2893 541 3114 594 serviunt
3146 544 3302 608 milii,
3348 561 3525 598 nomen
3576 547 3920 601 nominabitur
3950 567 4047 599 tin-

757 606 940 662 Manns
970 620 1146 665 autem
1180 624 1232 667 et
1262 615 1421 682 pedes
1454 633 1556 670 non
1600 622 2044 682 exterminantur,
2081 625 2180 679 nisi
2229 625 2344 694 ejus

761 701 848 767 qui
891 719 915 754 a
953 701 1094 771 ligno
1124 707 1486 774 suspenditur.
1519 708 1668 765 Unde
1699 722 1751 766 ct
1797 713 1907 780 ipse
1943 715 2104 771 David
2151 732 2341 786 regna-

760 801 931 844 tttrum
965 811 1026 847 ex
1063 796 1204 864 ligno
1253 798 1530 854 Dominum
1562 803 1768 858 dicebat
1804 805 1970 875 (l’sal.
2005 808 2161 870 XCV,
2208 811 2294 877 I0)
2329 830 2342 864 :

758 899 878 935 nam
924 893 973 937 et
1001 887 1123 940 alibi
1155 889 1410 958 propheta
1455 894 1577 962 ligni
1626 896 1778 961 hujus
1825 899 2050 952 Irnctnm
2094 902 2344 969 praedicit

758 975 941 1030 dieens
963 995 975 1031 :
1001 977 1158 1032 Terra
1179 981 1315 1034 dedit
1337 983 1697 1041 benedictiones
1722 1005 1841 1042 suus
1865 990 2037 1061 (Psal.
2063 992 2242 1046 LXVI.
2265 995 2340 1064 7).

761 1065 950 1136 Utique
975 1070 1060 1123 illa
1093 1079 1230 1126 terra
1261 1074 1406 1144 virgo
1432 1076 1507 1149 (b)
1544 1079 1772 1133 nonduin
1805 1083 1996 1152 pluviis
2029 1087 2216 1154 rigata,
2249 1103 2344 1142 nec

761 1158 1020 1215 imbribus
1063 1161 1386 1232 fmcmulata,
1443 1184 1505 1222 ex
1555 1187 1655 1240 qua
1709 1173 1868 1225 homo
1906 1185 2030 1230 tunc
2063 1178 2342 1246 plurimum

761 1253 1050 1321 plasmatus
1079 1268 1178 1318 est,
1211 1274 1272 1312 ex
1304 1277 1404 1328 qua
1457 1279 1593 1316 mmo
1623 1265 1866 1319 Christus
1891 1271 2180 1324 secundum
2229 1287 2344 1326 ear-

761 1363 880 1400 nem
909 1364 973 1402 ex
1005 1352 1207 1420 virgine
1237 1363 1388 1406 natus
1438 1367 1538 1410 est.
1574 1356 1640 1409 Et
1686 1359 1899 1429 lignum,
1942 1364 2129 1432 inquit,
2161 1365 2344 1420 adtulit

762 1441 985 1508 fructum
1043 1459 1188 1496 suum
1242 1444 1400 1515 (Joel.
1458 1447 1516 1510 II,
1567 1449 1684 1518 22),
1717 1451 1828 1506 Non
1881 1454 2007 1506 illud
2055 1459 2249 1525 lignum
2294 1461 2344 1512 in

763 1533 1025 1600 paradiso,
1080 1536 1221 1604 quod
1275 1549 1498 1594 mortem
1541 1542 1686 1596 dedit
1738 1548 2094 1614 protoplastis,
2147 1550 2238 1602 sed
2286 1552 2347 1604 li-

761 1639 921 1693 gmnn
954 1629 1214 1694 passionis
1244 1630 1459 1694 Christi,
1492 1635 1628 1689 unde
1659 1637 1756 1688 vita
1785 1640 2050 1705 pendensa
2073 1643 2206 1695 vobis
2237 1661 2344 1697 cre-

761 1720 1015 1774 tlitnuton
1069 1733 1139 1776 est
1180 1723 1352 1790 (Deut.
1384 1725 1614 1791 XXVIII,
1645 1729 1756 1799 66).
1800 1732 1908 1787 Iloc
1951 1735 2090 1788 enim
2151 1736 2345 1806 lignum

765 1821 888 1866 tunc
914 1815 962 1866 in
997 1828 1330 1871 sacramento
1359 1831 1472 1874 erat
1493 1863 1506 1884 ,
1537 1839 1641 1891 quo
1672 1824 1878 1896 Moyses
1899 1844 2087 1896 aquam
2112 1845 2346 1886 amaram

2448 644 2581 693 vum,
2614 632 2748 699 quod
2801 634 3119 688 benedicetur
3162 637 3214 689 in
3253 638 3399 692 terris
3449 638 3571 711 (Is.
3619 639 3780 707 LXV,
3832 642 4043 712 I545).

2448 720 2634 773 Adhuc
2669 722 2826 791 hujus
2857 724 2983 789 ligni
3013 736 3405 782 sacramentum
3437 729 3519 799 (5)
3554 732 3602 783 in
3639 731 3943 801 Regnorum
3977 734 4054 787 lv-

2445 814 2618 878 gitnus
2646 817 2989 870 celebratum.
3023 819 3152 872 Nam
3184 835 3303 874 cum
3348 822 3436 875 lilii
3474 823 3852 891 prophetarum
3883 842 4050 894 super

2449 904 2643 958 ﬁumen
2693 907 2979 963 .Iordanetn
3009 910 3207 980 lignum
3239 914 3515 968 securibus
3553 916 3844 981 cmderent,
3875 920 4052 974 exiliit

2450 994 2669 1062 ferrum,
2700 1007 2754 1052 et
2785 1014 3016 1054 mersum
3045 1012 3128 1054 est
3159 1003 3211 1056 in
3253 1003 3500 1067 ﬂumine,
3534 1015 3691 1076 atque
3735 1007 3804 1061 ita
3836 1008 4052 1064 Ileliseo

2450 1087 2708 1155 propheta
2737 1092 3152 1155 superveniente
3175 1134 3187 1156 ,
3222 1103 3412 1163 petunt
3435 1095 3503 1149 ab
3539 1110 3606 1150 eo
3633 1098 3722 1150 ﬁlii
3756 1100 4049 1168 propheta-

2450 1196 2564 1234 rum
2598 1182 2671 1234 uti
2707 1181 2900 1236 ferrum
2930 1183 3131 1238 ﬂumini
3155 1184 3296 1255 quod
3326 1186 3659 1258 (“mersum
3693 1188 3863 1245 fuerat
3889 1209 4050 1246 erne~

2451 1286 2549 1328 ret.
2585 1276 2754 1344 Atque
2796 1278 2864 1331 ita
2924 1278 3169 1335 Heliseus
3213 1292 3433 1353 accepto
3471 1283 3634 1353 ligno,
3684 1295 3740 1340 et
3784 1287 3950 1341 misso
3997 1290 4050 1341 in

2448 1384 2568 1423 enni
2619 1370 2789 1424 locum
2847 1373 2932 1425 ubi
2979 1373 3315 1428 submersum
3369 1374 3538 1431 fuerat
3590 1377 3829 1441 ferrum,
3864 1383 4049 1433 statim

2449 1463 2831 1529 supernatavit.
2861 1473 2913 1517 et
2939 1464 3135 1530 lignum
3167 1482 3398 1522 mersum
3427 1478 3529 1533 est,
3561 1470 3701 1538 quod
3729 1483 4055 1543 receperunt

2453 1554 2542 1607 lilii
2584 1555 2964 1624 prophetarum
2994 1557 3084 1628 (111
3119 1558 3247 1629 Reg.
3281 1560 3365 1624 VI,
3400 1561 3544 1630 4-7).
3579 1563 3650 1616 Ex
3694 1579 3800 1633 quo
3843 1565 4029 1621 intelle

2452 1660 2640 1703 xerunt
2669 1651 2808 1716 quod
2838 1651 3003 1707 Heliae
3031 1653 3250 1722 spiritus
3277 1654 3328 1708 in
3359 1669 3482 1708 eum
3505 1656 3574 1708 sit
3603 1669 4048 1724 reprtesentatus.

2452 1740 2587 1807 Quid
2617 1743 2945 1798 manifestius
2976 1745 3130 1814 hujus
3176 1747 3299 1815 ligni
3341 1750 3711 1802 sacramento?
3733 1750 3874 1819 quod
3907 1752 4056 1805 duri-

2454 1834 2522 1886 tia
2549 1832 2702 1902 hujus
2730 1837 2906 1889 smenli
2960 1851 3131 1891 mersa
3167 1837 3217 1891 in
3264 1838 3527 1907 profundo
3579 1843 3801 1904 erroris,
3834 1853 3887 1896 et
3915 1861 3941 1894 a
3992 1844 4056 1898 li-

765 1903 1087 1970 indulcavit;
1127 1909 1263 1961 unde
1294 1913 1535 1979 populus,
1570 1917 1658 1984 qui
1692 1920 1775 1971 siti
1816 1921 2017 1986 peribat
2052 1925 2098 1972 in
2132 1938 2344 1986 eremo,
2381 1920 2424 1978 Β
2455 1946 2558 2000 gno
2584 1930 2805 1993 Christi,
2839 1932 2888 1986 id
2935 1943 3014 1987 est
3049 1934 3313 2002 passionis
3352 1934 3469 2003 ejus
3491 1977 3504 1999 ,
3537 1936 3587 1989 in
3617 1937 3888 2005 baptismo
3916 1939 4052 1991 Iin-

765 1996 995 2050 bibendo
1038 2000 1227 2051 revixit
1267 2000 1460 2071 (Exod.
1494 2004 1615 2070 XV,
1647 2008 1844 2078 ‘25-‘26)
1884 2029 1895 2062 :
1927 2013 2078 2065 sicuti
2131 2030 2226 2070 nos
2258 2019 2344 2085 qui

764 2085 830 2138 dc
856 2088 1033 2140 Steeuli
1066 2091 1450 2148 calamitatibus
1479 2100 1701 2151 exn-acti
1725 2141 1736 2163 ,
1766 2102 1814 2152 in
1848 2118 1954 2170 quo
1983 2109 2348 2160 eouunoraba-

767 2194 912 2242 mur,
961 2179 1044 2233 siti
1095 2195 1410 2248 pereuntes,
1462 2187 1509 2240 id
1557 2199 1636 2242 est
1682 2191 1824 2244 verbi
1881 2194 2046 2249 divini
2089 2209 2212 2264 potu
2245 2203 2350 2268 pri-

764 2270 867 2320 vati
919 2271 1022 2340 (I),
1058 2271 1200 2340 ligno
1253 2277 1512 2342 passionis
1560 2279 1756 2335 Christi
1810 2299 2000 2355 aquam
2048 2289 2345 2346 etlulcatam

763 2360 1094 2429 baptismatis
1146 2378 1415 2435 potantes,
1445 2372 1555 2423 sive
1599 2390 1715 2442 qua:
1758 2386 1839 2430 est
1874 2379 1922 2431 in
1971 2396 2128 2444 cum,
2161 2386 2350 2437 revixi-

764 2470 914 2517 unus;
961 2472 988 2507 a
1048 2473 1148 2525 qua
1220 2447 1320 2515 Iide
1369 2461 1525 2518 Israel
1595 2469 1821 2529 excidit,
1882 2473 2172 2527 secundum
2231 2477 2350 2532 Ilie-

764 2547 982 2600 retniam
1031 2548 1293 2629 dicentem
1353 2569 1366 2606 :
1425 2555 1627 2619 Mittite,
1677 2569 1719 2612 ct
1775 2562 2080 2635 interrogate
2119 2569 2266 2623 nimis
2307 2571 2351 2623 si

762 2639 899 2708 facta
930 2652 1045 2695 sunt
1088 2645 1209 2697 talia
1244 2662 1261 2699 :
1309 2647 1369 2701 Si
1409 2652 1670 2705 mutabunt
1699 2668 1866 2723 gentes
1895 2658 2014 2711 deos
2035 2677 2173 2727 suos,
2197 2675 2240 2716 et
2268 2666 2352 2718 isti

765 2748 862 2784 non
917 2744 1031 2785 sunt
1074 2736 1163 2786 dii.
1193 2735 1425 2807 Populus
1473 2754 1639 2796 autem
1691 2763 1826 2802 meus
1873 2753 2078 2804 nudavit
2138 2755 2350 2823 gloriam

763 2839 932 2889 sinon,
959 2841 1022 2879 ex.
1049 2844 1146 2896 quo
1188 2830 1315 2883 nihil
1358 2835 1580 2900 proderit
1615 2839 1706 2891 eis.
1742 2838 1961 2909 Expavit
1990 2844 2171 2897 caelum
2204 2864 2353 2916 super

765 2915 860 2967 isto
897 2915 1048 2986 (Jer.
1084 2917 1148 2978 ll.
1174 2921 1240 2975 10
1262 2963 1274 2985 ,
1309 2924 1329 2977 ⁴1
1345 2924 1418 2994 1).
1459 2925 1523 2979 Et
1557 2931 1828 2997 quomodo
1856 2944 1906 2986 et
1946 2937 2156 3004 quando
2187 2953 2348 3007 espa-

766 3009 876 3061 vit?
909 3011 1201 3069 lndnbitate
1240 3018 1451 3085 quando
1481 3034 1664 3089 passus-
1691 3036 1768 3076 est
1802 3023 2045 3082 Chrisnts
2081 3049 2092 3084 :
2130 3030 2191 3083 Iit
2230 3032 2350 3087 hor-

765 3103 886 3165 ruit,
921 3103 1105 3174 inquit.
1128 3107 1401 3174 pluriumm
1429 3111 1598 3176 nimis,
1619 3124 1662 3166 et
1689 3117 1766 3169 sol
1788 3120 1950 3172 media
1979 3123 2058 3174 die
2088 3125 2354 3179 tenebrica-

769 3194 1051 3264 vit(.-Imos.
1079 3197 1219 3260 \‘Ill,
1253 3198 1327 3268 9).
1359 3201 1425 3255 Et
1465 3206 1677 3273 quando
1712 3207 1914 3264 horruit
1949 3214 2128 3279 nimis,
2166 3218 2265 3270 nisi
2301 3220 2350 3271 in

2454 2033 2618 2086 ratur,
2649 2034 2703 2076 nt
2731 2025 2868 2093 quod
2904 2026 3135 2094 perierat
3161 2027 3288 2080 olim
3335 2043 3430 2096 per
3463 2029 3660 2098 lignum
3691 2031 3739 2082 in
3773 2030 3964 2091 Adam,
4002 2033 4053 2085 id

2453 2116 2824 2170 restitueretur
2879 2133 2972 2185 per
3036 2117 3233 2185 lignum
3279 2118 3499 2172 Christi.
3554 2120 3716 2174 Nobis
3761 2122 3921 2190 igitur
3969 2125 4049 2190 (ὃ)

2452 2207 2538 2276 qui
2572 2208 2920 2262 successimus
2954 2210 3002 2261 in
3052 2210 3168 2262 loco
3201 2210 3600 2279 prophetarum,
3639 2227 3700 2265 ea
3731 2216 4049 2268 sustinenti

2455 2299 2554 2353 bus
2577 2298 2736 2354 hodie
2763 2301 2813 2352 in
2841 2300 3058 2364 sa‘culo,
3090 2317 3208 2370 qua!
3241 2317 3450 2370 semper
3481 2305 3620 2372 passi
3651 2315 3778 2358 sunt
3822 2306 4060 2374 prophe.

2456 2402 2520 2445 ur.
2550 2402 2768 2462 propter
2797 2393 3035 2447 divinam
3087 2394 3418 2463 religionem.
3455 2395 3601 2448 Alios
3650 2398 3795 2451 enim
3851 2398 4059 2466 lapida-

2456 2493 2662 2547 verunt,
2695 2485 2824 2538 alios
2874 2483 3209 2552 fugaverunt,
3247 2485 3425 2555 plures
3454 2501 3580 2541 vero
3624 2486 3690 2540 ad
3736 2489 3926 2542 mortis
3960 2507 4030 2542 ne

2454 2591 2568 2630 cem
2600 2576 2965 2640 tradiderunt,
2999 2577 3139 2645 quod
3179 2592 3372 2645 negare
3417 2592 3522 2631 non
3567 2589 3813 2647 possunt.
3847 2579 3957 2634 lloc
3993 2581 4054 2633 li-

2455 2683 2614 2737 gnum
2642 2668 2739 2720 sibi
2773 2679 2823 2721 et
2850 2668 2995 2721 Isaac
3036 2668 3174 2721 ﬁlius
3213 2668 3441 2722 Abraha:
3469 2668 3534 2722 ad
3562 2669 3885 2724 sacriﬁcium
3938 2671 4056 2738 ipse

2458 2759 2720 2828 portabat,
2751 2774 2871 2813 eum
2904 2759 3000 2814 sibi
3029 2775 3150 2813 eum
3182 2759 3318 2814 Deus
3349 2760 3577 2815 hostiam
3613 2761 3726 2815 ﬁeri
3758 2765 4055 2831 przeccpis-

2456 2862 2536 2906 set
2567 2852 2715 2920 (Gen.
2742 2851 2900 2916 XXII,
2929 2853 3005 2923 6).
3033 2853 3136 2908 Sed
3178 2855 3429 2923 quoniam
3463 2854 3575 2908 Ilaec
3617 2854 3823 2909 fuerant
3863 2871 4055 2912 sacra-

2456 2954 2669 3010 menta,
2715 2960 2834 3014 qua:
2881 2945 3210 3013 temporibus
3253 2946 3447 2999 Christi
3503 2947 3820 3015 perﬁcienda
3869 2963 4059 3005 serva-

2457 3038 2678 3099 bantur;
2726 3049 2779 3091 et
2827 3037 2971 3091 Isaac
3012 3052 3130 3091 cmn
3181 3037 3326 3106 ligno
3384 3050 3689 3096 reservatus
3737 3051 3839 3106 est,
3881 3044 4058 3098 ariete

2457 3129 2634 3183 oblato
2676 3129 2727 3182 in
2772 3144 2934 3198 vepre
2973 3130 3224 3184 cornibus
3275 3131 3511 3187 haerente
3539 3144 3593 3188 et
3643 3134 3889 3189 Christus
3938 3140 4058 3194 suis

2462 3220 2790 3289 temporibus
2837 3221 3035 3289 lignum
3083 3222 3318 3276 humeris
3357 3223 3468 3276 suis
3495 3226 3742 3292 portavit,
3783 3225 4060 3280 inhaerens

768 3289 1013 3355 passione
1045 3289 1264 3358 Christi,
1298 3311 1416 3348 emn
1450 3306 1582 3351 terra
1604 3315 1813 3369 quoque
1841 3308 2156 3372 contremuit,
2187 3318 2232 3360 et
2263 3325 2346 3362 ue-
2375 3300 2420 3363 C
2454 3313 2707 3365 eornihus
2733 3313 2925 3377 crucis,
2958 3327 3153 3367 corona
3181 3312 3362 3382 spinea
3387 3313 3437 3366 in
3467 3315 3640 3383 capite
3669 3315 3785 3384 ejus
3824 3317 4030 3370 circum
4050 3347 4062 3355 -

767 3381 873 3434 lum
928 3384 1102 3451 templi
1153 3386 1362 3440 scissum
1412 3399 1522 3456 est,
1573 3406 1894 3447 monumenta
1953 3398 2159 3467 dirupta
2237 3413 2351 3454 sunt

768 3472 974 3544 (Matt/1.
1010 3475 1217 3540 XXVII,
1247 3478 1381 3548 SI)?
1406 3480 1666 3548 Quoniam
1702 3486 1800 3540 duo
1823 3489 1929 3542 lucc
1952 3492 2084 3545 nuda
2113 3493 2228 3559 fecit
2256 3511 2349 3563 po-

768 3567 916 3634 pulus
952 3585 1091 3621 meus
1121 3586 1138 3622 .·
1167 3588 1261 3635 me,
1315 3573 1482 3642 inquit
1505 3616 1519 3641 ,
1575 3578 1942 3649 dereliquerunt
1989 3587 2178 3654 [autem
2210 3605 2354 3656 aqua:

766 3661 899 3725 vitw,
931 3671 976 3714 et
1003 3663 1238 3732 foderunt
1268 3667 1361 3721 sibi
1389 3670 1530 3723 lucus
1569 3676 1808 3729 contritos
1829 3718 1842 3742 ,
1871 3680 1956 3748 qui
1990 3695 2089 3732 non
2121 3692 2352 3748 poterunt

767 3770 950 3823 aquam
996 3759 1248 3812 continere
1275 3762 1294 3830 (
1319 3761 1429 3815 Jer.
1479 3765 1541 3829 ll,
1575 3768 1701 3838 1⁵5).
1749 3770 2043 3828 lndnbitate
2073 3794 2174 3831 non
2214 3782 2348 3834 reci-

769 3846 964 3914 piendo
991 3848 1288 3916 Christum,
1321 3853 1518 3910 fontem
1547 3875 1699 3929 aqua:
1727 3863 1846 3916 vitte
1877 3884 1888 3916 ε
1921 3865 2066 3921 lacus
2095 3873 2352 3927 contritos

767 3950 1046 4006 δίεμαι-ειμι
1088 3941 1307 4010 habere,
1353 3947 1399 4000 id
1434 3959 1514 4003 est
1545 3966 1840 4024 synagogas
1888 3957 1938 4011 in
1989 3961 2352 4031 dispersiones

767 4035 1024 4101 gentium,
1056 4036 1103 4089 in
1143 4038 1333 4105 quibus
1363 4042 1470 4106 jam
1512 4044 1739 4118 Spiritus
1769 4063 1984 4107 sanctus
2030 4072 2133 4110 non
2167 4058 2354 4112 immo-

769 4135 938 4189 ratur,
965 4137 1019 4178 ut
1052 4128 1100 4181 in
1134 4133 1457 4195 praeteritum
1492 4137 1540 4188 in
1577 4141 1775 4208 templo
1804 4149 2235 4204 commorabatur
2258 4167 2354 4206 an-

771 4225 820 4271 te
851 4218 1136 4274 adventum
1184 4223 1404 4288 Christi,
1431 4229 1517 4297 qni
1567 4240 1649 4284 est
1697 4248 1878 4288 verum
1938 4237 2026 4292 Diei
2074 4246 2348 4312 templum.

768 4306 898 4362 Nam
930 4321 982 4364 et
1011 4313 1162 4368 istam
1192 4317 1333 4370 sitim
1381 4319 1541 4373 divini
1576 4321 1804 4391 Spiritus
1844 4345 1935 4382 eos
1981 4346 2230 4399 passuros
2276 4336 2354 4390 di-

769 4410 918 4454 xerat
957 4405 1211 4471 propheta
1246 4408 1448 4476 ES:II;IS,
1487 4414 1670 4470 dicens
1697 4435 1706 4469 :
1747 4418 1877 4473 lt‘t'ce
1902 4423 1985 4490 qui
2015 4428 2234 4480 serviunt
2262 4432 2355 4483 nti-

771 4491 842 4554 hi,
867 4495 1274 4565 manducabunt;
1305 4518 1389 4554 vos
1421 4515 1589 4558 autem
1618 4511 1845 4564 esurietis
1879 4528 1896 4564 .·
1926 4517 2187 4572 servientes
2232 4523 2355 4575 nti/ti

771 4585 1077 4652 potabantur
1096 4628 1108 4649 ,
1157 4604 1239 4641 vos
1277 4602 1440 4645 autem
1466 4596 1659 4662 sitietis,
1688 4610 1732 4651 et
1772 4619 1801 4653 a
1829 4605 2245 4664 contribulatiouc
2272 4612 2350 4682 (2)

2455 3403 2600 3457 data.
2645 3402 2796 3457 Hunc
2837 3404 2977 3456 enim
3038 3404 3320 3472 oportebat
3369 3419 3467 3473 pro
3509 3406 3756 3461 omnibus
3808 3407 4063 3476 gentibus

2459 3498 2570 3550 ﬁeri
2598 3496 2936 3560 sacriﬁcium,
2962 3497 3050 3562 qui
3084 3507 3338 3567 tamquam
3367 3499 3472 3551 ovis
3500 3499 3568 3552 ad
3596 3500 3847 3553 victimam
3872 3503 4064 3554 ductus

2455 3599 2546 3651 est,
2577 3598 2620 3640 et
2666 3589 2799 3642 velut
2849 3604 3011 3658 agnus
3057 3605 3229 3641 coram
3277 3595 3511 3643 tondente
3540 3607 3593 3643 se
3639 3592 3749 3645 sine
3790 3607 3928 3658 uoce,
3987 3595 4068 3645 sic

2456 3697 2557 3733 non
2594 3681 2790 3748 aperuit
2815 3696 2871 3734 os
2924 3697 3067 3734 suum
3108 3679 3223 3750 (Is.
3256 3680 3402 3746 LIII,
3454 3681 3530 3750 7).
3566 3682 3659 3737 llic
3699 3685 3839 3738 enim
3881 3685 4068 3741 Pilato

2458 3771 2817 3842 interrogante
2847 3771 2979 3825 nihil
3035 3771 3245 3827 locutus
3282 3783 3364 3827 est
3389 3771 3538 3845 (Joh.
3567 3773 3711 3838 XIX,
3745 3776 3800 3842 9)
3834 3795 3847 3830 :
3881 3779 3932 3830 in
3967 3780 4070 3833 lm-

2457 3866 2670 3917 ntilitate
2699 3866 2830 3918 enim
2853 3865 3106 3934 judicium
3137 3867 3244 3934 ejus
3275 3866 3530 3919 sublatum
3559 3877 3650 3921 est.
3687 3867 3760 3940 (c)
3791 3867 4063 3924 Natioim-

2458 3967 2554 4012 tem
2595 3967 2761 4011 autem
2789 3959 2898 4023 eius
2918 3958 3029 4026 quis
3056 3957 3308 4010 enarrabit
3342 3956 3454 4028 (Is.
3491 3957 3620 4024 LIII,
3651 3959 3743 4030 8)?
3774 3962 3897 4030 quia
3929 3967 4064 4017 nul-

2457 4051 2538 4106 lus
2564 4051 2783 4104 omnino
2808 4049 3082 4104 hominum
3139 4049 3426 4104 nativitatis
3451 4046 3648 4104 Christi
3692 4049 3786 4104 fuit
3811 4055 4076 4109 conscius

2458 4145 2508 4199 in
2546 4155 2841 4210 conceptu,
2871 4157 2989 4196 eum
3035 4141 3185 4212 virgo
3223 4140 3384 4195 Maria
3428 4142 3594 4197 verbo
3639 4141 3730 4196 Dei
3768 4158 4077 4214 prmgnans

2457 4240 2801 4296 inveniretur.
2843 4237 2904 4292 Et
2931 4237 3047 4306 quia
3074 4237 3332 4290 tolleretur
3356 4253 3387 4288 a
3423 4237 3677 4308 terraoita
3696 4236 3801 4307 ejus
3827 4237 3880 4310 (Ι
3890 4239 4036 4309 bid.)
4061 4261 4078 4302 ;

2457 4347 2576 4386 cum
2630 4333 2812 4401 utique
2867 4338 2986 4398 post
3030 4327 3482 4382 resurrectionem
3535 4327 3652 4397 ejus
3703 4346 3732 4380 a
3787 4329 4071 4390 mortuis.

2457 4443 2574 4495 quae
2604 4425 2686 4498 (6)
2724 4424 2810 4478 die
2857 4423 3008 4476 tertia
3051 4419 3239 4476 elfecta
3269 4429 3371 4485 est,
3401 4421 3523 4476 οωιὶ
3552 4435 3673 4474 eum
3713 4434 4075 4489 receperunt,

2459 4518 2747 4573 Secundum
2796 4515 3129 4585 prophetiam
3180 4513 3319 4568 Osee
3373 4513 3628 4567 emissam
3689 4512 4008 4581 hujusmodi
4063 4536 4076 4568 :

2459 4611 2586 4664 Ante
2615 4612 2775 4664 lucent
2803 4618 3005 4676 stirgent
3031 4605 3098 4658 ad
3129 4622 3206 4659 me
3231 4606 3448 4658 dicentes
3479 4620 3497 4657 :
3529 4602 3715 4658 Eamus
3744 4614 3789 4658 et
3829 4618 4081 4661 reverta-

769 4677 975 4744 spiritus
1006 4680 1279 4736 ululabilis.
1313 4683 1595 4742 Remittetis
1635 4692 1764 4744 enim
1818 4713 1995 4751 nomen
2040 4713 2274 4771 vestrum,
2305 4709 2356 4762 in
2383 4691 2435 4750 D
2465 4720 2573 4755 mur
2594 4702 2660 4754 ιιά
2718 4699 2986 4753 “omnum
3038 4697 3220 4760 Deum.
3251 4697 3488 4766 quoniam
3517 4696 3626 4765 ipse
3660 4697 3833 4763 eripiet
3860 4707 3909 4750 et
3944 4701 4080 4752 libe-

772 4769 1055 4824 societutem
1100 4776 1263 4830 electis
1301 4779 1454 4843 meis;
1476 4795 1560 4834 vos
1588 4793 1756 4837 autent
1784 4788 2046 4857 inter/iciet
2083 4792 2351 4854 Dominus.

2465 4798 2592 4852 rabit
2637 4810 2748 4858 nos,
2785 4805 2894 4862 post
2943 4791 3150 4844 biduum
3190 4792 3271 4846 die
3323 4791 3467 4847 tertia
3507 4787 3755 4860 (Ose.VI,
3779 4790 3906 4863 1-5)
3945 4793 4034 4866 (d)
4065 4836 4078 4857 ,

1987 4906 2358 4972 LISCTIUNES
2402 4907 2819 4972 VARIAN'I‘ES.

835 5004 908 5065 (1)
935 5005 1098 5055 Verbo
1121 5008 1282 5058 divino
1307 5015 1540 5076 proiiinati
1571 5015 1728 5068 Obert.
1752 5018 1901 5070 Seml.

836 5067 905 5120 ('3)
932 5069 1004 5116 Ad
1025 5072 1475 5120 contrilmlationem
1493 5075 1654 5120 iidem,

836 5071 905 5184 (:2)
932 5071 1007 5143 Ad
1025 5071 1475 5156 contribulationem
1493 5075 1655 5129 iidem.

859 5130 908 5188 3)
933 5129 1088 5181 Etiam
1110 5134 1249 5184 addit
1273 5135 1422 5186 Seml.

2548 5081 2598 5145 ὅ)
2623 5081 2722 5135 Nos
2751 5087 2923 5145 utique
2953 5081 3195 5145 Wouwer.

2546 5027 2596 5083 4)
2623 5023 2730 5083 Quo
2755 5019 2860 5072 alii.

2953 5081 3109 5132 Wouu

2545 5153 2597 5214 6)
2625 5149 2743 5208 Quia
2770 5144 2935 5198 Obert.
2962 5143 3109 5194 Seml.

2156 5253 2711 5312 COMMENTARIUS.

849 5351 926 5425 (a)
956 5353 1062 5409 Sed
1091 5355 1318 5412 Christus
1343 5360 1429 5427 qui
1455 5362 1726 5427 cruciﬁxus
1760 5374 1850 5418 est.
1889 5365 2116 5422 Barbara
2159 5369 2242 5422 illa
2269 5371 2358 5424 .lu-

777 5421 1009 5506 deorum
1040 5429 1180 5480 natio
1207 5421 1473 5506 Christum
1515 5421 1792 5506 Dominum
1822 5437 2057 5490 uiolentia
2084 5439 2361 5506 sn/fraqio-

777 5511 891 5547 rum
929 5498 983 5578 in
1008 5501 1361 5584 crucentndedi
1408 5505 1722 5584 postulavit.
1753 5516 1963 5584 ut_eap._
2003 5509 2065 5584 2|
2111 5498 2360 5584 Apologq

776 5581 933 5632 quam
973 5568 1023 5620 in
1064 5584 1172 5656 rem
1201 5568 1609 5659 Cyrillus‘Alex.
1645 5574 1787 5630 hotn.
1817 5568 1914 5638 IV,
1935 5581 2000 5659 de
2032 5583 2128 5659 fer.
2156 5568 2362 5659 'Pascli:

778 5656 961 5706 στηυρῶ
1005 5649 1356 5706 προσηὶώχνισιν
1408 5652 1448 5697 si
1495 5654 1756 5712 πάντολμςι
1819 5667 1907 5704 τῶν
1974 5649 2192 5707 leuauit»?
2234 5657 2362 5722 λαοὶ,

781 5719 862 5759 at"!
885 5719 981 5760 πᾶν
1013 5715 1129 5772 γῖδος
1157 5717 1666 5780 ἰττνῖρκὸντνςὶκηκίθς
1696 5745 1744 5774 τε
1773 5727 1890 5787 ὁμιῧ
1921 5728 1998 5776 χοὶ
2029 5729 2244 5791 ἀτιμιης.
2276 5731 2368 5778 9st.-

782 5784 905 5846 νέιτῳ
939 5785 1338 5850 παραδεδώκασιν.
1371 5787 1712 5842 Autluct'tisima
1742 5784 2036 5846 Judtt'orum
2060 5784 2371 5850 nritio'cruci

784 5851 1001 5939 suffixit,
1031 5863 1076 5904 et
1116 5859 1250 5907 omni
1271 5857 1522 5939 supplicii
1551 5868 1698 5939 atque
1739 5863 2027 5932 ignominiaa
2067 5883 2244 5938 genere
2285 5872 2369 5939 af-

783 5919 967 5986 fectum
993 5935 1148 5977 morte
1176 5919 1451 5981 mulclauit.
1488 5929 1561 5983 ιε
1593 5919 1683 5984 Pu.

2536 5368 2613 5438 (b)
2661 5365 2763 5420 Illa
2797 5373 2928 5418 terra
2961 5362 3120 5432 virgo.
3152 5375 3210 5426 γῆ
3235 5362 3462 5430 παροινος
3485 5379 3496 5416 :
3519 5360 3678 5416 etiam
3710 5360 3958 5421 Irenzeus
4002 5368 4082 5422 sic

2505 5441 2612 5494 irit.
2645 5438 2812 5491 SenL.

2465 5439 2615 5582 «(:5
2645 5439 2977 5561 ῗγῗηὲνῖιαιεηι
3011 5512 3176 5582 autem
3205 5503 3314 5582 ejus
3345 5503 3455 5582 quis
3502 5503 3789 5582 euarrabit.’
3820 5506 3948 5563 Non
3981 5509 4083 5563 du-

2471 5574 2612 5635 bium
2659 5581 2782 5648 quin
2825 5579 2892 5630 ita
2921 5575 3200 5640 legendum
3244 5576 3337 5656 sit,
3380 5578 3528 5656 ,μιξώ
3568 5574 4083 5656 editionesetnnes

2471 5652 2638 5714 Isaiae,
2675 5645 2777 5702 non
2821 5657 2996 5701 autem
3024 5645 3294 5704 enarravit.
3328 5646 3558 5699 maxime
3585 5659 3704 5699 cum
3740 5646 3868 5700 illud
3901 5651 4076 5703 etiam

2473 5724 2609 5788 legal
2749 5715 3278 5796 Cvpria_tnts_,_lib._ll,
3306 5717 3421 5796 adu.
3462 5715 3694 5796 ἐπέψω.
3723 5731 3845 5796 «Ψ.
3899 5721 3996 5784 15,
4032 5731 4086 5776 et

2475 5781 2608 5848 inira
2641 5791 2733 5868 lib.
2767 5781 2998 5868 I|_l:,.adu.
3030 5786 3340 5868 Marcionem
3360 5786 3747 5868 Iertulliauus.
3780 5781 3931 5843 Pan.

2548 5864 2625 5932 (tl)
2658 5859 2778 5914 Post
2799 5860 3026 5932 biduum,
3059 5858 3140 5910 die
3166 5863 3328 5932 tertia.
3358 5858 3448 5913 Sic
3467 5857 3881 5932 emendavimus
3904 5877 4082 5928 punc-

2478 5927 2730 5991 tationetn
2778 5947 2838 5987 ex
2890 5930 3127 5998 Vulgata
3185 5927 3428 5994 lectione,
3469 5929 3590 5985 licet
3635 5931 3814 5985 excusi
3883 5927 4087 5990 omnes
