4270 6498
209 375 306 430 Gil

1558 380 1760 436 LIBER
1802 381 1886 437 DE
1927 382 2161 439 ΑΝΙΜΑ.

3393 385 3499 441 642

206 492 564 547 visceratione
590 490 815 562 quadam
842 492 1162 558 fruerentur,
1202 493 1277 564 (a)
1318 494 1682 564 jejunautihns
1707 510 1810 550 C:L‘-
1837 503 1886 561 Α
1917 513 2020 551 ηοη
2049 499 2254 554 audetis
2282 513 2506 570 negare;
2537 499 2681 570 quia,
2705 501 2803 555 etsi
2830 501 3116 572 negaretis,
3146 499 3320 556 statim
3348 503 3502 555 vobis

209 587 341 641 teris
370 589 615 644 asalute.
669 590 853 656 igitur,
902 592 1152 660 quoniam
1183 591 1387 662 primus
1442 591 1699 647 adventus
1755 602 1809 646 et

210 680 454 748 plurimis
496 681 676 752 ﬁguris
715 684 1047 751 obscuratus,
1082 684 1153 755 (ὁ)
1188 694 1241 739 et
1283 686 1428 740 omni
1474 685 1808 741 iuhonestale

211 784 535 841 prostratus,
569 776 879 839 cauebatur,
934 777 1202 832 secundus
1237 793 1364 832 vero
1414 788 1466 831 et
1497 777 1809 832 manifestus

209 877 264 920 et
297 868 406 922 Deo
450 869 777 940 condignas;
820 872 1018 926 idcirco
1048 888 1205 943 quem
1237 873 1393 927 fat-ile
1431 884 1484 928 et
1516 875 1810 942 intelligere

209 969 262 1014 et
313 961 540 1016 credere
574 972 881 1032 potuerunt,
929 980 1050 1018 eunt
1085 965 1258 1019 solum
1312 967 1599 1038 intuentes,
1627 964 1675 1017 id
1727 973 1810 1018 est

208 1054 528 1118 secundum,
559 1055 648 1124 qui
684 1065 765 1110 est
791 1058 842 1110 in
874 1058 1075 1112 honore
1097 1068 1150 1112 et
1179 1058 1367 1128 gloria,
1403 1075 1505 1112 non
1540 1059 1810 1111 immerito

208 1143 416 1214 decepti
447 1155 575 1200 sunt
594 1147 733 1200 circa
760 1148 1140 1219 indigniorem,
1166 1161 1312 1203 certe
1343 1151 1731 1214 olisrurioretn,
1759 1148 1809 1203 id

209 1247 294 1291 est
325 1240 576 1302 primum.
613 1243 783 1311 Atque
813 1242 880 1295 ita
914 1244 962 1295 in
1016 1242 1334 1298 hodiermun
1380 1254 1574 1314 negant
1604 1244 1812 1298 venisse

209 1328 484 1384 Christum
513 1348 687 1395 suum,
709 1336 832 1402 quia
863 1349 968 1389 non
999 1336 1050 1388 in
1069 1336 1402 1391 sublimitate
1433 1339 1656 1402 venerit,
1687 1337 1810 1390 dum

217 1419 468 1490 ignorant
499 1423 548 1476 in
575 1423 871 1478 lunnilitate
903 1428 1076 1496 primo
1107 1427 1267 1482 luisse
1296 1438 1602 1482 venturum.
1653 1429 1812 1482 Sulli—

213 1519 285 1568 (ῆι
303 1514 592 1585 hucusque
611 1515 676 1571 de
700 1517 781 1571 his
801 1518 1010 1573 interim
1028 1520 1271 1574 ordinem
1288 1519 1486 1575 Christi
1511 1521 1812 1575 decurrisse

213 1621 322 1673 quo
375 1607 494 1662 talis
547 1609 798 1676 probatur
835 1611 975 1679 quali
1033 1611 1466 1676 adnuntiabatur,
1506 1623 1556 1666 ut
1587 1614 1696 1682 jam
1747 1629 1811 1667 ex

217 1696 316 1750 ista
340 1701 1093 1772 consonantiaSeriplurarunt
1112 1702 1409 1758 divinarum
1437 1706 1814 1776 intelligamus,

221 1799 278 1844 et
304 1807 425 1860 qum
453 1802 573 1861 post
601 1795 870 1849 (Ibi-istum
907 1796 1076 1850 futura
1111 1798 1559 1867 praedicabantur,
1607 1816 1670 1852 ex
1703 1799 1813 1853 dis—

1915 591 1964 646 iu
1997 590 2240 655 Psalmis,
2267 591 2549 662 sicutijam
2576 592 2850 663 praelocuti
2878 609 3062 648 suums
3088 595 3370 661 promissio
3404 592 3498 648 Ρι-

1917 688 2008 741 tris
2029 697 2354 752 occurreret,
2380 687 2606 742 dicentis
2642 706 2652 741 :
2683 687 2830 741 lt‘h'us
2860 704 2996 741 meus
3027 704 3076 742 es
3107 696 3176 750 tu,
3232 703 3321 756 ego
3352 688 3502 740 hodie

1914 780 2062 853 genui
2089 792 2166 845 te;
2195 790 2306 852 pete
2343 797 2374 834 a
2402 797 2498 846 me,
2541 790 2585 834 et
2626 779 2755 834 dabo
2806 779 2891 833 tibi
2942 791 3108 851 gentes
3157 779 3500 832 [nereditatem

1917 884 2072 936 tuam,
2123 885 2164 926 et
2195 872 2558 943 possessionem
2590 882 2726 924 luant
2758 873 2998 925 terminos
3025 882 3171 924 terra:
3202 869 3318 940 (Ps.
3351 869 3412 934 ll,
3448 871 3501 934 7,

1917 965 2006 1035 8);
2043 980 2138 1020 nec
2157 965 2396 1034 poteritis
2425 969 2474 1019 in
2502 965 2655 1019 istam
2686 964 3116 1034 pra‘dieationem
3141 964 3306 1032 magis
3343 963 3503 1016 David

1919 1061 2084 1112 tiliqu
2117 1059 2456 1114 Salomonent
2489 1058 2791 1124 vindicare,
2823 1074 2981 1128 quam
3020 1058 3291 1113 Christum
3323 1057 3411 1110 Dei
3447 1059 3507 1110 ti-

1917 1153 2045 1208 lium
2094 1152 2272 1208 dicere
2321 1152 2401 1222 (3
2431 1153 2476 1220 );
2529 1167 2626 1207 nec
2678 1151 2939 1206 terminos
2980 1161 3137 1206 terrae
3191 1149 3352 1203 David
3401 1148 3508 1201 lilio

1919 1247 2233 1315 promiSSos,
2260 1247 2347 1314 qui
2381 1247 2516 1299 intra
2551 1245 2759 1300 unicam
2791 1242 3029 1298 Juda'am
3063 1243 3325 1313 regnavit.
3349 1257 3506 1312 quam

1917 1338 2132 1394 Christo
2159 1339 2268 1392 ﬁlio
2308 1338 2424 1403 Dei,
2460 1335 2532 1406 (e)
2565 1338 2652 1407 qui
2687 1347 2854 1391 totum
2879 1336 2987 1406 jam
3019 1335 3202 1390 orbem
3237 1333 3508 1404 Evangelii

1919 1431 1998 1486 sui
2036 1430 2198 1484 radiis
2229 1430 2589 1484 inluminavit.
2629 1428 2866 1499 Denique
2895 1440 2946 1483 et
2972 1427 3194 1482 thronus
3239 1427 3290 1479 in
3338 1441 3508 1480 tevutn

1921 1525 2088 1594 magis
2103 1522 2318 1576 Christo
2343 1521 2430 1575 Dei
2450 1522 2558 1574 lilio
2579 1522 2853 1589 competit,
2883 1535 3039 1589 quam
3063 1517 3358 1577 Salomoni.
3380 1530 3518 1572 teut-

1923 1616 2085 1686 pet-ali
2115 1615 2314 1668 si-ilicet
2340 1613 2483 1683 regi,
2509 1613 2595 1682 qui
2627 1613 2727 1666 soli
2762 1612 2924 1666 Israel
2968 1609 3511 1682 regnavit.Christmn

1921 1710 2062 1764 enim
2093 1705 2514 1761 hodieiuvoeant
2538 1705 2779 1759 nationes
2824 1719 3090 1774 quaecum
3122 1720 3225 1758 non
3251 1703 3511 1764 sciebant,

1923 1814 1970 1856 et
1999 1802 2176 1872 populi
2209 1799 2367 1854 hodie
2400 1798 2466 1852 ad
2497 1798 2764 1852 Christum
2794 1796 3126 1867 confugiunt,
3170 1812 3326 1868 quem
3372 1806 3515 1850 retro

223 1884 493 1952 positione
537 1885 712 1939 divina
740 1890 1028 1946 credantur
1044 1901 1328 1959 expuncta.
1385 1891 1494 1944 Nisi
1538 1892 1682 1945 enim
1722 1893 1810 1946 ille
1843 1901 1888 1960 Β
1921 1897 2251 1966 ignorabant.
2278 1893 2390 1946 Non
2419 1900 2570 1962 potes
2601 1891 2832 1944 laturum
2860 1889 3212 1957 contendere,
3259 1888 3398 1957 quod
3429 1889 3511 1941 vi-

212 1977 456 2031 t'cnisset
502 1987 622 2046 post
666 1993 822 2047 quem
873 1981 1141 2036 habebant
1178 1984 1429 2051 expungi,
1475 1982 1621 2035 nullo
1660 1983 1816 2037 modo

211 2069 525 2122 evenissent
555 2069 629 2138 (l)
661 2087 776 2139 qua'
826 2073 875 2124 in
924 2073 1208 2128 adventum
1257 2076 1372 2142 ejus
1406 2074 1576 2128 futura
1627 2075 1818 2144 praedi-

216 2160 558 2214 dicabantur.
591 2161 752 2231 Igitur
792 2166 836 2218 si
871 2166 1147 2221 universas
1177 2169 1420 2222 nationes
1441 2168 1510 2222 de
1553 2168 1816 2237 profundo

205 2253 408 2306 erroris
439 2253 656 2306 humani
705 2256 900 2310 exinde
943 2268 1281 2326 emergentes
1336 2260 1400 2314 ad
1451 2260 1616 2314 Deum
1669 2276 1819 2314 crea-

208 2353 383 2398 torem
437 2355 492 2399 et
541 2345 808 2402 Christum
862 2349 976 2418 ejus
1021 2352 1241 2406 cernitis
1271 2352 1381 2423 ('2),
1437 2355 1812 2422 prophetatum

1922 1991 2016 2043 des
2044 1987 2178 2040 ﬁeri.
2231 1986 2354 2042 Ilaec
2376 1994 2462 2038 aut
2506 1984 2817 2052 prephetata
2846 1999 2979 2052 nega
3001 2023 3013 2046 ,
3065 1998 3186 2036 cum
3237 1996 3415 2036 coram
3445 1984 3518 2032 vis

1920 2089 2149 2150 dentur;
2180 2093 2271 2138 aut
2298 2082 2582 2151 adimpleta
2611 2097 2732 2134 cum
2763 2081 3008 2147 leguntur
3037 2094 3049 2131 :
3083 2089 3174 2132 aut
3211 2077 3254 2132 si
3286 2093 3392 2131 non
3426 2092 3519 2129 ne-

1921 2196 2014 2253 gas
2051 2190 2353 2249 utrumque,
2380 2176 2430 2229 in
2461 2190 2524 2229 eo
2554 2183 2711 2227 erunt
2747 2171 3035 2242 adimpleta
3083 2171 3133 2225 in
3180 2185 3339 2240 quem
3395 2178 3521 2226 sunt

1923 2276 2258 2346 propltetata.

1429 2464 1808 2522 LECTIONES
1847 2453 2258 2520 VARIANTES.

275 2575 350 2633 (Ι)
377 2573 640 2623 Venissent
665 2571 817 2625 Seml.
843 2575 1001 2628 Obert.

273 2636 347 2698 (2)
372 2636 511 2695 Quod
530 2637 649 2686 add.
673 2640 828 2688 Seml.
855 2638 1016 2691 Obert.

1997 2574 2069 2632 (δ)
2095 2570 2277 2620 Dicere
2299 2566 2426 2618 abest
2449 2562 2576 2616 aliis.

1578 2742 2132 2804 COMMENTARIUS.

215 2873 359 2912 mus.
390 2857 694 2912 distributio
726 2867 839 2912 erat
864 2861 1060 2922 carnis,
1095 2875 1212 2928 qum
1242 2861 1353 2915 ﬁeri
1377 2861 1607 2927 solebat,
1639 2860 1718 2915 vel
1768 2861 1818 2914 in

211 2931 446 2984 Solemni
479 2928 741 2983 sacrificio
762 2970 776 2993 ,
812 2931 894 2984 vel
936 2932 986 2983 in
1012 2931 1197 2986 funere
1220 2932 1531 3056 excellengs
1564 2932 1817 3000 alicujus.

1502 3018 1592 3055 an.

1502 3018 1592 3055 ΑΜ.

290 3068 367 3140 (a)
406 3069 764 3138 Jejunantibus
806 3071 996 3124 cwteris
1020 3088 1052 3125 a
1099 3072 1282 3127 salute.
1337 3072 1538 3143 Nempe
1568 3073 1815 3134 ethnicis.

214 3142 543 3194 inlidelihtts.
581 3141 699 3194 lito.

213 3157 543 3196 IllllﬂCllllllS.
581 3157 699 3197 IUG.

294 3210 456 3280 (b)l£t
486 3212 622 3286 onmi
647 3213 975 3286 inhonestam.
1008 3211 1401 3286 lnhonestatem
1449 3214 1657 3286 (inquit,
1709 3225 1817 3268 tttm

2006 2856 2079 2926 ((τ)
2118 2855 2218 2921 Qui
2240 2863 2394 2907 totum
2416 2854 2526 2923 jam
2544 2852 2730 2926 orbem,
2758 2857 2860 2926 ete.
2896 2848 3002 2903 Etsi
3038 2849 3524 2926 inprit‘no-adveu-

1929 2937 1981 2982 ttt
2014 2921 2316 2995 spernendo
2345 2921 2487 2977 cnlttt
2523 2925 2665 2974 visus
2695 2922 2873 2986 fuerit,
2917 2922 3151 2995 secundo
3182 2921 3526 2995 nihilominus

1927 3015 2020 3054 rex
2048 2992 2357 3066 apparebit;
2394 3008 2652 3063 regesque
2675 3008 2867 3066 omnes
2897 3002 2950 3047 et
2972 2992 3212 3060 dynastas:
3248 3007 3310 3066 ae
3352 2994 3525 3063 impe-

1929 3062 2138 3124 ratores
2169 3082 2402 3128 erueem,
2435 3062 2576 3134 qute
2610 3063 2840 3118 infamia:
2883 3075 3006 3116 nota
3051 3073 3184 3126 erat,
3227 3062 3520 3118 adorabunt

1926 3142 2187 3208 Quoniam
2205 3141 2310 3208 ipse
2322 3149 2394 3191 est
2417 3133 2506 3188 rex
2522 3151 2697 3205 regum
2727 3145 2772 3186 et
2801 3134 3033 3187 dominus
3057 3133 3448 3208 dominantium,
3474 3146 3522 3208 et

1925 3204 2030 3268 alio
2060 3213 2109 3264 iu
2137 3204 2274 3273 loco,
2310 3209 2530 3261 Adorent
2555 3204 2670 3259 eum
2697 3221 2867 3257 omnes
2896 3214 3083 3274 gentes,
3117 3216 3221 3258 etc.
3255 3204 3521 3271 Quemad-

216 3277 326 3358 Ιξὶιί,
363 3277 471 3358 tum
507 3281 646 3358 infra
669 3284 759 3358 lib.
796 3283 859 3337 Ill
886 3284 1002 3358 adv.
1037 3285 1226 3358 Mora,
1273 3277 1470 3358 llltcn.)
1502 3277 1693 3355 accipit
1724 3302 1818 3354 pro
1847 3279 1890 3340 C
1925 3285 2143 3338 tuudum
2175 3291 2352 3334 autent
2381 3277 2689 3358 prnadtctum
2719 3281 2891 3358 luerat
2915 3279 3086 3358 ipsum
3117 3285 3419 3358 venturum:
3445 3277 3516 3329 ita

214 3354 583 3427 deformitate,
605 3355 759 3427 sicuti
788 3356 945 3427 paulo
979 3356 1127 3427 prius
1158 3359 1395 3409 honestus
1431 3354 1524 3425 pro
1570 3354 1817 3427 formoso.

215 3423 601 3496 Supraqautem
646 3426 736 3478 lih.
769 3424 837 3476 ad
865 3423 1164 3492 Scapulam,
1191 3443 1310 3479 eutn
1340 3423 1491 3489 dixit,
1523 3423 1697 3496 quanti
1726 3429 1824 3481 ho-

217 3493 348 3574 nesti
371 3494 467 3619 nilei
487 3535 501 3559 ,
555 3493 844 3552 honoratos
889 3497 1032 3552 viros
1063 3497 1279 3568 intelligi
1308 3498 1504 3554 ibidem
1535 3493 1614 3554 ibi
1661 3498 1827 3552 aduo-

219 3574 377 3618 tam.
456 3581 551 3619 an.

243 3579 377 3618 8V".
412 3579 551 3620 ΓΔΗ.

1931 3365 1985 3409 et
2017 3344 2395 3422 regnaturum;
2428 3350 2468 3422 si
2505 3352 2700 3422 itaque,
2746 3357 2801 3401 ιιι
2838 3346 3028 3422 probat
3073 3358 3257 3400 contra
3311 3344 3527 3422 ludens

1935 3418 2109 3493 (quod
2157 3421 2476 3493 Christianis
2511 3421 2760 3474 euntibus
2807 3419 3211 3493 CCI‘ll‘SSimUIII),
3261 3418 3424 3481 venit,
3474 3426 3531 3471 ut

1938 3489 2293 3565 adimpleatur
2324 3489 3064 3565 prophetat-aurvahcinium,
3100 3496 3289 3557 regnat
3314 3501 3528 3558 quoque

1938 3560 2100 3638 super
2126 3560 2670 3621 orbem‘miiversum.
2707 3560 2780 3614 Ls:
2805 3561 2899 3615 Pa.

248 3743 332 3760 Ξ-
340 3745 356 3752 ⁹
364 3743 878 3760 σ-τὲ--η--ιι-
497 3758 508 3760 -
567 3758 751 3760 Μ
884 3740 2480 3760 ΜΛ,
2267 3755 2480 3760 ____.

664 3920 1049 4004 QUINTI
1101 3919 1599 3991 SEPTIMII
1666 3915 2284 3991 FLOBENTIS
2339 3909 3091 3985 TEBTULLIANI

1017 4150 1614 4295 LIBER
1710 4149 1982 4292 DE
2061 4142 2766 4290 ANIMA.

1553 4433 2198 4464 ..ὡ-ξ

233 4604 528 4674 Scripserat
553 4601 918 4666 Tertulliauus,
952 4609 1004 4653 ut
1031 4599 1139 4670 ipse
1153 4600 1245 4665 ait,
1273 4609 1447 4653 contra
1483 4595 1844 4667 Hermogenem
1871 4596 1922 4656 D
1950 4603 2022 4648 ret
2053 4609 2070 4647 :
2098 4610 2185 4648 nec
2217 4603 2376 4649 essent
2412 4601 2519 4646 tum
2563 4591 2655 4646 illa
2699 4591 2880 4662 quibus
2908 4608 2939 4644 a
2967 4592 3291 4663 philosOphia
3317 4594 3538 4650 ltwretici

310 4696 495 4749 librum
526 4695 589 4749 de
617 4710 768 4748 censu
793 4708 880 4746 seu
917 4692 1111 4762 origine
1140 4691 1324 4746 animo:
1342 4706 1360 4755 ;
1402 4690 1484 4760 qui
1519 4689 1661 4751 liber,
1694 4687 1843 4741 hodie

309 4788 646 4850 desideratus,
677 4796 923 4856 quantum
949 4785 1119 4849 datur,
1154 4784 1458 4837 mentionem
1482 4781 1627 4836 habet
1659 4780 1710 4833 in
1735 4796 1843 4835 sec-

313 4882 450 4934 tione
474 4881 695 4950 sequenti
717 4895 734 4932 :
757 4893 889 4932 nunc
925 4887 1092 4930 autem
1124 4883 1176 4930 tu
1211 4879 1306 4930 hoc
1335 4885 1591 4940 tractatu,
1625 4873 1834 4940 Auctor,

302 4979 420 5048 jam
451 4977 788 5042 moutanista,
816 4975 880 5029 de
906 4975 1092 5029 anima:
1141 4983 1274 5027 statu
1316 4982 1361 5028 et
1388 4971 1596 5039 reliquis
1634 4971 1703 5022 ad
1733 4986 1843 5024 eam

319 5070 683 5143 pertinentibus
709 5069 1090 5140 qutcstionilius,
1124 5068 1366 5121 adversus
1395 5063 1727 5134 philosOpItos
1757 5063 1839 5115 di-

319 5168 496 5230 micat,
524 5165 605 5218 cui
630 5174 798 5217 tamen
822 5163 956 5234 falsa
994 5161 1234 5230 iuspersit
1275 5156 1551 5231 principia,
1576 5156 1844 5226 variosque

319 5273 515 5312 errores
540 5258 647 5327 ipse
675 5254 1026 5310 Tertullianus
1051 5254 1286 5307 inseruit.

319 5351 361 5407 Ι.
398 5350 464 5404 In
496 5351 669 5420 primis
690 5358 855 5403 autem
883 5348 1025 5401 docet
1048 5363 1148 5400 non
1172 5364 1202 5399 a
1229 5345 1444 5402 Socrate
1479 5341 1842 5397 immortalita-

245 5455 348 5500 tem
370 5443 575 5508 anima,
607 5440 696 5496 sed
725 5457 756 5494 a
790 5439 891 5494 Deo
917 5438 1231 5493 discendam.

320 5536 389 5591 ll.
437 5535 550 5591 Etsi
595 5536 729 5590 enim
769 5552 802 5589 a
839 5544 1024 5588 natura
1073 5533 1310 5605 pleraque
1352 5538 1708 5602 suggerantur,
1756 5535 1846 5580 aut

246 5630 404 5685 etiam
429 5643 492 5681 ex
520 5625 781 5697 prophetis
829 5627 1017 5678 hausta
1057 5628 1284 5694 fuerunt,
1344 5633 1510 5677 tamen
1553 5617 1848 5691 philosophi

244 5721 417 5776 multa
439 5718 599 5773 mixta
622 5717 780 5774 versis
807 5717 943 5788 falsa
968 5716 1308 5770 tradiderunt.

323 5809 408 5865 Ill.
444 5807 672 5874 Utinam,
705 5809 847 5862 nulla
876 5807 1056 5861 haeresi
1074 5807 1339 5872 existente,
1360 5804 1710 5859 nihilomnino
1732 5817 1846 5855 eum

248 5902 569 5976 philosophis
588 5942 603 5970 ,
634 5900 941 5971 patriurchis
972 5899 1326 5955 haereticorum
1350 5939 1364 5968 ,
1393 5896 1752 5968 experiendum
1773 5896 1852 5966 {o-

1947 4685 2236 4753 capiuntur,
2267 4684 2592 4746 destruenda,
2626 4693 2742 4737 tunc
2771 4684 2878 4738 hazc
2901 4684 3081 4756 quibus
3108 4685 3286 4754 ﬁdeles
3333 4687 3395 4740 ab
3428 4689 3534 4742 ha:-

1947 4780 2044 4832 resi
2067 4780 2438 4845 concutiuntur,
2465 4777 2800 4832 retundendo.

2020 4888 2105 4946 IV.
2143 4889 2333 4944 Deinde
2363 4892 2430 4943 ad
2460 4891 2744 4943 institutum
2774 4889 3018 4946 accedens
3038 4932 3052 4958 ,
3087 4892 3306 4962 primum
3352 4895 3535 4950 adver-

1946 4999 2030 5036 sus
2073 4981 2339 5037 Platonem
2376 4983 2600 5036 animam
2646 4992 2815 5036 natam
2864 4993 2908 5037 et
2953 4987 3144 5054 [actam
3183 4986 3338 5052 dicit,
3368 4996 3540 5054 utpote

1946 5092 2007 5131 ex
2038 5075 2128 5131 Dei
2159 5077 2284 5147 ﬂatu
2298 5115 2312 5130 .

2018 5187 2084 5243 ν.
2119 5187 2303 5244 Plures
2332 5188 2482 5243 etiam
2508 5187 2859 5259 philosophos.
2894 5189 2985 5242 etsi
3024 5188 3292 5244 Aristotele
3337 5199 3382 5243 et
3405 5188 3537 5244 Plu-

1951 5296 2066 5340 tone
2115 5283 2484 5354 corpulentiam
2526 5285 2572 5338 ei
2611 5282 2972 5353 auferentibus,
3002 5299 3188 5355 corpus
3215 5284 3398 5340 animat
3425 5285 3543 5358 viu-
3609 5331 3619 5350 ,

1950 5378 2162 5431 dicasse.
3154 5417 3167 5432 .
3596 5365 3602 5372 ‘

3421 5457 3425 5486 :

2023 5488 2110 5544 Vl.
2142 5488 2290 5554 Quod
2319 5487 2616 5558 paradoxou
2647 5489 2798 5542 etiam
2830 5489 3016 5543 Auctor
3045 5489 3125 5542 hic
3152 5459 3636 5572 εεευιηήξξιηηξ

1951 5582 2234 5636 tonicorum
2283 5590 2598 5650 argumenta,
2646 5580 2826 5650 quibus
2879 5582 3252 5652 incorporalem
3314 5562 3622 5647 animum”:

1952 5676 2261 5742 asserebant,
2287 5675 2410 5729 satis
2437 5674 2617 5745 frivola
2640 5675 2847 5744 refellit.
3410 5669 3412 5672 ’
3435 5671 3437 5674 ⁴

2027 5793 2136 5848 VII.
2167 5792 2282 5846 lmo
2329 5790 2740 5859 corporalilatem
2785 5790 2970 5848 animo:
2997 5807 3060 5846 ex
3089 5788 3372 5861 Evangelia
3421 5805 3540 5861 per-

1957 5905 2129 5960 peram
2152 5887 2363 5959 probare
2393 5885 2583 5938 nititur.
