  <div class='ocr_page' id='page_1' title='image "/cluster/home/n/w/nwhite01/storage/ocr_20150623/2/hvd.32044015466741/353.png"; bbox 0 0 4270 6498; ppageno 0'>
   <div class='ocr_carea' id='block_1_1' title="bbox 750 372 858 427">
    <p class='ocr_par' dir='ltr' id='par_1_1' title="bbox 750 372 858 427">
     <span class='ocr_line' id='line_1_1' title="bbox 750 372 858 427; baseline 0.019 -2"><span class='ocrx_word' id='word_1_1' title='bbox 750 372 858 427; x_wconf 62' lang='lat'><strong><em>653</em></strong></span> 
     </span>
    </p>
   </div>
   <div class='ocr_carea' id='block_1_2' title="bbox 2164 370 2622 428">
    <p class='ocr_par' dir='ltr' id='par_1_2' title="bbox 2164 370 2622 428">
     <span class='ocr_line' id='line_1_2' title="bbox 2164 370 2622 428; baseline -0.002 -2"><span class='ocrx_word' id='word_1_2' title='bbox 2164 370 2622 428; x_wconf 72' lang='lat' dir='ltr'><strong><em>TERTULLIANI</em></strong></span> 
     </span>
    </p>
   </div>
   <div class='ocr_carea' id='block_1_3' title="bbox 3934 375 4037 433">
    <p class='ocr_par' dir='ltr' id='par_1_3' title="bbox 3934 375 4037 433">
     <span class='ocr_line' id='line_1_3' title="bbox 3934 375 4037 433; baseline 0.029 -3"><span class='ocrx_word' id='word_1_3' title='bbox 3934 375 4037 433; x_wconf 69' lang='lat' dir='ltr'><strong><em>6M</em></strong></span> 
     </span>
    </p>
   </div>
   <div class='ocr_carea' id='block_1_4' title="bbox 826 483 4034 558">
    <p class='ocr_par' dir='ltr' id='par_1_4' title="bbox 826 483 4034 558">
     <span class='ocr_line' id='line_1_4' title="bbox 826 483 4034 558; baseline 0 -17"><span class='ocrx_word' id='word_1_4' title='bbox 826 486 958 542; x_wconf 87' lang='lat' dir='ltr'>VIII.</span> <span class='ocrx_word' id='word_1_5' title='bbox 992 487 1073 541; x_wconf 86' lang='lat' dir='ltr'><strong><em>Ad</em></strong></span> <span class='ocrx_word' id='word_1_6' title='bbox 1120 487 1223 541; x_wconf 89' lang='lat' dir='ltr'><strong><em>alia</em></strong></span> <span class='ocrx_word' id='word_1_7' title='bbox 1269 488 1447 540; x_wconf 90' lang='lat' dir='ltr'><strong><em>iterum</em></strong></span> <span class='ocrx_word' id='word_1_8' title='bbox 1488 483 1873 541; x_wconf 70' lang='lat' dir='ltr'><strong><em>Platonicorum</em></strong></span> <span class='ocrx_word' id='word_1_9' title='bbox 1915 497 2209 557; x_wconf 89' lang='lat' dir='ltr'><strong><em>argumenta</em></strong></span> <span class='ocrx_word' id='word_1_10' title='bbox 2240 504 2338 541; x_wconf 88' lang='lat' dir='ltr'><strong><em>rcs-</em></strong></span> <span class='ocrx_word' id='word_1_11' title='bbox 2373 486 2425 548; x_wconf 77' lang='lat' dir='ltr'><strong>A</strong></span> <span class='ocrx_word' id='word_1_12' title='bbox 2524 485 2685 541; x_wconf 88' lang='lat' dir='ltr'>XXII.</span> <span class='ocrx_word' id='word_1_13' title='bbox 2726 486 2979 552; x_wconf 85' lang='lat' dir='ltr'><strong><em>Quocirca</em></strong></span> <span class='ocrx_word' id='word_1_14' title='bbox 3014 488 3237 541; x_wconf 89' lang='lat' dir='ltr'><strong><em>animant</em></strong></span> <span class='ocrx_word' id='word_1_15' title='bbox 3265 488 3469 557; x_wconf 80' lang='lat' dir='ltr'><strong><em>deﬁniri</em></strong></span> <span class='ocrx_word' id='word_1_16' title='bbox 3501 507 3512 542; x_wconf 91' lang='lat'><strong>:</strong></span> <span class='ocrx_word' id='word_1_17' title='bbox 3551 486 3641 541; x_wconf 92' lang='lat' dir='ltr'><strong><em>Dei</em></strong></span> <span class='ocrx_word' id='word_1_18' title='bbox 3670 490 3797 558; x_wconf 78' lang='lat' dir='ltr'><strong><em>[iatn</em></strong></span> <span class='ocrx_word' id='word_1_19' title='bbox 3832 499 4034 556; x_wconf 89' lang='lat' dir='ltr'><strong><em>natant,</em></strong></span> 
     </span>
    </p>
   </div>
   <div class='ocr_carea' id='block_1_5' title="bbox 760 582 1006 652">
    <p class='ocr_par' dir='ltr' id='par_1_5' title="bbox 760 582 1006 652">
     <span class='ocr_line' id='line_1_5' title="bbox 760 582 1006 652; baseline -0.016 -16"><span class='ocrx_word' id='word_1_20' title='bbox 760 582 1006 652; x_wconf 85' lang='lat' dir='ltr'><strong><em>pandens.</em></strong></span> 
     </span>
    </p>
   </div>
   <div class='ocr_carea' id='block_1_6' title="bbox 838 674 2348 745">
    <p class='ocr_par' dir='ltr' id='par_1_6' title="bbox 838 674 2348 745">
     <span class='ocr_line' id='line_1_6' title="bbox 838 674 2348 745; baseline 0 -16"><span class='ocrx_word' id='word_1_21' title='bbox 838 674 929 729; x_wconf 95' lang='lat' dir='ltr'><strong><em>IX.</em></strong></span> <span class='ocrx_word' id='word_1_22' title='bbox 962 674 1135 739; x_wconf 83' lang='lat' dir='ltr'><strong><em>Quid?</em></strong></span> <span class='ocrx_word' id='word_1_23' title='bbox 1160 675 1292 743; x_wconf 87' lang='lat' dir='ltr'><strong><em>quod</em></strong></span> <span class='ocrx_word' id='word_1_24' title='bbox 1316 675 1522 745; x_wconf 76' lang='lat' dir='ltr'><strong><em>efﬁgiem</em></strong></span> <span class='ocrx_word' id='word_1_25' title='bbox 1558 691 1753 744; x_wconf 83' lang='lat' dir='ltr'><strong><em>quoque</em></strong></span> <span class='ocrx_word' id='word_1_26' title='bbox 1781 691 1879 728; x_wconf 92' lang='lat' dir='ltr'><strong><em>non</em></strong></span> <span class='ocrx_word' id='word_1_27' title='bbox 1913 684 2138 727; x_wconf 80' lang='lat' dir='ltr'><strong><em>vereatur</em></strong></span> <span class='ocrx_word' id='word_1_28' title='bbox 2165 676 2348 729; x_wconf 77' lang='lat' dir='ltr'><strong><em>anima:</em></strong></span> 
     </span>
    </p>
   </div>
   <div class='ocr_carea' id='block_1_7' title="bbox 765 768 2347 842">
    <p class='ocr_par' dir='ltr' id='par_1_7' title="bbox 765 768 2347 842">
     <span class='ocr_line' id='line_1_7' title="bbox 765 768 2347 842; baseline -0.002 -20"><span class='ocrx_word' id='word_1_29' title='bbox 765 770 1085 842; x_wconf 85' lang='lat' dir='ltr'><strong><em>quantumvis</em></strong></span> <span class='ocrx_word' id='word_1_30' title='bbox 1114 768 1387 821; x_wconf 88' lang='lat' dir='ltr'><strong><em>immortali</em></strong></span> <span class='ocrx_word' id='word_1_31' title='bbox 1417 768 1673 839; x_wconf 82' lang='lat' dir='ltr'><strong><em>a/ﬁngere,</em></strong></span> <span class='ocrx_word' id='word_1_32' title='bbox 1700 784 1911 835; x_wconf 81' lang='lat' dir='ltr'><strong><em>eamque</em></strong></span> <span class='ocrx_word' id='word_1_33' title='bbox 1932 768 2117 822; x_wconf 89' lang='lat' dir='ltr'><strong><em>coloris</em></strong></span> <span class='ocrx_word' id='word_1_34' title='bbox 2146 770 2281 821; x_wconf 82' lang='lat' dir='ltr'><strong><em>aerei</em></strong></span> <span class='ocrx_word' id='word_1_35' title='bbox 2304 778 2347 822; x_wconf 91' lang='lat' dir='ltr'><strong><em>et</em></strong></span> 
     </span>
    </p>
   </div>
   <div class='ocr_carea' id='block_1_8' title="bbox 765 862 940 916">
    <p class='ocr_par' dir='ltr' id='par_1_8' title="bbox 765 862 940 916">
     <span class='ocr_line' id='line_1_8' title="bbox 765 862 940 916; baseline 0 -1"><span class='ocrx_word' id='word_1_36' title='bbox 765 862 940 916; x_wconf 89' lang='lat' dir='ltr'><strong><em>lucidi.</em></strong></span> 
     </span>
    </p>
   </div>
   <div class='ocr_carea' id='block_1_9' title="bbox 840 954 2347 1026">
    <p class='ocr_par' dir='ltr' id='par_1_9' title="bbox 840 954 2347 1026">
     <span class='ocr_line' id='line_1_9' title="bbox 840 954 2347 1026; baseline -0.001 -16"><span class='ocrx_word' id='word_1_37' title='bbox 840 955 906 1011; x_wconf 82' lang='grc' dir='ltr'><strong>Χ.</strong></span> <span class='ocrx_word' id='word_1_38' title='bbox 948 955 1152 1010; x_wconf 82' lang='lat' dir='ltr'><strong><em>[lectius</em></strong></span> <span class='ocrx_word' id='word_1_39' title='bbox 1181 954 1416 1023; x_wconf 73' lang='lat' dir='ltr'><strong><em>deinceps</em></strong></span> <span class='ocrx_word' id='word_1_40' title='bbox 1448 970 1602 1007; x_wconf 91' lang='lat' dir='ltr'><strong><em>unum</em></strong></span> <span class='ocrx_word' id='word_1_41' title='bbox 1629 970 1733 1008; x_wconf 81' lang='lat' dir='ltr'><strong><em>esse</em></strong></span> <span class='ocrx_word' id='word_1_42' title='bbox 1759 954 1899 1008; x_wconf 89' lang='lat' dir='ltr'><strong><em>docet</em></strong></span> <span class='ocrx_word' id='word_1_43' title='bbox 1928 955 2149 1007; x_wconf 88' lang='lat' dir='ltr'><strong><em>animant</em></strong></span> <span class='ocrx_word' id='word_1_44' title='bbox 2173 965 2219 1008; x_wconf 90' lang='lat' dir='ltr'><strong><em>et</em></strong></span> <span class='ocrx_word' id='word_1_45' title='bbox 2242 956 2347 1026; x_wconf 85' lang='lat' dir='ltr'><strong><em>spi-</em></strong></span> 
     </span>
    </p>
   </div>
   <div class='ocr_carea' id='block_1_10' title="bbox 764 1047 2349 1117">
    <p class='ocr_par' dir='ltr' id='par_1_10' title="bbox 764 1047 2349 1117">
     <span class='ocr_line' id='line_1_10' title="bbox 764 1047 2349 1117; baseline -0.001 -15"><span class='ocrx_word' id='word_1_46' title='bbox 764 1050 941 1115; x_wconf 91' lang='lat' dir='ltr'><strong><em>ritunt,</em></strong></span> <span class='ocrx_word' id='word_1_47' title='bbox 972 1048 1129 1102; x_wconf 83' lang='lat' dir='ltr'><strong><em>vivere</em></strong></span> <span class='ocrx_word' id='word_1_48' title='bbox 1154 1057 1201 1101; x_wconf 91' lang='lat' dir='ltr'><strong><em>et</em></strong></span> <span class='ocrx_word' id='word_1_49' title='bbox 1231 1048 1447 1116; x_wconf 86' lang='lat' dir='ltr'><strong><em>spirare,</em></strong></span> <span class='ocrx_word' id='word_1_50' title='bbox 1479 1047 1553 1101; x_wconf 83' lang='lat' dir='ltr'><strong><em>vel</em></strong></span> <span class='ocrx_word' id='word_1_51' title='bbox 1574 1063 1635 1101; x_wconf 73' lang='lat' dir='ltr'><strong><em>ex</em></strong></span> <span class='ocrx_word' id='word_1_52' title='bbox 1656 1064 1711 1101; x_wconf 89' lang='lat' dir='ltr'><strong><em>eo</em></strong></span> <span class='ocrx_word' id='word_1_53' title='bbox 1742 1049 1877 1117; x_wconf 89' lang='lat' dir='ltr'><strong><em>quod</em></strong></span> <span class='ocrx_word' id='word_1_54' title='bbox 1917 1048 1983 1100; x_wconf 86' lang='lat' dir='ltr'><strong><em>ad</em></strong></span> <span class='ocrx_word' id='word_1_55' title='bbox 2009 1058 2197 1101; x_wconf 89' lang='lat' dir='ltr'><strong><em>statum</em></strong></span> <span class='ocrx_word' id='word_1_56' title='bbox 2228 1049 2349 1116; x_wconf 92' lang='lat' dir='ltr'><strong><em>ﬁdei</em></strong></span> 
     </span>
    </p>
   </div>
   <div class='ocr_carea' id='block_1_11' title="bbox 764 1138 2349 1212">
    <p class='ocr_par' dir='ltr' id='par_1_11' title="bbox 764 1138 2349 1212">
     <span class='ocr_line' id='line_1_11' title="bbox 764 1138 2349 1212; baseline -0.001 -16"><span class='ocrx_word' id='word_1_57' title='bbox 764 1142 1018 1212; x_wconf 87' lang='lat' dir='ltr'><strong><em>pertinet,</em></strong></span> <span class='ocrx_word' id='word_1_58' title='bbox 1070 1139 1349 1210; x_wconf 72' lang='lat' dir='ltr'><strong><em>simplicem</em></strong></span> <span class='ocrx_word' id='word_1_59' title='bbox 1401 1138 1628 1193; x_wconf 88' lang='lat' dir='ltr'><strong><em>anintam</em></strong></span> <span class='ocrx_word' id='word_1_60' title='bbox 1682 1139 2021 1194; x_wconf 83' lang='lat' dir='ltr'><strong><em>detertnt&#39;nare</em></strong></span> <span class='ocrx_word' id='word_1_61' title='bbox 2076 1142 2349 1195; x_wconf 75' lang='lat' dir='ltr'><strong><em>secundum</em></strong></span> 
     </span>
    </p>
   </div>
   <div class='ocr_carea' id='block_1_12' title="bbox 761 1234 1055 1291">
    <p class='ocr_par' dir='ltr' id='par_1_12' title="bbox 761 1234 1055 1291">
     <span class='ocr_line' id='line_1_12' title="bbox 761 1234 1055 1291; baseline -0.01 0"><span class='ocrx_word' id='word_1_62' title='bbox 761 1234 1055 1291; x_wconf 86' lang='lat' dir='ltr'><strong><em>Plutonem.</em></strong></span> 
     </span>
    </p>
   </div>
   <div class='ocr_carea' id='block_1_13' title="bbox 834 1324 2351 1398">
    <p class='ocr_par' dir='ltr' id='par_1_13' title="bbox 834 1324 2351 1398">
     <span class='ocr_line' id='line_1_13' title="bbox 834 1324 2351 1398; baseline -0.003 -15"><span class='ocrx_word' id='word_1_63' title='bbox 834 1327 925 1383; x_wconf 87' lang='lat' dir='ltr'><strong><em>XI.</em></strong></span> <span class='ocrx_word' id='word_1_64' title='bbox 958 1326 1042 1382; x_wconf 88' lang='lat' dir='ltr'><strong><em>Ita</em></strong></span> <span class='ocrx_word' id='word_1_65' title='bbox 1074 1338 1237 1382; x_wconf 87' lang='lat' dir='ltr'><strong><em>tamen</em></strong></span> <span class='ocrx_word' id='word_1_66' title='bbox 1267 1328 1498 1398; x_wconf 73' lang='lat' dir='ltr'><strong><em>spiritum</em></strong></span> <span class='ocrx_word' id='word_1_67' title='bbox 1526 1328 1750 1381; x_wconf 89' lang='lat' dir='ltr'><strong><em>anintant</em></strong></span> <span class='ocrx_word' id='word_1_68' title='bbox 1795 1328 1895 1381; x_wconf 89' lang='lat' dir='ltr'><strong><em>dici</em></strong></span> <span class='ocrx_word' id='word_1_69' title='bbox 1923 1368 1938 1394; x_wconf 93' lang='lat'><strong><em>,</em></strong></span> <span class='ocrx_word' id='word_1_70' title='bbox 1971 1337 2023 1381; x_wconf 88' lang='lat' dir='ltr'><strong><em>ut</em></strong></span> <span class='ocrx_word' id='word_1_71' title='bbox 2051 1343 2208 1395; x_wconf 88' lang='lat' dir='ltr'><strong><em>neque</em></strong></span> <span class='ocrx_word' id='word_1_72' title='bbox 2253 1324 2351 1380; x_wconf 91' lang='lat' dir='ltr'><strong><em>Dei</em></strong></span> 
     </span>
    </p>
   </div>
   <div class='ocr_carea' id='block_1_14' title="bbox 759 1420 2350 1493">
    <p class='ocr_par' dir='ltr' id='par_1_14' title="bbox 759 1420 2350 1493">
     <span class='ocr_line' id='line_1_14' title="bbox 759 1420 2350 1493; baseline -0.001 -17"><span class='ocrx_word' id='word_1_73' title='bbox 759 1423 969 1491; x_wconf 85' lang='lat' dir='ltr'><strong><em>spiritus</em></strong></span> <span class='ocrx_word' id='word_1_74' title='bbox 996 1423 1079 1487; x_wconf 90' lang='lat' dir='ltr'><strong><em>sit,</em></strong></span> <span class='ocrx_word' id='word_1_75' title='bbox 1109 1423 1245 1491; x_wconf 88' lang='lat' dir='ltr'><strong><em>quod</em></strong></span> <span class='ocrx_word' id='word_1_76' title='bbox 1288 1422 1547 1476; x_wconf 85' lang='lat' dir='ltr'><strong><em>videbatur</em></strong></span> <span class='ocrx_word' id='word_1_77' title='bbox 1580 1420 1917 1493; x_wconf 86' lang='lat' dir='ltr'><strong><em>Ilerntogenes</em></strong></span> <span class='ocrx_word' id='word_1_78' title='bbox 1963 1423 2164 1488; x_wconf 85' lang='lat' dir='ltr'><strong><em>sentire,</em></strong></span> <span class='ocrx_word' id='word_1_79' title='bbox 2194 1437 2350 1491; x_wconf 90' lang='lat' dir='ltr'><strong><em>neque</em></strong></span> 
     </span>
    </p>
   </div>
   <div class='ocr_carea' id='block_1_15' title="bbox 758 1516 2351 1589">
    <p class='ocr_par' dir='ltr' id='par_1_15' title="bbox 758 1516 2351 1589">
     <span class='ocr_line' id='line_1_15' title="bbox 758 1516 2351 1589; baseline -0.002 -17"><span class='ocrx_word' id='word_1_80' title='bbox 758 1518 990 1586; x_wconf 81' lang='lat' dir='ltr'><strong><em>spiritale</em></strong></span> <span class='ocrx_word' id='word_1_81' title='bbox 1038 1518 1205 1572; x_wconf 84' lang='lat' dir='ltr'><strong><em>nescio</em></strong></span> <span class='ocrx_word' id='word_1_82' title='bbox 1250 1517 1388 1589; x_wconf 89' lang='lat' dir='ltr'><strong><em>quod</em></strong></span> <span class='ocrx_word' id='word_1_83' title='bbox 1430 1534 1598 1571; x_wconf 87' lang='lat' dir='ltr'><strong><em>semen</em></strong></span> <span class='ocrx_word' id='word_1_84' title='bbox 1640 1516 2113 1570; x_wconf 84' lang='lat' dir='ltr'><strong><em>Valentinianortun</em></strong></span> <span class='ocrx_word' id='word_1_85' title='bbox 2164 1516 2351 1569; x_wconf 83' lang='lat' dir='ltr'><strong><em>anima:</em></strong></span> 
     </span>
    </p>
   </div>
   <div class='ocr_carea' id='block_1_16' title="bbox 758 1610 1115 1664">
    <p class='ocr_par' dir='ltr' id='par_1_16' title="bbox 758 1610 1115 1664">
     <span class='ocr_line' id='line_1_16' title="bbox 758 1610 1115 1664; baseline -0.008 0"><span class='ocrx_word' id='word_1_86' title='bbox 758 1610 1003 1664; x_wconf 84' lang='lat' dir='ltr'><strong><em>collatum</em></strong></span> <span class='ocrx_word' id='word_1_87' title='bbox 1032 1612 1115 1664; x_wconf 93' lang='lat' dir='ltr'><strong><em>sit.</em></strong></span> 
     </span>
    </p>
   </div>
   <div class='ocr_carea' id='block_1_17' title="bbox 832 1698 2349 1770">
    <p class='ocr_par' dir='ltr' id='par_1_17' title="bbox 832 1698 2349 1770">
     <span class='ocr_line' id='line_1_17' title="bbox 832 1698 2349 1770; baseline -0.003 -13"><span class='ocrx_word' id='word_1_88' title='bbox 832 1701 942 1757; x_wconf 89' lang='lat' dir='ltr'>XII.</span> <span class='ocrx_word' id='word_1_89' title='bbox 975 1702 1213 1756; x_wconf 78' lang='lat' dir='ltr'><strong><em>Animum</em></strong></span> <span class='ocrx_word' id='word_1_90' title='bbox 1237 1702 1359 1756; x_wconf 88' lang='lat' dir='ltr'><strong><em>item</em></strong></span> <span class='ocrx_word' id='word_1_91' title='bbox 1385 1702 1446 1754; x_wconf 91' lang='lat' dir='ltr'><strong><em>ab</em></strong></span> <span class='ocrx_word' id='word_1_92' title='bbox 1471 1702 1644 1755; x_wconf 89' lang='lat' dir='ltr'><strong><em>aninta</em></strong></span> <span class='ocrx_word' id='word_1_93' title='bbox 1667 1717 1765 1755; x_wconf 93' lang='lat' dir='ltr'><strong><em>non</em></strong></span> <span class='ocrx_word' id='word_1_94' title='bbox 1792 1702 2045 1770; x_wconf 88' lang='lat' dir='ltr'><strong><em>separari,</em></strong></span> <span class='ocrx_word' id='word_1_95' title='bbox 2071 1710 2243 1769; x_wconf 89' lang='lat' dir='ltr'><strong><em>utpote</em></strong></span> <span class='ocrx_word' id='word_1_96' title='bbox 2265 1698 2349 1769; x_wconf 91' lang='lat' dir='ltr'><strong><em>qui</em></strong></span> 
     </span>
    </p>
   </div>
   <div class='ocr_carea' id='block_1_18' title="bbox 761 1793 2350 1866">
    <p class='ocr_par' dir='ltr' id='par_1_18' title="bbox 761 1793 2350 1866">
     <span class='ocr_line' id='line_1_18' title="bbox 761 1793 2350 1866; baseline -0.003 -17"><span class='ocrx_word' id='word_1_97' title='bbox 761 1814 858 1850; x_wconf 91' lang='lat' dir='ltr'><strong><em>non</em></strong></span> <span class='ocrx_word' id='word_1_98' title='bbox 889 1797 1033 1850; x_wconf 83' lang='lat' dir='ltr'><strong><em>aliud</em></strong></span> <span class='ocrx_word' id='word_1_99' title='bbox 1074 1813 1225 1865; x_wconf 85' lang='lat' dir='ltr'><strong><em>quam</em></strong></span> <span class='ocrx_word' id='word_1_100' title='bbox 1262 1804 1544 1866; x_wconf 86' lang='lat' dir='ltr'><strong><em>suggestus,</em></strong></span> <span class='ocrx_word' id='word_1_101' title='bbox 1577 1796 1677 1848; x_wconf 84' lang='lat' dir='ltr'><strong><em>sive</em></strong></span> <span class='ocrx_word' id='word_1_102' title='bbox 1698 1806 1905 1847; x_wconf 88' lang='lat' dir='ltr'><strong><em>ornatus</em></strong></span> <span class='ocrx_word' id='word_1_103' title='bbox 1941 1794 2005 1847; x_wconf 87' lang='lat' dir='ltr'><strong><em>sit</em></strong></span> <span class='ocrx_word' id='word_1_104' title='bbox 2043 1793 2227 1846; x_wconf 76' lang='lat' dir='ltr'><strong><em>anima:</em></strong></span> <span class='ocrx_word' id='word_1_105' title='bbox 2252 1808 2350 1861; x_wconf 91' lang='lat' dir='ltr'><strong><em>quo</em></strong></span> 
     </span>
    </p>
   </div>
   <div class='ocr_carea' id='block_1_19' title="bbox 2452 580 4036 653">
    <p class='ocr_par' dir='ltr' id='par_1_19' title="bbox 2452 580 4036 653">
     <span class='ocr_line' id='line_1_19' title="bbox 2452 580 4036 653; baseline 0.002 -21"><span class='ocrx_word' id='word_1_106' title='bbox 2452 580 2805 646; x_wconf 81' lang='lat' dir='ltr'><strong><em>immortalem,</em></strong></span> <span class='ocrx_word' id='word_1_107' title='bbox 2841 584 3152 649; x_wconf 86' lang='lat' dir='ltr'><strong><em>corporalem</em></strong></span> <span class='ocrx_word' id='word_1_108' title='bbox 3182 580 3267 653; x_wconf 91' lang='lat' dir='ltr'><strong><em>(en</em></strong></span> <span class='ocrx_word' id='word_1_109' title='bbox 3291 583 3470 635; x_wconf 87' lang='lat' dir='ltr'><strong><em>iterum</em></strong></span> <span class='ocrx_word' id='word_1_110' title='bbox 3514 584 3816 653; x_wconf 69' lang='lat' dir='ltr'><strong><em>paradoxon</em></strong></span> <span class='ocrx_word' id='word_1_111' title='bbox 3852 584 4036 637; x_wconf 73' lang='lat' dir='ltr'><strong><em>.Iucto-</em></strong></span> 
     </span>
    </p>
   </div>
   <div class='ocr_carea' id='block_1_20' title="bbox 2450 672 4033 745">
    <p class='ocr_par' dir='ltr' id='par_1_20' title="bbox 2450 672 4033 745">
     <span class='ocr_line' id='line_1_20' title="bbox 2450 672 4033 745; baseline 0.003 -22"><span class='ocrx_word' id='word_1_112' title='bbox 2450 673 2542 741; x_wconf 84' lang='lat' dir='ltr'><strong><em>ris)</em></strong></span> <span class='ocrx_word' id='word_1_113' title='bbox 2568 672 2863 743; x_wconf 75' lang='lat' dir='ltr'><strong><em>elﬁgiatant,</em></strong></span> <span class='ocrx_word' id='word_1_114' title='bbox 2887 674 3167 726; x_wconf 84' lang='lat' dir='ltr'><strong><em>substantia</em></strong></span> <span class='ocrx_word' id='word_1_115' title='bbox 3195 673 3493 744; x_wconf 80' lang='lat' dir='ltr'><strong><em>simplicem,</em></strong></span> <span class='ocrx_word' id='word_1_116' title='bbox 3519 676 3580 727; x_wconf 91' lang='lat' dir='ltr'><strong><em>de</em></strong></span> <span class='ocrx_word' id='word_1_117' title='bbox 3607 692 3699 729; x_wconf 85' lang='lat' dir='ltr'><strong><em>sua</em></strong></span> <span class='ocrx_word' id='word_1_118' title='bbox 3741 677 4033 745; x_wconf 85' lang='lat' dir='ltr'><strong><em>patientem,</em></strong></span> 
     </span>
    </p>
   </div>
   <div class='ocr_carea' id='block_1_21' title="bbox 2452 765 4041 835">
    <p class='ocr_par' dir='ltr' id='par_1_21' title="bbox 2452 765 4041 835">
     <span class='ocr_line' id='line_1_21' title="bbox 2452 765 4041 835; baseline 0.003 -18"><span class='ocrx_word' id='word_1_119' title='bbox 2452 765 2585 818; x_wconf 88' lang='lat' dir='ltr'><strong><em>varie</em></strong></span> <span class='ocrx_word' id='word_1_120' title='bbox 2639 767 3020 835; x_wconf 87' lang='lat' dir='ltr'><strong><em>procedentem,</em></strong></span> <span class='ocrx_word' id='word_1_121' title='bbox 3074 766 3281 819; x_wconf 82' lang='lat' dir='ltr'><strong><em>liberam</em></strong></span> <span class='ocrx_word' id='word_1_122' title='bbox 3332 768 3569 831; x_wconf 89' lang='lat' dir='ltr'><strong><em>arbitrii,</em></strong></span> <span class='ocrx_word' id='word_1_123' title='bbox 3610 770 3903 823; x_wconf 88' lang='lat' dir='ltr'><strong><em>accidentiis</em></strong></span> <span class='ocrx_word' id='word_1_124' title='bbox 3956 769 4041 821; x_wconf 84' lang='lat' dir='ltr'><strong><em>ob-</em></strong></span> 
     </span>
    </p>
   </div>
   <div class='ocr_carea' id='block_1_22' title="bbox 2453 860 4039 931">
    <p class='ocr_par' dir='ltr' id='par_1_22' title="bbox 2453 860 4039 931">
     <span class='ocr_line' id='line_1_22' title="bbox 2453 860 4039 931; baseline 0.001 -18"><span class='ocrx_word' id='word_1_125' title='bbox 2453 860 2677 923; x_wconf 69' lang='lat' dir='ltr'><strong><em>noxiam,</em></strong></span> <span class='ocrx_word' id='word_1_126' title='bbox 2713 876 2801 928; x_wconf 88' lang='lat' dir='ltr'><strong><em>per</em></strong></span> <span class='ocrx_word' id='word_1_127' title='bbox 2830 861 3031 931; x_wconf 82' lang='lat' dir='ltr'><strong><em>ingenia</em></strong></span> <span class='ocrx_word' id='word_1_128' title='bbox 3063 860 3350 915; x_wconf 89' lang='lat' dir='ltr'><strong><em>mutabilem</em></strong></span> <span class='ocrx_word' id='word_1_129' title='bbox 3372 903 3384 924; x_wconf 92' lang='lat'><strong><em>,</em></strong></span> <span class='ocrx_word' id='word_1_130' title='bbox 3414 862 3716 915; x_wconf 86' lang='lat' dir='ltr'><strong><em>rationalem</em></strong></span> <span class='ocrx_word' id='word_1_131' title='bbox 3743 904 3756 928; x_wconf 93' lang='lat'><strong><em>,</em></strong></span> <span class='ocrx_word' id='word_1_132' title='bbox 3806 862 4039 915; x_wconf 87' lang='lat' dir='ltr'><strong><em>domina-</em></strong></span> 
     </span>
    </p>
   </div>
   <div class='ocr_carea' id='block_1_23' title="bbox 2454 953 3041 1017">
    <p class='ocr_par' dir='ltr' id='par_1_23' title="bbox 2454 953 3041 1017">
     <span class='ocr_line' id='line_1_23' title="bbox 2454 953 3041 1017; baseline 0.003 -12"><span class='ocrx_word' id='word_1_133' title='bbox 2454 955 2645 1017; x_wconf 81' lang='lat' dir='ltr'><strong><em>trieent,</em></strong></span> <span class='ocrx_word' id='word_1_134' title='bbox 2675 953 3041 1007; x_wconf 88' lang='lat' dir='ltr'><strong><em>divinatricem.</em></strong></span> 
     </span>
    </p>
   </div>
   <div class='ocr_carea' id='block_1_24' title="bbox 2525 1044 4040 1115">
    <p class='ocr_par' dir='ltr' id='par_1_24' title="bbox 2525 1044 4040 1115">
     <span class='ocr_line' id='line_1_24' title="bbox 2525 1044 4040 1115; baseline 0.002 -15"><span class='ocrx_word' id='word_1_135' title='bbox 2525 1045 2713 1100; x_wconf 87' lang='lat' dir='ltr'>XXIII.</span> <span class='ocrx_word' id='word_1_136' title='bbox 2750 1044 2885 1099; x_wconf 91' lang='lat' dir='ltr'><strong><em>Dum</em></strong></span> <span class='ocrx_word' id='word_1_137' title='bbox 2928 1047 3164 1113; x_wconf 80' lang='lat' dir='ltr'><strong><em>deinceps</em></strong></span> <span class='ocrx_word' id='word_1_138' title='bbox 3187 1046 3431 1115; x_wconf 80' lang='lat' dir='ltr'><strong><em>quteritnr</em></strong></span> <span class='ocrx_word' id='word_1_139' title='bbox 3476 1048 3607 1101; x_wconf 91' lang='lat' dir='ltr'><strong><em>unde</em></strong></span> <span class='ocrx_word' id='word_1_140' title='bbox 3642 1050 3813 1101; x_wconf 88' lang='lat' dir='ltr'><strong><em>anima</em></strong></span> <span class='ocrx_word' id='word_1_141' title='bbox 3835 1092 3848 1115; x_wconf 92' lang='lat'><strong><em>,</em></strong></span> <span class='ocrx_word' id='word_1_142' title='bbox 3882 1050 4040 1103; x_wconf 80' lang='lat' dir='ltr'><strong><em>Ita&#39;re-</em></strong></span> 
     </span>
    </p>
   </div>
   <div class='ocr_carea' id='block_1_25' title="bbox 2453 1140 4041 1212">
    <p class='ocr_par' dir='ltr' id='par_1_25' title="bbox 2453 1140 4041 1212">
     <span class='ocr_line' id='line_1_25' title="bbox 2453 1140 4041 1212; baseline 0.003 -19"><span class='ocrx_word' id='word_1_143' title='bbox 2453 1140 2576 1195; x_wconf 90' lang='lat' dir='ltr'><strong><em>ticos</em></strong></span> <span class='ocrx_word' id='word_1_144' title='bbox 2623 1140 2867 1208; x_wconf 86' lang='lat' dir='ltr'><strong><em>quosdam</em></strong></span> <span class='ocrx_word' id='word_1_145' title='bbox 2918 1157 3019 1194; x_wconf 85' lang='lat' dir='ltr'><strong><em>non</em></strong></span> <span class='ocrx_word' id='word_1_146' title='bbox 3058 1150 3189 1193; x_wconf 90' lang='lat' dir='ltr'><strong><em>recte</em></strong></span> <span class='ocrx_word' id='word_1_147' title='bbox 3234 1158 3341 1194; x_wconf 89' lang='lat' dir='ltr'><strong><em>eam</em></strong></span> <span class='ocrx_word' id='word_1_148' title='bbox 3396 1159 3423 1196; x_wconf 89' lang='lat' dir='ltr'><strong><em>e</em></strong></span> <span class='ocrx_word' id='word_1_149' title='bbox 3465 1143 3603 1197; x_wconf 77' lang='lat' dir='ltr'><strong><em>caelis</em></strong></span> <span class='ocrx_word' id='word_1_150' title='bbox 3635 1145 3862 1212; x_wconf 76' lang='lat' dir='ltr'><strong><em>deferre,</em></strong></span> <span class='ocrx_word' id='word_1_151' title='bbox 3894 1156 4041 1208; x_wconf 84' lang='lat' dir='ltr'><strong><em>atque</em></strong></span> 
     </span>
    </p>
   </div>
   <div class='ocr_carea' id='block_1_26' title="bbox 2453 1232 4041 1307">
    <p class='ocr_par' dir='ltr' id='par_1_26' title="bbox 2453 1232 4041 1307">
     <span class='ocr_line' id='line_1_26' title="bbox 2453 1232 4041 1307; baseline 0.003 -21"><span class='ocrx_word' id='word_1_152' title='bbox 2453 1232 2627 1287; x_wconf 89' lang='lat' dir='ltr'><strong><em>eodem</em></strong></span> <span class='ocrx_word' id='word_1_153' title='bbox 2665 1232 2947 1287; x_wconf 88' lang='lat' dir='ltr'><strong><em>indubitate</em></strong></span> <span class='ocrx_word' id='word_1_154' title='bbox 2996 1234 3273 1287; x_wconf 86' lang='lat' dir='ltr'><strong><em>redituram</em></strong></span> <span class='ocrx_word' id='word_1_155' title='bbox 3301 1250 3545 1305; x_wconf 80' lang='lat' dir='ltr'><strong><em>asserere,</em></strong></span> <span class='ocrx_word' id='word_1_156' title='bbox 3573 1254 3786 1307; x_wconf 89' lang='lat' dir='ltr'><strong><em>quorum</em></strong></span> <span class='ocrx_word' id='word_1_157' title='bbox 3819 1238 4041 1290; x_wconf 87' lang='lat' dir='ltr'><strong><em>onmiunt</em></strong></span> 
     </span>
    </p>
   </div>
   <div class='ocr_carea' id='block_1_27' title="bbox 2452 1323 3116 1381">
    <p class='ocr_par' dir='ltr' id='par_1_27' title="bbox 2452 1323 3116 1381">
     <span class='ocr_line' id='line_1_27' title="bbox 2452 1323 3116 1381; baseline 0.003 -2"><span class='ocrx_word' id='word_1_158' title='bbox 2452 1325 2908 1379; x_wconf 88' lang='lat' dir='ltr'><strong><em>condimentariunt</em></strong></span> <span class='ocrx_word' id='word_1_159' title='bbox 2944 1323 3116 1381; x_wconf 90' lang='lat' dir='ltr'><strong><em>Plato.</em></strong></span> 
     </span>
    </p>
   </div>
   <div class='ocr_carea' id='block_1_28' title="bbox 2526 1417 4041 1493">
    <p class='ocr_par' dir='ltr' id='par_1_28' title="bbox 2526 1417 4041 1493">
     <span class='ocr_line' id='line_1_28' title="bbox 2526 1417 4041 1493; baseline 0.003 -20"><span class='ocrx_word' id='word_1_160' title='bbox 2526 1418 2715 1473; x_wconf 86' lang='lat' dir='ltr'>XXIV.</span> <span class='ocrx_word' id='word_1_161' title='bbox 2752 1417 2953 1472; x_wconf 86' lang='lat' dir='ltr'><strong><em>Novum</em></strong></span> <span class='ocrx_word' id='word_1_162' title='bbox 2983 1420 3151 1490; x_wconf 90' lang='lat' dir='ltr'><strong><em>itaque</em></strong></span> <span class='ocrx_word' id='word_1_163' title='bbox 3181 1418 3417 1475; x_wconf 87' lang='lat' dir='ltr'><strong><em>Platonis</em></strong></span> <span class='ocrx_word' id='word_1_164' title='bbox 3462 1434 3817 1493; x_wconf 79' lang='lat' dir='ltr'><strong><em>argumentum</em></strong></span> <span class='ocrx_word' id='word_1_165' title='bbox 3864 1424 4041 1477; x_wconf 90' lang='lat' dir='ltr'><strong><em>elidit:</em></strong></span> 
     </span>
    </p>
   </div>
   <div class='ocr_carea' id='block_1_29' title="bbox 2454 1513 4043 1579">
    <p class='ocr_par' dir='ltr' id='par_1_29' title="bbox 2454 1513 4043 1579">
     <span class='ocr_line' id='line_1_29' title="bbox 2454 1513 4043 1579; baseline 0.002 -13"><span class='ocrx_word' id='word_1_166' title='bbox 2454 1513 2723 1568; x_wconf 89' lang='lat' dir='ltr'><strong><em>discentias</em></strong></span> <span class='ocrx_word' id='word_1_167' title='bbox 2751 1513 3145 1567; x_wconf 87' lang='lat' dir='ltr'><strong><em>reminiscentias</em></strong></span> <span class='ocrx_word' id='word_1_168' title='bbox 3178 1530 3305 1577; x_wconf 84' lang='lat' dir='ltr'><strong><em>esse,</em></strong></span> <span class='ocrx_word' id='word_1_169' title='bbox 3335 1516 3431 1568; x_wconf 89' lang='lat' dir='ltr'><strong><em>hoc</em></strong></span> <span class='ocrx_word' id='word_1_170' title='bbox 3468 1526 3563 1579; x_wconf 89' lang='lat' dir='ltr'><strong><em>est,</em></strong></span> <span class='ocrx_word' id='word_1_171' title='bbox 3589 1519 3841 1569; x_wconf 88' lang='lat' dir='ltr'><strong><em>venientes</em></strong></span> <span class='ocrx_word' id='word_1_172' title='bbox 3868 1533 3894 1569; x_wconf 89' lang='lat' dir='ltr'><strong><em>c</em></strong></span> <span class='ocrx_word' id='word_1_173' title='bbox 3920 1516 4043 1570; x_wconf 76' lang='lat' dir='ltr'><strong><em>etrlo</em></strong></span> 
     </span>
    </p>
   </div>
   <div class='ocr_carea' id='block_1_30' title="bbox 2453 1608 4039 1681">
    <p class='ocr_par' dir='ltr' id='par_1_30' title="bbox 2453 1608 4039 1681">
     <span class='ocr_line' id='line_1_30' title="bbox 2453 1608 4039 1681; baseline 0.003 -20"><span class='ocrx_word' id='word_1_174' title='bbox 2453 1608 2652 1661; x_wconf 87' lang='lat' dir='ltr'><strong><em>animas</em></strong></span> <span class='ocrx_word' id='word_1_175' title='bbox 2680 1609 2902 1661; x_wconf 82' lang='lat' dir='ltr'><strong><em>oblivisci</em></strong></span> <span class='ocrx_word' id='word_1_176' title='bbox 2926 1625 3099 1662; x_wconf 90' lang='lat' dir='ltr'><strong><em>eorum</em></strong></span> <span class='ocrx_word' id='word_1_177' title='bbox 3143 1610 3193 1663; x_wconf 90' lang='lat' dir='ltr'><strong><em>in</em></strong></span> <span class='ocrx_word' id='word_1_178' title='bbox 3238 1609 3417 1678; x_wconf 75' lang='lat' dir='ltr'><strong><em>quibus</em></strong></span> <span class='ocrx_word' id='word_1_179' title='bbox 3448 1612 3637 1681; x_wconf 79' lang='lat' dir='ltr'><strong><em>fuerint</em></strong></span> <span class='ocrx_word' id='word_1_180' title='bbox 3661 1611 3827 1681; x_wconf 81' lang='lat' dir='ltr'><strong><em>prius.</em></strong></span> <span class='ocrx_word' id='word_1_181' title='bbox 3858 1613 4039 1665; x_wconf 81' lang='lat' dir='ltr'><strong><em>dehinc</em></strong></span> 
     </span>
    </p>
   </div>
   <div class='ocr_carea' id='block_1_31' title="bbox 2455 1700 3539 1755">
    <p class='ocr_par' dir='ltr' id='par_1_31' title="bbox 2455 1700 3539 1755">
     <span class='ocr_line' id='line_1_31' title="bbox 2455 1700 3539 1755; baseline 0.002 -2"><span class='ocrx_word' id='word_1_182' title='bbox 2455 1715 2517 1753; x_wconf 69' lang='lat' dir='ltr'><strong><em>ex</em></strong></span> <span class='ocrx_word' id='word_1_183' title='bbox 2548 1700 2627 1752; x_wconf 90' lang='lat' dir='ltr'><strong><em>Itis</em></strong></span> <span class='ocrx_word' id='word_1_184' title='bbox 2649 1700 2926 1753; x_wconf 83' lang='lat' dir='ltr'><strong><em>visibilibus</em></strong></span> <span class='ocrx_word' id='word_1_185' title='bbox 2952 1702 3209 1755; x_wconf 86' lang='lat' dir='ltr'><strong><em>recordari</em></strong></span> <span class='ocrx_word' id='word_1_186' title='bbox 3231 1702 3539 1755; x_wconf 82' lang='lat' dir='ltr'><strong><em>earumdem.</em></strong></span> 
     </span>
    </p>
   </div>
   <div class='ocr_carea' id='block_1_32' title="bbox 2529 1788 4043 1864">
    <p class='ocr_par' dir='ltr' id='par_1_32' title="bbox 2529 1788 4043 1864">
     <span class='ocr_line' id='line_1_32' title="bbox 2529 1788 4043 1864; baseline 0.004 -21"><span class='ocrx_word' id='word_1_187' title='bbox 2529 1788 2694 1845; x_wconf 88' lang='lat' dir='ltr'>XXV.</span> <span class='ocrx_word' id='word_1_188' title='bbox 2730 1790 2847 1862; x_wconf 81' lang='lat' dir='ltr'><strong><em>Agit</em></strong></span> <span class='ocrx_word' id='word_1_189' title='bbox 2877 1792 3059 1846; x_wconf 92' lang='lat' dir='ltr'><strong><em>deinde</em></strong></span> <span class='ocrx_word' id='word_1_190' title='bbox 3084 1792 3325 1847; x_wconf 88' lang='lat' dir='ltr'><strong><em>adversus</em></strong></span> <span class='ocrx_word' id='word_1_191' title='bbox 3358 1793 3580 1859; x_wconf 81' lang='lat' dir='ltr'><strong><em>Stoicos,</em></strong></span> <span class='ocrx_word' id='word_1_192' title='bbox 3610 1805 3653 1846; x_wconf 91' lang='lat' dir='ltr'><strong><em>et</em></strong></span> <span class='ocrx_word' id='word_1_193' title='bbox 3684 1796 3851 1864; x_wconf 85' lang='lat' dir='ltr'><strong><em>ipsum</em></strong></span> <span class='ocrx_word' id='word_1_194' title='bbox 3889 1796 4043 1849; x_wconf 80' lang='lat' dir='ltr'><strong><em>inter-</em></strong></span> 
     </span>
    </p>
   </div>
   <div class='ocr_carea' id='block_1_33' title="bbox 760 1879 4046 1959">
    <p class='ocr_par' dir='ltr' id='par_1_33' title="bbox 760 1879 4046 1959">
     <span class='ocr_line' id='line_1_33' title="bbox 760 1879 4046 1959; baseline -0 -17"><span class='ocrx_word' id='word_1_195' title='bbox 760 1890 891 1959; x_wconf 88' lang='lat' dir='ltr'><strong><em>sapit</em></strong></span> <span class='ocrx_word' id='word_1_196' title='bbox 921 1905 938 1941; x_wconf 90' lang='lat'><strong><em>:</em></strong></span> <span class='ocrx_word' id='word_1_197' title='bbox 970 1888 1117 1957; x_wconf 84' lang='lat' dir='ltr'><strong><em>idque</em></strong></span> <span class='ocrx_word' id='word_1_198' title='bbox 1142 1898 1316 1941; x_wconf 89' lang='lat' dir='ltr'><strong><em>contra</em></strong></span> <span class='ocrx_word' id='word_1_199' title='bbox 1334 1887 1693 1959; x_wconf 78' lang='lat' dir='ltr'><strong><em>Anaxagoram</em></strong></span> <span class='ocrx_word' id='word_1_200' title='bbox 1712 1896 1757 1939; x_wconf 88' lang='lat' dir='ltr'><strong><em>et</em></strong></span> <span class='ocrx_word' id='word_1_201' title='bbox 1778 1886 2112 1950; x_wconf 82' lang='lat' dir='ltr'><strong><em>Aristotelem,</em></strong></span> <span class='ocrx_word' id='word_1_202' title='bbox 2138 1902 2349 1955; x_wconf 93' lang='lat' dir='ltr'><strong><em>quorum</em></strong></span> <span class='ocrx_word' id='word_1_203' title='bbox 2380 1879 2428 1940; x_wconf 90' lang='lat' dir='ltr'><strong>B</strong></span> <span class='ocrx_word' id='word_1_204' title='bbox 2458 1883 2577 1935; x_wconf 89' lang='lat' dir='ltr'><strong><em>dum</em></strong></span> <span class='ocrx_word' id='word_1_205' title='bbox 2611 1880 2898 1947; x_wconf 86' lang='lat' dir='ltr'><strong><em>Platonem,</em></strong></span> <span class='ocrx_word' id='word_1_206' title='bbox 2924 1884 3009 1953; x_wconf 87' lang='lat' dir='ltr'><strong><em>qui</em></strong></span> <span class='ocrx_word' id='word_1_207' title='bbox 3040 1894 3151 1952; x_wconf 87' lang='lat' dir='ltr'><strong><em>post</em></strong></span> <span class='ocrx_word' id='word_1_208' title='bbox 3182 1896 3382 1953; x_wconf 91' lang='lat' dir='ltr'><strong><em>partum</em></strong></span> <span class='ocrx_word' id='word_1_209' title='bbox 3413 1887 3612 1955; x_wconf 86' lang='lat' dir='ltr'><strong><em>corpori</em></strong></span> <span class='ocrx_word' id='word_1_210' title='bbox 3641 1888 3865 1941; x_wconf 88' lang='lat' dir='ltr'><strong><em>animant</em></strong></span> <span class='ocrx_word' id='word_1_211' title='bbox 3896 1888 4046 1942; x_wconf 85' lang='lat' dir='ltr'><strong><em>indu-</em></strong></span> 
     </span>
    </p>
   </div>
   <div class='ocr_carea' id='block_1_34' title="bbox 761 1977 2240 2048">
    <p class='ocr_par' dir='ltr' id='par_1_34' title="bbox 761 1977 2240 2048">
     <span class='ocr_line' id='line_1_34' title="bbox 761 1977 2240 2048; baseline -0.003 -15"><span class='ocrx_word' id='word_1_212' title='bbox 761 1981 847 2033; x_wconf 83' lang='lat' dir='ltr'><strong><em>ille</em></strong></span> <span class='ocrx_word' id='word_1_213' title='bbox 867 1979 1295 2043; x_wconf 88' lang='lat' dir='ltr'><strong><em>contmiscibilent,</em></strong></span> <span class='ocrx_word' id='word_1_214' title='bbox 1329 1980 1421 2033; x_wconf 84' lang='lat' dir='ltr'><strong><em>iste</em></strong></span> <span class='ocrx_word' id='word_1_215' title='bbox 1443 1979 1731 2048; x_wconf 82' lang='lat' dir='ltr'><strong><em>passibilem</em></strong></span> <span class='ocrx_word' id='word_1_216' title='bbox 1756 1979 1984 2030; x_wconf 87' lang='lat' dir='ltr'><strong><em>attintunt</em></strong></span> <span class='ocrx_word' id='word_1_217' title='bbox 2009 1977 2240 2048; x_wconf 79' lang='lat' dir='ltr'><strong><em>negabat.</em></strong></span> 
     </span>
    </p>
   </div>
   <div class='ocr_carea' id='block_1_35' title="bbox 834 2068 2351 2139">
    <p class='ocr_par' dir='ltr' id='par_1_35' title="bbox 834 2068 2351 2139">
     <span class='ocr_line' id='line_1_35' title="bbox 834 2068 2351 2139; baseline -0.002 -13"><span class='ocrx_word' id='word_1_218' title='bbox 834 2070 970 2126; x_wconf 91' lang='lat' dir='ltr'>XIII.</span> <span class='ocrx_word' id='word_1_219' title='bbox 1008 2072 1156 2139; x_wconf 82' lang='lat' dir='ltr'><strong><em>Quod</em></strong></span> <span class='ocrx_word' id='word_1_220' title='bbox 1183 2072 1334 2125; x_wconf 87' lang='lat' dir='ltr'><strong><em>etiam</em></strong></span> <span class='ocrx_word' id='word_1_221' title='bbox 1384 2070 1501 2122; x_wconf 89' lang='lat' dir='ltr'><strong><em>inde</em></strong></span> <span class='ocrx_word' id='word_1_222' title='bbox 1552 2070 1774 2139; x_wconf 82' lang='lat' dir='ltr'><strong><em>probat,</em></strong></span> <span class='ocrx_word' id='word_1_223' title='bbox 1819 2072 1953 2139; x_wconf 87' lang='lat' dir='ltr'><strong><em>quod</em></strong></span> <span class='ocrx_word' id='word_1_224' title='bbox 1996 2068 2351 2138; x_wconf 82' lang='lat' dir='ltr'><strong><em>principalitas</em></strong></span> 
     </span>
    </p>
   </div>
   <div class='ocr_carea' id='block_1_36' title="bbox 759 2160 2351 2227">
    <p class='ocr_par' dir='ltr' id='par_1_36' title="bbox 759 2160 2351 2227">
     <span class='ocr_line' id='line_1_36' title="bbox 759 2160 2351 2227; baseline 0.001 -13"><span class='ocrx_word' id='word_1_225' title='bbox 759 2163 965 2225; x_wconf 78' lang='lat' dir='ltr'><strong><em>aniintv,</em></strong></span> <span class='ocrx_word' id='word_1_226' title='bbox 991 2180 1092 2215; x_wconf 93' lang='lat' dir='ltr'><strong><em>non</em></strong></span> <span class='ocrx_word' id='word_1_227' title='bbox 1120 2164 1289 2214; x_wconf 91' lang='lat' dir='ltr'><strong><em>animo</em></strong></span> <span class='ocrx_word' id='word_1_228' title='bbox 1315 2162 1563 2215; x_wconf 89' lang='lat' dir='ltr'><strong><em>tribuatur</em></strong></span> <span class='ocrx_word' id='word_1_229' title='bbox 1584 2178 1602 2227; x_wconf 80' lang='lat'><strong><em>,&#39;</em></strong></span> <span class='ocrx_word' id='word_1_230' title='bbox 1628 2165 1779 2215; x_wconf 89' lang='lat' dir='ltr'><strong><em>etiam</em></strong></span> <span class='ocrx_word' id='word_1_231' title='bbox 1808 2162 2034 2214; x_wconf 85' lang='lat' dir='ltr'><strong><em>animum</em></strong></span> <span class='ocrx_word' id='word_1_232' title='bbox 2057 2160 2194 2215; x_wconf 85' lang='lat' dir='ltr'><strong><em>Deus</em></strong></span> <span class='ocrx_word' id='word_1_233' title='bbox 2222 2177 2351 2215; x_wconf 82' lang='lat' dir='ltr'><strong><em>sent-</em></strong></span> 
     </span>
    </p>
   </div>
   <div class='ocr_carea' id='block_1_37' title="bbox 763 2256 1583 2327">
    <p class='ocr_par' dir='ltr' id='par_1_37' title="bbox 763 2256 1583 2327">
     <span class='ocr_line' id='line_1_37' title="bbox 763 2256 1583 2327; baseline 0 -20"><span class='ocrx_word' id='word_1_234' title='bbox 763 2275 851 2327; x_wconf 87' lang='lat' dir='ltr'><strong><em>per</em></strong></span> <span class='ocrx_word' id='word_1_235' title='bbox 877 2257 1187 2325; x_wconf 77' lang='lat' dir='ltr'><strong><em>alloquatur,</em></strong></span> <span class='ocrx_word' id='word_1_236' title='bbox 1218 2272 1316 2309; x_wconf 87' lang='lat' dir='ltr'><strong><em>non</em></strong></span> <span class='ocrx_word' id='word_1_237' title='bbox 1340 2256 1583 2308; x_wconf 91' lang='lat' dir='ltr'><strong><em>animum.</em></strong></span> 
     </span>
    </p>
   </div>
   <div class='ocr_carea' id='block_1_38' title="bbox 833 2347 2354 2417">
    <p class='ocr_par' dir='ltr' id='par_1_38' title="bbox 833 2347 2354 2417">
     <span class='ocr_line' id='line_1_38' title="bbox 833 2347 2354 2417; baseline -0.003 -12"><span class='ocrx_word' id='word_1_238' title='bbox 833 2350 969 2405; x_wconf 89' lang='lat' dir='ltr'>XIV.</span> <span class='ocrx_word' id='word_1_239' title='bbox 996 2350 1121 2404; x_wconf 85' lang='lat' dir='ltr'><strong><em>Cum</em></strong></span> <span class='ocrx_word' id='word_1_240' title='bbox 1141 2361 1305 2403; x_wconf 81' lang='lat' dir='ltr'><strong><em>autent</em></strong></span> <span class='ocrx_word' id='word_1_241' title='bbox 1330 2351 1574 2403; x_wconf 87' lang='lat' dir='ltr'><strong><em>diriditur</em></strong></span> <span class='ocrx_word' id='word_1_242' title='bbox 1596 2351 1764 2403; x_wconf 90' lang='lat' dir='ltr'><strong><em>anima</em></strong></span> <span class='ocrx_word' id='word_1_243' title='bbox 1794 2351 1845 2401; x_wconf 89' lang='lat' dir='ltr'><strong><em>in</em></strong></span> <span class='ocrx_word' id='word_1_244' title='bbox 1878 2362 2043 2417; x_wconf 88' lang='lat' dir='ltr'><strong><em>partes</em></strong></span> <span class='ocrx_word' id='word_1_245' title='bbox 2070 2366 2099 2401; x_wconf 94' lang='lat' dir='ltr'><strong><em>a</em></strong></span> <span class='ocrx_word' id='word_1_246' title='bbox 2132 2347 2354 2401; x_wconf 85' lang='lat' dir='ltr'><strong><em>Platone</em></strong></span> 
     </span>
    </p>
   </div>
   <div class='ocr_carea' id='block_1_39' title="bbox 760 2440 2349 2511">
    <p class='ocr_par' dir='ltr' id='par_1_39' title="bbox 760 2440 2349 2511">
     <span class='ocr_line' id='line_1_39' title="bbox 760 2440 2349 2511; baseline -0.003 -16"><span class='ocrx_word' id='word_1_247' title='bbox 760 2454 846 2497; x_wconf 90' lang='lat' dir='ltr'><strong><em>aut</em></strong></span> <span class='ocrx_word' id='word_1_248' title='bbox 868 2445 980 2497; x_wconf 82' lang='lat' dir='ltr'><strong><em>aliis</em></strong></span> <span class='ocrx_word' id='word_1_249' title='bbox 1006 2486 1020 2509; x_wconf 94' lang='lat'><strong><em>,</em></strong></span> <span class='ocrx_word' id='word_1_250' title='bbox 1046 2443 1174 2496; x_wconf 83' lang='lat' dir='ltr'><strong><em>vires</em></strong></span> <span class='ocrx_word' id='word_1_251' title='bbox 1213 2454 1257 2496; x_wconf 89' lang='lat' dir='ltr'><strong><em>et</em></strong></span> <span class='ocrx_word' id='word_1_252' title='bbox 1302 2443 1549 2511; x_wconf 76' lang='lat' dir='ltr'><strong><em>efﬁcacius</em></strong></span> <span class='ocrx_word' id='word_1_253' title='bbox 1581 2452 1625 2493; x_wconf 91' lang='lat' dir='ltr'><strong><em>et</em></strong></span> <span class='ocrx_word' id='word_1_254' title='bbox 1651 2459 1832 2510; x_wconf 74' lang='lat' dir='ltr'><strong><em>aperas</em></strong></span> <span class='ocrx_word' id='word_1_255' title='bbox 1860 2443 2084 2496; x_wconf 84' lang='lat' dir='ltr'><strong><em>diversas</em></strong></span> <span class='ocrx_word' id='word_1_256' title='bbox 2117 2440 2349 2510; x_wconf 80' lang='lat' dir='ltr'><strong><em>intelligi,</em></strong></span> 
     </span>
    </p>
   </div>
   <div class='ocr_carea' id='block_1_40' title="bbox 760 2534 2354 2604">
    <p class='ocr_par' dir='ltr' id='par_1_40' title="bbox 760 2534 2354 2604">
     <span class='ocr_line' id='line_1_40' title="bbox 760 2534 2354 2604; baseline -0.002 -15"><span class='ocrx_word' id='word_1_257' title='bbox 760 2538 906 2589; x_wconf 80' lang='lat' dir='ltr'><strong><em>sicuti</em></strong></span> <span class='ocrx_word' id='word_1_258' title='bbox 934 2535 996 2587; x_wconf 86' lang='lat' dir='ltr'><strong><em>de</em></strong></span> <span class='ocrx_word' id='word_1_259' title='bbox 1036 2534 1336 2604; x_wconf 77' lang='lat' dir='ltr'><strong><em>quibusdam</em></strong></span> <span class='ocrx_word' id='word_1_260' title='bbox 1364 2535 1520 2586; x_wconf 90' lang='lat' dir='ltr'><strong><em>etiam</em></strong></span> <span class='ocrx_word' id='word_1_261' title='bbox 1568 2534 1810 2587; x_wconf 75' lang='lat' dir='ltr'><strong><em>Aristides</em></strong></span> <span class='ocrx_word' id='word_1_262' title='bbox 1858 2534 2129 2599; x_wconf 86' lang='lat' dir='ltr'><strong><em>indicavit,</em></strong></span> <span class='ocrx_word' id='word_1_263' title='bbox 2182 2543 2354 2603; x_wconf 89' lang='lat' dir='ltr'><strong><em>utpote</em></strong></span> 
     </span>
    </p>
   </div>
   <div class='ocr_carea' id='block_1_41' title="bbox 762 2626 2351 2696">
    <p class='ocr_par' dir='ltr' id='par_1_41' title="bbox 762 2626 2351 2696">
     <span class='ocr_line' id='line_1_41' title="bbox 762 2626 2351 2696; baseline -0.002 -15"><span class='ocrx_word' id='word_1_264' title='bbox 762 2628 909 2681; x_wconf 84' lang='lat' dir='ltr'><strong><em>etiam</em></strong></span> <span class='ocrx_word' id='word_1_265' title='bbox 939 2627 1045 2695; x_wconf 87' lang='lat' dir='ltr'><strong><em>ipse</em></strong></span> <span class='ocrx_word' id='word_1_266' title='bbox 1074 2642 1185 2679; x_wconf 90' lang='lat' dir='ltr'><strong><em>cum</em></strong></span> <span class='ocrx_word' id='word_1_267' title='bbox 1217 2626 1331 2679; x_wconf 89' lang='lat' dir='ltr'><strong><em>aliis</em></strong></span> <span class='ocrx_word' id='word_1_268' title='bbox 1362 2627 1614 2696; x_wconf 85' lang='lat' dir='ltr'><strong><em>plerisque</em></strong></span> <span class='ocrx_word' id='word_1_269' title='bbox 1658 2627 1903 2680; x_wconf 87' lang='lat' dir='ltr'><strong><em>unitatem</em></strong></span> <span class='ocrx_word' id='word_1_270' title='bbox 1951 2626 2136 2679; x_wconf 78' lang='lat' dir='ltr'><strong><em>anima:</em></strong></span> <span class='ocrx_word' id='word_1_271' title='bbox 2164 2642 2351 2696; x_wconf 89' lang='lat' dir='ltr'><strong><em>agnos-</em></strong></span> 
     </span>
    </p>
   </div>
   <div class='ocr_carea' id='block_1_42' title="bbox 761 2735 895 2773">
    <p class='ocr_par' dir='ltr' id='par_1_42' title="bbox 761 2735 895 2773">
     <span class='ocr_line' id='line_1_42' title="bbox 761 2735 895 2773; baseline -0.03 0"><span class='ocrx_word' id='word_1_272' title='bbox 761 2735 895 2773; x_wconf 87' lang='lat' dir='ltr'><strong><em>cens.</em></strong></span> 
     </span>
    </p>
   </div>
   <div class='ocr_carea' id='block_1_43' title="bbox 834 2808 2353 2881">
    <p class='ocr_par' dir='ltr' id='par_1_43' title="bbox 834 2808 2353 2881">
     <span class='ocr_line' id='line_1_43' title="bbox 834 2808 2353 2881; baseline -0.001 -18"><span class='ocrx_word' id='word_1_273' title='bbox 834 2808 949 2863; x_wconf 92' lang='lat' dir='ltr'><strong><em>XV.</em></strong></span> <span class='ocrx_word' id='word_1_274' title='bbox 988 2808 1359 2881; x_wconf 90' lang='lat' dir='ltr'><strong><em>Ilegemonicon</em></strong></span> <span class='ocrx_word' id='word_1_275' title='bbox 1390 2812 1628 2873; x_wconf 87' lang='lat' dir='ltr'><strong><em>interim,</em></strong></span> <span class='ocrx_word' id='word_1_276' title='bbox 1667 2812 1719 2863; x_wconf 87' lang='lat' dir='ltr'><strong><em>id</em></strong></span> <span class='ocrx_word' id='word_1_277' title='bbox 1755 2822 1848 2875; x_wconf 88' lang='lat' dir='ltr'><strong><em>est,</em></strong></span> <span class='ocrx_word' id='word_1_278' title='bbox 1880 2826 2129 2863; x_wconf 85' lang='lat' dir='ltr'><strong><em>sumntum</em></strong></span> <span class='ocrx_word' id='word_1_279' title='bbox 2157 2810 2207 2863; x_wconf 92' lang='lat' dir='ltr'><strong><em>in</em></strong></span> <span class='ocrx_word' id='word_1_280' title='bbox 2236 2810 2353 2863; x_wconf 84' lang='lat' dir='ltr'><strong><em>atti-</em></strong></span> 
     </span>
    </p>
   </div>
   <div class='ocr_carea' id='block_1_44' title="bbox 762 2902 2355 2973">
    <p class='ocr_par' dir='ltr' id='par_1_44' title="bbox 762 2902 2355 2973">
     <span class='ocr_line' id='line_1_44' title="bbox 762 2902 2355 2973; baseline 0.002 -20"><span class='ocrx_word' id='word_1_281' title='bbox 762 2918 843 2954; x_wconf 88' lang='lat' dir='ltr'><strong><em>ma</em></strong></span> <span class='ocrx_word' id='word_1_282' title='bbox 870 2902 1086 2972; x_wconf 89' lang='lat' dir='ltr'><strong><em>gradum</em></strong></span> <span class='ocrx_word' id='word_1_283' title='bbox 1116 2902 1489 2971; x_wconf 88' lang='lat' dir='ltr'><strong><em>sapientialem,</em></strong></span> <span class='ocrx_word' id='word_1_284' title='bbox 1523 2913 1849 2973; x_wconf 88' lang='lat' dir='ltr'><strong><em>contraquam</em></strong></span> <span class='ocrx_word' id='word_1_285' title='bbox 1873 2904 2152 2956; x_wconf 89' lang='lat' dir='ltr'><strong><em>sentiebant</em></strong></span> <span class='ocrx_word' id='word_1_286' title='bbox 2181 2902 2355 2957; x_wconf 82' lang='lat' dir='ltr'><strong><em>Ascle-</em></strong></span> 
     </span>
    </p>
   </div>
   <div class='ocr_carea' id='block_1_45' title="bbox 764 2992 2356 3066">
    <p class='ocr_par' dir='ltr' id='par_1_45' title="bbox 764 2992 2356 3066">
     <span class='ocr_line' id='line_1_45' title="bbox 764 2992 2356 3066; baseline 0.001 -21"><span class='ocrx_word' id='word_1_287' title='bbox 764 2993 939 3063; x_wconf 84' lang='lat' dir='ltr'><strong><em>piades</em></strong></span> <span class='ocrx_word' id='word_1_288' title='bbox 968 3004 1015 3047; x_wconf 89' lang='lat' dir='ltr'><strong><em>et</em></strong></span> <span class='ocrx_word' id='word_1_289' title='bbox 1046 2992 1393 3061; x_wconf 79' lang='lat' dir='ltr'><strong><em>Dicwarchus,</em></strong></span> <span class='ocrx_word' id='word_1_290' title='bbox 1422 3011 1535 3047; x_wconf 90' lang='lat' dir='ltr'><strong><em>cum</em></strong></span> <span class='ocrx_word' id='word_1_291' title='bbox 1558 2993 1777 3050; x_wconf 87' lang='lat' dir='ltr'><strong><em>Plutone</em></strong></span> <span class='ocrx_word' id='word_1_292' title='bbox 1800 3006 1844 3048; x_wconf 87' lang='lat' dir='ltr'><strong><em>et</em></strong></span> <span class='ocrx_word' id='word_1_293' title='bbox 1869 2996 2135 3050; x_wconf 74' lang='lat' dir='ltr'><strong><em>Aristotele</em></strong></span> <span class='ocrx_word' id='word_1_294' title='bbox 2150 2995 2356 3066; x_wconf 85' lang='lat' dir='ltr'><strong><em>agnosci</em></strong></span> 
     </span>
    </p>
   </div>
   <div class='ocr_carea' id='block_1_46' title="bbox 762 3084 2019 3157">
    <p class='ocr_par' dir='ltr' id='par_1_46' title="bbox 762 3084 2019 3157">
     <span class='ocr_line' id='line_1_46' title="bbox 762 3084 2019 3157; baseline 0.002 -19"><span class='ocrx_word' id='word_1_295' title='bbox 762 3085 917 3138; x_wconf 86' lang='lat' dir='ltr'><strong><em>etiam</em></strong></span> <span class='ocrx_word' id='word_1_296' title='bbox 946 3101 977 3139; x_wconf 89' lang='lat' dir='ltr'><strong><em>a</em></strong></span> <span class='ocrx_word' id='word_1_297' title='bbox 1002 3084 1324 3153; x_wconf 80' lang='lat' dir='ltr'><strong><em>Christianis,</em></strong></span> <span class='ocrx_word' id='word_1_298' title='bbox 1357 3087 1507 3157; x_wconf 86' lang='lat' dir='ltr'><strong><em>idque</em></strong></span> <span class='ocrx_word' id='word_1_299' title='bbox 1532 3090 1582 3140; x_wconf 89' lang='lat' dir='ltr'><strong><em>in</em></strong></span> <span class='ocrx_word' id='word_1_300' title='bbox 1610 3105 1806 3142; x_wconf 85' lang='lat' dir='ltr'><strong><em>recessu</em></strong></span> <span class='ocrx_word' id='word_1_301' title='bbox 1833 3089 2019 3141; x_wconf 80' lang='lat' dir='ltr'><strong><em>cordis.</em></strong></span> 
     </span>
    </p>
   </div>
   <div class='ocr_carea' id='block_1_47' title="bbox 836 3177 2355 3249">
    <p class='ocr_par' dir='ltr' id='par_1_47' title="bbox 836 3177 2355 3249">
     <span class='ocr_line' id='line_1_47' title="bbox 836 3177 2355 3249; baseline -0.001 -16"><span class='ocrx_word' id='word_1_302' title='bbox 836 3177 969 3233; x_wconf 85' lang='lat' dir='ltr'>XVI.</span> <span class='ocrx_word' id='word_1_303' title='bbox 1004 3178 1084 3233; x_wconf 81' lang='lat' dir='ltr'><strong><em>Ad</em></strong></span> <span class='ocrx_word' id='word_1_304' title='bbox 1108 3179 1260 3249; x_wconf 91' lang='lat' dir='ltr'><strong><em>ﬁdem</em></strong></span> <span class='ocrx_word' id='word_1_305' title='bbox 1302 3197 1498 3249; x_wconf 87' lang='lat' dir='ltr'><strong><em>quoque</em></strong></span> <span class='ocrx_word' id='word_1_306' title='bbox 1524 3181 1794 3248; x_wconf 87' lang='lat' dir='ltr'><strong><em>pertinere,</em></strong></span> <span class='ocrx_word' id='word_1_307' title='bbox 1825 3180 1960 3247; x_wconf 86' lang='lat' dir='ltr'><strong><em>quod</em></strong></span> <span class='ocrx_word' id='word_1_308' title='bbox 1995 3180 2145 3234; x_wconf 80' lang='lat' dir='ltr'><strong><em>Plato</em></strong></span> <span class='ocrx_word' id='word_1_309' title='bbox 2190 3179 2355 3247; x_wconf 83' lang='lat' dir='ltr'><strong><em>parti-</em></strong></span> 
     </span>
    </p>
   </div>
   <div class='ocr_carea' id='block_1_48' title="bbox 2455 1974 3878 2048">
    <p class='ocr_par' dir='ltr' id='par_1_48' title="bbox 2455 1974 3878 2048">
     <span class='ocr_line' id='line_1_48' title="bbox 2455 1974 3878 2048; baseline 0.006 -23"><span class='ocrx_word' id='word_1_310' title='bbox 2455 1983 2594 2033; x_wconf 85' lang='lat' dir='ltr'><strong><em>cunt,</em></strong></span> <span class='ocrx_word' id='word_1_311' title='bbox 2627 1989 2689 2026; x_wconf 77' lang='lat' dir='ltr'><strong><em>ex</em></strong></span> <span class='ocrx_word' id='word_1_312' title='bbox 2717 1974 2846 2026; x_wconf 90' lang='lat' dir='ltr'><strong><em>aeris</em></strong></span> <span class='ocrx_word' id='word_1_313' title='bbox 2879 1976 3053 2043; x_wconf 79' lang='lat' dir='ltr'><strong><em>frigidi</em></strong></span> <span class='ocrx_word' id='word_1_314' title='bbox 3075 1977 3245 2045; x_wconf 84' lang='lat' dir='ltr'><strong><em>pulsu,</em></strong></span> <span class='ocrx_word' id='word_1_315' title='bbox 3270 1988 3356 2029; x_wconf 93' lang='lat' dir='ltr'><strong><em>aut</em></strong></span> <span class='ocrx_word' id='word_1_316' title='bbox 3388 1979 3553 2045; x_wconf 87' lang='lat' dir='ltr'><strong><em>prima</em></strong></span> <span class='ocrx_word' id='word_1_317' title='bbox 3578 1979 3878 2048; x_wconf 84' lang='lat' dir='ltr'><strong><em>spiratione.</em></strong></span> 
     </span>
    </p>
   </div>
   <div class='ocr_carea' id='block_1_49' title="bbox 2529 2064 4049 2141">
    <p class='ocr_par' dir='ltr' id='par_1_49' title="bbox 2529 2064 4049 2141">
     <span class='ocr_line' id='line_1_49' title="bbox 2529 2064 4049 2141; baseline 0.005 -23"><span class='ocrx_word' id='word_1_318' title='bbox 2529 2064 2715 2118; x_wconf 91' lang='lat' dir='ltr'>XXVI.</span> <span class='ocrx_word' id='word_1_319' title='bbox 2764 2064 2954 2119; x_wconf 76' lang='lat' dir='ltr'><strong><em>Eorum</em></strong></span> <span class='ocrx_word' id='word_1_320' title='bbox 2983 2070 3318 2135; x_wconf 86' lang='lat' dir='ltr'><strong><em>sententiam,</em></strong></span> <span class='ocrx_word' id='word_1_321' title='bbox 3348 2071 3499 2123; x_wconf 88' lang='lat' dir='ltr'><strong><em>etiant</em></strong></span> <span class='ocrx_word' id='word_1_322' title='bbox 3545 2087 3610 2125; x_wconf 74' lang='lat' dir='ltr'><strong><em>ex</em></strong></span> <span class='ocrx_word' id='word_1_323' title='bbox 3654 2068 4049 2141; x_wconf 87' lang='lat' dir='ltr'><strong><em>Scripturarunt</em></strong></span> 
     </span>
    </p>
   </div>
   <div class='ocr_carea' id='block_1_50' title="bbox 2455 2158 3580 2232">
    <p class='ocr_par' dir='ltr' id='par_1_50' title="bbox 2455 2158 3580 2232">
     <span class='ocr_line' id='line_1_50' title="bbox 2455 2158 3580 2232; baseline 0.006 -23"><span class='ocrx_word' id='word_1_324' title='bbox 2455 2158 2847 2210; x_wconf 73' lang='lat' dir='ltr'><strong><em>Christianarum</em></strong></span> <span class='ocrx_word' id='word_1_325' title='bbox 2874 2158 3224 2226; x_wconf 76' lang='lat' dir='ltr'><strong><em>fundamento,</em></strong></span> <span class='ocrx_word' id='word_1_326' title='bbox 3258 2161 3580 2232; x_wconf 86' lang='lat' dir='ltr'><strong><em>impugnans.</em></strong></span> 
     </span>
    </p>
   </div>
   <div class='ocr_carea' id='block_1_51' title="bbox 2529 2246 4050 2325">
    <p class='ocr_par' dir='ltr' id='par_1_51' title="bbox 2529 2246 4050 2325">
     <span class='ocr_line' id='line_1_51' title="bbox 2529 2246 4050 2325; baseline 0.004 -24"><span class='ocrx_word' id='word_1_327' title='bbox 2529 2246 2737 2302; x_wconf 85' lang='lat' dir='ltr'>XXVII.</span> <span class='ocrx_word' id='word_1_328' title='bbox 2787 2248 3048 2317; x_wconf 86' lang='lat' dir='ltr'><strong><em>Deﬁniens</em></strong></span> <span class='ocrx_word' id='word_1_329' title='bbox 3098 2251 3251 2304; x_wconf 91' lang='lat' dir='ltr'><strong><em>simul</em></strong></span> <span class='ocrx_word' id='word_1_330' title='bbox 3280 2251 3453 2306; x_wconf 88' lang='lat' dir='ltr'><strong><em>ambas</em></strong></span> <span class='ocrx_word' id='word_1_331' title='bbox 3494 2254 3679 2306; x_wconf 77' lang='lat' dir='ltr'><strong><em>anima:</em></strong></span> <span class='ocrx_word' id='word_1_332' title='bbox 3721 2254 4050 2325; x_wconf 82' lang='lat' dir='ltr'><strong><em>corporisque</em></strong></span> 
     </span>
    </p>
   </div>
   <div class='ocr_carea' id='block_1_52' title="bbox 2458 2341 3702 2417">
    <p class='ocr_par' dir='ltr' id='par_1_52' title="bbox 2458 2341 3702 2417">
     <span class='ocr_line' id='line_1_52' title="bbox 2458 2341 3702 2417; baseline 0.004 -22"><span class='ocrx_word' id='word_1_333' title='bbox 2458 2341 2790 2408; x_wconf 84' lang='lat' dir='ltr'><strong><em>substantias,</em></strong></span> <span class='ocrx_word' id='word_1_334' title='bbox 2819 2353 2863 2395; x_wconf 88' lang='lat' dir='ltr'><strong><em>et</em></strong></span> <span class='ocrx_word' id='word_1_335' title='bbox 2886 2344 3105 2413; x_wconf 84' lang='lat' dir='ltr'><strong><em>concipi,</em></strong></span> <span class='ocrx_word' id='word_1_336' title='bbox 3137 2354 3180 2398; x_wconf 90' lang='lat' dir='ltr'><strong><em>et</em></strong></span> <span class='ocrx_word' id='word_1_337' title='bbox 3209 2346 3411 2413; x_wconf 88' lang='lat' dir='ltr'><strong><em>conﬁci,</em></strong></span> <span class='ocrx_word' id='word_1_338' title='bbox 3438 2356 3483 2399; x_wconf 90' lang='lat' dir='ltr'><strong><em>et</em></strong></span> <span class='ocrx_word' id='word_1_339' title='bbox 3505 2347 3702 2417; x_wconf 88' lang='lat' dir='ltr'><strong><em>perﬁci.</em></strong></span> 
     </span>
    </p>
   </div>
   <div class='ocr_carea' id='block_1_53' title="bbox 2529 2434 4050 2513">
    <p class='ocr_par' dir='ltr' id='par_1_53' title="bbox 2529 2434 4050 2513">
     <span class='ocr_line' id='line_1_53' title="bbox 2529 2434 4050 2513; baseline 0.003 -24"><span class='ocrx_word' id='word_1_340' title='bbox 2529 2434 2762 2491; x_wconf 88' lang='lat' dir='ltr'>XXVIII.</span> <span class='ocrx_word' id='word_1_341' title='bbox 2800 2435 2961 2491; x_wconf 85' lang='lat' dir='ltr'><strong><em>Porro</em></strong></span> <span class='ocrx_word' id='word_1_342' title='bbox 2988 2438 3138 2491; x_wconf 89' lang='lat' dir='ltr'><strong><em>etiam</em></strong></span> <span class='ocrx_word' id='word_1_343' title='bbox 3168 2436 3403 2494; x_wconf 88' lang='lat' dir='ltr'><strong><em>Platonis</em></strong></span> <span class='ocrx_word' id='word_1_344' title='bbox 3454 2440 3730 2494; x_wconf 77' lang='lat' dir='ltr'><strong><em>secundum</em></strong></span> <span class='ocrx_word' id='word_1_345' title='bbox 3780 2439 4050 2513; x_wconf 77' lang='lat' dir='ltr'><strong><em>Pythago-</em></strong></span> 
     </span>
    </p>
   </div>
   <div class='ocr_carea' id='block_1_54' title="bbox 2456 2532 4051 2606">
    <p class='ocr_par' dir='ltr' id='par_1_54' title="bbox 2456 2532 4051 2606">
     <span class='ocr_line' id='line_1_54' title="bbox 2456 2532 4051 2606; baseline 0.002 -23"><span class='ocrx_word' id='word_1_346' title='bbox 2456 2546 2565 2583; x_wconf 89' lang='lat' dir='ltr'><strong><em>ram</em></strong></span> <span class='ocrx_word' id='word_1_347' title='bbox 2599 2532 2915 2583; x_wconf 88' lang='lat' dir='ltr'><strong><em>temerarium</em></strong></span> <span class='ocrx_word' id='word_1_348' title='bbox 2948 2533 3264 2585; x_wconf 88' lang='lat' dir='ltr'><strong><em>mendacium</em></strong></span> <span class='ocrx_word' id='word_1_349' title='bbox 3290 2540 3649 2602; x_wconf 63' lang='grc' dir='ltr'><strong><em>μιτιμψὺχωςιν</em></strong></span> <span class='ocrx_word' id='word_1_350' title='bbox 3677 2537 3965 2606; x_wconf 82' lang='lat' dir='ltr'><strong><em>impugnat.</em></strong></span> <span class='ocrx_word' id='word_1_351' title='bbox 3998 2536 4051 2587; x_wconf 89' lang='lat' dir='ltr'><strong><em>id</em></strong></span> 
     </span>
    </p>
   </div>
   <div class='ocr_carea' id='block_1_55' title="bbox 2456 2623 4049 2688">
    <p class='ocr_par' dir='ltr' id='par_1_55' title="bbox 2456 2623 4049 2688">
     <span class='ocr_line' id='line_1_55' title="bbox 2456 2623 4049 2688; baseline 0.004 -14"><span class='ocrx_word' id='word_1_352' title='bbox 2456 2632 2548 2686; x_wconf 85' lang='lat' dir='ltr'><strong><em>est,</em></strong></span> <span class='ocrx_word' id='word_1_353' title='bbox 2576 2623 2902 2675; x_wconf 80' lang='lat' dir='ltr'><strong><em>recidieatum</em></strong></span> <span class='ocrx_word' id='word_1_354' title='bbox 2923 2624 3230 2688; x_wconf 87' lang='lat' dir='ltr'><strong><em>aninmrunt,</em></strong></span> <span class='ocrx_word' id='word_1_355' title='bbox 3250 2625 3571 2679; x_wconf 88' lang='lat' dir='ltr'><strong><em>revolubilent</em></strong></span> <span class='ocrx_word' id='word_1_356' title='bbox 3598 2644 3660 2681; x_wconf 83' lang='lat' dir='ltr'><strong><em>ea:</em></strong></span> <span class='ocrx_word' id='word_1_357' title='bbox 3683 2629 3884 2682; x_wconf 89' lang='lat' dir='ltr'><strong><em>alterna</em></strong></span> <span class='ocrx_word' id='word_1_358' title='bbox 3914 2644 4049 2683; x_wconf 85' lang='lat' dir='ltr'><strong><em>mor-</em></strong></span> 
     </span>
    </p>
   </div>
   <div class='ocr_carea' id='block_1_56' title="bbox 2457 2714 3312 2782">
    <p class='ocr_par' dir='ltr' id='par_1_56' title="bbox 2457 2714 3312 2782">
     <span class='ocr_line' id='line_1_56' title="bbox 2457 2714 3312 2782; baseline 0.011 -18"><span class='ocrx_word' id='word_1_359' title='bbox 2457 2722 2654 2766; x_wconf 91' lang='lat' dir='ltr'><strong><em>tttorum</em></strong></span> <span class='ocrx_word' id='word_1_360' title='bbox 2681 2724 2726 2767; x_wconf 85' lang='lat' dir='ltr'><strong><em>et</em></strong></span> <span class='ocrx_word' id='word_1_361' title='bbox 2748 2716 2970 2768; x_wconf 65' lang='lat' dir='ltr'><strong><em>vivorum</em></strong></span> <span class='ocrx_word' id='word_1_362' title='bbox 2998 2714 3312 2782; x_wconf 78' lang='lat' dir='ltr'><strong><em>stt/I&#39;ectione.</em></strong></span> 
     </span>
    </p>
   </div>
   <div class='ocr_carea' id='block_1_57' title="bbox 2530 2805 4049 2880">
    <p class='ocr_par' dir='ltr' id='par_1_57' title="bbox 2530 2805 4049 2880">
     <span class='ocr_line' id='line_1_57' title="bbox 2530 2805 4049 2880; baseline 0.005 -20"><span class='ocrx_word' id='word_1_363' title='bbox 2530 2805 2720 2861; x_wconf 87' lang='lat' dir='ltr'>XXIX.</span> <span class='ocrx_word' id='word_1_364' title='bbox 2751 2806 2866 2861; x_wconf 82' lang='lat' dir='ltr'><strong><em>Etsi</em></strong></span> <span class='ocrx_word' id='word_1_365' title='bbox 2894 2810 3026 2861; x_wconf 88' lang='lat' dir='ltr'><strong><em>enim</em></strong></span> <span class='ocrx_word' id='word_1_366' title='bbox 3054 2826 3115 2863; x_wconf 77' lang='lat' dir='ltr'><strong><em>ex</em></strong></span> <span class='ocrx_word' id='word_1_367' title='bbox 3144 2810 3264 2865; x_wconf 85' lang='lat' dir='ltr'><strong><em>vivis</em></strong></span> <span class='ocrx_word' id='word_1_368' title='bbox 3293 2810 3420 2880; x_wconf 81' lang='lat' dir='ltr'><strong><em>[iant</em></strong></span> <span class='ocrx_word' id='word_1_369' title='bbox 3464 2814 3679 2880; x_wconf 77' lang='lat' dir='ltr'><strong><em>mortui,</em></strong></span> <span class='ocrx_word' id='word_1_370' title='bbox 3730 2831 3833 2869; x_wconf 88' lang='lat' dir='ltr'><strong><em>non</em></strong></span> <span class='ocrx_word' id='word_1_371' title='bbox 3879 2825 4049 2869; x_wconf 82' lang='lat' dir='ltr'><strong><em>tanien</em></strong></span> 
     </span>
    </p>
   </div>
   <div class='ocr_carea' id='block_1_58' title="bbox 2456 2896 3087 2954">
    <p class='ocr_par' dir='ltr' id='par_1_58' title="bbox 2456 2896 3087 2954">
     <span class='ocr_line' id='line_1_58' title="bbox 2456 2896 3087 2954; baseline 0.008 -5"><span class='ocrx_word' id='word_1_372' title='bbox 2456 2896 2570 2951; x_wconf 85' lang='lat' dir='ltr'><strong><em>idco</em></strong></span> <span class='ocrx_word' id='word_1_373' title='bbox 2600 2914 2661 2950; x_wconf 71' lang='lat' dir='ltr'><strong><em>ex</em></strong></span> <span class='ocrx_word' id='word_1_374' title='bbox 2686 2900 2894 2951; x_wconf 88' lang='lat' dir='ltr'><strong><em>mortuis</em></strong></span> <span class='ocrx_word' id='word_1_375' title='bbox 2932 2901 3087 2954; x_wconf 88' lang='lat' dir='ltr'><strong><em>vivos.</em></strong></span> 
     </span>
    </p>
   </div>
   <div class='ocr_carea' id='block_1_59' title="bbox 2531 2987 4053 3064">
    <p class='ocr_par' dir='ltr' id='par_1_59' title="bbox 2531 2987 4053 3064">
     <span class='ocr_line' id='line_1_59' title="bbox 2531 2987 4053 3064; baseline 0.007 -22"><span class='ocrx_word' id='word_1_376' title='bbox 2531 2987 2697 3043; x_wconf 85' lang='lat' dir='ltr'>XXX.</span> <span class='ocrx_word' id='word_1_377' title='bbox 2735 2988 2886 3056; x_wconf 87' lang='lat' dir='ltr'><strong><em>Dein,</em></strong></span> <span class='ocrx_word' id='word_1_378' title='bbox 2918 2992 2960 3045; x_wconf 88' lang='lat' dir='ltr'><strong><em>si</em></strong></span> <span class='ocrx_word' id='word_1_379' title='bbox 2983 3008 3043 3045; x_wconf 77' lang='lat' dir='ltr'><strong><em>ex</em></strong></span> <span class='ocrx_word' id='word_1_380' title='bbox 3065 2993 3274 3047; x_wconf 90' lang='lat' dir='ltr'><strong><em>mortuis</em></strong></span> <span class='ocrx_word' id='word_1_381' title='bbox 3293 3009 3493 3063; x_wconf 88' lang='lat' dir='ltr'><strong><em>semper</em></strong></span> <span class='ocrx_word' id='word_1_382' title='bbox 3517 2996 3633 3064; x_wconf 85' lang='lat' dir='ltr'><strong><em>vivi,</em></strong></span> <span class='ocrx_word' id='word_1_383' title='bbox 3664 3013 3819 3051; x_wconf 90' lang='lat' dir='ltr'><strong><em>unum</em></strong></span> <span class='ocrx_word' id='word_1_384' title='bbox 3845 3000 4053 3053; x_wconf 89' lang='lat' dir='ltr'><strong><em>omnino</em></strong></span> 
     </span>
    </p>
   </div>
   <div class='ocr_carea' id='block_1_60' title="bbox 2458 3083 4055 3156">
    <p class='ocr_par' dir='ltr' id='par_1_60' title="bbox 2458 3083 4055 3156">
     <span class='ocr_line' id='line_1_60' title="bbox 2458 3083 4055 3156; baseline 0.008 -22"><span class='ocrx_word' id='word_1_385' title='bbox 2458 3090 2504 3135; x_wconf 93' lang='lat' dir='ltr'><strong><em>et</em></strong></span> <span class='ocrx_word' id='word_1_386' title='bbox 2532 3083 2761 3135; x_wconf 89' lang='lat' dir='ltr'><strong><em>euntdent</em></strong></span> <span class='ocrx_word' id='word_1_387' title='bbox 2792 3093 3024 3153; x_wconf 88' lang='lat' dir='ltr'><strong><em>oportere</em></strong></span> <span class='ocrx_word' id='word_1_388' title='bbox 3067 3084 3223 3156; x_wconf 82' lang='lat' dir='ltr'><strong><em>fuisse</em></strong></span> <span class='ocrx_word' id='word_1_389' title='bbox 3263 3086 3526 3141; x_wconf 81' lang='lat' dir='ltr'><strong><em>hominum</em></strong></span> <span class='ocrx_word' id='word_1_390' title='bbox 3555 3105 3856 3156; x_wconf 89' lang='lat' dir='ltr'><strong><em>numerum;</em></strong></span> <span class='ocrx_word' id='word_1_391' title='bbox 3887 3108 4000 3145; x_wconf 83' lang='lat' dir='ltr'><strong><em>cum</em></strong></span> <span class='ocrx_word' id='word_1_392' title='bbox 4028 3107 4055 3146; x_wconf 87' lang='lat' dir='ltr'><strong><em>e</em></strong></span> 
     </span>
    </p>
   </div>
   <div class='ocr_carea' id='block_1_61' title="bbox 2458 3176 4054 3253">
    <p class='ocr_par' dir='ltr' id='par_1_61' title="bbox 2458 3176 4054 3253">
     <span class='ocr_line' id='line_1_61' title="bbox 2458 3176 4054 3253; baseline 0.004 -23"><span class='ocrx_word' id='word_1_393' title='bbox 2458 3177 2713 3230; x_wconf 88' lang='lat' dir='ltr'><strong><em>contrario</em></strong></span> <span class='ocrx_word' id='word_1_394' title='bbox 2738 3176 3054 3231; x_wconf 84' lang='lat' dir='ltr'><strong><em>inveniamus</em></strong></span> <span class='ocrx_word' id='word_1_395' title='bbox 3079 3179 3645 3248; x_wconf 88' lang='lat' dir='ltr'><strong><em>paulatim.ltumanum</em></strong></span> <span class='ocrx_word' id='word_1_396' title='bbox 3668 3199 3827 3253; x_wconf 86' lang='lat' dir='ltr'><strong><em>genus</em></strong></span> <span class='ocrx_word' id='word_1_397' title='bbox 3867 3183 4054 3237; x_wconf 74' lang='lat' dir='ltr'><strong><em>exube-</em></strong></span> 
     </span>
    </p>
   </div>
   <div class='ocr_carea' id='block_1_62' title="bbox 765 3260 2612 3342">
    <p class='ocr_par' dir='ltr' id='par_1_62' title="bbox 765 3260 2612 3342">
     <span class='ocr_line' id='line_1_62' title="bbox 765 3260 2612 3342; baseline -0.002 -17"><span class='ocrx_word' id='word_1_398' title='bbox 765 3282 844 3325; x_wconf 89' lang='lat' dir='ltr'><strong><em>tur</em></strong></span> <span class='ocrx_word' id='word_1_399' title='bbox 882 3272 1103 3326; x_wconf 90' lang='lat' dir='ltr'><strong><em>animam</em></strong></span> <span class='ocrx_word' id='word_1_400' title='bbox 1134 3290 1222 3342; x_wconf 87' lang='lat' dir='ltr'><strong><em>per</em></strong></span> <span class='ocrx_word' id='word_1_401' title='bbox 1250 3274 1552 3327; x_wconf 87' lang='lat' dir='ltr'><strong><em>rationalem</em></strong></span> <span class='ocrx_word' id='word_1_402' title='bbox 1581 3283 1626 3327; x_wconf 88' lang='lat' dir='ltr'><strong><em>et</em></strong></span> <span class='ocrx_word' id='word_1_403' title='bbox 1655 3274 2039 3338; x_wconf 83' lang='lat' dir='ltr'><strong><em>irratiomdem;</em></strong></span> <span class='ocrx_word' id='word_1_404' title='bbox 2080 3276 2152 3327; x_wconf 86' lang='lat' dir='ltr'><strong><em>ita</em></strong></span> <span class='ocrx_word' id='word_1_405' title='bbox 2182 3285 2348 3327; x_wconf 84' lang='lat' dir='ltr'><strong><em>tanien</em></strong></span> <span class='ocrx_word' id='word_1_406' title='bbox 2379 3260 2424 3324; x_wconf 91' lang='lat' dir='ltr'>C</span> <span class='ocrx_word' id='word_1_407' title='bbox 2458 3283 2612 3323; x_wconf 84' lang='lat' dir='ltr'><strong><em>t‘asse.</em></strong></span> 
     </span>
    </p>
   </div>
   <div class='ocr_carea' id='block_1_63' title="bbox 764 3365 2358 3433">
    <p class='ocr_par' dir='ltr' id='par_1_63' title="bbox 764 3365 2358 3433">
     <span class='ocr_line' id='line_1_63' title="bbox 764 3365 2358 3433; baseline 0.001 -16"><span class='ocrx_word' id='word_1_408' title='bbox 764 3373 819 3417; x_wconf 89' lang='lat' dir='ltr'><strong><em>ttt</em></strong></span> <span class='ocrx_word' id='word_1_409' title='bbox 866 3372 1063 3417; x_wconf 83' lang='lat' dir='ltr'><strong><em>natura:</em></strong></span> <span class='ocrx_word' id='word_1_410' title='bbox 1118 3365 1373 3433; x_wconf 73' lang='lat' dir='ltr'><strong><em>primwt&#39;a:</em></strong></span> <span class='ocrx_word' id='word_1_411' title='bbox 1421 3365 1688 3432; x_wconf 86' lang='lat' dir='ltr'><strong><em>deputetur</em></strong></span> <span class='ocrx_word' id='word_1_412' title='bbox 1737 3365 2006 3431; x_wconf 89' lang='lat' dir='ltr'><strong><em>rationale,</em></strong></span> <span class='ocrx_word' id='word_1_413' title='bbox 2066 3366 2358 3419; x_wconf 69' lang='lat' dir='ltr'><strong><em>irrationale</em></strong></span> 
     </span>
    </p>
   </div>
   <div class='ocr_carea' id='block_1_64' title="bbox 764 3458 2357 3527">
    <p class='ocr_par' dir='ltr' id='par_1_64' title="bbox 764 3458 2357 3527">
     <span class='ocr_line' id='line_1_64' title="bbox 764 3458 2357 3527; baseline 0.003 -18"><span class='ocrx_word' id='word_1_414' title='bbox 764 3472 879 3511; x_wconf 83' lang='lat' dir='ltr'><strong><em>vero</em></strong></span> <span class='ocrx_word' id='word_1_415' title='bbox 929 3458 1360 3527; x_wconf 86' lang='lat' dir='ltr'><strong><em>transgressioni;</em></strong></span> <span class='ocrx_word' id='word_1_416' title='bbox 1411 3474 1509 3510; x_wconf 90' lang='lat' dir='ltr'><strong><em>non</em></strong></span> <span class='ocrx_word' id='word_1_417' title='bbox 1570 3468 1735 3512; x_wconf 81' lang='lat' dir='ltr'><strong><em>tanien</em></strong></span> <span class='ocrx_word' id='word_1_418' title='bbox 1788 3459 1983 3524; x_wconf 83' lang='lat' dir='ltr'><strong><em>placere</em></strong></span> <span class='ocrx_word' id='word_1_419' title='bbox 2045 3460 2357 3514; x_wconf 87' lang='lat' dir='ltr'><strong><em>irrationalis</em></strong></span> 
     </span>
    </p>
   </div>
   <div class='ocr_carea' id='block_1_65' title="bbox 765 3551 2355 3624">
    <p class='ocr_par' dir='ltr' id='par_1_65' title="bbox 765 3551 2355 3624">
     <span class='ocr_line' id='line_1_65' title="bbox 765 3551 2355 3624; baseline 0.003 -22"><span class='ocrx_word' id='word_1_420' title='bbox 765 3551 1133 3604; x_wconf 87' lang='lat' dir='ltr'><strong><em>distinctionem</em></strong></span> <span class='ocrx_word' id='word_1_421' title='bbox 1184 3552 1236 3605; x_wconf 81' lang='lat' dir='ltr'><strong><em>iit</em></strong></span> <span class='ocrx_word' id='word_1_422' title='bbox 1286 3551 1655 3624; x_wconf 87' lang='lat' dir='ltr'><strong><em>indignativnm</em></strong></span> <span class='ocrx_word' id='word_1_423' title='bbox 1713 3562 1760 3606; x_wconf 92' lang='lat' dir='ltr'><strong><em>et</em></strong></span> <span class='ocrx_word' id='word_1_424' title='bbox 1820 3554 2306 3623; x_wconf 85' lang='lat' dir='ltr'><strong><em>concupiscentivum</em></strong></span> <span class='ocrx_word' id='word_1_425' title='bbox 2340 3594 2355 3620; x_wconf 95' lang='lat'><strong><em>,</em></strong></span> 
     </span>
    </p>
   </div>
   <div class='ocr_carea' id='block_1_66' title="bbox 767 3644 2361 3715">
    <p class='ocr_par' dir='ltr' id='par_1_66' title="bbox 767 3644 2361 3715">
     <span class='ocr_line' id='line_1_66' title="bbox 767 3644 2361 3715; baseline 0.003 -19"><span class='ocrx_word' id='word_1_426' title='bbox 767 3644 903 3715; x_wconf 90' lang='lat' dir='ltr'><strong><em>quod</em></strong></span> <span class='ocrx_word' id='word_1_427' title='bbox 960 3653 1225 3713; x_wconf 90' lang='lat' dir='ltr'><strong><em>utrumque</em></strong></span> <span class='ocrx_word' id='word_1_428' title='bbox 1282 3647 1432 3699; x_wconf 90' lang='lat' dir='ltr'><strong><em>etiant</em></strong></span> <span class='ocrx_word' id='word_1_429' title='bbox 1488 3644 1687 3699; x_wconf 80' lang='lat' dir='ltr'><strong><em>Christo</em></strong></span> <span class='ocrx_word' id='word_1_430' title='bbox 1747 3656 1792 3698; x_wconf 91' lang='lat' dir='ltr'><strong><em>et</em></strong></span> <span class='ocrx_word' id='word_1_431' title='bbox 1865 3646 2105 3700; x_wconf 87' lang='lat' dir='ltr'><strong><em>rationali</em></strong></span> <span class='ocrx_word' id='word_1_432' title='bbox 2174 3648 2361 3702; x_wconf 83' lang='lat' dir='ltr'><strong><em>anima:</em></strong></span> 
     </span>
    </p>
   </div>
   <div class='ocr_carea' id='block_1_67' title="bbox 765 3745 1034 3805">
    <p class='ocr_par' dir='ltr' id='par_1_67' title="bbox 765 3745 1034 3805">
     <span class='ocr_line' id='line_1_67' title="bbox 765 3745 1034 3805; baseline -0.004 -15"><span class='ocrx_word' id='word_1_433' title='bbox 765 3745 1034 3805; x_wconf 81' lang='lat' dir='ltr'><strong><em>competat.</em></strong></span> 
     </span>
    </p>
   </div>
   <div class='ocr_carea' id='block_1_68' title="bbox 842 3825 2358 3899">
    <p class='ocr_par' dir='ltr' id='par_1_68' title="bbox 842 3825 2358 3899">
     <span class='ocr_line' id='line_1_68' title="bbox 842 3825 2358 3899; baseline 0.005 -20"><span class='ocrx_word' id='word_1_434' title='bbox 842 3826 1003 3880; x_wconf 88' lang='lat' dir='ltr'>XVII.</span> <span class='ocrx_word' id='word_1_435' title='bbox 1041 3825 1209 3881; x_wconf 82' lang='lat' dir='ltr'><strong><em>Etiam</em></strong></span> <span class='ocrx_word' id='word_1_436' title='bbox 1240 3828 1292 3881; x_wconf 87' lang='lat' dir='ltr'><strong><em>in</em></strong></span> <span class='ocrx_word' id='word_1_437' title='bbox 1321 3828 1415 3883; x_wconf 90' lang='lat' dir='ltr'><strong><em>hoc</em></strong></span> <span class='ocrx_word' id='word_1_438' title='bbox 1446 3844 1547 3882; x_wconf 89' lang='lat' dir='ltr'><strong><em>non</em></strong></span> <span class='ocrx_word' id='word_1_439' title='bbox 1575 3829 1779 3899; x_wconf 85' lang='lat' dir='ltr'><strong><em>probari</em></strong></span> <span class='ocrx_word' id='word_1_440' title='bbox 1802 3827 2070 3885; x_wconf 88' lang='lat' dir='ltr'><strong><em>Platonem</em></strong></span> <span class='ocrx_word' id='word_1_441' title='bbox 2101 3840 2145 3885; x_wconf 94' lang='lat' dir='ltr'><strong><em>et</em></strong></span> <span class='ocrx_word' id='word_1_442' title='bbox 2169 3832 2358 3887; x_wconf 82' lang='lat' dir='ltr'><strong><em>Acade-</em></strong></span> 
     </span>
    </p>
   </div>
   <div class='ocr_carea' id='block_1_69' title="bbox 778 3922 2362 3993">
    <p class='ocr_par' dir='ltr' id='par_1_69' title="bbox 778 3922 2362 3993">
     <span class='ocr_line' id='line_1_69' title="bbox 778 3922 2362 3993; baseline 0.003 -19"><span class='ocrx_word' id='word_1_443' title='bbox 778 3922 960 3987; x_wconf 90' lang='lat' dir='ltr'><strong><em>micos,</em></strong></span> <span class='ocrx_word' id='word_1_444' title='bbox 1004 3923 1140 3990; x_wconf 85' lang='lat' dir='ltr'><strong><em>quod</em></strong></span> <span class='ocrx_word' id='word_1_445' title='bbox 1188 3922 1564 3976; x_wconf 88' lang='lat' dir='ltr'><strong><em>sensualitatem</em></strong></span> <span class='ocrx_word' id='word_1_446' title='bbox 1610 3924 1830 3993; x_wconf 87' lang='lat' dir='ltr'><strong><em>quinque</em></strong></span> <span class='ocrx_word' id='word_1_447' title='bbox 1878 3940 2113 3978; x_wconf 89' lang='lat' dir='ltr'><strong><em>sensuum</em></strong></span> <span class='ocrx_word' id='word_1_448' title='bbox 2161 3925 2362 3979; x_wconf 87' lang='lat' dir='ltr'><strong><em>irratio-</em></strong></span> 
     </span>
    </p>
   </div>
   <div class='ocr_carea' id='block_1_70' title="bbox 780 4016 2363 4087">
    <p class='ocr_par' dir='ltr' id='par_1_70' title="bbox 780 4016 2363 4087">
     <span class='ocr_line' id='line_1_70' title="bbox 780 4016 2363 4087; baseline 0.003 -18"><span class='ocrx_word' id='word_1_449' title='bbox 780 4016 943 4069; x_wconf 87' lang='lat' dir='ltr'><strong><em>nalem</em></strong></span> <span class='ocrx_word' id='word_1_450' title='bbox 991 4017 1352 4083; x_wconf 87' lang='lat' dir='ltr'><strong><em>pronuntient:</em></strong></span> <span class='ocrx_word' id='word_1_451' title='bbox 1382 4032 1537 4087; x_wconf 87' lang='lat' dir='ltr'><strong><em>neque</em></strong></span> <span class='ocrx_word' id='word_1_452' title='bbox 1580 4018 1712 4070; x_wconf 90' lang='lat' dir='ltr'><strong><em>enim</em></strong></span> <span class='ocrx_word' id='word_1_453' title='bbox 1754 4016 1900 4071; x_wconf 91' lang='lat' dir='ltr'><strong><em>licere</em></strong></span> <span class='ocrx_word' id='word_1_454' title='bbox 1944 4035 2116 4073; x_wconf 88' lang='lat' dir='ltr'><strong><em>sensus</em></strong></span> <span class='ocrx_word' id='word_1_455' title='bbox 2148 4020 2273 4073; x_wconf 90' lang='lat' dir='ltr'><strong><em>istos</em></strong></span> <span class='ocrx_word' id='word_1_456' title='bbox 2310 4020 2363 4073; x_wconf 90' lang='lat' dir='ltr'><strong><em>in</em></strong></span> 
     </span>
    </p>
   </div>
   <div class='ocr_carea' id='block_1_71' title="bbox 786 4108 2362 4179">
    <p class='ocr_par' dir='ltr' id='par_1_71' title="bbox 786 4108 2362 4179">
     <span class='ocr_line' id='line_1_71' title="bbox 786 4108 2362 4179; baseline 0.004 -19"><span class='ocrx_word' id='word_1_457' title='bbox 786 4108 989 4161; x_wconf 91' lang='lat' dir='ltr'><strong><em>dubium</em></strong></span> <span class='ocrx_word' id='word_1_458' title='bbox 1033 4124 1283 4175; x_wconf 88' lang='lat' dir='ltr'><strong><em>revocare,</em></strong></span> <span class='ocrx_word' id='word_1_459' title='bbox 1317 4126 1380 4164; x_wconf 92' lang='lat' dir='ltr'><strong><em>ne</em></strong></span> <span class='ocrx_word' id='word_1_460' title='bbox 1408 4119 1455 4164; x_wconf 89' lang='lat' dir='ltr'><strong><em>et</em></strong></span> <span class='ocrx_word' id='word_1_461' title='bbox 1484 4111 1538 4163; x_wconf 87' lang='lat' dir='ltr'><strong><em>in</em></strong></span> <span class='ocrx_word' id='word_1_462' title='bbox 1575 4108 1777 4164; x_wconf 83' lang='lat' dir='ltr'><strong><em>Christo</em></strong></span> <span class='ocrx_word' id='word_1_463' title='bbox 1808 4111 1871 4165; x_wconf 84' lang='lat' dir='ltr'><strong><em>de</em></strong></span> <span class='ocrx_word' id='word_1_464' title='bbox 1896 4112 1997 4179; x_wconf 86' lang='lat' dir='ltr'><strong><em>ﬁde</em></strong></span> <span class='ocrx_word' id='word_1_465' title='bbox 2024 4128 2203 4166; x_wconf 89' lang='lat' dir='ltr'><strong><em>eorum</em></strong></span> <span class='ocrx_word' id='word_1_466' title='bbox 2229 4112 2362 4167; x_wconf 89' lang='lat' dir='ltr'><strong><em>deti-</em></strong></span> 
     </span>
    </p>
   </div>
   <div class='ocr_carea' id='block_1_72' title="bbox 784 4198 998 4253">
    <p class='ocr_par' dir='ltr' id='par_1_72' title="bbox 784 4198 998 4253">
     <span class='ocr_line' id='line_1_72' title="bbox 784 4198 998 4253; baseline 0.009 -2"><span class='ocrx_word' id='word_1_467' title='bbox 784 4198 998 4253; x_wconf 84' lang='lat' dir='ltr'><strong><em>berelur.</em></strong></span> 
     </span>
    </p>
   </div>
   <div class='ocr_carea' id='block_1_73' title="bbox 854 4290 2365 4365">
    <p class='ocr_par' dir='ltr' id='par_1_73' title="bbox 854 4290 2365 4365">
     <span class='ocr_line' id='line_1_73' title="bbox 854 4290 2365 4365; baseline 0.003 -20"><span class='ocrx_word' id='word_1_468' title='bbox 854 4290 1035 4345; x_wconf 89' lang='lat' dir='ltr'>XVIII.</span> <span class='ocrx_word' id='word_1_469' title='bbox 1076 4290 1251 4360; x_wconf 75' lang='lat' dir='ltr'><strong><em>Neque</em></strong></span> <span class='ocrx_word' id='word_1_470' title='bbox 1298 4292 1579 4347; x_wconf 86' lang='lat' dir='ltr'><strong><em>audiendos</em></strong></span> <span class='ocrx_word' id='word_1_471' title='bbox 1628 4294 1906 4361; x_wconf 74' lang='lat' dir='ltr'><strong><em>ha’reticos,</em></strong></span> <span class='ocrx_word' id='word_1_472' title='bbox 1959 4297 2043 4365; x_wconf 88' lang='lat' dir='ltr'><strong><em>qui</em></strong></span> <span class='ocrx_word' id='word_1_473' title='bbox 2085 4313 2183 4351; x_wconf 91' lang='lat' dir='ltr'><strong><em>non</em></strong></span> <span class='ocrx_word' id='word_1_474' title='bbox 2222 4297 2365 4351; x_wconf 89' lang='lat' dir='ltr'><strong><em>aliter</em></strong></span> 
     </span>
    </p>
   </div>
   <div class='ocr_carea' id='block_1_74' title="bbox 783 4384 2363 4459">
    <p class='ocr_par' dir='ltr' id='par_1_74' title="bbox 783 4384 2363 4459">
     <span class='ocr_line' id='line_1_74' title="bbox 783 4384 2363 4459; baseline 0.005 -22"><span class='ocrx_word' id='word_1_475' title='bbox 783 4402 934 4454; x_wconf 88' lang='lat' dir='ltr'><strong><em>quant</em></strong></span> <span class='ocrx_word' id='word_1_476' title='bbox 962 4401 1077 4439; x_wconf 87' lang='lat' dir='ltr'><strong><em>suas</em></strong></span> <span class='ocrx_word' id='word_1_477' title='bbox 1104 4384 1252 4439; x_wconf 82' lang='lat' dir='ltr'><strong><em>Plato</em></strong></span> <span class='ocrx_word' id='word_1_478' title='bbox 1281 4384 1469 4451; x_wconf 69' lang='lat' dir='ltr'><strong><em>Idaeas,</em></strong></span> <span class='ocrx_word' id='word_1_479' title='bbox 1498 4388 1863 4443; x_wconf 85' lang='lat' dir='ltr'><strong><em>intellectualia</em></strong></span> <span class='ocrx_word' id='word_1_480' title='bbox 1891 4392 2081 4459; x_wconf 76' lang='lat' dir='ltr'><strong><em>faciant</em></strong></span> <span class='ocrx_word' id='word_1_481' title='bbox 2113 4394 2363 4458; x_wconf 75' lang='lat' dir='ltr'><strong><em>veritates,</em></strong></span> 
     </span>
    </p>
   </div>
   <div class='ocr_carea' id='block_1_75' title="bbox 784 4478 2366 4553">
    <p class='ocr_par' dir='ltr' id='par_1_75' title="bbox 784 4478 2366 4553">
     <span class='ocr_line' id='line_1_75' title="bbox 784 4478 2366 4553; baseline 0.003 -22"><span class='ocrx_word' id='word_1_482' title='bbox 784 4478 1039 4531; x_wconf 77' lang='lat' dir='ltr'><strong><em>sensuulut</em></strong></span> <span class='ocrx_word' id='word_1_483' title='bbox 1077 4493 1190 4531; x_wconf 86' lang='lat' dir='ltr'><strong><em>vero</em></strong></span> <span class='ocrx_word' id='word_1_484' title='bbox 1239 4479 1483 4548; x_wconf 84' lang='lat' dir='ltr'><strong><em>imagines</em></strong></span> <span class='ocrx_word' id='word_1_485' title='bbox 1512 4484 1731 4534; x_wconf 88' lang='lat' dir='ltr'><strong><em>veritatis</em></strong></span> <span class='ocrx_word' id='word_1_486' title='bbox 1779 4482 2063 4546; x_wconf 76' lang='lat' dir='ltr'><strong><em>dumtaxat,</em></strong></span> <span class='ocrx_word' id='word_1_487' title='bbox 2115 4484 2202 4537; x_wconf 89' lang='lat' dir='ltr'><strong><em>sed</em></strong></span> <span class='ocrx_word' id='word_1_488' title='bbox 2250 4500 2366 4553; x_wconf 85' lang='lat' dir='ltr'><strong><em>per-</em></strong></span> 
     </span>
    </p>
   </div>
   <div class='ocr_carea' id='block_1_76' title="bbox 782 4570 2368 4643">
    <p class='ocr_par' dir='ltr' id='par_1_76' title="bbox 782 4570 2368 4643">
     <span class='ocr_line' id='line_1_76' title="bbox 782 4570 2368 4643; baseline 0.004 -20"><span class='ocrx_word' id='word_1_489' title='bbox 782 4570 902 4625; x_wconf 90' lang='lat' dir='ltr'><strong><em>inde</em></strong></span> <span class='ocrx_word' id='word_1_490' title='bbox 948 4571 1169 4623; x_wconf 90' lang='lat' dir='ltr'><strong><em>animant</em></strong></span> <span class='ocrx_word' id='word_1_491' title='bbox 1219 4588 1304 4639; x_wconf 89' lang='lat' dir='ltr'><strong><em>per</em></strong></span> <span class='ocrx_word' id='word_1_492' title='bbox 1350 4587 1534 4641; x_wconf 89' lang='lat' dir='ltr'><strong><em>corpus</em></strong></span> <span class='ocrx_word' id='word_1_493' title='bbox 1563 4576 1849 4643; x_wconf 83' lang='lat' dir='ltr'><strong><em>corporalia</em></strong></span> <span class='ocrx_word' id='word_1_494' title='bbox 1876 4576 2059 4630; x_wconf 88' lang='lat' dir='ltr'><strong><em>sentire</em></strong></span> <span class='ocrx_word' id='word_1_495' title='bbox 2083 4617 2098 4642; x_wconf 91' lang='lat'><strong><em>,</em></strong></span> <span class='ocrx_word' id='word_1_496' title='bbox 2126 4576 2368 4643; x_wconf 62' lang='lat' dir='ltr'><strong><em>quemado</em></strong></span> 
     </span>
    </p>
   </div>
   <div class='ocr_carea' id='block_1_77' title="bbox 2535 3359 4057 3439">
    <p class='ocr_par' dir='ltr' id='par_1_77' title="bbox 2535 3359 4057 3439">
     <span class='ocr_line' id='line_1_77' title="bbox 2535 3359 4057 3439; baseline 0.003 -23"><span class='ocrx_word' id='word_1_497' title='bbox 2535 3359 2726 3416; x_wconf 88' lang='lat' dir='ltr'>XXXI.</span> <span class='ocrx_word' id='word_1_498' title='bbox 2774 3360 2989 3417; x_wconf 86' lang='lat' dir='ltr'><strong><em>Etiamsi</em></strong></span> <span class='ocrx_word' id='word_1_499' title='bbox 3041 3362 3111 3417; x_wconf 86' lang='lat' dir='ltr'><strong><em>ita</em></strong></span> <span class='ocrx_word' id='word_1_500' title='bbox 3160 3365 3247 3430; x_wconf 90' lang='lat' dir='ltr'><strong><em>sit,</em></strong></span> <span class='ocrx_word' id='word_1_501' title='bbox 3278 3363 3505 3436; x_wconf 88' lang='lat' dir='ltr'><strong><em>singulas</em></strong></span> <span class='ocrx_word' id='word_1_502' title='bbox 3534 3366 3731 3419; x_wconf 87' lang='lat' dir='ltr'><strong><em>anintas</em></strong></span> <span class='ocrx_word' id='word_1_503' title='bbox 3771 3368 3825 3421; x_wconf 90' lang='lat' dir='ltr'><strong><em>in</em></strong></span> <span class='ocrx_word' id='word_1_504' title='bbox 3852 3367 4057 3439; x_wconf 88' lang='lat' dir='ltr'><strong><em>singula</em></strong></span> 
     </span>
    </p>
   </div>
   <div class='ocr_carea' id='block_1_78' title="bbox 2461 3456 4059 3525">
    <p class='ocr_par' dir='ltr' id='par_1_78' title="bbox 2461 3456 4059 3525">
     <span class='ocr_line' id='line_1_78' title="bbox 2461 3456 4059 3525; baseline 0.004 -17"><span class='ocrx_word' id='word_1_505' title='bbox 2461 3470 2677 3525; x_wconf 90' lang='lat' dir='ltr'><strong><em>corpora</em></strong></span> <span class='ocrx_word' id='word_1_506' title='bbox 2705 3456 2885 3509; x_wconf 84' lang='lat' dir='ltr'><strong><em>reverti</em></strong></span> <span class='ocrx_word' id='word_1_507' title='bbox 2914 3465 3179 3525; x_wconf 84' lang='lat' dir='ltr'><strong><em>oportere;</em></strong></span> <span class='ocrx_word' id='word_1_508' title='bbox 3202 3457 3377 3511; x_wconf 89' lang='lat' dir='ltr'><strong><em>eadem</em></strong></span> <span class='ocrx_word' id='word_1_509' title='bbox 3408 3468 3590 3525; x_wconf 79' lang='lat' dir='ltr'><strong><em>wtate,</em></strong></span> <span class='ocrx_word' id='word_1_510' title='bbox 3620 3460 3808 3514; x_wconf 86' lang='lat' dir='ltr'><strong><em>eisdem</em></strong></span> <span class='ocrx_word' id='word_1_511' title='bbox 3854 3462 4059 3514; x_wconf 82' lang='lat' dir='ltr'><strong><em>institu-</em></strong></span> 
     </span>
    </p>
   </div>
   <div class='ocr_carea' id='block_1_79' title="bbox 2463 3548 4052 3625">
    <p class='ocr_par' dir='ltr' id='par_1_79' title="bbox 2463 3548 4052 3625">
     <span class='ocr_line' id='line_1_79' title="bbox 2463 3548 4052 3625; baseline 0.004 -25"><span class='ocrx_word' id='word_1_512' title='bbox 2463 3549 2547 3614; x_wconf 91' lang='lat' dir='ltr'><strong><em>tis,</em></strong></span> <span class='ocrx_word' id='word_1_513' title='bbox 2577 3549 2807 3620; x_wconf 88' lang='lat' dir='ltr'><strong><em>ingeniis,</em></strong></span> <span class='ocrx_word' id='word_1_514' title='bbox 2842 3548 3053 3612; x_wconf 86' lang='lat' dir='ltr'><strong><em>artibus,</em></strong></span> <span class='ocrx_word' id='word_1_515' title='bbox 3079 3559 3123 3603; x_wconf 91' lang='lat' dir='ltr'><strong><em>et</em></strong></span> <span class='ocrx_word' id='word_1_516' title='bbox 3154 3566 3215 3604; x_wconf 75' lang='lat' dir='ltr'><strong><em>ex</em></strong></span> <span class='ocrx_word' id='word_1_517' title='bbox 3244 3550 3380 3603; x_wconf 87' lang='lat' dir='ltr'><strong><em>ontni</em></strong></span> <span class='ocrx_word' id='word_1_518' title='bbox 3397 3560 3563 3620; x_wconf 88' lang='lat' dir='ltr'><strong><em>gente,</em></strong></span> <span class='ocrx_word' id='word_1_519' title='bbox 3599 3568 3743 3618; x_wconf 75' lang='lat' dir='ltr'><strong><em>sexu,</em></strong></span> <span class='ocrx_word' id='word_1_520' title='bbox 3767 3552 4052 3625; x_wconf 87' lang='lat' dir='ltr'><strong><em>dignitate;</em></strong></span> 
     </span>
    </p>
   </div>
   <div class='ocr_carea' id='block_1_80' title="bbox 2463 3639 3669 3711">
    <p class='ocr_par' dir='ltr' id='par_1_80' title="bbox 2463 3639 3669 3711">
     <span class='ocr_line' id='line_1_80' title="bbox 2463 3639 3669 3711; baseline 0.006 -20"><span class='ocrx_word' id='word_1_521' title='bbox 2463 3639 2598 3707; x_wconf 91' lang='lat' dir='ltr'><strong><em>quod</em></strong></span> <span class='ocrx_word' id='word_1_522' title='bbox 2623 3650 2787 3693; x_wconf 85' lang='lat' dir='ltr'><strong><em>(antea</em></strong></span> <span class='ocrx_word' id='word_1_523' title='bbox 2818 3641 2925 3709; x_wconf 89' lang='lat' dir='ltr'><strong><em>ipse</em></strong></span> <span class='ocrx_word' id='word_1_524' title='bbox 2951 3639 3277 3711; x_wconf 81' lang='lat' dir='ltr'><strong><em>Pythagoras</em></strong></span> <span class='ocrx_word' id='word_1_525' title='bbox 3309 3658 3409 3695; x_wconf 90' lang='lat' dir='ltr'><strong><em>non</em></strong></span> <span class='ocrx_word' id='word_1_526' title='bbox 3439 3643 3669 3698; x_wconf 89' lang='lat' dir='ltr'><strong><em>admisit.</em></strong></span> 
     </span>
    </p>
   </div>
   <div class='ocr_carea' id='block_1_81' title="bbox 2536 3730 4058 3805">
    <p class='ocr_par' dir='ltr' id='par_1_81' title="bbox 2536 3730 4058 3805">
     <span class='ocr_line' id='line_1_81' title="bbox 2536 3730 4058 3805; baseline 0.001 -20"><span class='ocrx_word' id='word_1_527' title='bbox 2536 3730 2749 3787; x_wconf 85' lang='lat' dir='ltr'>XXXII.</span> <span class='ocrx_word' id='word_1_528' title='bbox 2783 3730 3016 3787; x_wconf 90' lang='lat' dir='ltr'><strong><em>Delirare</em></strong></span> <span class='ocrx_word' id='word_1_529' title='bbox 3036 3748 3148 3787; x_wconf 86' lang='lat' dir='ltr'><strong><em>vero</em></strong></span> <span class='ocrx_word' id='word_1_530' title='bbox 3176 3737 3335 3805; x_wconf 90' lang='lat' dir='ltr'><strong><em>magis</em></strong></span> <span class='ocrx_word' id='word_1_531' title='bbox 3366 3734 3747 3805; x_wconf 77' lang='lat' dir='ltr'><strong><em>Empedoclem,</em></strong></span> <span class='ocrx_word' id='word_1_532' title='bbox 3773 3737 3860 3804; x_wconf 90' lang='lat' dir='ltr'><strong><em>qui</em></strong></span> <span class='ocrx_word' id='word_1_533' title='bbox 3895 3760 4058 3805; x_wconf 62' lang='grc' dir='ltr'><strong><em>μετεν-</em></strong></span> 
     </span>
    </p>
   </div>
   <div class='ocr_carea' id='block_1_82' title="bbox 2464 3824 4058 3895">
    <p class='ocr_par' dir='ltr' id='par_1_82' title="bbox 2464 3824 4058 3895">
     <span class='ocr_line' id='line_1_82' title="bbox 2464 3824 4058 3895; baseline 0.004 -17"><span class='ocrx_word' id='word_1_534' title='bbox 2464 3830 2745 3890; x_wconf 77' lang='grc' dir='ltr'><strong><em>σωμάτωσιν</em></strong></span> <span class='ocrx_word' id='word_1_535' title='bbox 2775 3824 3062 3887; x_wconf 78' lang='lat' dir='ltr'><strong><em>induxerit,</em></strong></span> <span class='ocrx_word' id='word_1_536' title='bbox 3096 3826 3278 3881; x_wconf 90' lang='lat' dir='ltr'><strong><em>bestias</em></strong></span> <span class='ocrx_word' id='word_1_537' title='bbox 3303 3842 3366 3881; x_wconf 79' lang='lat' dir='ltr'><strong><em>ex</em></strong></span> <span class='ocrx_word' id='word_1_538' title='bbox 3393 3827 3678 3882; x_wconf 89' lang='lat' dir='ltr'><strong><em>hominibus</em></strong></span> <span class='ocrx_word' id='word_1_539' title='bbox 3698 3869 3713 3895; x_wconf 92' lang='lat'><strong><em>,</em></strong></span> <span class='ocrx_word' id='word_1_540' title='bbox 3747 3840 3797 3883; x_wconf 93' lang='lat' dir='ltr'><strong><em>et</em></strong></span> <span class='ocrx_word' id='word_1_541' title='bbox 3830 3830 4058 3885; x_wconf 83' lang='lat' dir='ltr'><strong><em>homines</em></strong></span> 
     </span>
    </p>
   </div>
   <div class='ocr_carea' id='block_1_83' title="bbox 2466 3918 3089 3973">
    <p class='ocr_par' dir='ltr' id='par_1_83' title="bbox 2466 3918 3089 3973">
     <span class='ocr_line' id='line_1_83' title="bbox 2466 3918 3089 3973; baseline 0 -1"><span class='ocrx_word' id='word_1_542' title='bbox 2466 3934 2528 3973; x_wconf 77' lang='lat' dir='ltr'><strong><em>ex</em></strong></span> <span class='ocrx_word' id='word_1_543' title='bbox 2553 3918 2717 3973; x_wconf 82' lang='lat' dir='ltr'><strong><em>bestiis</em></strong></span> <span class='ocrx_word' id='word_1_544' title='bbox 2740 3918 3089 3973; x_wconf 84' lang='lat' dir='ltr'><strong><em>revolventem.</em></strong></span> 
     </span>
    </p>
   </div>
   <div class='ocr_carea' id='block_1_84' title="bbox 2540 4008 4061 4084">
    <p class='ocr_par' dir='ltr' id='par_1_84' title="bbox 2540 4008 4061 4084">
     <span class='ocr_line' id='line_1_84' title="bbox 2540 4008 4061 4084; baseline 0.004 -20"><span class='ocrx_word' id='word_1_545' title='bbox 2540 4008 2773 4064; x_wconf 78' lang='lat' dir='ltr'>XXXIII.</span> <span class='ocrx_word' id='word_1_546' title='bbox 2807 4008 2984 4081; x_wconf 86' lang='lat' dir='ltr'><strong><em>Neque</em></strong></span> <span class='ocrx_word' id='word_1_547' title='bbox 3022 4028 3136 4066; x_wconf 88' lang='lat' dir='ltr'><strong><em>vero</em></strong></span> <span class='ocrx_word' id='word_1_548' title='bbox 3165 4013 3314 4066; x_wconf 90' lang='lat' dir='ltr'><strong><em>etiam</em></strong></span> <span class='ocrx_word' id='word_1_549' title='bbox 3356 4014 3547 4084; x_wconf 85' lang='lat' dir='ltr'><strong><em>judicii</em></strong></span> <span class='ocrx_word' id='word_1_550' title='bbox 3580 4016 3781 4070; x_wconf 91' lang='lat' dir='ltr'><strong><em>nomine</em></strong></span> <span class='ocrx_word' id='word_1_551' title='bbox 3812 4017 4061 4070; x_wconf 86' lang='lat' dir='ltr'><strong><em>vindicari</em></strong></span> 
     </span>
    </p>
   </div>
   <div class='ocr_carea' id='block_1_85' title="bbox 2467 4104 4061 4179">
    <p class='ocr_par' dir='ltr' id='par_1_85' title="bbox 2467 4104 4061 4179">
     <span class='ocr_line' id='line_1_85' title="bbox 2467 4104 4061 4179; baseline 0.004 -23"><span class='ocrx_word' id='word_1_552' title='bbox 2467 4106 2564 4157; x_wconf 90' lang='lat' dir='ltr'><strong><em>hoc</em></strong></span> <span class='ocrx_word' id='word_1_553' title='bbox 2595 4104 2815 4174; x_wconf 87' lang='lat' dir='ltr'><strong><em>dogma;</em></strong></span> <span class='ocrx_word' id='word_1_554' title='bbox 2862 4106 3093 4159; x_wconf 84' lang='lat' dir='ltr'><strong><em>evacuari</em></strong></span> <span class='ocrx_word' id='word_1_555' title='bbox 3124 4106 3277 4171; x_wconf 90' lang='lat' dir='ltr'><strong><em>enint,</em></strong></span> <span class='ocrx_word' id='word_1_556' title='bbox 3328 4107 3373 4161; x_wconf 91' lang='lat' dir='ltr'><strong><em>si</em></strong></span> <span class='ocrx_word' id='word_1_557' title='bbox 3400 4108 3617 4162; x_wconf 91' lang='lat' dir='ltr'><strong><em>crimina</em></strong></span> <span class='ocrx_word' id='word_1_558' title='bbox 3644 4126 3744 4163; x_wconf 90' lang='lat' dir='ltr'><strong><em>non</em></strong></span> <span class='ocrx_word' id='word_1_559' title='bbox 3787 4110 3938 4163; x_wconf 87' lang='lat' dir='ltr'><strong><em>aliter</em></strong></span> <span class='ocrx_word' id='word_1_560' title='bbox 3965 4127 4061 4179; x_wconf 84' lang='lat' dir='ltr'><strong><em>pu-</em></strong></span> 
     </span>
    </p>
   </div>
   <div class='ocr_carea' id='block_1_86' title="bbox 2469 4196 4059 4272">
    <p class='ocr_par' dir='ltr' id='par_1_86' title="bbox 2469 4196 4059 4272">
     <span class='ocr_line' id='line_1_86' title="bbox 2469 4196 4059 4272; baseline 0.005 -25"><span class='ocrx_word' id='word_1_561' title='bbox 2469 4196 2693 4261; x_wconf 89' lang='lat' dir='ltr'><strong><em>niantnr,</em></strong></span> <span class='ocrx_word' id='word_1_562' title='bbox 2729 4206 2813 4249; x_wconf 89' lang='lat' dir='ltr'><strong><em>aut</em></strong></span> <span class='ocrx_word' id='word_1_563' title='bbox 2842 4213 3028 4251; x_wconf 89' lang='lat' dir='ltr'><strong><em>nterces</em></strong></span> <span class='ocrx_word' id='word_1_564' title='bbox 3054 4214 3155 4253; x_wconf 90' lang='lat' dir='ltr'><strong><em>non</em></strong></span> <span class='ocrx_word' id='word_1_565' title='bbox 3185 4199 3289 4253; x_wconf 88' lang='lat' dir='ltr'><strong><em>alia</em></strong></span> <span class='ocrx_word' id='word_1_566' title='bbox 3318 4199 3461 4255; x_wconf 89' lang='lat' dir='ltr'><strong><em>bouis</em></strong></span> <span class='ocrx_word' id='word_1_567' title='bbox 3486 4201 3656 4266; x_wconf 87' lang='lat' dir='ltr'><strong><em>detur,</em></strong></span> <span class='ocrx_word' id='word_1_568' title='bbox 3684 4218 3837 4272; x_wconf 89' lang='lat' dir='ltr'><strong><em>quam</em></strong></span> <span class='ocrx_word' id='word_1_569' title='bbox 3867 4203 3921 4255; x_wconf 90' lang='lat' dir='ltr'><strong><em>iu</em></strong></span> <span class='ocrx_word' id='word_1_570' title='bbox 3947 4204 4059 4256; x_wconf 82' lang='lat' dir='ltr'><strong><em>atti-</em></strong></span> 
     </span>
    </p>
   </div>
   <div class='ocr_carea' id='block_1_87' title="bbox 2470 4290 2917 4343">
    <p class='ocr_par' dir='ltr' id='par_1_87' title="bbox 2470 4290 2917 4343">
     <span class='ocr_line' id='line_1_87' title="bbox 2470 4290 2917 4343; baseline 0.009 -4"><span class='ocrx_word' id='word_1_571' title='bbox 2470 4290 2627 4340; x_wconf 87' lang='lat' dir='ltr'><strong><em>malia</em></strong></span> <span class='ocrx_word' id='word_1_572' title='bbox 2647 4290 2917 4343; x_wconf 85' lang='lat' dir='ltr'><strong><em>restitutio.</em></strong></span> 
     </span>
    </p>
   </div>
   <div class='ocr_carea' id='block_1_88' title="bbox 2542 4381 4062 4453">
    <p class='ocr_par' dir='ltr' id='par_1_88' title="bbox 2542 4381 4062 4453">
     <span class='ocr_line' id='line_1_88' title="bbox 2542 4381 4062 4453; baseline 0.002 -16"><span class='ocrx_word' id='word_1_573' title='bbox 2542 4381 2785 4437; x_wconf 84' lang='lat' dir='ltr'>XXXIV.</span> <span class='ocrx_word' id='word_1_574' title='bbox 2826 4382 3022 4437; x_wconf 79' lang='lat' dir='ltr'><strong><em>Eadem</em></strong></span> <span class='ocrx_word' id='word_1_575' title='bbox 3068 4386 3445 4453; x_wconf 83' lang='lat' dir='ltr'><strong><em>rcpercnssione</em></strong></span> <span class='ocrx_word' id='word_1_576' title='bbox 3474 4387 3624 4451; x_wconf 75' lang='lat' dir='ltr'><strong><em>civili,</em></strong></span> <span class='ocrx_word' id='word_1_577' title='bbox 3654 4389 3805 4440; x_wconf 86' lang='lat' dir='ltr'><strong><em>etiam</em></strong></span> <span class='ocrx_word' id='word_1_578' title='bbox 3834 4386 4062 4441; x_wconf 83' lang='lat' dir='ltr'><strong><em>Simonis</em></strong></span> 
     </span>
    </p>
   </div>
   <div class='ocr_carea' id='block_1_89' title="bbox 2472 4474 4061 4546">
    <p class='ocr_par' dir='ltr' id='par_1_89' title="bbox 2472 4474 4061 4546">
     <span class='ocr_line' id='line_1_89' title="bbox 2472 4474 4061 4546; baseline 0.004 -21"><span class='ocrx_word' id='word_1_579' title='bbox 2472 4476 2725 4528; x_wconf 75' lang='lat' dir='ltr'><strong><em>sumat-itm</em></strong></span> <span class='ocrx_word' id='word_1_580' title='bbox 2773 4474 2992 4529; x_wconf 79' lang='lat' dir='ltr'><strong><em>ltwretici</em></strong></span> <span class='ocrx_word' id='word_1_581' title='bbox 3021 4478 3231 4529; x_wconf 88' lang='lat' dir='ltr'><strong><em>similent</em></strong></span> <span class='ocrx_word' id='word_1_582' title='bbox 3265 4478 3555 4546; x_wconf 81' lang='lat' dir='ltr'><strong><em>Opinionem</em></strong></span> <span class='ocrx_word' id='word_1_583' title='bbox 3611 4479 3673 4531; x_wconf 89' lang='lat' dir='ltr'><strong><em>de</em></strong></span> <span class='ocrx_word' id='word_1_584' title='bbox 3715 4495 3807 4532; x_wconf 87' lang='lat' dir='ltr'><strong><em>sua</em></strong></span> <span class='ocrx_word' id='word_1_585' title='bbox 3838 4476 4061 4543; x_wconf 78' lang='lat' dir='ltr'><strong><em>Helena,</em></strong></span> 
     </span>
    </p>
   </div>
   <div class='ocr_carea' id='block_1_90' title="bbox 2472 4569 4059 4639">
    <p class='ocr_par' dir='ltr' id='par_1_90' title="bbox 2472 4569 4059 4639">
     <span class='ocr_line' id='line_1_90' title="bbox 2472 4569 4059 4639; baseline 0.003 -21"><span class='ocrx_word' id='word_1_586' title='bbox 2472 4584 2624 4635; x_wconf 85' lang='lat' dir='ltr'><strong><em>quant</em></strong></span> <span class='ocrx_word' id='word_1_587' title='bbox 2653 4584 2741 4635; x_wconf 83' lang='lat' dir='ltr'><strong><em>per</em></strong></span> <span class='ocrx_word' id='word_1_588' title='bbox 2770 4570 2900 4621; x_wconf 80' lang='lat' dir='ltr'><strong><em>alios</em></strong></span> <span class='ocrx_word' id='word_1_589' title='bbox 2923 4580 3070 4637; x_wconf 88' lang='lat' dir='ltr'><strong><em>atque</em></strong></span> <span class='ocrx_word' id='word_1_590' title='bbox 3091 4569 3218 4623; x_wconf 90' lang='lat' dir='ltr'><strong><em>alios</em></strong></span> <span class='ocrx_word' id='word_1_591' title='bbox 3247 4569 3449 4624; x_wconf 86' lang='lat' dir='ltr'><strong><em>habitus</em></strong></span> <span class='ocrx_word' id='word_1_592' title='bbox 3474 4572 3735 4639; x_wconf 80' lang='lat' dir='ltr'><strong><em>ﬁentineos</em></strong></span> <span class='ocrx_word' id='word_1_593' title='bbox 3760 4571 4059 4635; x_wconf 66' lang='lat' dir='ltr'><strong><em>uolutatam,</em></strong></span> 
     </span>
    </p>
   </div>
   <div class='ocr_carea' id='block_1_91' title="bbox 784 4649 3931 4737">
    <p class='ocr_par' dir='ltr' id='par_1_91' title="bbox 784 4649 3931 4737">
     <span class='ocr_line' id='line_1_91' title="bbox 784 4649 3931 4737; baseline 0 -20"><span class='ocrx_word' id='word_1_594' title='bbox 784 4664 989 4717; x_wconf 89' lang='lat' dir='ltr'><strong><em>modum</em></strong></span> <span class='ocrx_word' id='word_1_595' title='bbox 1018 4680 1106 4733; x_wconf 90' lang='lat' dir='ltr'><strong><em>per</em></strong></span> <span class='ocrx_word' id='word_1_596' title='bbox 1135 4666 1360 4718; x_wconf 90' lang='lat' dir='ltr'><strong><em>animant</em></strong></span> <span class='ocrx_word' id='word_1_597' title='bbox 1391 4664 1736 4734; x_wconf 78' lang='lat' dir='ltr'><strong><em>incorporalia</em></strong></span> <span class='ocrx_word' id='word_1_598' title='bbox 1766 4666 2038 4737; x_wconf 87' lang='lat' dir='ltr'><strong><em>intelligit;</em></strong></span> <span class='ocrx_word' id='word_1_599' title='bbox 2092 4669 2163 4721; x_wconf 91' lang='lat' dir='ltr'><strong><em>sic</em></strong></span> <span class='ocrx_word' id='word_1_600' title='bbox 2202 4678 2366 4723; x_wconf 93' lang='lat' dir='ltr'><strong><em>tamen</em></strong></span> <span class='ocrx_word' id='word_1_601' title='bbox 2394 4649 2447 4710; x_wconf 80' lang='lat' dir='ltr'><strong><em>D</em></strong></span> <span class='ocrx_word' id='word_1_602' title='bbox 2474 4662 2625 4714; x_wconf 70' lang='lat' dir='ltr'><strong><em>etiam</em></strong></span> <span class='ocrx_word' id='word_1_603' title='bbox 2653 4662 2795 4714; x_wconf 75' lang='lat' dir='ltr'><strong><em>illum</em></strong></span> <span class='ocrx_word' id='word_1_604' title='bbox 2822 4664 2980 4731; x_wconf 78' lang='lat' dir='ltr'><strong><em>[uisse</em></strong></span> <span class='ocrx_word' id='word_1_605' title='bbox 3000 4663 3162 4716; x_wconf 80' lang='lat' dir='ltr'><strong><em>aiebat</em></strong></span> <span class='ocrx_word' id='word_1_606' title='bbox 3193 4663 3400 4717; x_wconf 77' lang='lat' dir='ltr'><strong><em>l’riamo</em></strong></span> <span class='ocrx_word' id='word_1_607' title='bbox 3432 4666 3931 4734; x_wconf 82' lang='lat' dir='ltr'><strong><em>perniciosissimam.</em></strong></span> 
     </span>
    </p>
   </div>
   <div class='ocr_carea' id='block_1_92' title="bbox 780 4756 1668 4828">
    <p class='ocr_par' dir='ltr' id='par_1_92' title="bbox 780 4756 1668 4828">
     <span class='ocr_line' id='line_1_92' title="bbox 780 4756 1668 4828; baseline 0.002 -21"><span class='ocrx_word' id='word_1_608' title='bbox 780 4768 831 4808; x_wconf 89' lang='lat' dir='ltr'><strong><em>ttt</em></strong></span> <span class='ocrx_word' id='word_1_609' title='bbox 863 4756 1011 4808; x_wconf 91' lang='lat' dir='ltr'><strong><em>etiant</em></strong></span> <span class='ocrx_word' id='word_1_610' title='bbox 1038 4758 1242 4821; x_wconf 89' lang='lat' dir='ltr'><strong><em>sentiat,</em></strong></span> <span class='ocrx_word' id='word_1_611' title='bbox 1273 4772 1386 4809; x_wconf 90' lang='lat' dir='ltr'><strong><em>cum</em></strong></span> <span class='ocrx_word' id='word_1_612' title='bbox 1413 4756 1668 4828; x_wconf 79' lang='lat' dir='ltr'><strong><em>intelligit.</em></strong></span> 
     </span>
    </p>
   </div>
   <div class='ocr_carea' id='block_1_93' title="bbox 852 4846 2364 4920">
    <p class='ocr_par' dir='ltr' id='par_1_93' title="bbox 852 4846 2364 4920">
     <span class='ocr_line' id='line_1_93' title="bbox 852 4846 2364 4920; baseline 0.003 -18"><span class='ocrx_word' id='word_1_613' title='bbox 852 4846 993 4903; x_wconf 86' lang='lat' dir='ltr'>XIX.</span> <span class='ocrx_word' id='word_1_614' title='bbox 1023 4849 1186 4919; x_wconf 82' lang='lat' dir='ltr'><strong><em>Atque</em></strong></span> <span class='ocrx_word' id='word_1_615' title='bbox 1214 4849 1341 4903; x_wconf 87' lang='lat' dir='ltr'><strong><em>adeo</em></strong></span> <span class='ocrx_word' id='word_1_616' title='bbox 1373 4850 1678 4904; x_wconf 88' lang='lat' dir='ltr'><strong><em>intellectum</em></strong></span> <span class='ocrx_word' id='word_1_617' title='bbox 1724 4867 1919 4920; x_wconf 88' lang='lat' dir='ltr'><strong><em>semper</em></strong></span> <span class='ocrx_word' id='word_1_618' title='bbox 1962 4851 2146 4905; x_wconf 79' lang='lat' dir='ltr'><strong><em>anima:</em></strong></span> <span class='ocrx_word' id='word_1_619' title='bbox 2186 4853 2364 4920; x_wconf 88' lang='lat' dir='ltr'><strong><em>inesse,</em></strong></span> 
     </span>
    </p>
   </div>
   <div class='ocr_carea' id='block_1_94' title="bbox 780 4926 1762 5009">
    <p class='ocr_par' dir='ltr' id='par_1_94' title="bbox 780 4942 1762 5009">
     <span class='ocr_line' id='line_1_94' title="bbox 780 4942 1762 5009; baseline 0.003 -15"><span class='ocrx_word' id='word_1_620' title='bbox 780 4944 855 4994; x_wconf 86' lang='lat' dir='ltr'><strong><em>uti</em></strong></span> <span class='ocrx_word' id='word_1_621' title='bbox 882 4942 1031 4995; x_wconf 89' lang='lat' dir='ltr'><strong><em>etiam</em></strong></span> <span class='ocrx_word' id='word_1_622' title='bbox 1060 4943 1253 5009; x_wconf 87' lang='lat' dir='ltr'><strong><em>reliqua</em></strong></span> <span class='ocrx_word' id='word_1_623' title='bbox 1276 4944 1460 4997; x_wconf 79' lang='lat' dir='ltr'><strong><em>anima:</em></strong></span> <span class='ocrx_word' id='word_1_624' title='bbox 1489 4944 1762 4997; x_wconf 88' lang='lat' dir='ltr'><strong><em>naturalia.</em></strong></span> 
     </span>
    </p>
   </div>
   <div class='ocr_carea' id='block_1_95' title="bbox 854 5032 2369 5112">
    <p class='ocr_par' dir='ltr' id='par_1_95' title="bbox 854 5032 2369 5112">
     <span class='ocr_line' id='line_1_95' title="bbox 854 5032 2369 5112; baseline 0.003 -22"><span class='ocrx_word' id='word_1_625' title='bbox 854 5032 971 5090; x_wconf 85' lang='lat' dir='ltr'><strong><em>XX.</em></strong></span> <span class='ocrx_word' id='word_1_626' title='bbox 1005 5032 1117 5089; x_wconf 81' lang='lat' dir='ltr'><strong><em>Etsi</em></strong></span> <span class='ocrx_word' id='word_1_627' title='bbox 1140 5045 1307 5089; x_wconf 87' lang='lat' dir='ltr'><strong><em>autent</em></strong></span> <span class='ocrx_word' id='word_1_628' title='bbox 1354 5039 1621 5107; x_wconf 73' lang='lat' dir='ltr'><strong><em>uniformis</em></strong></span> <span class='ocrx_word' id='word_1_629' title='bbox 1644 5040 1815 5092; x_wconf 88' lang='lat' dir='ltr'><strong><em>anima</em></strong></span> <span class='ocrx_word' id='word_1_630' title='bbox 1844 5079 1857 5102; x_wconf 91' lang='lat'><strong><em>,</em></strong></span> <span class='ocrx_word' id='word_1_631' title='bbox 1892 5042 2015 5111; x_wconf 77' lang='lat' dir='ltr'><strong><em>ftrtu</em></strong></span> <span class='ocrx_word' id='word_1_632' title='bbox 2041 5050 2204 5093; x_wconf 84' lang='lat' dir='ltr'><strong><em>tamen</em></strong></span> <span class='ocrx_word' id='word_1_633' title='bbox 2231 5042 2369 5112; x_wconf 84' lang='lat' dir='ltr'><strong><em>inge-</em></strong></span> 
     </span>
    </p>
   </div>
   <div class='ocr_carea' id='block_1_96' title="bbox 783 5128 2369 5204">
    <p class='ocr_par' dir='ltr' id='par_1_96' title="bbox 783 5128 2369 5204">
     <span class='ocr_line' id='line_1_96' title="bbox 783 5128 2369 5204; baseline 0.004 -22"><span class='ocrx_word' id='word_1_634' title='bbox 783 5131 981 5183; x_wconf 78' lang='lat' dir='ltr'><strong><em>niorum</em></strong></span> <span class='ocrx_word' id='word_1_635' title='bbox 1030 5128 1409 5197; x_wconf 68' lang='lat' dir='ltr'><strong><em>multiformem,</em></strong></span> <span class='ocrx_word' id='word_1_636' title='bbox 1446 5148 1535 5199; x_wconf 92' lang='lat' dir='ltr'><strong><em>pro</em></strong></span> <span class='ocrx_word' id='word_1_637' title='bbox 1575 5133 1861 5188; x_wconf 87' lang='lat' dir='ltr'><strong><em>conditione</em></strong></span> <span class='ocrx_word' id='word_1_638' title='bbox 1893 5135 2000 5189; x_wconf 80' lang='lat' dir='ltr'><strong><em>cali</em></strong></span> <span class='ocrx_word' id='word_1_639' title='bbox 2042 5144 2083 5188; x_wconf 77' lang='lat' dir='ltr'><strong><em>et</em></strong></span> <span class='ocrx_word' id='word_1_640' title='bbox 2114 5136 2227 5189; x_wconf 87' lang='lat' dir='ltr'><strong><em>soli.</em></strong></span> <span class='ocrx_word' id='word_1_641' title='bbox 2280 5152 2369 5204; x_wconf 92' lang='lat' dir='ltr'><strong><em>pro</em></strong></span> 
     </span>
    </p>
   </div>
   <div class='ocr_carea' id='block_1_97' title="bbox 784 5221 2374 5295">
    <p class='ocr_par' dir='ltr' id='par_1_97' title="bbox 784 5221 2374 5295">
     <span class='ocr_line' id='line_1_97' title="bbox 784 5221 2374 5295; baseline 0.004 -20"><span class='ocrx_word' id='word_1_642' title='bbox 784 5222 979 5275; x_wconf 89' lang='lat' dir='ltr'><strong><em>ratione</em></strong></span> <span class='ocrx_word' id='word_1_643' title='bbox 1004 5221 1167 5291; x_wconf 86' lang='lat' dir='ltr'><strong><em>operis</em></strong></span> <span class='ocrx_word' id='word_1_644' title='bbox 1195 5231 1239 5275; x_wconf 91' lang='lat' dir='ltr'><strong><em>et</em></strong></span> <span class='ocrx_word' id='word_1_645' title='bbox 1269 5238 1431 5287; x_wconf 66' lang='lat' dir='ltr'><strong><em>curat,</em></strong></span> <span class='ocrx_word' id='word_1_646' title='bbox 1460 5240 1550 5293; x_wconf 86' lang='lat' dir='ltr'><strong><em>pro</em></strong></span> <span class='ocrx_word' id='word_1_647' title='bbox 1581 5237 1857 5293; x_wconf 88' lang='lat' dir='ltr'><strong><em>temporum</em></strong></span> <span class='ocrx_word' id='word_1_648' title='bbox 1887 5242 2079 5292; x_wconf 87' lang='lat' dir='ltr'><strong><em>eventu,</em></strong></span> <span class='ocrx_word' id='word_1_649' title='bbox 2106 5244 2194 5295; x_wconf 90' lang='lat' dir='ltr'><strong><em>pro</em></strong></span> <span class='ocrx_word' id='word_1_650' title='bbox 2220 5228 2374 5282; x_wconf 81' lang='lat' dir='ltr'><strong><em>licen-</em></strong></span> 
     </span>
    </p>
   </div>
   <div class='ocr_carea' id='block_1_98' title="bbox 787 5316 2375 5381">
    <p class='ocr_par' dir='ltr' id='par_1_98' title="bbox 787 5316 2375 5381">
     <span class='ocr_line' id='line_1_98' title="bbox 787 5316 2375 5381; baseline 0.006 -14"><span class='ocrx_word' id='word_1_651' title='bbox 787 5316 855 5367; x_wconf 89' lang='lat' dir='ltr'><strong><em>tia</em></strong></span> <span class='ocrx_word' id='word_1_652' title='bbox 904 5331 1132 5377; x_wconf 89' lang='lat' dir='ltr'><strong><em>casuum,</em></strong></span> <span class='ocrx_word' id='word_1_653' title='bbox 1189 5324 1233 5369; x_wconf 90' lang='lat' dir='ltr'><strong><em>et</em></strong></span> <span class='ocrx_word' id='word_1_654' title='bbox 1278 5318 1504 5379; x_wconf 83' lang='lat' dir='ltr'><strong><em>corporis</em></strong></span> <span class='ocrx_word' id='word_1_655' title='bbox 1545 5319 1694 5372; x_wconf 90' lang='lat' dir='ltr'><strong><em>etiant</em></strong></span> <span class='ocrx_word' id='word_1_656' title='bbox 1748 5321 2065 5381; x_wconf 88' lang='lat' dir='ltr'><strong><em>valetudine,</em></strong></span> <span class='ocrx_word' id='word_1_657' title='bbox 2113 5322 2167 5373; x_wconf 91' lang='lat' dir='ltr'><strong><em>ul</em></strong></span> <span class='ocrx_word' id='word_1_658' title='bbox 2202 5335 2266 5376; x_wconf 80' lang='lat' dir='ltr'><strong><em>ne</em></strong></span> <span class='ocrx_word' id='word_1_659' title='bbox 2314 5324 2375 5377; x_wconf 87' lang='lat' dir='ltr'><strong><em>de</em></strong></span> 
     </span>
    </p>
   </div>
   <div class='ocr_carea' id='block_1_99' title="bbox 786 5407 2374 5480">
    <p class='ocr_par' dir='ltr' id='par_1_99' title="bbox 786 5407 2374 5480">
     <span class='ocr_line' id='line_1_99' title="bbox 786 5407 2374 5480; baseline 0.008 -23"><span class='ocrx_word' id='word_1_660' title='bbox 786 5407 881 5475; x_wconf 80' lang='lat' dir='ltr'><strong><em>[mi</em></strong></span> <span class='ocrx_word' id='word_1_661' title='bbox 927 5407 1215 5460; x_wconf 69' lang='lat' dir='ltr'><strong><em>necessitate</em></strong></span> <span class='ocrx_word' id='word_1_662' title='bbox 1252 5408 1373 5469; x_wconf 88' lang='lat' dir='ltr'><strong><em>quid</em></strong></span> <span class='ocrx_word' id='word_1_663' title='bbox 1416 5408 1633 5473; x_wconf 87' lang='lat' dir='ltr'><strong><em>dicatur,</em></strong></span> <span class='ocrx_word' id='word_1_664' title='bbox 1680 5410 1743 5463; x_wconf 90' lang='lat' dir='ltr'><strong><em>de</em></strong></span> <span class='ocrx_word' id='word_1_665' title='bbox 1783 5426 1881 5480; x_wconf 90' lang='lat' dir='ltr'><strong><em>qua</em></strong></span> <span class='ocrx_word' id='word_1_666' title='bbox 1909 5427 1999 5465; x_wconf 91' lang='lat' dir='ltr'><strong><em>suo</em></strong></span> <span class='ocrx_word' id='word_1_667' title='bbox 2028 5412 2173 5466; x_wconf 87' lang='lat' dir='ltr'><strong><em>tituto</em></strong></span> <span class='ocrx_word' id='word_1_668' title='bbox 2217 5415 2374 5469; x_wconf 88' lang='lat' dir='ltr'><strong><em>disse-</em></strong></span> 
     </span>
    </p>
   </div>
   <div class='ocr_carea' id='block_1_100' title="bbox 788 5498 964 5552">
    <p class='ocr_par' dir='ltr' id='par_1_100' title="bbox 788 5498 964 5552">
     <span class='ocr_line' id='line_1_100' title="bbox 788 5498 964 5552; baseline -0.011 0"><span class='ocrx_word' id='word_1_669' title='bbox 788 5498 964 5552; x_wconf 87' lang='lat' dir='ltr'><strong><em>ruerit.</em></strong></span> 
     </span>
    </p>
   </div>
   <div class='ocr_carea' id='block_1_101' title="bbox 863 5592 2374 5671">
    <p class='ocr_par' dir='ltr' id='par_1_101' title="bbox 863 5592 2374 5671">
     <span class='ocr_line' id='line_1_101' title="bbox 863 5592 2374 5671; baseline 0.007 -25"><span class='ocrx_word' id='word_1_670' title='bbox 863 5592 1004 5647; x_wconf 89' lang='lat' dir='ltr'>XXI.</span> <span class='ocrx_word' id='word_1_671' title='bbox 1043 5595 1265 5649; x_wconf 86' lang='lat' dir='ltr'><strong><em>Proinde</em></strong></span> <span class='ocrx_word' id='word_1_672' title='bbox 1294 5598 1443 5650; x_wconf 87' lang='lat' dir='ltr'><strong><em>etiam</em></strong></span> <span class='ocrx_word' id='word_1_673' title='bbox 1470 5600 1691 5653; x_wconf 89' lang='lat' dir='ltr'><strong><em>animam</em></strong></span> <span class='ocrx_word' id='word_1_674' title='bbox 1715 5640 1727 5663; x_wconf 91' lang='lat'><strong><em>_.</em></strong></span> <span class='ocrx_word' id='word_1_675' title='bbox 1770 5609 2097 5671; x_wconf 89' lang='lat' dir='ltr'><strong><em>contraquam</em></strong></span> <span class='ocrx_word' id='word_1_676' title='bbox 2148 5604 2374 5657; x_wconf 89' lang='lat' dir='ltr'><strong><em>sentiunt</em></strong></span> 
     </span>
    </p>
   </div>
   <div class='ocr_carea' id='block_1_102' title="bbox 804 5682 2376 5763">
    <p class='ocr_par' dir='ltr' id='par_1_102' title="bbox 804 5682 2376 5763">
     <span class='ocr_line' id='line_1_102' title="bbox 804 5682 2376 5763; baseline 0.01 -29"><span class='ocrx_word' id='word_1_677' title='bbox 804 5682 1183 5751; x_wconf 66' lang='lat' dir='ltr'><strong><em>Valentiniani,</em></strong></span> <span class='ocrx_word' id='word_1_678' title='bbox 1218 5690 1585 5743; x_wconf 80' lang='lat' dir='ltr'><strong><em>t&#39;onvertibitem</em></strong></span> <span class='ocrx_word' id='word_1_679' title='bbox 1616 5692 1771 5759; x_wconf 79' lang='lat' dir='ltr'><strong><em>fuisse</em></strong></span> <span class='ocrx_word' id='word_1_680' title='bbox 1796 5692 1940 5745; x_wconf 87' lang='lat' dir='ltr'><strong><em>liberi</em></strong></span> <span class='ocrx_word' id='word_1_681' title='bbox 1966 5693 2165 5748; x_wconf 86' lang='lat' dir='ltr'><strong><em>arbitrii</em></strong></span> <span class='ocrx_word' id='word_1_682' title='bbox 2207 5705 2376 5763; x_wconf 83' lang='lat' dir='ltr'><strong><em>potes-</em></strong></span> 
     </span>
    </p>
   </div>
   <div class='ocr_carea' id='block_1_103' title="bbox 793 5778 2378 5857">
    <p class='ocr_par' dir='ltr' id='par_1_103' title="bbox 793 5778 2378 5857">
     <span class='ocr_line' id='line_1_103' title="bbox 793 5778 2378 5857; baseline 0.008 -28"><span class='ocrx_word' id='word_1_683' title='bbox 793 5784 914 5840; x_wconf 90' lang='lat' dir='ltr'><strong><em>tate,</em></strong></span> <span class='ocrx_word' id='word_1_684' title='bbox 952 5778 1105 5849; x_wconf 68' lang='lat' dir='ltr'><strong><em>juxta</em></strong></span> <span class='ocrx_word' id='word_1_685' title='bbox 1150 5780 1282 5852; x_wconf 90' lang='lat' dir='ltr'><strong><em>quod</em></strong></span> <span class='ocrx_word' id='word_1_686' title='bbox 1336 5778 1587 5837; x_wconf 76' lang='lat' dir='ltr'><strong><em>Marciani</em></strong></span> <span class='ocrx_word' id='word_1_687' title='bbox 1623 5784 1737 5855; x_wconf 89' lang='lat' dir='ltr'><strong><em>jam</em></strong></span> <span class='ocrx_word' id='word_1_688' title='bbox 1783 5794 1829 5841; x_wconf 91' lang='lat' dir='ltr'><strong><em>et</em></strong></span> <span class='ocrx_word' id='word_1_689' title='bbox 1872 5782 2180 5857; x_wconf 81' lang='lat' dir='ltr'><strong><em>Ilermogeni</em></strong></span> <span class='ocrx_word' id='word_1_690' title='bbox 2208 5797 2378 5842; x_wconf 86' lang='lat' dir='ltr'><strong><em>osten-</em></strong></span> 
     </span>
    </p>
   </div>
   <div class='ocr_carea' id='block_1_104' title="bbox 794 5866 938 5926">
    <p class='ocr_par' dir='ltr' id='par_1_104' title="bbox 794 5866 938 5926">
     <span class='ocr_line' id='line_1_104' title="bbox 794 5866 938 5926; baseline 0.021 -3"><span class='ocrx_word' id='word_1_691' title='bbox 794 5866 938 5926; x_wconf 86' lang='lat' dir='ltr'><strong><em>derit.</em></strong></span> 
     </span>
    </p>
   </div>
   <div class='ocr_carea' id='block_1_105' title="bbox 2545 4753 4064 4830">
    <p class='ocr_par' dir='ltr' id='par_1_105' title="bbox 2545 4753 4064 4830">
     <span class='ocr_line' id='line_1_105' title="bbox 2545 4753 4064 4830; baseline 0.003 -22"><span class='ocrx_word' id='word_1_692' title='bbox 2545 4753 2763 4808; x_wconf 80' lang='lat' dir='ltr'>XXXV.</span> <span class='ocrx_word' id='word_1_693' title='bbox 2795 4754 2907 4809; x_wconf 90' lang='lat' dir='ltr'><strong><em>lmo</em></strong></span> <span class='ocrx_word' id='word_1_694' title='bbox 2960 4758 3107 4809; x_wconf 89' lang='lat' dir='ltr'><strong><em>etiam</em></strong></span> <span class='ocrx_word' id='word_1_695' title='bbox 3144 4755 3469 4827; x_wconf 77' lang='lat' dir='ltr'><strong><em>Carpocratis</em></strong></span> <span class='ocrx_word' id='word_1_696' title='bbox 3504 4760 3791 4811; x_wconf 89' lang='lat' dir='ltr'><strong><em>animarum</em></strong></span> <span class='ocrx_word' id='word_1_697' title='bbox 3832 4776 4064 4830; x_wconf 82' lang='lat' dir='ltr'><strong><em>recorpo-</em></strong></span> 
     </span>
    </p>
   </div>
   <div class='ocr_carea' id='block_1_106' title="bbox 2476 4852 4066 4923">
    <p class='ocr_par' dir='ltr' id='par_1_106' title="bbox 2476 4852 4066 4923">
     <span class='ocr_line' id='line_1_106' title="bbox 2476 4852 4066 4923; baseline 0.003 -20"><span class='ocrx_word' id='word_1_698' title='bbox 2476 4852 2743 4910; x_wconf 91' lang='lat' dir='ltr'><strong><em>rationem,</em></strong></span> <span class='ocrx_word' id='word_1_699' title='bbox 2780 4867 2880 4919; x_wconf 87' lang='lat' dir='ltr'><strong><em>qua</em></strong></span> <span class='ocrx_word' id='word_1_700' title='bbox 2925 4853 3068 4905; x_wconf 85' lang='lat' dir='ltr'><strong><em>toties</em></strong></span> <span class='ocrx_word' id='word_1_701' title='bbox 3098 4852 3289 4904; x_wconf 87' lang='lat' dir='ltr'><strong><em>volebat</em></strong></span> <span class='ocrx_word' id='word_1_702' title='bbox 3321 4854 3541 4905; x_wconf 92' lang='lat' dir='ltr'><strong><em>animam</em></strong></span> <span class='ocrx_word' id='word_1_703' title='bbox 3573 4853 3626 4906; x_wconf 92' lang='lat' dir='ltr'><strong><em>in</em></strong></span> <span class='ocrx_word' id='word_1_704' title='bbox 3664 4870 3881 4923; x_wconf 87' lang='lat' dir='ltr'><strong><em>corpora</em></strong></span> <span class='ocrx_word' id='word_1_705' title='bbox 3926 4869 4066 4907; x_wconf 79' lang='lat' dir='ltr'><strong><em>revo-</em></strong></span> 
     </span>
    </p>
   </div>
   <div class='ocr_carea' id='block_1_107' title="bbox 2478 4943 4063 5014">
    <p class='ocr_par' dir='ltr' id='par_1_107' title="bbox 2478 4943 4063 5014">
     <span class='ocr_line' id='line_1_107' title="bbox 2478 4943 4063 5014; baseline 0.003 -19"><span class='ocrx_word' id='word_1_706' title='bbox 2478 4943 2604 5007; x_wconf 88' lang='lat' dir='ltr'><strong><em>cari,</em></strong></span> <span class='ocrx_word' id='word_1_707' title='bbox 2637 4943 2827 5012; x_wconf 88' lang='lat' dir='ltr'><strong><em>quoties</em></strong></span> <span class='ocrx_word' id='word_1_708' title='bbox 2856 4943 3021 4997; x_wconf 91' lang='lat' dir='ltr'><strong><em>minas</em></strong></span> <span class='ocrx_word' id='word_1_709' title='bbox 3052 4945 3113 4997; x_wconf 87' lang='lat' dir='ltr'><strong><em>de</em></strong></span> <span class='ocrx_word' id='word_1_710' title='bbox 3158 4943 3351 4997; x_wconf 78' lang='lat' dir='ltr'><strong><em>delictis</em></strong></span> <span class='ocrx_word' id='word_1_711' title='bbox 3400 4945 3763 5014; x_wconf 69' lang='lat' dir='ltr'><strong><em>satisfecisset;</em></strong></span> <span class='ocrx_word' id='word_1_712' title='bbox 3790 4946 3874 5012; x_wconf 86' lang='lat' dir='ltr'><strong><em>qui</em></strong></span> <span class='ocrx_word' id='word_1_713' title='bbox 3913 4946 4063 4999; x_wconf 87' lang='lat' dir='ltr'><strong><em>etiam</em></strong></span> 
     </span>
    </p>
   </div>
   <div class='ocr_carea' id='block_1_108' title="bbox 2479 5033 3781 5105">
    <p class='ocr_par' dir='ltr' id='par_1_108' title="bbox 2479 5033 3781 5105">
     <span class='ocr_line' id='line_1_108' title="bbox 2479 5033 3781 5105; baseline 0.002 -18"><span class='ocrx_word' id='word_1_714' title='bbox 2479 5033 2646 5088; x_wconf 75' lang='lat' dir='ltr'><strong><em>Helia!</em></strong></span> <span class='ocrx_word' id='word_1_715' title='bbox 2667 5035 2884 5088; x_wconf 87' lang='lat' dir='ltr'><strong><em>reditum</em></strong></span> <span class='ocrx_word' id='word_1_716' title='bbox 2915 5040 3103 5105; x_wconf 80' lang='lat' dir='ltr'><strong><em>{rustra</em></strong></span> <span class='ocrx_word' id='word_1_717' title='bbox 3126 5051 3217 5105; x_wconf 91' lang='lat' dir='ltr'><strong><em>pro</em></strong></span> <span class='ocrx_word' id='word_1_718' title='bbox 3239 5052 3291 5089; x_wconf 90' lang='lat' dir='ltr'><strong><em>se</em></strong></span> <span class='ocrx_word' id='word_1_719' title='bbox 3310 5036 3667 5105; x_wconf 87' lang='lat' dir='ltr'><strong><em>interpretatus</em></strong></span> <span class='ocrx_word' id='word_1_720' title='bbox 3696 5039 3781 5090; x_wconf 91' lang='lat' dir='ltr'><strong><em>sit.</em></strong></span> 
     </span>
    </p>
   </div>
   <div class='ocr_carea' id='block_1_109' title="bbox 2548 5127 4068 5199">
    <p class='ocr_par' dir='ltr' id='par_1_109' title="bbox 2548 5127 4068 5199">
     <span class='ocr_line' id='line_1_109' title="bbox 2548 5127 4068 5199; baseline 0.003 -17"><span class='ocrx_word' id='word_1_721' title='bbox 2548 5127 2790 5182; x_wconf 87' lang='lat' dir='ltr'>XXXVI.</span> <span class='ocrx_word' id='word_1_722' title='bbox 2844 5127 3094 5182; x_wconf 77' lang='lat' dir='ltr'><strong><em>Reversus</em></strong></span> <span class='ocrx_word' id='word_1_723' title='bbox 3143 5130 3261 5182; x_wconf 89' lang='lat' dir='ltr'><strong><em>inde</em></strong></span> <span class='ocrx_word' id='word_1_724' title='bbox 3287 5129 3355 5181; x_wconf 90' lang='lat' dir='ltr'><strong><em>ad</em></strong></span> <span class='ocrx_word' id='word_1_725' title='bbox 3387 5132 3528 5199; x_wconf 86' lang='lat' dir='ltr'><strong><em>prius</em></strong></span> <span class='ocrx_word' id='word_1_726' title='bbox 3558 5131 3885 5197; x_wconf 83' lang='lat' dir='ltr'><strong><em>institutum,</em></strong></span> <span class='ocrx_word' id='word_1_727' title='bbox 3920 5134 4068 5187; x_wconf 84' lang='lat' dir='ltr'><strong><em>etiam</em></strong></span> 
     </span>
    </p>
   </div>
   <div class='ocr_carea' id='block_1_110' title="bbox 2476 5222 3735 5291">
    <p class='ocr_par' dir='ltr' id='par_1_110' title="bbox 2476 5222 3735 5291">
     <span class='ocr_line' id='line_1_110' title="bbox 2476 5222 3735 5291; baseline 0.003 -17"><span class='ocrx_word' id='word_1_728' title='bbox 2476 5237 2651 5275; x_wconf 68' lang='lat' dir='ltr'><strong><em>sexum</em></strong></span> <span class='ocrx_word' id='word_1_729' title='bbox 2679 5222 2865 5275; x_wconf 71' lang='lat' dir='ltr'><strong><em>anima:</em></strong></span> <span class='ocrx_word' id='word_1_730' title='bbox 2889 5231 2935 5274; x_wconf 92' lang='lat' dir='ltr'><strong><em>et</em></strong></span> <span class='ocrx_word' id='word_1_731' title='bbox 2975 5222 3207 5291; x_wconf 88' lang='lat' dir='ltr'><strong><em>corporis</em></strong></span> <span class='ocrx_word' id='word_1_732' title='bbox 3236 5223 3392 5276; x_wconf 85' lang='lat' dir='ltr'><strong><em>simul</em></strong></span> <span class='ocrx_word' id='word_1_733' title='bbox 3416 5225 3537 5277; x_wconf 88' lang='lat' dir='ltr'><strong><em>oriri</em></strong></span> <span class='ocrx_word' id='word_1_734' title='bbox 3559 5226 3735 5278; x_wconf 88' lang='lat' dir='ltr'><strong><em>tradit.</em></strong></span> 
     </span>
    </p>
   </div>
   <div class='ocr_carea' id='block_1_111' title="bbox 2551 5310 4068 5388">
    <p class='ocr_par' dir='ltr' id='par_1_111' title="bbox 2551 5310 4068 5388">
     <span class='ocr_line' id='line_1_111' title="bbox 2551 5310 4068 5388; baseline 0.005 -23"><span class='ocrx_word' id='word_1_735' title='bbox 2551 5310 2814 5366; x_wconf 79' lang='lat' dir='ltr'>XXXVII.</span> <span class='ocrx_word' id='word_1_736' title='bbox 2860 5314 3075 5367; x_wconf 86' lang='lat' dir='ltr'><strong><em>Omnem</em></strong></span> <span class='ocrx_word' id='word_1_737' title='bbox 3119 5324 3287 5367; x_wconf 90' lang='lat' dir='ltr'><strong><em>autem</em></strong></span> <span class='ocrx_word' id='word_1_738' title='bbox 3314 5315 3530 5369; x_wconf 90' lang='lat' dir='ltr'><strong><em>hominis</em></strong></span> <span class='ocrx_word' id='word_1_739' title='bbox 3558 5327 3855 5383; x_wconf 88' lang='lat' dir='ltr'><strong><em>paraturant</em></strong></span> <span class='ocrx_word' id='word_1_740' title='bbox 3899 5317 4068 5388; x_wconf 81' lang='lat' dir='ltr'><strong><em>aliqua</em></strong></span> 
     </span>
    </p>
   </div>
   <div class='ocr_carea' id='block_1_112' title="bbox 2480 5405 4067 5479">
    <p class='ocr_par' dir='ltr' id='par_1_112' title="bbox 2480 5405 4067 5479">
     <span class='ocr_line' id='line_1_112' title="bbox 2480 5405 4067 5479; baseline 0.003 -23"><span class='ocrx_word' id='word_1_741' title='bbox 2480 5414 2726 5474; x_wconf 87' lang='lat' dir='ltr'><strong><em>potestate</em></strong></span> <span class='ocrx_word' id='word_1_742' title='bbox 2752 5405 2936 5458; x_wconf 75' lang='lat' dir='ltr'><strong><em>divinet:</em></strong></span> <span class='ocrx_word' id='word_1_743' title='bbox 2961 5407 3235 5460; x_wconf 89' lang='lat' dir='ltr'><strong><em>voluntatis</em></strong></span> <span class='ocrx_word' id='word_1_744' title='bbox 3266 5408 3494 5461; x_wconf 88' lang='lat' dir='ltr'><strong><em>ministra</em></strong></span> <span class='ocrx_word' id='word_1_745' title='bbox 3526 5407 3544 5479; x_wconf 91' lang='lat'>(</span> <span class='ocrx_word' id='word_1_746' title='bbox 3575 5407 3638 5461; x_wconf 92' lang='lat' dir='ltr'><strong><em>ab</em></strong></span> <span class='ocrx_word' id='word_1_747' title='bbox 3680 5412 3864 5479; x_wconf 88' lang='lat' dir='ltr'><strong><em>angelo</em></strong></span> <span class='ocrx_word' id='word_1_748' title='bbox 3896 5426 4067 5479; x_wconf 68' lang='lat' dir='ltr'><strong><em>nempe</em></strong></span> 
     </span>
    </p>
   </div>
   <div class='ocr_carea' id='block_1_113' title="bbox 2481 5496 4065 5569">
    <p class='ocr_par' dir='ltr' id='par_1_113' title="bbox 2481 5496 4065 5569">
     <span class='ocr_line' id='line_1_113' title="bbox 2481 5496 4065 5569; baseline 0.003 -20"><span class='ocrx_word' id='word_1_749' title='bbox 2481 5496 2672 5567; x_wconf 85' lang='lat' dir='ltr'><strong><em>aliquo)</em></strong></span> <span class='ocrx_word' id='word_1_750' title='bbox 2702 5498 2993 5562; x_wconf 88' lang='lat' dir='ltr'><strong><em>modulari;</em></strong></span> <span class='ocrx_word' id='word_1_751' title='bbox 3022 5498 3176 5553; x_wconf 89' lang='lat' dir='ltr'><strong><em>simul</em></strong></span> <span class='ocrx_word' id='word_1_752' title='bbox 3226 5499 3376 5553; x_wconf 89' lang='lat' dir='ltr'><strong><em>etiam</em></strong></span> <span class='ocrx_word' id='word_1_753' title='bbox 3425 5516 3646 5553; x_wconf 87' lang='lat' dir='ltr'><strong><em>crescere</em></strong></span> <span class='ocrx_word' id='word_1_754' title='bbox 3694 5511 3739 5553; x_wconf 89' lang='lat' dir='ltr'><strong><em>ct</em></strong></span> <span class='ocrx_word' id='word_1_755' title='bbox 3786 5502 4065 5569; x_wconf 87' lang='lat' dir='ltr'><strong><em>pro/icere,</em></strong></span> 
     </span>
    </p>
   </div>
   <div class='ocr_carea' id='block_1_114' title="bbox 2480 5590 3944 5666">
    <p class='ocr_par' dir='ltr' id='par_1_114' title="bbox 2480 5590 3944 5666">
     <span class='ocr_line' id='line_1_114' title="bbox 2480 5590 3944 5666; baseline 0.002 -24"><span class='ocrx_word' id='word_1_756' title='bbox 2480 5590 2702 5643; x_wconf 89' lang='lat' dir='ltr'><strong><em>animam</em></strong></span> <span class='ocrx_word' id='word_1_757' title='bbox 2733 5590 2935 5660; x_wconf 86' lang='lat' dir='ltr'><strong><em>ingenio</em></strong></span> <span class='ocrx_word' id='word_1_758' title='bbox 2958 5600 3003 5643; x_wconf 91' lang='lat' dir='ltr'><strong><em>et</em></strong></span> <span class='ocrx_word' id='word_1_759' title='bbox 3030 5607 3198 5655; x_wconf 90' lang='lat' dir='ltr'><strong><em>sensu,</em></strong></span> <span class='ocrx_word' id='word_1_760' title='bbox 3227 5607 3411 5666; x_wconf 84' lang='lat' dir='ltr'><strong><em>corpus</em></strong></span> <span class='ocrx_word' id='word_1_761' title='bbox 3441 5591 3648 5645; x_wconf 85' lang='lat' dir='ltr'><strong><em>modulo</em></strong></span> <span class='ocrx_word' id='word_1_762' title='bbox 3676 5601 3720 5645; x_wconf 91' lang='lat' dir='ltr'><strong><em>et</em></strong></span> <span class='ocrx_word' id='word_1_763' title='bbox 3747 5592 3944 5645; x_wconf 89' lang='lat' dir='ltr'><strong><em>habitu.</em></strong></span> 
     </span>
    </p>
   </div>
   <div class='ocr_carea' id='block_1_115' title="bbox 2555 5686 4068 5759">
    <p class='ocr_par' dir='ltr' id='par_1_115' title="bbox 2555 5686 4068 5759">
     <span class='ocr_line' id='line_1_115' title="bbox 2555 5686 4068 5759; baseline 0 -18"><span class='ocrx_word' id='word_1_764' title='bbox 2555 5686 2839 5741; x_wconf 83' lang='lat' dir='ltr'>XXXVIII.</span> <span class='ocrx_word' id='word_1_765' title='bbox 2880 5686 3203 5742; x_wconf 64' lang='lat' dir='ltr'><strong><em>Pubertatent</em></strong></span> <span class='ocrx_word' id='word_1_766' title='bbox 3234 5704 3447 5759; x_wconf 88' lang='lat' dir='ltr'><strong><em>quoque,</em></strong></span> <span class='ocrx_word' id='word_1_767' title='bbox 3476 5689 3549 5742; x_wconf 91' lang='lat' dir='ltr'><strong><em>uti</em></strong></span> <span class='ocrx_word' id='word_1_768' title='bbox 3574 5688 3626 5742; x_wconf 91' lang='lat' dir='ltr'><strong><em>in</em></strong></span> <span class='ocrx_word' id='word_1_769' title='bbox 3656 5704 3893 5758; x_wconf 86' lang='lat' dir='ltr'><strong><em>corpore,</em></strong></span> <span class='ocrx_word' id='word_1_770' title='bbox 3927 5689 3995 5741; x_wconf 84' lang='lat' dir='ltr'><strong><em>ita</em></strong></span> <span class='ocrx_word' id='word_1_771' title='bbox 4026 5696 4068 5741; x_wconf 83' lang='lat' dir='ltr'><strong><em>ct</em></strong></span> 
     </span>
    </p>
   </div>
   <div class='ocr_carea' id='block_1_116' title="bbox 2486 5781 4068 5854">
    <p class='ocr_par' dir='ltr' id='par_1_116' title="bbox 2486 5781 4068 5854">
     <span class='ocr_line' id='line_1_116' title="bbox 2486 5781 4068 5854; baseline 0 -22"><span class='ocrx_word' id='word_1_772' title='bbox 2486 5781 2656 5833; x_wconf 88' lang='lat' dir='ltr'><strong><em>anima</em></strong></span> <span class='ocrx_word' id='word_1_773' title='bbox 2682 5821 2697 5847; x_wconf 92' lang='lat'><strong><em>,</em></strong></span> <span class='ocrx_word' id='word_1_774' title='bbox 2746 5782 2897 5834; x_wconf 89' lang='lat' dir='ltr'><strong><em>simul</em></strong></span> <span class='ocrx_word' id='word_1_775' title='bbox 2944 5797 3210 5853; x_wconf 73' lang='lat' dir='ltr'><strong><em>exsurgere</em></strong></span> <span class='ocrx_word' id='word_1_776' title='bbox 3260 5793 3497 5854; x_wconf 87' lang='lat' dir='ltr'><strong><em>suggestu</em></strong></span> <span class='ocrx_word' id='word_1_777' title='bbox 3539 5796 3818 5848; x_wconf 84' lang='lat' dir='ltr'><strong><em>sensuum;</em></strong></span> <span class='ocrx_word' id='word_1_778' title='bbox 3848 5792 3895 5836; x_wconf 86' lang='lat' dir='ltr'><strong><em>et</em></strong></span> <span class='ocrx_word' id='word_1_779' title='bbox 3923 5783 4068 5836; x_wconf 81' lang='lat' dir='ltr'><strong><em>etiam</em></strong></span> 
     </span>
    </p>
   </div>
   <div class='ocr_carea' id='block_1_117' title="bbox 2490 5873 4070 5945">
    <p class='ocr_par' dir='ltr' id='par_1_117' title="bbox 2490 5873 4070 5945">
     <span class='ocr_line' id='line_1_117' title="bbox 2490 5873 4070 5945; baseline 0.002 -17"><span class='ocrx_word' id='word_1_780' title='bbox 2490 5873 2713 5928; x_wconf 82' lang='lat' dir='ltr'><strong><em>ciborum</em></strong></span> <span class='ocrx_word' id='word_1_781' title='bbox 2740 5873 3194 5945; x_wconf 76' lang='lat' dir='ltr'><strong><em>concupiscentiam</em></strong></span> <span class='ocrx_word' id='word_1_782' title='bbox 3226 5889 3330 5931; x_wconf 85' lang='lat' dir='ltr'><strong><em>esse</em></strong></span> <span class='ocrx_word' id='word_1_783' title='bbox 3354 5875 3404 5928; x_wconf 91' lang='lat' dir='ltr'><strong><em>in</em></strong></span> <span class='ocrx_word' id='word_1_784' title='bbox 3431 5873 3633 5941; x_wconf 86' lang='lat' dir='ltr'><strong><em>anima,</em></strong></span> <span class='ocrx_word' id='word_1_785' title='bbox 3664 5874 3751 5929; x_wconf 90' lang='lat' dir='ltr'><strong><em>sed</em></strong></span> <span class='ocrx_word' id='word_1_786' title='bbox 3785 5874 4070 5932; x_wconf 72' lang='lat' dir='ltr'><strong><em>necessitate</em></strong></span> 
     </span>
    </p>
   </div>
  </div>
