4270 6498
179 366 288 423 045

1533 364 1735 421 LIBER
1772 363 1859 420 DE
1895 363 2128 422 ΑΝΙΜΑ.

3373 366 3476 423 646

181 481 439 551 corporis,
483 497 585 535 non
627 482 707 536 sui
735 480 1042 551 praprietate
1067 519 1080 544 ,
1112 496 1173 534 ne
1199 480 1311 549 quis
1356 479 1475 534 hinc
1516 480 1781 534 mortalem
1808 480 1859 538 A
1888 481 2137 550 pertinere
2165 488 2332 552 neget,
2355 480 2495 548 apud
2521 495 2666 550 quem
2707 495 2797 535 nec
2837 495 2929 549 pro
2960 480 3066 535 Deo
3106 481 3236 536 mori
3265 481 3348 537 lex
3368 492 3474 548 est;

190 573 387 628 credat.

264 663 460 719 XXIX.
514 663 648 718 Item
675 665 868 718 nullant
915 665 1074 734 ferme
1117 665 1340 718 animant
1382 665 1489 719 sine
1536 663 1786 718 daemonio

189 772 318 816 esse,
350 755 530 810 saltem
561 756 614 809 in
645 756 876 820 ethnicis,
903 756 1061 810 donec
1087 757 1140 810 in
1161 755 1363 812 Christo
1394 765 1685 810 nascantur.

265 846 378 900 XL.
406 845 610 900 Tandiu
657 848 789 901 enim
841 849 1064 902 animam
1108 865 1170 902 ex
1223 849 1390 902 carnis
1445 850 1680 903 societate
1735 849 1786 902 in

192 941 359 994 Adam
387 941 704 994 immundam
727 943 918 996 censeri
941 959 954 1009 ;
987 953 1032 996 et
1063 944 1390 1010 peccatricem
1409 952 1512 996 tttnt
1539 942 1784 1008 animam,

192 1049 342 1101 quant
373 1048 577 1086 carnem
609 1032 728 1086 dici.

265 1124 401 1178 XLI.
420 1124 583 1196 Atque
603 1125 751 1189 adeo,
775 1126 964 1179 malum
987 1126 1171 1180 anima:
1192 1142 1293 1180 non
1313 1127 1476 1180 solum
1496 1142 1559 1180 ex
1579 1126 1789 1180 obventu

191 1219 405 1286 spiritus
435 1234 650 1288 nequam
693 1220 994 1284 superstrui,
1025 1218 1114 1271 sed
1142 1229 1187 1272 et
1216 1235 1280 1272 ex
1324 1220 1553 1288 origine;
1583 1236 1680 1289 quo
1703 1219 1789 1272 ob-

192 1313 430 1378 fuscatur
461 1310 648 1364 bonum
695 1311 803 1382 ejus
853 1312 993 1380 prius
1014 1351 1028 1375 ,
1083 1311 1243 1366 donec
1271 1316 1570 1384 reforntetur
1598 1329 1686 1381 per
1712 1329 1786 1367 se—

191 1405 412 1458 cundam
461 1405 568 1476 ejus
607 1404 918 1458 nativitatem
970 1421 1032 1458 ea:
1057 1421 1187 1474 aqua
1219 1414 1265 1458 et
1293 1421 1513 1475 superna
1555 1405 1787 1474 Spiritus

192 1496 376 1552 Sancti
420 1499 645 1552 virtute:
687 1514 718 1550 tt
749 1513 846 1568 quo
875 1497 945 1551 ibi
988 1498 1258 1567 excipitur,
1288 1496 1436 1552 sicuti
1485 1514 1515 1550 a
1569 1497 1787 1567 profano

190 1590 372 1660 spiritu
400 1591 452 1643 in
482 1591 720 1660 pristina.

265 1679 422 1736 XLII.
458 1682 643 1752 Atquin
671 1681 845 1735 mortis
889 1697 1087 1751 quoque
1114 1689 1386 1735 tractatum
1415 1682 1482 1734 ad
1511 1698 1600 1735 nos
1633 1683 1788 1752 perti-

193 1788 309 1826 nere
334 1775 496 1842 (secus
535 1789 685 1842 quant
731 1771 988 1843 Epicurus
1023 1773 1194 1844 sentit)
1238 1775 1289 1826 in
1331 1789 1431 1842 qua
1457 1775 1634 1828 anima
1664 1790 1786 1828 con-

189 1875 430 1918 summat.

263 1955 444 2010 XLIII.
499 1955 721 2011 Proinde
764 1959 917 2012 etiam
967 1975 1198 2013 somnum
1252 1961 1426 2014 mortis
1473 1962 1786 2030 speculum;

191 2066 340 2118 quem
369 2066 469 2103 non
514 2053 992 2120 superrmturalent.
1037 2052 1125 2105 sed
1171 2054 1456 2106 naturalem
1507 2069 1649 2122 esse,
1684 2064 1788 2106 tum

192 2145 310 2198 aliis
338 2145 640 2212 rationibus,
667 2155 771 2199 tum
802 2145 1083 2216 Scripturis
1111 2147 1269 2200 sacris
1296 2147 1495 2216 probat.

269 2236 454 2291 XLIV.
499 2236 639 2291 Nam
680 2239 814 2307 quod
844 2239 906 2292 de
953 2237 1265 2292 llermotimo
1310 2240 1574 2305 scribunt,
1615 2239 1788 2293 anima

194 2332 339 2386 illum
364 2333 415 2385 in
442 2349 617 2387 somno
643 2335 886 2399 caruisse,
931 2333 985 2387 id
1027 2335 1392 2400 subornatum;
1425 2337 1497 2389 uti
1543 2353 1750 2389 somnus
1771 2377 1784 2399 ,

196 2438 298 2476 non
322 2426 478 2477 otium
507 2428 712 2491 animos,
740 2428 828 2481 sed
855 2428 1073 2482 secessio
1099 2431 1402 2482 crederetur.

270 2515 433 2572 XLV.
481 2516 559 2572 De
605 2520 814 2573 somniis
856 2535 1070 2589 quoque,
1117 2533 1160 2574 et
1211 2520 1553 2574 accidentibus
1580 2521 1783 2584 somni,

195 2619 444 2676 quatenus
474 2611 534 2664 ab
566 2613 724 2665 extasi
753 2610 1018 2679 differunt,
1045 2614 1347 2679 dicendum;
1387 2613 1563 2682 quibus
1590 2613 1788 2683 signi/i-

197 2712 345 2755 catur
369 2703 542 2756 anima
566 2715 805 2774 perpetuo
830 2705 1108 2775 negotiosa,
1134 2709 1269 2776 quod
1294 2707 1693 2760 immortalitatis
1715 2714 1787 2758 est

196 2797 371 2861 ratio;
400 2798 452 2850 in
473 2798 653 2868 quibus
679 2799 882 2852 interim
918 2816 1018 2853 non
1046 2800 1208 2870 magis
1234 2801 1295 2853 ob
1333 2801 1501 2870 stupri
1547 2799 1786 2854 visionem

197 2889 575 2957 damnabimur,
599 2908 750 2962 quam
776 2892 837 2945 ob
866 2893 1097 2962 martyrii
1127 2893 1502 2946 coronabimur.

271 2981 458 3038 XLVI.
495 2981 672 3053 Neque
704 2984 836 3038 enim
865 3000 995 3036 vana
1027 2999 1134 3037 esse
1159 2984 1211 3037 in
1239 2992 1398 3036 totum
1440 2983 1640 3037 somnia
1677 2981 1790 3049 (uti

190 3076 458 3148 judicabat
489 3073 766 3148 Epicurus)
793 3075 965 3130 multis
994 3078 1239 3145 exemplis
1265 3076 1500 3147 probari;
1533 3086 1579 3130 et
1622 3077 1790 3132 uarios

197 3183 304 3221 esse
325 3176 756 3228 eonnnentatores.
780 3185 838 3221 ac
866 3168 920 3221 in
948 3167 1078 3222 ltanc
1099 3184 1202 3221 rem
1225 3168 1577 3237 aﬁirntatores.

1891 587 2009 624 nam
2062 572 2214 625 etiam
2256 569 2436 626 Enoeh
2470 580 2517 625 et
2550 570 2756 626 Heliam
2785 571 3082 640 morituros,
3133 582 3179 626 et
3223 571 3478 628 Joannem

1880 662 1996 732 jam
2015 662 2215 717 abiisse.

1964 754 2046 810 LI.
2080 754 2225 826 Opus
2249 765 2414 810 autem
2441 756 2618 812 mortis
2641 771 2747 811 esse
2781 756 3150 824 separationem
3179 758 3404 828 corporis
3433 768 3480 813 et

1891 851 2108 911 animat;
2131 851 2452 921 quantumvis
2472 851 2680 920 quidam
2711 849 3000 918 philosophi
3021 849 3346 919 crediderint,
3369 861 3480 921 post

1893 951 2101 996 mortem
2126 941 2374 1012 quasdam
2403 943 2604 997 animos
2635 942 2826 996 hterere
2851 943 3166 1011 corporibus.

1965 1035 2073 1091 LII.
2130 1039 2291 1106 Atque
2347 1053 2544 1091 onmem
2592 1045 2823 1102 ntorttm,
2853 1037 2955 1090 sive
3007 1037 3336 1104 ordinarium,
3380 1039 3482 1094 sive

1892 1133 2379 1198 extraordinariam,
2411 1148 2513 1186 non
2539 1147 2601 1186 ea:
2631 1140 2817 1185 natura
2841 1147 2965 1198 esse,
2996 1131 3086 1186 sed
3107 1149 3167 1186 ea:
3193 1132 3364 1203 culpa,
3393 1150 3482 1188 nec

1893 1226 2005 1294 ipsa
2030 1227 2276 1280 naturali.

1965 1316 2095 1372 LIII.
2127 1317 2384 1372 Excedere
2408 1335 2559 1388 porro
2586 1322 2833 1384 animum,
2867 1335 2966 1373 non
2990 1319 3221 1389 deficere,
3252 1319 3482 1376 dilaben-

1891 1411 2021 1465 tibus
2043 1413 2289 1482 paulatim
2313 1414 2542 1482 corporis
2566 1415 2931 1478 instrumentis,
2961 1415 3070 1484 jam
3099 1416 3365 1470 clariorem
3391 1417 3481 1470 ob-

1893 1516 2098 1572 tutu,ac
2117 1509 2157 1560 si
2189 1508 2249 1561 de
2268 1523 2443 1560 somno
2471 1519 2799 1579 emergentem
2825 1509 3042 1562 instante
3070 1520 3260 1574 morte;
3290 1519 3478 1579 utpote,

1890 1614 2004 1668 qua:
2031 1608 2135 1652 tum
2171 1599 2390 1654 exsultat
2412 1610 2500 1654 aut
2531 1600 2771 1669 trepidat,
2807 1610 2956 1670 prout
2983 1610 3281 1671 paraturam
3307 1601 3484 1655 dever-

1891 1691 2014 1744 sorii
2039 1692 2118 1745 sui
2144 1692 2314 1758 sentit,
2350 1691 2411 1745 de
2440 1693 2602 1762 ipsius
2648 1690 2817 1764 angeli
2867 1692 3000 1763 facie
3045 1693 3322 1747 evocatoris
3373 1692 3484 1746 ani-

1891 1799 2110 1836 marum.

1819 1869 1867 1930 B
1967 1875 2098 1932 LIV.
2128 1877 2240 1944 Quo
2270 1887 2438 1932 autem
2470 1878 2787 1932 deducantur
2816 1879 3020 1943 animte,
3043 1879 3208 1933 varias
3237 1894 3342 1932 esse
3371 1877 3486 1947 piti-

1894 1971 2223 2039 losOpItorum
2279 1971 2582 2035 sententias;
2632 1972 2761 2023 inter
2807 1987 2931 2040 quos
2969 1971 3131 2025 Stoici
3182 1971 3486 2040 prudentum

1893 2066 2090 2118 animos
2111 2065 2162 2117 in
2186 2066 2416 2134 supernis
2445 2064 2789 2118 mansionibus
2813 2063 3083 2127 collocmtt,
3111 2064 3330 2134 reliquas
3347 2064 3486 2134 apud

1893 2157 2122 2226 inferos;
2152 2173 2274 2225 quos
2298 2156 2488 2227 inferos
2509 2157 2784 2210 Christiani
2815 2173 2915 2210 non
2946 2158 2996 2209 in
3023 2157 3213 2227 gremio
3243 2167 3411 2222 terrw,
3432 2165 3487 2210 ut

1895 2247 2067 2313 Plato,
2103 2250 2188 2300 sed
2209 2249 2262 2301 in
2292 2250 2483 2302 intimis
2504 2249 2774 2302 visceribus
2800 2249 3073 2303 collocant.

1964 2340 2072 2393 LV.
2108 2339 2269 2394 Suam
2297 2356 2412 2394 vero
2437 2357 2548 2394 eam
2578 2356 2684 2395 esse
2707 2341 3006 2394 sententiam
3034 2339 3169 2413 (qua:
3189 2341 3388 2396 interim
3421 2339 3482 2394 ab

1895 2430 2124 2485 Ecclesia
2153 2447 2251 2485 non
2283 2432 2553 2502 probatur)
2579 2431 2715 2502 quod
2741 2433 2791 2485 in
2825 2432 2994 2486 sinum
3028 2430 3246 2486 Abrahte
3281 2448 3368 2486 seu
3391 2448 3487 2500 pa-

1891 2525 2120 2579 radisum
2141 2525 2225 2595 (de
2249 2541 2346 2593 quo
2377 2524 2560 2579 librum
2583 2525 2819 2595 ediderit)
2845 2535 3128 2596 martyrum
3155 2526 3278 2580 sola:
3305 2525 3489 2580 animat

1893 2621 2244 2690 commigrent,
2274 2621 2484 2689 reliqua:
2511 2634 2625 2672 vero
2653 2619 2720 2671 ad
2747 2619 2960 2690 inferos.

1966 2709 2098 2764 LVI.
2129 2710 2282 2780 Atqui
2309 2725 2464 2762 vanas
2513 2725 2599 2764 eas
2637 2725 2745 2763 esse
2793 2711 3062 2779 Opiniones
3083 2751 3095 2774 ,
3129 2710 3308 2778 quibus
3337 2720 3488 2779 puta-

1894 2803 2012 2856 bant
2039 2846 2052 2864 ,
2104 2804 2348 2872 tantisper
2378 2802 2431 2855 in
2471 2803 2618 2856 terris
2648 2803 2847 2857 animas
2875 2803 3092 2857 detineri
3117 2843 3131 2869 ,
3163 2804 3323 2858 donec
3340 2805 3488 2872 justa

1893 2897 2242 2967 perceperint;
2273 2905 2358 2949 aut
2406 2897 2683 2949 immatura
2713 2906 2872 2952 morte
2897 2906 3197 2966 prteventas,
3223 2897 3372 2951 isthic
3404 2914 3485 2952 va-

1894 2985 2026 3054 gari,
2057 2984 2217 3037 donec
2241 2982 2512 3050 reliquatio
2541 2981 2858 3050 compleatur
2884 2985 3070 3037 aetatis.

1967 3077 2124 3132 LVII.
2161 3075 2340 3145 Neque
2365 3091 2478 3129 vero
2501 3077 2566 3129 ab
2596 3075 2774 3144 inferis
2815 3076 3011 3128 animas
3051 3092 3114 3129 ex
3143 3077 3355 3145 imperio
3385 3077 3491 3130 da:-

1895 3187 2100 3225 monum
2123 3186 2211 3238 per
2224 3169 2471 3238 magicam
2495 3168 2664 3240 (cujus
2690 3168 2879 3237 species
2909 3168 3098 3238 aliquot
3132 3168 3374 3240 recenset)
3403 3178 3490 3223 aut

268 3259 824 3317 XLVII.Christianam
852 3277 967 3316 vero
994 3279 1104 3316 eam
1131 3279 1234 3316 esse
1259 3263 1553 3316 sententiam
1583 3280 1595 3316 :
1623 3280 1656 3316 a
1679 3262 1794 3317 dae-
1823 3259 1869 3322 C
1902 3281 1964 3319 ea:
1989 3265 2197 3318 arbitrio
2230 3265 2328 3316 huc
2360 3263 2544 3316 retlire.

200 3353 383 3407 maniis
424 3352 694 3421 plurimum
723 3354 881 3408 incuti
908 3353 1128 3419 somnia,
1158 3353 1310 3408 etiam
1340 3370 1458 3408 vera
1490 3354 1744 3407 interdum
1768 3372 1786 3419 ,-

203 3446 308 3499 l)eo
337 3446 537 3499 interim
582 3446 894 3517 deputanda,
934 3446 976 3500 si
1018 3461 1130 3516 quae
1160 3450 1400 3512 ltonesta',
1438 3457 1635 3511 sancta,
1664 3462 1786 3517 pro-

199 3536 422 3607 phetica,
457 3539 768 3602 revelatoria,
803 3539 1168 3607 a'di/icatoria,
1218 3542 1520 3604 vacatoria;
1551 3541 1788 3611 quaedam

197 3630 350 3682 etiam
379 3630 670 3701 sibimetipsi
701 3630 925 3683 animum
952 3632 1146 3702 ﬁngere
1175 3647 1236 3685 ex
1264 3631 1539 3685 intentione
1564 3633 1786 3687 circum-

195 3721 534 3786 stantiurum;
559 3721 750 3790 reliqua
773 3722 983 3792 denique
1004 3722 1165 3776 extasi
1194 3723 1502 3794 separanda.

269 3813 499 3870 XLVIII.
533 3815 695 3884 Atque
717 3823 844 3871 adeo
871 3833 932 3870 ea:
958 3817 1162 3887 ingenio
1192 3819 1353 3889 magis
1378 3835 1530 3883 quam
1551 3830 1789 3874 constan-

195 3908 290 3970 tia,
317 3907 513 3961 sonmia
546 3922 576 3959 a
606 3904 825 3960 Platone
867 3907 1109 3961 wstimari
1137 3949 1151 3973 ,
1191 3918 1433 3978 tanquam
1478 3911 1694 3964 certiora
1723 3913 1788 3965 ab

194 3999 389 4052 extimo
416 3999 594 4063 noctis,
626 3999 776 4053 certis
806 4000 928 4052 anni
957 3999 1287 4069 temporibus,
1319 4001 1498 4069 quietis
1523 4003 1623 4055 situ
1649 4043 1663 4068 ,
1693 4012 1786 4057 aut

193 4094 425 4146 ciborum
451 4093 790 4159 distinctione,
821 4103 904 4147 aut
935 4093 1277 4165 derogatione.

270 4181 459 4238 XLIX.
496 4180 566 4238 Et
599 4201 713 4240 vero
735 4186 886 4240 etiam
909 4185 1130 4257 infantes
1155 4203 1214 4240 ac
1243 4188 1464 4242 atlantes
1493 4190 1786 4255 somniare;

193 4292 316 4330 cum
356 4285 402 4331 et
446 4277 643 4332 somnia
673 4295 702 4330 ιι
733 4275 842 4331 Deo
871 4279 995 4345 sint,
1027 4279 1268 4350 nullaque
1285 4281 1400 4350 jam
1431 4297 1552 4353 gens
1585 4281 1678 4336 Dei
1720 4284 1787 4337 sit

193 4378 462 4436 extranea,
487 4369 540 4424 in
561 4385 730 4425 omnes
753 4370 995 4426 terminos
1015 4373 1147 4426 orbis
1170 4370 1451 4446 Evangelia
1468 4386 1781 4432 coruscante.

269 4461 334 4517 L.
367 4460 522 4518 Nunc
560 4463 627 4517 ad
668 4475 876 4520 mortem
921 4466 1055 4535 quod
1081 4468 1279 4531 attinet,
1309 4466 1529 4521 debitum
1557 4485 1663 4523 esse
1683 4482 1786 4525 toto

194 4557 423 4612 Itumano
450 4557 621 4627 generi
646 4567 842 4612 natura:
865 4559 1038 4626 finem,
1070 4560 1408 4628 quamtuntvis
1451 4559 1707 4631 Epicurus
1733 4565 1786 4617 id

1966 3356 2147 3413 LVIII.
2181 3356 2331 3425 Atqui
2360 3356 2465 3408 illic
2493 3397 2507 3420 ,
2559 3354 2759 3408 interim
2797 3354 2916 3407 dum
2947 3370 3130 3424 corpus
3159 3364 3451 3424 exspectant
3473 3398 3486 3422 ,

1893 3452 2090 3505 animas
2138 3448 2478 3502 innocentium
2527 3447 2790 3519 gaudere,
2825 3457 2869 3501 et
2899 3458 3166 3501 nocentum
3216 3448 3387 3503 dolere
3431 3465 3490 3503 ac

1896 3544 2104 3614 puniri;
2155 3541 2229 3594 vel
2270 3539 2329 3594 ob
2381 3540 2629 3610 cogitatus
2667 3539 2825 3604 solos,
2871 3555 2996 3610 quos
3054 3556 3269 3594 censura
3317 3541 3492 3595 divina

1894 3636 2209 3709 persequitur
2233 3651 2251 3700 ,'
2280 3635 2518 3700 maxime,
2549 3650 2665 3688 cum
2687 3634 2840 3687 etiam
2867 3633 3064 3687 modica
3091 3633 3276 3688 delicta
3303 3635 3370 3688 ad
3399 3651 3491 3689 no-

1894 3731 2154 3785 vissimum
2191 3743 2344 3796 usque
2373 3725 2710 3798 quadrantem
2736 3724 2842 3779 illic
2871 3724 3080 3790 luenda,
3116 3741 3177 3780 ea:
3208 3722 3489 3798 Evangelia

1895 3822 2224 3890 intelligatur.

2372 3906 2602 3964 CAPUT
2629 3908 2890 3965 PRIMUM
2921 3909 2996 3980 (α)

1968 4003 2042 4057 De
2071 4000 2184 4056 solo
2203 4013 2365 4055 censu
2392 4000 2584 4054 animo:
2610 4013 2932 4069 congressus
2962 3998 3282 4070 Hermogeni
3311 4041 3323 4065 ,
3349 4015 3485 4070 qua.

1894 4107 2051 4153 tenus
2089 4106 2140 4151 ct
2187 4096 2344 4150 istum
2386 4111 2453 4149 ex
2499 4093 2737 4148 materia:
2785 4094 2962 4164 potius
3003 4105 3293 4165 suggestu,
3327 4111 3484 4165 quam

1893 4208 1958 4247 ex
2009 4190 2098 4245 Dei
2129 4188 2254 4243 ﬂatu
2277 4187 2584 4242 constitisse
2621 4188 2961 4257 prmsutnpsit
2997 4229 3012 4252 ,
3074 4203 3214 4243 nunc
3261 4187 3325 4242 ad
3355 4189 3484 4244 reli-

1893 4299 2025 4356 quas
2053 4295 2346 4338 conversus
2367 4281 2694 4352 quaestiones
2725 4321 2738 4343 .
2784 4280 3070 4349 plurimum
3115 4281 3336 4336 videbor
3361 4297 3485 4338 cum

1895 4375 2230 4447 philOSOphiS
2275 4373 2640 4429 dimicaturus.
2696 4373 2868 4427 Etiam
2904 4375 2952 4427 in
2985 4389 3204 4431 carcere
3249 4376 3487 4431 Socratis

1894 4469 1960 4524 de
1984 4470 2174 4523 animus
2200 4477 2343 4523 statu
2372 4467 2644 4522 velitutum
2672 4474 2772 4521 est.
2803 4464 2877 4538 (b)
2907 4465 3218 4538 Nesciojam
3244 4467 3346 4524 hoc
3371 4469 3485 4537 pri-

1895 4577 2063 4624 mum.
2096 4578 2161 4617 an
2191 4571 2491 4632 opportuno
2525 4560 2575 4614 in
2607 4570 2849 4629 tempore
2877 4560 3116 4630 magistri
3149 4560 3256 4632 (1),
3281 4563 3377 4615 etsi
3401 4561 3484 4616 ui-

194 4657 361 4720 neget,
392 4657 438 4704 et
471 4647 753 4704 Menander
781 4651 1044 4708 ha’reticus
1072 4651 1140 4705 ad
1164 4666 1254 4707 suo
1283 4652 1532 4722 baptismo
1557 4655 1782 4711 initiatos
1807 4653 1860 4714 D
1891 4656 1966 4712 hil
2014 4656 2081 4712 de
2128 4655 2246 4709 loco
2298 4654 2539 4708 interest.
2583 4651 2719 4720 Quid
2758 4652 2900 4708 enim
2930 4651 3130 4723 liquido
3159 4660 3370 4722 saperet
3407 4650 3482 4725 (c)

1397 4768 1770 4831 LECTIONES
1808 4773 2223 4834 VARIANTES.

258 4883 335 4958 (ι)
355 4885 410 4937 In
433 4895 671 4952 tempore,
693 4886 907 4953 Magistri
930 4885 1124 4956 disting.
1151 4887 1260 4956 Rig.

1493 4995 2052 5060 COMMENTARIUS.

270 5113 351 5188 (θ)
383 5112 481 5188 H_ic
511 5112 648 5169 liber
676 5113 726 5188 in
754 5112 1043 5188 exemplari
1074 5111 1342 5188 Agebardi
1375 5111 1574 5181 passim
1603 5112 1791 5188 inseri.

197 5181 364 5252 hitur,
395 5183 473 5238 De
497 5201 648 5238 censu
670 5185 867 5238 Anima:
891 5199 906 5249 ;
934 5182 1028 5238 scd
1069 5181 1217 5236 falso.
1250 5181 1381 5236 Nam
1408 5224 1422 5247 ,
1454 5192 1507 5236 ut
1536 5197 1601 5237 ex
1636 5184 1786 5238 istius

195 5259 382 5328 aperis
412 5254 675 5328 principio
703 5265 887 5328 potet.
938 5255 982 5307 is
1030 5252 1149 5328 luit_
1175 5254 1360 5328 titulus
1409 5254 1632 5307 alterius
1665 5255 1786 5309 Iihri

195 5323 356 5399 quem
403 5323 658 5381 :idvcrsus
703 5324 1089 5399 Hermogenem
1119 5323 1787 5399 Septimiusnostereom-

217 5395 473 5461 iosuemt,
504 5405 563 5451 ut
589 5397 896 5451 ostenderet
920 5395 1044 5464 quid
1075 5397 1282 5450 censeri
1332 5396 1506 5449 anima
1539 5395 1779 5450 deberet.

217 5415 473 5461 1οειιριτιι,
504 5415 563 5451 Ill
589 5415 896 5451 OSICDIICI'L‘I.
920 5415 1044 5464 (11110
1075 5415 1282 5450 οεηδετι
1332 5415 1506 5449 31111118
1539 5415 1779 5450 υευοτοι.

196 5415 414 5525 iitenim
445 5477 676 5522 constare
702 5483 764 5521 ea.
787 5465 883 5520 Dei
909 5467 1059 5536 ﬂatu,
1089 5483 1210 5530 non,
1229 5477 1283 5518 ut
1314 5465 1678 5535 Hermogenes
1708 5466 1781 5521 di-

196 5541 373 5599 cebat.
402 5539 706 5592 eameteriae
730 5535 985 5607 suggestu,
1015 5535 1117 5591 hoc
1149 5546 1352 5592 tantum
1378 5551 1443 5591 eo
1463 5536 1661 5603 libello,
1687 5538 1779 5607 qui

195 5595 731 5672 ltntlie'tlesideratur,
776 5595 1033 5662 tid'versus
1059 5609 1365 5663 lmreticum
1392 5595 1773 5677 disputavérét.

193 5682 348 5737 Nunc
375 5680 443 5735 de
469 5680 660 5733 animm
691 5687 849 5743 statu,
872 5693 934 5733 ac
962 5678 1027 5731 de
1051 5679 1433 5746 quzrstionibus
1461 5679 1678 5746 reliquis
1707 5679 1775 5733 ad

192 5769 313 5808 eum
347 5749 753 5831 pertinentibus,
773 5748 1559 5831 agit.zulversusphilosonltos.
1591 5748 1773 5818 Itaque

191 5817 624 5893 receptissimum
661 5821 772 5893 jam
810 5817 1046 5893 'vulgstis
1072 5817 1636 5893 editionibustitulum
1666 5817 1764 5893 ge-

190 5889 432 5955 neralem
463 5889 542 5950 De
572 5889 754 5950 Anima
782 5889 1114 5952 retinuituus.
1146 5889 1262 5949 Bia.

1971 5115 2051 5189 (1»)
2076 5113 2530 5189 _lVes_cio_ja_tn_hoc
2548 5116 2778 5189 primum
2806 5131 2872 5189 an
2913 5125 3203 5189 opportuno
3250 5117 3302 5171 in
3354 5129 3482 5175 temo

1895 5185 2038 5258 pore,
2062 5185 2318 5258 Magistri.
2348 5185 2651 5258 Alloquitur
2679 5185 2987 5258 magistros;
3015 5187 3115 5242 Itoc
3141 5196 3224 5241 est
3250 5190 3485 5256 philoso-

1895 5255 2031 5327 phos
2061 5276 2072 5310 :
2118 5256 2330 5317 Nescio.
2359 5256 2546 5325 inquit,
2572 5257 2681 5326 jam
2708 5255 2808 5328 hoc
2837 5257 3086 5326 primum,
3121 5255 3380 5328 magistri,
3414 5278 3479 5318 an

1891 5339 2201 5399 αιρμοιοιυιιο
2227 5329 2300 5399 Ain
2331 5335 2569 5399 tempore
2605 5327 2679 5399 de
2723 5327 2915 5399 anitum
2945 5338 3083 5383 Statu
3115 5327 3385 5384 velitutnm
3413 5335 3484 5388 sit

1891 5395 1940 5455 in
1970 5395 2190 5456 ent-cere
2220 5397 2488 5462 Socratis;
2516 5395 2618 5452 etsi
2661 5399 2786 5452 nihil
2827 5398 2892 5453 de
2932 5399 3050 5453 loco
3089 5401 3332 5460 interest.
3374 5412 3480 5460 etc.

1886 5470 2013 5527 “me
2040 5473 2200 5543 igitur
2226 5467 2506 5543 scribenda
2539 5485 2600 5543 ne
2625 5469 2992 5543 distinguenda
3019 5472 3260 5543 sunthoc
3284 5472 3440 5525 modo
3465 5494 3478 5530 ;

1888 5540 2079 5596 Etiam
2091 5544 2144 5597 in
2171 5557 2371 5595 carcere
2396 5540 2626 5594 Socratis
2647 5541 2710 5594 de
2747 5540 2928 5593 anima:
2947 5551 3078 5594 statu
3109 5542 3362 5595 velitatunt
3385 5555 3478 5599 est.

1886 5612 1940 5667 Ν
1946 5617 2077 5667 escio
2096 5617 2209 5683 jatn
2238 5612 2333 5665 hoc
2358 5611 2576 5678 primum
2601 5628 2667 5665 an
2694 5622 2977 5683 Opportuna
3004 5613 3055 5664 iu
3081 5622 3323 5682 tempore,
3356 5612 3474 5668 Ma-

1881 5686 2048 5755 gistri,
2085 5681 2176 5738 etsi
2209 5683 2338 5737 nihil
2364 5683 2427 5736 tle
2452 5684 2560 5755 loco
2589 5683 2810 5755 interest.
2844 5681 2958 5738 lita.

1956 5755 2031 5826 (c)
2070 5756 2252 5808 Anima
2293 5764 2412 5806 tunc
2449 5752 2696 5808 Socratis.
2738 5753 2975 5826 Platonis
3014 5752 3322 5808 Phaedonem
3349 5756 3478 5809 sub-

1879 5823 2076 5883 iudieat
2109 5842 2123 5894 ;
2154 5826 2203 5881 iu
2254 5840 2359 5898 quo
2387 5836 2698 5882 reccusetur
2732 5823 3052 5898 disputatio,
3106 5841 3264 5899 quam
3309 5827 3475 5885 mori-
