4270 6498
746 358 852 414 645

2158 359 2199 414 Τ
2207 358 2617 415 EIITULLIANI

3928 362 4033 421 664

820 473 954 529 VIII.
988 474 1067 528 Ad
1115 474 1218 529 alia
1263 475 1442 529 iterum
1483 471 1867 529 Platonicorum
1910 484 2204 545 argumenta
2235 491 2333 529 res~
2368 474 2420 535 A
2518 473 2679 529 XXII.
2720 473 2974 540 Quocirca
3009 476 3231 528 animam
3260 475 3465 544 deﬁniri
3496 495 3507 529 :
3547 474 3637 529 Dei
3666 478 3793 546 ﬂatu
3828 486 4029 543 natam,

755 569 1001 640 poadens.

832 661 923 717 IX.
957 661 1130 727 Quid?
1155 663 1287 731 quod
1311 662 1517 733 eﬁigiem
1553 678 1748 732 quoque
1776 679 1875 716 non
1908 672 2133 715 vereatur
2160 663 2343 717 anima:

759 757 1080 830 quantumvis
1111 756 1382 809 immortali
1412 755 1667 826 a/Iingere,
1695 771 1906 823 eamque
1927 756 2111 809 coloris
2141 758 2276 809 aerei
2299 765 2342 809 et

760 850 935 904 lucidi.

835 943 901 999 X.
942 942 1147 997 [lectius
1176 942 1411 1011 deinceps
1442 958 1597 995 unum
1624 957 1728 995 esse
1753 940 1895 995 docet
1923 943 2144 995 animmn
2168 952 2213 996 et
2236 944 2342 1014 spi-

758 1038 935 1103 ritum,
966 1036 1124 1090 vivere
1149 1045 1196 1088 et
1225 1036 1442 1103 spirare,
1474 1034 1548 1089 vel
1569 1050 1630 1088 ex.
1650 1052 1706 1088 eo
1737 1036 1873 1105 quod
1911 1035 1978 1088 ad
2003 1045 2192 1089 statum
2223 1037 2343 1103 [itlei

759 1130 1013 1200 pertinet,
1066 1127 1344 1197 simplicem
1396 1127 1622 1180 animam
1677 1127 2015 1182 determinare
2070 1130 2343 1183 secundum

757 1222 1050 1279 Platonem.

829 1315 921 1371 XI.
952 1314 1037 1369 Ita
1069 1325 1232 1370 tamen
1262 1316 1493 1385 spiritum
1521 1316 1745 1369 animam
1789 1316 1890 1369 dici
1918 1356 1933 1381 ,
1966 1325 2017 1369 ut
2046 1331 2203 1382 neque
2249 1312 2346 1367 Dei

755 1411 964 1479 spiritus
991 1411 1074 1475 sit,
1104 1411 1240 1479 quod
1282 1410 1542 1463 videbatur
1575 1408 1911 1480 Hermogenes
1958 1411 2158 1475 sentire,
2189 1424 2345 1479 neque

753 1506 985 1573 spiritale
1032 1506 1200 1560 nescio
1245 1505 1383 1576 quod
1424 1521 1593 1559 semen
1635 1503 2107 1558 Valentinianornm
2159 1503 2346 1557 anima:

752 1599 997 1652 collatum
1027 1600 1110 1652 sit.

826 1689 937 1744 XII.
970 1689 1207 1744 Animum
1232 1690 1352 1744 item
1379 1688 1441 1742 ab
1466 1690 1638 1742 anima
1661 1705 1759 1742 non
1786 1689 2040 1757 separari,
2066 1697 2238 1756 utpote
2259 1686 2344 1758 qui

755 1801 853 1838 non
883 1784 1028 1838 aliud
1068 1800 1220 1853 quam
1257 1792 1539 1854 suggestus,
1571 1783 1672 1835 sive
1692 1792 1899 1835 ornatus
1936 1782 1999 1834 sit
2037 1781 2222 1833 animtc
2246 1796 2344 1849 quo

2446 568 2800 634 immortalem,
2836 572 3147 636 corporalem
3177 568 3261 641 (en
3286 570 3465 622 iterum
3510 571 3811 640 paradoxon
3848 571 4031 623 Aucto-

2444 660 2537 729 ris)
2563 660 2858 731 e/Iigiatant,
2882 661 3162 714 substantia
3190 661 3488 732 simplicem,
3514 663 3575 715 de
3603 680 3695 716 suo
3737 665 4030 732 patientem,

2447 753 2581 805 varie
2634 754 3015 822 procedentem,
3070 754 3277 807 liberam
3327 756 3564 819 arbitrii,
3606 758 3899 810 accidentiis
3951 757 4037 809 ob-

2448 848 2671 911 noxiam,
2708 864 2795 916 per
2825 848 3026 919 ingenia
3058 847 3379 912 mutabilem,
3410 850 3711 903 rationalem
3737 891 3752 915 ,
3801 850 4036 903 domina-

2448 943 2640 1005 triccm,
2670 941 3036 995 divinatricem.

2519 1032 2708 1088 XXIII.
2745 1031 2880 1087 Dum
2922 1035 3159 1101 deinceps
3182 1034 3427 1103 quceritnr
3470 1035 3601 1088 unde
3636 1038 3807 1089 anima
3830 1079 3843 1102 ,
3876 1037 4036 1091 lia're-

2447 1128 2571 1183 ticos
2618 1128 2862 1195 quosdam
2913 1144 3013 1182 non
3054 1137 3184 1180 recte
3229 1145 3337 1181 eam
3391 1146 3418 1183 e
3460 1131 3598 1185 caelis
3630 1133 3857 1200 deferre,
3890 1143 4038 1196 atque

2448 1220 2621 1274 eodem
2660 1220 2942 1275 indubitate
2992 1222 3268 1274 redituram
3296 1238 3539 1292 asserere,
3568 1241 3781 1295 quorum
3813 1226 4037 1279 amnium

2447 1313 2903 1366 condimentarium
2938 1310 3111 1369 Plato.

2522 1405 2710 1461 XXIV.
2747 1405 2948 1460 Novum
2978 1408 3145 1478 itaque
3176 1406 3412 1463 Platonis
3458 1422 3811 1481 argumentum
3858 1412 4037 1466 elidit:

2449 1501 2718 1556 discentias
2746 1501 3139 1555 reminiscentias
3172 1518 3299 1565 esse,
3330 1504 3426 1555 hoc
3463 1514 3557 1567 est,
3584 1506 3835 1557 venientes
3862 1521 3888 1557 c
3914 1504 4039 1558 ccelo

2448 1596 2647 1649 animas
2674 1596 2897 1649 oblivisci
2921 1612 3094 1650 eorum
3137 1598 3188 1650 in
3233 1596 3411 1667 quibus
3442 1600 3631 1669 fuerint
3655 1599 3821 1669 prius.
3852 1600 4035 1653 dehinc

2450 1703 2512 1741 ex
2544 1688 2621 1740 his
2644 1687 2920 1741 visibilibus
2947 1690 3204 1743 recordari
3226 1690 3533 1743 earumdem.

2524 1776 2689 1832 XXV.
2725 1778 2841 1850 Agit
2872 1779 3054 1833 deinde
3078 1780 3320 1835 adversus
3353 1781 3574 1847 Stoicos,
3604 1792 3647 1834 et
3679 1784 3845 1852 ipsum
3884 1784 4039 1837 inter-

754 1877 885 1945 sapit
916 1893 933 1929 :
965 1876 1112 1945 idque
1137 1875 1687 1946 contraAnaxagoram
1706 1884 1750 1927 et
1772 1874 2107 1938 Aristotelem,
2133 1889 2344 1943 quorum
2375 1867 2423 1928 Β
2453 1870 2572 1923 dum
2606 1868 2893 1935 Platonem,
2919 1872 3004 1940 qui
3035 1882 3145 1939 post
3177 1883 3377 1941 partum
3407 1875 3607 1943 corpori
3635 1876 3859 1928 animant
3890 1876 4042 1930 indu-

756 1968 841 2021 ille
862 1967 1289 2031 commiscibilem,
1324 1968 1415 2021 istc
1437 1966 1725 2037 passibilem
1750 1966 1978 2019 animum
2003 1965 2235 2036 negabat.

829 2058 965 2113 XIII.
1002 2060 1151 2127 Quod
1178 2060 1329 2113 etiam
1378 2058 1496 2110 inde
1546 2058 1768 2127 probat,
1813 2059 1947 2127 quod
1991 2056 2345 2126 principalitas

754 2152 960 2213 animae,
986 2168 1087 2203 non
1114 2152 1284 2202 animo
1309 2150 1597 2215 tribuatur;
1622 2154 1773 2203 etiam
1802 2150 2028 2202 animam
2052 2148 2189 2203 Deus
2217 2165 2345 2203 sem-

757 2263 846 2315 per
871 2245 1182 2313 alloquatur,
1212 2261 1311 2297 non
1334 2243 1577 2297 anitnum.

828 2338 964 2393 XIV.
991 2337 1115 2392 Cum
1136 2349 1300 2391 autent
1324 2339 1567 2391 dividitur
1590 2339 1759 2390 anima
1786 2339 1839 2389 in
1872 2348 2038 2405 partes
2065 2354 2094 2388 a
2126 2334 2349 2389 Platone

755 2442 841 2484 attt
862 2433 975 2485 aliis
1001 2474 1015 2497 ,
1041 2432 1169 2484 vires
1208 2441 1253 2483 et
1297 2430 1543 2499 e/[icacias
1575 2440 1619 2481 et
1646 2447 1826 2497 aperas
1854 2431 2079 2483 diversas
2112 2428 2345 2498 intelligi,

755 2526 901 2577 sicuti
929 2522 990 2575 de
1030 2522 1330 2591 quibusdam
1359 2522 1514 2574 etiam
1563 2522 1804 2575 Aristoles
1851 2522 2124 2587 indicavit,
2178 2531 2349 2592 utpote

757 2616 904 2668 etiam
934 2614 1039 2683 ipse
1068 2630 1180 2667 cum
1212 2614 1325 2667 aliis
1357 2614 1608 2684 plerisque
1653 2615 1898 2668 unitatem
1946 2614 2130 2667 anima:
2159 2630 2345 2684 agnos-

756 2723 889 2761 ερηδ.

828 2795 943 2851 XV.
983 2796 1353 2869 Ilegemonicon
1385 2799 1623 2861 interim,
1662 2800 1714 2851 id
1750 2810 1843 2863 est,
1874 2815 2124 2851 summum
2152 2799 2203 2852 in
2232 2798 2347 2852 ani-

757 2906 838 2942 ma
866 2890 1081 2960 gradum
1111 2890 1484 2959 sapientialem,
1518 2900 1843 2961 contraqnam
1868 2892 2147 2945 sentiebant
2177 2890 2350 2944 Ascle-

758 2981 933 3051 piades
963 2992 1010 3035 et
1041 2979 1388 3047 Dictvarchus,
1417 2999 1531 3034 cum
1554 2980 1773 3037 Platone
1795 2994 1838 3035 et
1864 2984 2130 3037 Aristotele
2145 2982 2351 3054 agnosci

756 3073 912 3126 etiam
941 3089 972 3127 a
997 3072 1319 3139 Christianis,
1352 3075 1502 3145 idque
1527 3077 1577 3128 in
1606 3092 1802 3129 recessu
1828 3077 2013 3129 cordis.

830 3165 964 3221 XVI.
998 3166 1079 3220 Ad
1103 3167 1255 3236 [idem
1297 3184 1492 3237 quoque
1518 3168 1789 3235 pertinere,
1820 3169 1955 3234 quod
1990 3167 2139 3221 Plato
2184 3166 2350 3236 parti-

2450 1970 2589 2023 cunt,
2621 1976 2684 2014 ea:
2712 1962 2841 2015 aeris
2874 1963 3048 2031 {rigidi
3070 1965 3241 2033 pulsu,
3264 1975 3350 2017 aut
3382 1967 3547 2033 prima
3572 1967 3872 2035 spiratione.

2524 2052 2709 2106 XXVI.
2759 2052 2949 2106 Eorum
2978 2058 3313 2123 sententiam,
3342 2059 3494 2111 etiam
3539 2075 3605 2113 ex
3648 2056 4044 2129 Scripturarum

2450 2146 2842 2198 christianarum
2868 2145 3219 2214 fundamento,
3253 2149 3575 2219 impugnans.

2524 2234 2731 2289 XXVII.
2782 2235 3043 2304 De/iniens
3093 2239 3245 2292 simul
3275 2239 3447 2294 ambas
3489 2242 3674 2294 anima:
3716 2243 4046 2313 corporisque

2453 2329 2785 2395 substantias,
2814 2341 2858 2383 et
2881 2332 3100 2401 concipi,
3132 2342 3175 2385 et
3204 2333 3406 2401 conﬁci,
3432 2344 3477 2387 et
3500 2334 3697 2404 perﬁci.

2524 2422 2757 2478 XXVIII.
2795 2423 2956 2479 Porro
2984 2427 3133 2479 etiam
3164 2424 3398 2482 Platonis
3448 2428 3724 2482 secundum
3775 2427 4046 2500 Pgtltago-

2451 2534 2560 2571 ram
2594 2520 2911 2571 temerarium
2942 2521 3258 2573 mendacium
3284 2528 3644 2590 μιτιμψὺχωσιν
3672 2524 3961 2594 impugnat,
3993 2523 4047 2576 id

2451 2620 2543 2674 est,
2571 2611 2896 2663 reeidieatum
2917 2612 3224 2676 animarum,
3245 2613 3566 2667 revolubilem
3592 2632 3655 2669 ea:
3679 2616 3879 2670 alterna
3908 2632 4044 2672 mor-

2452 2710 2649 2754 tuorum
2676 2712 2721 2755 et
2743 2704 2965 2756 vivorum
2993 2703 3306 2770 su/I‘ectione.

2525 2793 2715 2849 XXIX.
2747 2793 2861 2849 Etsi
2889 2798 3021 2849 enim
3048 2813 3110 2851 ea:
3138 2799 3258 2853 vivis
3288 2798 3415 2868 [iant
3458 2802 3676 2868 mortui,
3725 2819 3827 2857 non
3875 2812 4045 2858 tamen

2451 2884 2565 2939 ideo
2594 2902 2656 2938 ex
2681 2887 2889 2940 mortuis
2927 2888 3081 2943 vivos.

2526 2975 2691 3031 XXX.
2730 2976 2880 3043 Dein,
2912 2980 2954 3032 si
2978 2996 3038 3033 ea:
3060 2981 3269 3035 mortuis
3288 2997 3487 3051 semper
3512 2984 3627 3052 vivi,
3659 3001 3813 3039 unum
3840 2988 4048 3041 omnino

2453 3078 2499 3123 et
2528 3072 2755 3123 eumdem
2786 3080 3019 3141 Oportere
3062 3072 3218 3143 fuisse
3257 3073 3520 3129 hominum
3549 3093 3851 3145 numerum;
3882 3096 3995 3133 cum
4022 3095 4051 3134 e

2453 3165 2708 3218 contrario
2732 3164 3049 3219 inveniamus
3074 3166 3639 3235 paulatim.liumanum
3664 3187 3821 3241 genus
3861 3171 4049 3226 exube-

759 3269 839 3313 tur
876 3259 1099 3313 animam
1130 3278 1217 3329 per
1245 3262 1546 3315 rationalem
1576 3270 1622 3314 et
1651 3261 2035 3325 irrationalem;
2075 3264 2146 3314 ita
2176 3272 2343 3315 tamen
2374 3247 2420 3311 C
2454 3271 2607 3310 rasse.

759 3361 813 3405 ut
860 3360 1058 3404 natura:
1114 3352 1367 3420 primasz
1416 3352 1683 3420 deputetur
1732 3353 2001 3418 rationale,
2060 3354 2353 3407 irrationale

758 3459 873 3498 vero
924 3445 1355 3515 transgressioni;
1406 3461 1503 3498 non
1566 3456 1730 3499 tamen
1783 3446 1979 3511 placere
2040 3446 2352 3501 irrationalis

760 3538 1129 3591 distinctionem
1179 3538 1230 3592 in
1281 3539 1650 3611 indignativum
1708 3549 1755 3593 et
1815 3541 2301 3609 concupiscentivum
2334 3582 2350 3607 ,

761 3631 897 3702 quod
955 3640 1220 3701 utrumque
1277 3634 1427 3686 etiam
1483 3632 1683 3687 Christo
1742 3644 1787 3686 et
1860 3632 2100 3687 rationali
2170 3635 2356 3689 anima:

759 3732 1029 3793 competat.

837 3813 999 3867 XVII.
1035 3812 1205 3869 Etiam
1235 3816 1286 3868 in
1315 3815 1410 3869 hoc
1440 3832 1542 3869 non
1570 3816 1773 3887 probari
1797 3814 2065 3872 Platonem
2096 3827 2140 3871 et
2164 3819 2353 3873 Acade-

772 3909 954 3975 micos,
999 3910 1135 3978 quod
1183 3910 1559 3963 sensuatitatem
1605 3911 1825 3981 quinque
1873 3926 2108 3965 sensuum
2156 3912 2357 3966 irratio-

774 4004 937 4057 nalem
985 4004 1347 4071 pronuntient:
1377 4019 1532 4074 neque
1576 4005 1707 4059 enim
1749 4004 1895 4059 licere
1939 4021 2111 4059 sensus
2143 4006 2267 4061 istos
2306 4006 2359 4060 in

780 4096 983 4150 dubium
1028 4111 1279 4163 revocare,
1312 4114 1374 4152 ne
1403 4107 1449 4152 et
1479 4099 1533 4151 in
1570 4096 1771 4153 Christo
1803 4099 1865 4152 de
1890 4099 1992 4167 ﬁde
2020 4115 2198 4154 eorum
2224 4099 2357 4155 deli-

778 4186 992 4241 beretur.

849 4278 1029 4333 XVIII.
1070 4278 1246 4349 Neque
1293 4280 1575 4335 audiendos
1623 4282 1900 4349 htvretieos,
1954 4285 2038 4353 qui
2079 4301 2178 4339 non
2216 4285 2360 4339 aliter

777 4390 928 4441 quam
956 4390 1072 4427 suas
1099 4372 1247 4428 Plato
1276 4372 1465 4439 Idaeas,
1492 4376 1858 4431 intellectualia
1885 4379 2075 4447 faciunt
2107 4382 2358 4445 veritates,

778 4466 1033 4519 sensualta
1071 4481 1185 4519 vero
1234 4467 1477 4536 imagines
1507 4471 1726 4522 veritatis
1774 4469 2058 4533 dumtaxat,
2109 4472 2196 4525 sed
2244 4488 2361 4539 per-

777 4558 897 4612 inde
943 4559 1165 4611 animam
1214 4576 1299 4627 per
1346 4575 1529 4629 corpus
1558 4564 1844 4631 corporalia
1871 4564 2053 4617 sentire
2077 4604 2093 4629 ,
2121 4564 2363 4631 quemad-

2530 3346 2721 3403 XXXI.
2770 3346 2983 3403 Etiamsi
3036 3349 3106 3404 ita
3155 3352 3242 3417 sit,
3273 3350 3500 3423 singulas
3530 3354 3727 3407 animas
3768 3356 3819 3409 in
3846 3356 4053 3427 singula

2456 3457 2672 3512 corpora
2700 3442 2880 3495 reverti
2910 3452 3138 3511 Oportere
3155 3460 3173 3509 ,'
3198 3444 3373 3499 eadem
3404 3456 3551 3501 aetate
3571 3488 3585 3513 ,
3614 3448 3803 3502 eisdem
3849 3450 4055 3502 institu-

2458 3536 2542 3601 tis,
2572 3536 2801 3606 ingeniis,
2837 3535 3049 3599 artibus,
3074 3546 3119 3589 et
3150 3553 3211 3591 ea:
3240 3537 3375 3590 onmi
3392 3548 3559 3607 gente,
3594 3555 3739 3605 sexu,
3764 3540 4049 3612 dignitate;

2458 3626 2593 3694 quod
2618 3637 2781 3680 tamen
2812 3628 2920 3697 ipse
2946 3626 3273 3699 Pythagoras
3304 3645 3405 3682 non
3434 3630 3665 3685 admisit.

2530 3718 2744 3774 XXXII.
2777 3717 3011 3774 Delirare
3031 3735 3144 3775 vero
3172 3724 3331 3793 magis
3362 3721 3743 3792 Empedoclem,
3769 3725 3855 3791 qui
3889 3748 4055 3793 μετεν-

2459 3818 2740 3877 σωμάτωσιν
2770 3812 3057 3876 induxerit,
3091 3814 3274 3869 bestias
3298 3830 3361 3869 ex
3388 3814 3673 3870 hominibus
3693 3857 3708 3883 ,
3743 3827 3791 3871 et
3824 3817 4055 3872 homines

2461 3922 2523 3960 ex
2548 3905 2712 3960 bestiis
2734 3906 3084 3961 revolventent.

2535 3994 2768 4051 XXXIII.
2802 3996 2979 4069 Neque
3016 4016 3131 4054 vero
3160 4001 3309 4053 etiam
3351 4002 3542 4071 judicii
3575 4004 3776 4058 nomine
3808 4004 4058 4058 vindicari

2462 4093 2559 4145 hoc
2590 4091 2810 4162 dogma;
2857 4094 3089 4147 evacnari
3119 4095 3273 4161 enim,
3324 4095 3368 4149 si
3396 4096 3612 4149 crimina
3639 4114 3740 4151 non
3781 4098 3932 4151 aliter
3961 4114 4059 4167 plt-

2464 4183 2689 4249 niantur,
2724 4194 2808 4237 aut
2837 4200 3023 4240 merces
3049 4202 3149 4240 non
3180 4186 3284 4241 alia
3314 4186 3456 4243 bonis
3482 4189 3651 4254 detur,
3679 4206 3833 4259 quam
3863 4190 3917 4244 in
3942 4191 4056 4244 ani-

2465 4277 2622 4329 malia
2642 4277 2911 4331 restitutio.

2537 4369 2780 4425 XXXIV.
2821 4370 3017 4425 Eadem
3063 4374 3441 4441 repercussione
3470 4374 3618 4439 cartli,
3649 4377 3801 4427 etiam
3830 4374 4060 4429 Simonis

2466 4464 2720 4515 samariten
2768 4462 2986 4517 htvretici
3016 4465 3226 4517 similent
3260 4466 3549 4534 opinionem
3605 4466 3668 4519 de
3710 4482 3802 4520 sua
3834 4464 4059 4530 Helena,

2468 4572 2619 4622 quam
2648 4572 2737 4623 per
2765 4556 2895 4608 alios
2917 4568 3065 4625 atque
3085 4557 3213 4611 alios
3242 4557 3444 4612 habitus
3469 4559 3729 4627 ['wmineos
3754 4559 4056 4623 volntatam,

778 4651 983 4705 modum
1013 4667 1101 4720 per
1130 4654 1355 4705 animum
1387 4652 1730 4721 incorporalia
1761 4654 2032 4725 intelligit;
2086 4656 2158 4708 sic
2196 4666 2361 4709 tamen
2388 4636 2441 4697 Β
2469 4650 2619 4701 etiam
2648 4649 2790 4701 illam
2818 4651 2975 4718 fuisse
2994 4650 3157 4704 aiebat
3188 4651 3395 4705 Priamo
3427 4654 3925 4723 perniciosissimam.

774 4756 825 4796 ut
858 4744 1007 4796 etiam
1034 4746 1237 4808 sentiat,
1268 4760 1381 4797 cum
1408 4743 1663 4815 intelligit.

846 4834 988 4891 XIX.
1018 4837 1181 4907 Atque
1209 4836 1336 4891 atleo
1368 4838 1673 4891 intellectum
1719 4854 1913 4907 semper
1956 4840 2141 4894 animle
2180 4840 2359 4908 inesse,

774 4932 849 4983 uti
876 4930 1026 4983 etiam
1055 4931 1248 4996 reliqua
1271 4931 1455 4983 animtv
1483 4932 1757 4984 naturalia.

848 5020 965 5078 XX.
1000 5020 1111 5077 Etsi
1135 5032 1302 5077 autem
1348 5026 1616 5095 uniformis
1640 5027 1809 5079 anima
1838 5066 1851 5090 ,
1886 5030 2008 5099 ftrta
2035 5038 2198 5080 tamen
2225 5029 2365 5099 inge-

778 5119 975 5171 niorum
1025 5116 1403 5185 multiformem,
1440 5135 1530 5187 pro
1571 5120 1856 5175 conditione
1888 5122 1994 5176 cali
2036 5132 2077 5176 et
2108 5123 2221 5177 soli.
2274 5139 2364 5192 pro

778 5211 973 5263 ratione
998 5208 1161 5279 operis
1189 5218 1233 5263 et
1263 5225 1426 5274 cum,
1455 5228 1545 5280 pro
1576 5226 1852 5281 temporum
1881 5229 2073 5280 eventu,
2100 5232 2188 5283 pro
2215 5216 2369 5269 licett-

781 5304 850 5355 tia
898 5318 1127 5364 castrum.
1184 5312 1227 5356 et
1272 5307 1499 5367 corpm'is
1540 5307 1688 5359 etiam
1742 5308 2059 5369 valetudine,
2108 5310 2161 5361 ul
2196 5323 2260 5363 ηε
2308 5311 2370 5365 de

781 5394 875 5462 fati
920 5394 1209 5447 necessitate
1247 5396 1369 5457 quid
1411 5397 1627 5461 dicatur,
1675 5398 1737 5451 de
1777 5414 1876 5468 qua
1904 5415 1994 5453 suo
2022 5400 2167 5454 tituio
2212 5402 2369 5457 disse-

782 5486 958 5539 ruerit.

857 5580 999 5635 XXI.
1038 5584 1260 5637 Proinde
1290 5586 1439 5637 etiam
1465 5588 1685 5639 animam
1710 5627 1722 5651 ρ
1764 5597 2091 5659 contraqnam
2143 5592 2369 5645 sentiunt

798 5670 1178 5739 Valentiniani,
1212 5677 1580 5730 convertibitem
1611 5678 1765 5746 fuisse.
1790 5679 1934 5733 liberi
1960 5680 2159 5735 arbitrii
2202 5692 2371 5750 potes-

788 5773 909 5829 tate,
947 5766 1099 5837 juxta
1144 5767 1277 5839 quod
1330 5765 1582 5823 Marciani
1617 5769 1732 5840 jam
1778 5780 1825 5827 et
1866 5770 2175 5844 Ilerntogeni
2203 5784 2373 5829 osten-

789 5854 933 5915 derit.

2540 4740 2757 4796 XXXV.
2790 4741 2814 4795 Ι
2825 4759 2903 4797 mo
2954 4745 3101 4797 etiam
3138 4743 3464 4816 Carpocratis
3499 4748 3786 4799 animarum
3827 4764 4063 4818 recorpo-

2471 4839 2739 4898 rationem,
2775 4854 2875 4907 qua
2921 4840 3063 4892 toties
3093 4840 3284 4892 volebat
3316 4841 3535 4892 animant
3567 4841 3620 4894 in
3658 4858 3875 4912 corpora
3921 4857 4063 4895 revoo

2472 4930 2599 4995 cari,
2632 4931 2823 5001 quoties
2851 4931 3017 4984 minus
3046 4932 3108 4985 ile
3152 4931 3346 4985 delictis
3394 4933 3757 5001 satisfecisset;
3784 4934 3870 4999 qui
3907 4933 4060 4987 etiam

2474 5021 2641 5076 Helia!
2662 5023 2880 5076 reditum
2910 5028 3099 5093 [rustra
3121 5040 3211 5093 pro
3234 5040 3286 5077 se
3306 5024 3661 5094 interpretatus
3690 5026 3775 5078 sit.

2543 5115 2785 5169 XXXVI.
2839 5115 3089 5169 Reversus
3138 5118 3256 5170 inde
3282 5117 3350 5169 ttd
3381 5120 3522 5185 prius
3553 5119 3837 5173 institutum
3863 5159 3878 5186 ,
3912 5121 4065 5175 etiam

2471 5224 2646 5263 sexum
2674 5210 2860 5263 animae
2885 5219 2930 5261 et
2970 5210 3201 5279 corporis
3231 5210 3387 5263 simul
3410 5213 3531 5263 oriri
3554 5213 3729 5265 tradit.

2546 5298 2809 5355 XXXVII.
2856 5302 3070 5355 Omnem
3113 5311 3281 5355 autem
3308 5302 3525 5356 hominis
3554 5313 3849 5371 paraturam
3890 5304 4065 5375 aliqua

2475 5403 2721 5461 potestate
2747 5393 2931 5447 divina:
2957 5395 3228 5447 voluntatis
3259 5395 3489 5449 ministra
3521 5394 3540 5467 (
3570 5394 3633 5449 ab
3675 5398 3857 5467 angelo
3888 5414 4064 5466 nempe

2476 5484 2667 5555 aliquo)
2698 5485 2987 5550 modulari;
3017 5486 3171 5540 simul
3220 5488 3370 5542 etiam
3419 5504 3641 5542 crescere
3687 5499 3733 5541 et
3778 5489 4061 5557 proﬁcere,

2476 5578 2697 5630 animam
2729 5578 2931 5648 ingenio
2954 5587 2997 5631 et
3024 5594 3193 5641 sensu,
3222 5595 3405 5653 corpus
3435 5579 3643 5634 modulo
3670 5589 3714 5633 et
3741 5580 3936 5634 habitu.

2551 5673 2835 5729 XXXVIII.
2875 5674 3198 5730 Pubertatem
3229 5692 3441 5747 quoque,
3471 5678 3544 5730 uti
3569 5677 3621 5731 in
3650 5692 3884 5747 corpore,
3919 5678 3990 5730 ita
4020 5685 4066 5731 ct

2482 5769 2692 5834 anima,
2741 5770 2892 5823 simul
2939 5784 3205 5841 exsurgere
3255 5781 3492 5842 suggestu
3535 5786 3811 5835 sensuum;
3842 5781 3887 5826 et
3916 5772 4067 5825 etiam

2485 5860 2709 5916 ciborum
2735 5862 3189 5933 concupiscentiam
3220 5877 3324 5919 esse
3349 5862 3399 5916 in
3426 5862 3628 5929 (mima,
3658 5863 3745 5918 sed
3778 5862 4068 5919 necessitate
