4270 6498
195 376 304 432 645

1547 371 1750 428 LIBER
1786 369 1874 426 DE
1909 369 2142 428 ANIMA.

3386 369 3490 426 646

198 491 454 561 corporis,
498 507 601 545 non
640 491 720 545 sui
748 489 1093 560 proprietate,
1125 505 1187 543 ne
1213 490 1324 559 quis
1370 488 1489 543 hinc
1531 487 1795 542 mortalem
1823 487 1874 545 A
1903 487 2152 557 pertinere
2180 494 2346 558 neget,
2370 485 2510 554 apud
2534 500 2679 555 quem
2720 500 2811 539 nec
2851 499 2943 553 pro
2974 484 3080 539 Dea
3119 484 3249 540 mori
3279 485 3362 540 lea:
3382 496 3488 551 est;

207 584 402 638 credat.

279 672 475 728 XXIX.
529 672 662 727 Item
689 674 883 728 nullant
929 674 1088 742 ferme
1132 674 1354 728 animam
1396 673 1503 728 sine
1550 670 1801 726 daemonio

206 782 332 826 esse,
365 765 546 819 saltent
575 766 628 818 in
659 765 891 829 ethnicis,
918 765 1076 819 donec
1102 766 1155 818 in
1175 763 1376 821 Christo
1407 773 1700 818 nascantur.

281 854 625 910 XL.Tandiu
672 857 804 910 enim
855 857 1078 911 animam
1124 873 1186 910 ea:
1238 858 1404 910 carnis
1459 857 1695 910 societate
1748 856 1802 909 in

208 951 376 1003 Adam
403 950 718 1004 immundam
742 951 934 1005 censeri
957 968 969 1017 ;
1002 961 1047 1004 et
1079 951 1404 1019 peccatricem
1423 960 1526 1003 tant
1553 949 1798 1014 animam,

206 1059 358 1111 quant
390 1057 593 1095 carnem
624 1041 744 1094 dici.

282 1133 416 1189 XLI.
436 1133 598 1206 Atque
619 1135 766 1199 adeo,
791 1135 979 1188 malum
1002 1135 1186 1187 anima:
1207 1149 1307 1187 non
1328 1133 1492 1186 solum
1511 1149 1574 1187 ea:
1594 1133 1804 1187 obventu

207 1229 421 1296 spiritus
451 1243 665 1298 nequam
708 1228 1008 1292 super-strui,
1041 1225 1130 1279 sed
1158 1236 1203 1279 et
1231 1241 1296 1280 ea:
1339 1227 1568 1294 origine;
1599 1242 1694 1295 quo
1717 1225 1804 1279 ob-

207 1322 446 1388 fuscatur
478 1320 664 1374 bonunt
711 1321 818 1391 ejus
867 1321 1008 1390 prius
1030 1359 1043 1384 ,
1098 1319 1258 1374 donec
1286 1323 1586 1390 reformatur
1613 1335 1702 1387 per
1727 1336 1802 1374 se-

207 1414 429 1468 cundam
477 1415 585 1485 ejus
623 1413 934 1467 nativitatem
985 1429 1047 1467 ea:
1072 1429 1203 1482 aqua
1235 1422 1280 1465 et
1308 1429 1529 1482 superna
1571 1411 1803 1481 Spiritus

207 1507 392 1562 Sancti
437 1508 661 1560 t-irtute:
703 1522 734 1560 a
765 1522 862 1577 qua
892 1506 960 1560 ibi
1003 1506 1273 1576 excipitur,
1304 1504 1452 1560 sicuti
1501 1522 1531 1558 a
1585 1503 1803 1575 profano

205 1600 389 1670 spiritu
417 1600 468 1652 in
499 1599 737 1670 pristina.

283 1689 440 1746 XLII.
476 1690 660 1760 Atquin
687 1690 862 1744 mortis
906 1706 1102 1760 quoque
1129 1699 1403 1743 tractatuat
1431 1690 1499 1743 ad
1527 1706 1616 1743 nos
1649 1690 1805 1760 perti-

208 1799 327 1836 nere
352 1785 513 1852 (secus
551 1798 703 1852 quam
749 1780 1004 1852 Epicurus
1039 1781 1211 1852 sentit)
1254 1783 1305 1834 in
1347 1798 1447 1850 qua
1474 1784 1650 1836 anima
1681 1798 1802 1835 con-

205 1885 448 1929 summat.

283 1965 462 2020 XLIiI.
516 1965 738 2020 Proinde
781 1968 934 2021 etiam
984 1983 1215 2020 somnum
1270 1969 1443 2022 martis
1490 1969 1802 2037 speculum;

207 2076 358 2129 quem
388 2075 486 2113 non
531 2060 1009 2128 supernaturalem.
1054 2061 1141 2112 sed
1189 2061 1474 2114 naturalem
1523 2077 1665 2128 esse,
1700 2071 1803 2113 tum

208 2154 328 2207 aliis
356 2154 657 2220 rationibus,
684 2163 788 2207 tum
818 2153 1100 2223 Scripturis
1129 2155 1286 2208 sacris
1313 2153 1512 2222 probat.

289 2245 471 2300 XLIV.
516 2244 656 2300 Nam
697 2247 831 2316 quod
861 2246 923 2300 de
971 2245 1282 2299 llerntatima
1327 2247 1591 2311 scribunt,
1633 2246 1804 2299 anima

211 2340 358 2394 illum
383 2342 433 2394 in
459 2357 634 2396 somno
660 2342 904 2407 caruisse,
949 2341 1003 2395 id
1045 2342 1410 2407 subornatum;
1443 2345 1515 2396 uti
1561 2360 1766 2396 somnus
1787 2384 1801 2406 ,

213 2447 318 2485 non
341 2434 495 2486 otium
524 2436 729 2499 animle,
758 2436 845 2489 sed
873 2436 1092 2489 secessio
1117 2439 1420 2488 crederetur.

290 2524 451 2581 XLV.
499 2525 577 2581 De
623 2529 831 2581 somniis
874 2543 1088 2597 quoque,
1135 2540 1179 2582 et
1230 2527 1571 2582 accidentibus
1598 2527 1800 2590 somni,

212 2627 462 2687 quatenus
491 2619 552 2672 ab
584 2621 743 2674 extasi
771 2618 1036 2687 diﬂ'erunt,
1063 2622 1366 2686 dicendum;
1405 2620 1581 2689 quibus
1609 2619 1806 2689 signi/i-

214 2721 365 2764 catur
389 2712 561 2765 anima
584 2723 822 2782 perpetua
849 2713 1126 2784 negotiosa,
1152 2715 1288 2782 quod
1314 2713 1711 2766 immortalitatis
1733 2719 1805 2764 est

214 2806 390 2870 ratio;
418 2807 470 2859 in
491 2807 671 2877 quibus
698 2807 900 2861 interim
937 2825 1036 2861 nan
1065 2808 1226 2878 magis
1253 2807 1314 2860 ab
1352 2807 1519 2876 stupri
1565 2805 1804 2860 visionem

215 2899 594 2966 damnabimur,
618 2917 768 2970 quam
795 2901 856 2953 ob
885 2901 1115 2969 martyrii
1145 2899 1521 2953 coranabimur.

291 2990 477 3047 XLVI.
513 2990 690 3061 Neque
723 2992 855 3045 enim
884 3007 1013 3045 vana
1046 3007 1152 3045 esse
1178 2991 1230 3044 in
1258 2999 1418 3044 totum
1459 2989 1660 3044 samnia
1696 2987 1808 3056 (uti

207 3085 476 3158 judicabat
506 3082 785 3155 Epicurus)
811 3083 984 3137 multis
1013 3086 1258 3153 exentplis
1283 3083 1520 3155 probari;
1553 3093 1598 3137 et
1641 3083 1809 3138 varios

215 3192 323 3230 esse
345 3184 776 3235 commentatores,
799 3192 858 3228 ac
885 3175 939 3229 in
967 3175 1098 3230 hanc
1119 3192 1222 3230 rem
1245 3177 1597 3246 aﬂirmatares.

1905 593 2024 630 nam
2077 577 2229 631 etiam
2271 574 2451 632 Enoch
2485 585 2531 630 et
2563 574 2769 630 Heliam
2799 575 3096 643 morituras,
3147 585 3192 630 et
3237 575 3492 632 Joannem

1895 669 2011 739 jam
2031 667 2230 722 abiisse.

1979 760 2060 816 LI.
2095 760 2240 832 Opus
2265 770 2430 816 autem
2456 761 2631 816 mortis
2655 776 2760 815 esse
2794 759 3164 828 separationem
3193 761 3419 831 corporis
3448 770 3495 816 et

1907 856 2124 917 animae;
2147 856 2468 927 quantumvis
2488 856 2694 926 quidam
2725 853 3015 923 philosophi
3035 852 3361 922 crediderint,
3384 864 3496 924 post

1909 958 2117 1001 mortem
2142 948 2390 1018 quasdam
2419 949 2618 1002 animos
2649 947 2840 1002 Iuerere
2864 947 3181 1016 corporibus.

1980 1041 2089 1097 LII.
2145 1044 2308 1112 Atque
2364 1059 2560 1097 onmem
2607 1051 2838 1108 mortem,
2867 1042 2968 1095 sire
3021 1041 3352 1108 ordinarium,
3396 1043 3498 1096 sive

1908 1138 2395 1204 extraordinariam,
2428 1154 2528 1191 non
2554 1153 2616 1192 ea:
2647 1145 2831 1190 natura
2856 1152 2980 1203 esse,
3011 1135 3101 1191 sed
3121 1153 3182 1191 ex
3208 1136 3380 1207 culpa,
3409 1153 3497 1192 nec

1908 1233 2021 1300 ipsa
2047 1233 2294 1284 naturali.

1980 1321 2112 1379 LIII.
2145 1321 2401 1377 Excedere
2425 1339 2576 1393 porro
2602 1328 2848 1389 animant,
2882 1340 2981 1378 non
3005 1324 3236 1394 deﬁcere,
3267 1323 3497 1380 dilaben-

1907 1417 2037 1472 tibus
2059 1418 2308 1488 paulatim
2331 1419 2559 1486 corporis
2583 1419 2947 1483 instrumentis,
2977 1420 3086 1489 jam
3115 1421 3380 1474 clariorem
3407 1421 3497 1474 ab-

1909 1523 2115 1578 tutu,ac
2133 1514 2174 1566 si
2206 1513 2267 1566 de
2286 1528 2461 1565 somno
2488 1524 2815 1583 emergentem
2841 1515 3058 1567 instante
3085 1525 3276 1579 morte;
3305 1524 3494 1583 utpote,

1907 1621 2021 1675 quoe
2048 1615 2151 1658 tum
2187 1605 2409 1660 exsultat
2431 1614 2518 1658 aut
2549 1604 2787 1673 trepidat,
2823 1614 2972 1674 prout
3001 1614 3298 1675 paraturam
3323 1605 3500 1658 dever-

1908 1697 2031 1751 sarii
2056 1699 2134 1752 sui
2161 1698 2332 1764 sentit,
2367 1696 2429 1750 de
2459 1697 2620 1766 ipsius
2665 1694 2834 1768 angeli
2884 1697 3017 1767 facie
3062 1697 3338 1751 evacataris
3389 1696 3501 1750 ani-

1907 1807 2128 1843 marum.

1835 1875 1884 1935 B
1983 1882 2115 1938 LIV.
2145 1883 2257 1950 Quo
2287 1893 2454 1936 autem
2487 1883 2805 1937 deducantur
2834 1882 3037 1947 animle,
3060 1883 3224 1936 varias
3253 1897 3359 1936 esse
3387 1880 3502 1950 phi-

1911 1976 2241 2044 losOp/torum
2297 1976 2599 2039 sententias;
2649 1976 2779 2028 inter
2825 1989 2949 2043 quos
2988 1973 3147 2028 Stoici
3198 1975 3503 2044 prudentum

1911 2071 2107 2124 animas
2128 2071 2180 2122 in
2205 2071 2434 2139 superuis
2463 2069 2808 2123 mansionibus
2832 2067 3102 2130 collocant,
3129 2067 3346 2137 reliquas
3363 2067 3503 2137 apud

1909 2164 1960 2216 in
1971 2165 2140 2232 (eras;
2169 2178 2292 2229 quos
2316 2161 2506 2232 inferas
2527 2162 2803 2215 Christiani
2833 2178 2932 2215 non
2964 2161 3014 2213 in
3041 2160 3231 2231 gremio
3261 2169 3428 2225 (errat,
3449 2168 3504 2214 ut

1911 2253 2084 2318 Plato,
2120 2255 2206 2306 sed
2227 2254 2280 2306 in
2309 2255 2500 2307 intimis
2521 2253 2793 2307 visceribus
2819 2253 3091 2307 collocant.

1982 2345 2090 2399 LV.
2126 2345 2287 2400 Suam
2315 2360 2430 2398 vero
2455 2361 2566 2398 eam
2597 2361 2703 2399 esse
2727 2346 3023 2398 sententiam
3051 2344 3187 2417 (qua!
3207 2344 3405 2398 interim
3437 2342 3499 2396 ab

1911 2437 2142 2490 Ecclesia
2171 2453 2269 2490 non
2301 2436 2572 2507 probatur)
2598 2435 2734 2506 quod
2760 2436 2811 2489 in
2844 2436 3012 2488 sinum
3047 2434 3264 2489 Abrahae
3299 2451 3386 2489 seu
3409 2450 3505 2502 pa-

1909 2531 2137 2584 radisum
2159 2529 2243 2600 (de
2267 2546 2365 2598 qua
2395 2528 2578 2584 librum
2602 2529 2840 2598 ediderit)
2864 2537 3146 2599 martyrum
3172 2529 3295 2582 salut
3322 2526 3506 2582 animat

1910 2627 2262 2696 commigrent,
2293 2625 2503 2693 reliqua:
2529 2639 2644 2677 vero
2672 2622 2739 2675 ad
2767 2623 2979 2693 inferos.

1983 2714 2116 2770 LVI.
2147 2715 2300 2786 Atqui
2327 2730 2483 2767 vanas
2533 2729 2618 2768 eas
2657 2729 2764 2767 esse
2813 2713 3081 2782 apiniones
3101 2754 3114 2777 ,
3149 2713 3326 2780 quibus
3356 2723 3507 2782 puta-

1911 2809 2031 2862 bant
2057 2851 2070 2869 ,
2123 2810 2367 2878 tantisper
2397 2807 2450 2860 in
2490 2807 2636 2861 terris
2667 2807 2867 2860 animas
2895 2805 3150 2872 detineri,
3182 2807 3341 2861 donec
3359 2808 3506 2876 justa

1912 2902 2261 2973 perceperint;
2292 2910 2377 2954 aut
2425 2901 2702 2954 immatura
2733 2909 2892 2954 marte
2917 2908 3216 2968 prteventas,
3243 2899 3391 2954 isthic
3422 2917 3503 2954 va-

1913 2990 2045 3060 gari,
2076 2989 2236 3042 donec
2260 2987 2531 3056 reliquatia
2559 2985 2878 3055 compleatur
2905 2987 3091 3039 atatis.

1985 3083 2142 3137 LVII.
2180 3080 2359 3150 Neque
2384 3096 2497 3134 vero
2521 3081 2585 3133 ab
2615 3079 2793 3148 inferis
2835 3080 3031 3132 animas
3071 3094 3135 3131 ea:
3164 3079 3375 3147 imperio
3405 3078 3510 3132 da:-

1915 3192 2119 3231 manunt
2142 3191 2230 3244 per
2244 3173 2490 3244 magicam
2514 3173 2683 3244 (cujus
2709 3171 2899 3242 species
2929 3171 3119 3242 aliquot
3153 3171 3394 3242 recenset)
3422 3179 3510 3225 aut

287 3267 844 3324 XLVII.Christianam
872 3285 987 3324 vero
1014 3287 1125 3324 eam
1151 3286 1254 3324 esse
1279 3271 1572 3324 sententiam
1603 3287 1614 3323 :
1643 3287 1676 3323 a
1699 3269 1813 3324 dae-
1842 3265 1888 3328 C
1921 3287 1984 3326 ex
2008 3270 2216 3324 arbitrio
2249 3269 2348 3320 huc
2379 3268 2563 3321 redire.

217 3360 403 3415 maniis
443 3360 714 3430 plurimunt
743 3361 901 3416 incuti
928 3361 1150 3427 somnia,
1180 3361 1330 3415 etiam
1361 3378 1476 3416 vera
1511 3361 1805 3427 interdum;

221 3454 328 3508 Dea
358 3454 556 3508 interim
601 3454 914 3526 deputanda,
954 3454 996 3508 si
1039 3469 1152 3524 qua:
1182 3457 1420 3520 hanesta',
1457 3464 1655 3518 sancta,
1684 3469 1805 3523 pro-

216 3546 441 3616 phetica,
475 3547 790 3610 ret'elataria,
824 3547 1190 3615 a'diftcatoria,
1240 3549 1540 3610 vacataria;
1571 3547 1808 3618 qutedam

215 3639 370 3692 etiam
399 3639 691 3710 sibimetipsi
722 3638 946 3691 animum
973 3639 1168 3710 [ingere
1196 3654 1258 3692 ex
1285 3638 1558 3692 intentione
1584 3639 1807 3693 circum-

213 3730 553 3794 stantiarum;
580 3729 772 3797 reliqua
794 3729 1004 3800 denique
1024 3730 1186 3784 extasi
1216 3731 1522 3801 separanda.

289 3821 518 3879 XLVIII.
553 3823 716 3893 Atque
738 3831 865 3878 adeo
892 3841 953 3878 ea:
979 3825 1184 3895 ingenia
1213 3825 1374 3896 magis
1400 3842 1550 3890 quant
1571 3837 1809 3882 constan-

213 3917 310 3979 tia,
337 3915 534 3969 somnia
567 3931 597 3967 a
628 3912 846 3968 Platone
888 3915 1131 3969 wstimari
1159 3957 1173 3980 ,
1213 3926 1454 3985 tanquam
1499 3918 1715 3970 certiora
1744 3919 1809 3972 ab

213 4007 409 4062 extimo
436 4007 615 4071 noctis,
647 4007 798 4061 certis
827 4008 949 4060 anni
978 4006 1308 4077 temporibus,
1340 4007 1520 4076 quietis
1543 4009 1644 4062 situ
1670 4050 1684 4074 ,
1715 4019 1807 4064 aut

212 4102 445 4156 ciborum
469 4101 812 4166 distinctione,
843 4110 926 4155 aut
957 4101 1299 4172 derogatiane.

290 4190 478 4247 XLIX.
517 4189 587 4246 Et
621 4209 735 4248 vero
757 4194 908 4247 etiam
932 4193 1152 4264 infantes
1177 4210 1237 4247 ac
1265 4195 1486 4249 atlantes
1515 4196 1808 4262 somniare,-

214 4300 337 4339 cum
375 4294 422 4340 et
465 4286 664 4340 somnia
694 4304 724 4338 a
756 4283 866 4339 Dea
894 4287 1017 4353 sint,
1049 4287 1290 4357 nullaque
1307 4287 1423 4356 jam
1453 4304 1573 4359 gens
1606 4286 1700 4342 Dei
1742 4289 1809 4342 sit

213 4387 482 4445 extranea,
507 4378 561 4433 in
583 4394 752 4433 omnes
775 4378 1016 4432 terminos
1037 4379 1169 4433 orbis
1192 4377 1473 4452 Evangelia
1490 4392 1804 4438 caruscantc.

292 4470 356 4526 L.
389 4469 542 4527 Nunc
581 4473 648 4526 ad
689 4483 898 4527 mortem
943 4473 1077 4542 quod
1103 4475 1301 4539 attinet,
1331 4473 1550 4528 debitum
1580 4491 1686 4530 esse
1707 4489 1810 4532 tota

215 4567 444 4621 Itumana
470 4566 642 4636 generi
668 4576 864 4620 natura:
887 4566 1061 4634 linem,
1093 4567 1431 4634 quamtumris
1474 4565 1730 4638 Epicurus
1756 4572 1809 4624 id

1985 3361 2166 3419 LVIII.
2200 3361 2350 3430 Atqui
2380 3361 2485 3413 illic
2513 3401 2527 3425 ,
2578 3359 2778 3411 interim
2817 3358 2937 3411 dum
2969 3373 3152 3428 corpus
3181 3366 3470 3426 exspectant
3492 3399 3506 3424 ,

1911 3459 2110 3512 animas
2157 3453 2498 3507 innocentium
2547 3452 2809 3524 gaudere,
2845 3460 2890 3505 et
2920 3461 3188 3504 naccntunt
3237 3450 3406 3504 dolere
3450 3467 3510 3505 ac

1915 3551 2123 3620 puniri;
2175 3547 2250 3600 vel
2289 3545 2348 3599 ob
2401 3545 2649 3615 cogitatus
2687 3544 2845 3609 solos,
2891 3559 3018 3614 quos
3076 3559 3290 3596 censura
3337 3543 3512 3597 divina

1914 3642 2228 3715 persequitur
2253 3656 2271 3705 ;
2300 3639 2538 3704 maxime,
2569 3655 2685 3693 cum
2707 3639 2860 3691 etiam
2887 3637 3086 3691 modica
3113 3636 3297 3691 delicta
3323 3637 3390 3690 ad
3418 3653 3511 3691 na-

1914 3737 2173 3790 vissimum
2211 3748 2365 3802 usque
2394 3731 2731 3803 quadrantem
2756 3728 2864 3784 illic
2892 3728 3102 3793 luenda,
3136 3743 3198 3783 ea:
3229 3725 3510 3800 Evangelia

1914 3827 2244 3896 intelligatur.

2394 3911 2624 3969 CAPUT
2649 3912 2911 3970 PRIMUM
2943 3912 3017 3984 (α)

1988 4009 2062 4064 De
2091 4006 2205 4061 solo
2223 4019 2387 4060 eensu
2414 4005 2606 4059 animae
2631 4019 2954 4074 congressus
2983 4001 3304 4072 Hermogeni
3333 4043 3345 4067 ,
3371 4017 3506 4073 qua-

1915 4113 2071 4159 tenus
2109 4111 2161 4157 et
2208 4101 2366 4156 istum
2408 4115 2475 4154 ex
2521 4098 2758 4153 materia:
2805 4098 2984 4169 potius
3024 4107 3315 4168 suggestu,
3349 4113 3506 4167 quant

1915 4214 1979 4253 ex
2029 4197 2118 4251 Dei
2150 4194 2275 4248 ﬂatu
2297 4191 2605 4247 constitisse
2643 4191 2982 4261 praesumpsit
3019 4232 3032 4256 ,
3095 4206 3236 4246 nunc
3283 4190 3347 4245 ad
3378 4191 3506 4246 reli-

1915 4304 2046 4362 quas
2073 4300 2368 4343 conversus
2389 4285 2715 4356 quaestiones
2746 4325 2760 4347 ,
2804 4284 3090 4353 plurimum
3135 4285 3359 4340 videbor
3384 4299 3508 4340 cum

1917 4380 2252 4453 pItIIOSOPIIIS
2296 4379 2662 4433 dimicaturus.
2717 4377 2890 4431 Etiam
2925 4379 2974 4431 in
3007 4393 3226 4434 carcere
3271 4379 3509 4434 Socratis

1916 4476 1982 4530 de
2005 4475 2196 4529 anima:
2221 4482 2365 4529 statu
2393 4471 2666 4526 velitatum
2693 4477 2794 4524 est.
2825 4466 2900 4541 (b)
2929 4468 3241 4540 Nescitijam
3267 4471 3368 4527 Itoc
3393 4471 3507 4540 pri-

1917 4585 2083 4632 mum,
2116 4585 2181 4624 an
2211 4576 2513 4638 opportuno
2547 4563 2597 4619 in
2629 4573 2871 4632 tempore
2899 4562 3139 4633 magistri
3172 4563 3279 4635 (1),
3304 4566 3400 4618 etsi
3424 4564 3507 4618 ni-

215 4667 383 4730 neget,
413 4667 458 4714 et
492 4657 775 4714 Menander
803 4659 1066 4715 haereticus
1095 4658 1162 4712 ad
1187 4673 1277 4713 sua
1306 4658 1555 4728 baptismo
1581 4662 1805 4718 initiatos
1829 4660 1883 4721 D
1913 4662 1987 4718 Itil
2035 4662 2102 4718 de
2149 4663 2267 4716 Ioco
2319 4661 2561 4714 interest.
2606 4654 2741 4725 Quid
2779 4655 2922 4712 enim
2953 4653 3154 4726 liquido
3182 4661 3394 4724 saperet
3431 4652 3505 4727 (c)

1421 4775 1793 4837 LECTIONES
1831 4779 2244 4839 VARIANTES.

282 4893 358 4968 (ι)
377 4895 433 4947 In
454 4905 693 4961 tempore,
714 4895 929 4961 Magistri
952 4893 1147 4964 disting.
1174 4895 1283 4964 Rig.

1517 5001 2074 5066 COMMENTARIUS.

295 5123 375 5198 (θ)
405 5121 504 5198 llic
534 5121 671 5178 liber
698 5123 748 5198 in
777 5121 1066 5198 exemplari
1096 5119 1366 5198 Agabardi
1399 5117 1598 5188 passim
1627 5119 1815 5198 inseri.

223 5189 388 5262 hitur,
419 5193 496 5248 De
521 5210 671 5248 censu
693 5194 890 5247 Anima:
914 5189 1073 5262 ;’scd_
1093 5189 1242 5245 falso.
1274 5189 1405 5245 Nam
1432 5231 1446 5255 ,
1474 5200 1530 5262 ut
1559 5205 1624 5262 ex
1660 5191 1810 5246 istius

221 5260 405 5338 aperis
436 5264 698 5338 principio
726 5273 870 5338 patet
899 5305 912 5324 ,
962 5263 1006 5316 is
1055 5260 1174 5338 fuit_
1199 5262 1383 5338 titulus
1433 5261 1656 5315 alterius
1689 5262 1810 5316 IIIII‘I

221 5331 380 5409 quem
426 5331 682 5390 adversus
726 5333 1113 5409 Hermogenem
1143 5331 1812 5409 Septimiusnostereom-

243 5402 496 5470 iosuerat,
528 5413 586 5461 ut
611 5405 921 5460 ostenderet
945 5403 1068 5473 quid
1100 5405 1307 5458 censeri
1341 5403 1530 5473 anima
1563 5402 1804 5458 deberet.

243 5424 496 5470 ιοειιιδΐςιι,
528 5424 586 5461 ιιι
611 5424 921 5460 οδιεηαοτυι
945 5424 1068 5473 (11110
1100 5424 1307 5458 CCIISCI'I
1356 5424 1530 5456 alllllla
1563 5424 1804 5458 ιιευοτυι.

223 5424 438 5535 Iitettint
468 5487 700 5531 constare
726 5492 788 5530 ex.
811 5474 907 5529 Dei
932 5475 1084 5544 ﬂatu,
1114 5491 1234 5537 non,
1253 5484 1306 5526 nt
1338 5472 1702 5542 Hermogenes
1732 5473 1806 5528 di-

222 5550 397 5608 cebat.
426 5565 487 5602 ea:
507 5548 730 5602 materia
753 5543 1010 5614 suggestu,
1041 5543 1143 5599 hoc
1175 5554 1376 5599 tantum
1401 5558 1468 5598 eo
1487 5543 1685 5609 libello,
1711 5545 1804 5614 qui

223 5604 756 5682 Iuniie‘tlesideratur,
801 5604 1059 5670 adversus
1085 5617 1389 5670 lnrreticnnt
1417 5604 1798 5684 disputaverat.

220 5692 373 5747 Nune
399 5689 467 5745 de
493 5690 684 5743 animae
714 5696 873 5751 statu,
896 5701 958 5742 ac
986 5685 1053 5739 dc
1077 5686 1458 5755 quu‘stionibns
1486 5686 1702 5753 reliquis
1731 5685 1800 5740 ad

217 5779 339 5819 eam
372 5760 777 5831 pertinentibus,
798 5758 1188 5831 agitadversus
1214 5756 1583 5831 phil_050pl_tos.
1616 5756 1798 5825 Itaque

217 5826 647 5904 recentissimum
684 5830 797 5904 jam
835 5826 1074 5904 vulgatis
1099 5826 1423 5904 editionibus
1452 5827 1661 5884 titulum
1691 5841 1788 5900 ge-

217 5898 456 5966 neralem
488 5899 566 5960 De
596 5898 779 5959 Anima
807 5898 1141 5961 retinuintus.
1172 5898 1287 5957 Btc.

1995 5121 2073 5196 (It)
2099 5119 2553 5196 _1_\'es_cio_ja_tn_hoc
2570 5120 2800 5196 primum
2826 5135 2894 5196 an
2936 5129 3226 5196 opportuna
3273 5119 3325 5196 in
3350 5131 3506 5196 ﬁtent-

1919 5190 2062 5265 pare,
2085 5191 2340 5265 Magistri.
2371 5190 2674 5265 Alloquitur
2702 5191 3001 5265 magistros.
3038 5191 3138 5246 ltoc
3165 5199 3246 5245 est
3270 5192 3509 5265 philoso-

1920 5259 2054 5334 phos
2084 5283 2094 5317 :
2141 5259 2352 5324 Nescio,
2381 5262 2569 5331 inquit,
2595 5263 2704 5334 jam
2731 5259 2832 5334 line
2860 5261 3109 5329 primum,
3145 5259 3403 5331 magistri,
3437 5279 3503 5320 an

1915 5331 2223 5406 opportuno
2249 5335 2323 5406 _in
2353 5341 2592 5406 tempore
2627 5331 2702 5406 _dc
2724 5332 2938 5406 animm
2958 5334 3408 5406 _statu>velitntnm
3436 5336 3508 5390 sit

1916 5401 1964 5462 in
1994 5401 2214 5462 etrcere
2243 5403 2511 5467 Socratis;
2539 5401 2640 5457 etsi
2683 5403 2810 5456 nihil
2850 5403 2916 5457 de
2957 5403 3073 5457 loco
3113 5404 3355 5463 interest,
3397 5414 3504 5463 etc.

1910 5477 2036 5532 Ilutc
2063 5478 2223 5547 igitur
2249 5473 2529 5547 scribenda
2562 5490 2623 5528 ac
2648 5473 3017 5547 distinguenda
3043 5484 3163 5528 sunt
3185 5475 3283 5547 ltoc
3307 5475 3463 5528 modo
3489 5497 3502 5533 ;

1913 5545 2167 5602 Etiam—in
2194 5562 2394 5601 carcere
2419 5545 2649 5599 Sacratis
2669 5546 2732 5599 de
2770 5545 2952 5598 anima:
2972 5555 3102 5598 statu
3132 5545 3386 5599 velitatum
3410 5559 3502 5602 est.

1911 5618 1964 5673 Ν
1971 5622 2100 5673 escio
2120 5621 2233 5689 jam
2262 5618 2360 5689 hac
2381 5617 2599 5689 primum
2620 5632 2690 5689 an
2718 5626 3002 5689 Opportuna
3029 5617 3078 5668 in
3104 5625 3347 5686 tempore,
3380 5615 3428 5669 Μ
3437 5636 3498 5672 ac

1906 5692 2072 5762 gistri,
2108 5685 2200 5744 etsi
2233 5688 2361 5742 nihil
2387 5687 2450 5741 de
2475 5687 2583 5762 loco
2612 5687 2835 5762 interest.
2869 5685 2983 5742 lito.

1981 5761 2054 5832 (c)
2094 5761 2275 5832 Anima
2316 5768 2435 5811 tunc
2473 5757 2720 5812 Sacratis.
2762 5756 3003 5832 ΙξιτὶιοιιίεΔ
3038 5756 3346 5813 ΡΙιωιίοηρηι
3374 5759 3504 5832 διώ-

1904 5827 2100 5890 indieat
2134 5849 2147 5900 ;
2177 5831 2227 5887 in
2277 5845 2382 5904 quo
2411 5840 2722 5887 reccnsetur
2757 5827 3077 5902 disputatio,
3131 5845 3289 5903 quant
3333 5830 3500 5889 mori-
