4270 6498
768 303 872 360 647

2154 303 2618 364 TERTULLIANI

3945 305 4052 360 648

765 416 943 470 anima
973 424 1097 471 tunc
1130 415 1387 483 Socratis,
1407 417 1516 489 jam
1543 430 1697 473 sacro
1726 416 1937 489 navigio
1965 429 2234 488 regresso,
2271 417 2347 490 (a)
2377 426 2427 485 Α
2454 419 2883 490 sapientissimus
2920 420 3170 477 Socrates
3196 420 3488 477 secundum
3520 421 3922 492 Pythiiquoque
3940 421 4045 475 dm-

762 505 872 578 jam
903 509 1090 564 cicutis
1119 509 1479 566 damnationis
1503 511 1779 566 exhaustis
1805 550 1820 575 ,
1861 509 1972 580 jam
2016 519 2190 564 morte
2219 526 2353 580 pra:-

766 610 941 663 sente,
970 601 1152 671 utique
1192 611 1534 657 consternata
1575 601 1641 657 ad
1667 602 1896 671 aliquem
1927 611 2128 656 motum
2155 615 2352 656 secun-

763 689 893 746 dum
920 703 1185 761 naturam,
1209 702 1300 749 aut
1324 703 1623 760 externata,
1655 695 1701 749 si
1731 707 1836 748 non
1863 692 2159 748 secundum
2193 702 2351 747 natu-

765 797 902 838 ram.
934 785 1188 852 Quamvis
1231 787 1372 841 enim
1404 786 1608 856 placida
1639 797 1799 856 atque
1829 785 2110 856 tranquilla
2139 827 2152 849 ,
2187 801 2350 853 quam

767 889 868 929 nec
894 876 1158 946 conjugiis
1187 877 1344 932 fletus
1371 879 1548 932 statim
1567 876 1762 942 vidum,
1779 891 1877 932 nec
1909 876 2196 930 liberorum
2224 891 2354 931 con-

764 975 981 1036 spectus
1010 969 1202 1023 exinde
1256 969 1598 1039 pupillorum,
1629 969 1745 1039 lege
1785 968 1998 1039 pietatis
2051 966 2350 1032 inﬂexerat,

765 1059 851 1113 vel
882 1060 932 1114 iu
957 1059 1059 1116 hoc
1087 1073 1261 1116 tamen
1293 1072 1466 1127 mota,
1500 1077 1567 1117 ne
1589 1071 1933 1128 moveretur,
1966 1062 2080 1131 ipsa
2107 1070 2355 1116 constan-

767 1151 836 1204 tia
853 1166 1112 1207 concussa
1129 1163 1208 1207 est
1232 1154 1494 1208 adversus
1517 1153 1889 1209 inconstantiae
1919 1154 2352 1208 concussioncm.

765 1244 902 1310 Quid
935 1256 1109 1302 autem
1139 1248 1282 1302 aliud
1310 1256 1526 1318 saperet
1557 1247 1637 1301 vir
1662 1245 1886 1316 quilibet
1914 1247 2104 1316 injuria
2135 1247 2356 1300 damna-

767 1348 852 1392 tus
873 1378 886 1402 ,
916 1349 1110 1407 praeter
1151 1339 1358 1409 injuria:
1387 1339 1624 1394 solamen
1653 1380 1666 1403 ,
1721 1339 1915 1394 nedum
1965 1337 2316 1408 philosophus
2339 1377 2354 1400 ,

767 1429 950 1499 gloriae
979 1432 1173 1484 animal
1201 1473 1216 1496 ,
1268 1432 1351 1486 cui
1394 1447 1489 1486 nec
1518 1431 1843 1485 consolauda
1875 1431 2091 1499 injuria,
2125 1431 2220 1484 sed
2253 1445 2350 1500 po-

770 1525 872 1577 tius
897 1524 1233 1578 insultanda?
1255 1525 1514 1595 Denique,
1532 1534 1650 1595 post
1667 1524 2007 1590 sententiain,
2032 1524 2202 1578 obviae
2225 1540 2358 1578 con-

763 1612 874 1684 jugi
907 1624 963 1670 et
999 1616 1328 1672 muliebriter
1359 1617 1666 1672 inclainanti
1694 1631 1709 1668 ι
1744 1616 1940 1685 lnjuste
1970 1616 2253 1670 damnatus
2274 1632 2354 1682 es,

769 1707 1018 1763 Socrates
1043 1725 1058 1774 ;
1087 1709 1196 1780 jam
1224 1710 1361 1765 etde
1389 1710 1745 1780 gratulatione
1773 1710 2159 1780 responderat:
2195 1709 2356 1764 Vole-

2459 513 2632 568 mouis
2645 513 2980 584 sullragium,
2997 511 3206 569 scilicet
3220 515 3486 584 negotium
3508 517 3752 570 navantis
3769 515 3920 570 socio
3932 530 4050 572 suo.

2457 614 2658 674 quanto
2677 604 2887 673 dignior
2909 613 3068 674 atque
3089 607 3423 660 constantior
3438 603 3742 660 cbristianae
3775 606 4055 674 sapientiae

2457 695 2703 759 assertio,
2731 694 2885 764 cujus
2924 694 3140 750 adilatui
3167 707 3274 750 tota
3308 697 3386 750 vis
3403 696 3707 751 dieinonum
3727 697 3867 752 cedit
3889 697 3911 748 ?
3933 696 4058 750 llarc

2458 787 2716 855 sapientia
2755 789 2823 843 de
2861 789 3041 842 schola
3083 788 3202 844 cmli
3231 788 3364 844 deos
3397 789 3612 859 quidem
3645 790 3835 844 smculi
3861 806 4058 857 negare

2458 879 2696 947 liberior,
2722 896 2839 950 qua:
2866 882 2936 951 (ε)
2962 881 3164 936 nullutu
3190 879 3502 950 Esculapio
3530 881 3882 952 gallinaceum
3908 882 4058 935 reddi

2453 972 2649 1042 jubens
2677 975 3079 1044 pnevaricetur,
3105 991 3203 1030 nec
3233 991 3365 1030 nova
3391 978 3622 1031 inferens
3649 975 3684 1031 d
3703 977 3942 1040 einenia,
3966 976 4058 1029 sed

2456 1073 2638 1118 vetera
2683 1063 2999 1134 depellens;
3057 1081 3156 1119 nec
3207 1065 3622 1121 adolescentiam
3681 1067 3912 1131 vitians,
3965 1065 4061 1119 sed

2458 1155 2606 1209 onmi
2652 1155 2792 1210 bono
2839 1156 3057 1226 pudoris
3110 1156 3428 1222 inforinans,
3475 1157 3702 1226 ideoque
3749 1173 3855 1212 non
3905 1159 4062 1211 unius

2459 1249 2627 1316 urbis,
2661 1250 2754 1304 sed
2803 1250 3036 1306 universi
3072 1251 3219 1305 orbis
3261 1251 3496 1320 iniquam
3530 1253 3855 1307 sententiam
3896 1253 4062 1306 susti-

2461 1359 2594 1398 nens
2635 1358 2732 1412 pro
2763 1346 2977 1399 nomine
3009 1345 3250 1399 veritatis
3271 1387 3285 1410 ,
3337 1354 3485 1398 tanto
3514 1345 3720 1400 scilicet
3770 1344 4064 1414 perosioris

2460 1445 2660 1503 quanto
2702 1434 2973 1505 plenioris,
3010 1445 3066 1490 ut
3115 1446 3170 1489 et
3219 1444 3444 1490 mortem
3489 1450 3594 1490 non
3625 1436 3692 1490 de
3739 1437 3930 1505 poculo
3971 1451 4067 1506 per

2462 1527 2702 1582 habitqu
2727 1527 3075 1597 jocuuditatis
3121 1528 3426 1592 absorbeat,
3474 1528 3568 1583 sed
3620 1528 3688 1582 de
3733 1527 3973 1598 patibulo
4013 1537 4068 1583 et

2462 1620 2848 1675 viviconiburio
2889 1636 2982 1690 per
3009 1635 3172 1676 omne
3198 1621 3467 1691 ingenium
3499 1621 3830 1677 crudelitatis
3857 1622 4065 1678 exhauo

2464 1714 2582 1776 riat,
2618 1714 2822 1767 interea
2853 1713 2904 1768 in
2948 1714 3051 1767 isto
3080 1714 3448 1768 tenebrosiore
3469 1729 3689 1769 carcere
3713 1714 3897 1768 sazculi
3930 1715 4069 1769 inter

769 1798 870 1854 bas
895 1811 1074 1855 autem
1119 1801 1301 1870 iuste?
1350 1801 1488 1856 Nihil
1520 1803 1854 1867 mirandum,
1905 1804 1949 1858 si
1984 1813 2037 1857 et
2064 1804 2116 1856 in
2142 1817 2357 1858 carcere
2388 1817 2436 1877 Β
2464 1819 2588 1859 suos
2617 1802 2841 1860 Cebctas
2883 1814 2938 1859 et
2985 1820 3112 1860 suos
3142 1804 3460 1871 Phredouas,
3509 1807 3553 1859 si
3598 1804 3725 1874 quid
3772 1807 3842 1860 de
3887 1806 4066 1859 anima

767 1889 1106 1948 lemniscatas
1153 1894 1232 1965 (l)
1275 1895 1435 1965 Anyti
1476 1905 1530 1950 et
1575 1895 1738 1951 Meliti
1787 1895 1990 1965 palmas
2017 1895 2252 1965 gestiens
2279 1897 2358 1949 in-

768 1979 1002 2052 fringere
1032 2025 1047 2050 ,
1080 1984 1192 2054 ipsa
1222 1995 1394 2041 morte
1423 2001 1642 2050 coram,
1696 1986 2150 2040 inunortalitatcm
2183 1984 2354 2040 vindi-

767 2083 855 2129 cat
895 2073 974 2147 (2)
1008 2077 1198 2130 aninnr.
1246 2077 1547 2131 necessaria
1582 2078 1998 2146 praisumptione
2049 2078 2113 2130 ad
2148 2076 2356 2147 injuria:

770 2166 1192 2223 frustrationem.
1227 2167 1302 2240 (b)
1335 2168 1482 2224 Adeo
1513 2169 1688 2224 omnis
1709 2168 1799 2223 illa
1833 2179 1958 2223 tunc
1975 2169 2234 2238 sapientia
2260 2167 2360 2223 Su-

775 2260 938 2315 cratis
966 2260 1034 2315 de
1066 2261 1322 2317 imlustria
1375 2273 1592 2318 venerat
1619 2264 1876 2319 consulta:
1904 2264 2318 2333 inquanimitatis
2343 2305 2357 2328 ,

769 2367 876 2408 non
903 2353 970 2409 de
995 2355 1185 2410 fiducia
1217 2367 1508 2427 comperta:
1533 2355 1797 2410 veritatis.
1847 2354 1946 2409 Cui
1990 2357 2133 2410 enim
2163 2356 2362 2409 veritas

772 2459 1050 2518 comperta
1074 2449 1190 2502 sine
1222 2450 1330 2502 Deo
1361 2450 1383 2500 ?
1414 2450 1497 2502 cui
1527 2450 1667 2504 Deus
1693 2449 1938 2518 cognitus
1967 2449 2083 2502 sine
2109 2447 2361 2502 Christo!

771 2539 857 2592 cui
887 2537 1140 2592 Christus
1170 2538 1479 2609 exploratus
1505 2540 1620 2594 sine
1645 2539 1846 2610 Spiritu
1871 2539 2068 2594 Sancto
2089 2538 2112 2592 7
2131 2541 2215 2594 cui
2242 2537 2363 2607 Spi-

771 2631 907 2685 ritus
938 2631 1171 2687 Sauctus
1202 2632 1644 2688 accommodatus
1685 2633 1803 2688 sine
1833 2633 1952 2688 fidei
1981 2635 2363 2688 sacramento?

771 2723 913 2779 Sane
943 2723 1191 2780 Socrates
1238 2725 1445 2780 facilius
1484 2725 1700 2781 diverso
1737 2725 1926 2794 spiritu
1966 2727 2239 2794 agebatur.
2273 2725 2362 2780 Si-

771 2815 986 2886 quidem
1020 2817 1169 2871 aiunt
1199 2817 1531 2872 daemonium
1563 2817 1640 2872 illi
1666 2834 1694 2870 a
1723 2833 1889 2887 puero
1911 2816 2224 2884 adhzcsisse,
2253 2835 2364 2888 pes

773 2907 970 2960 simum
1015 2908 1226 2962 revera‘
1260 2908 1609 2979 pazdagogmn
1641 2949 1656 2976 ,
1709 2910 1808 2963 etsi
1862 2919 1981 2979 post
2008 2909 2140 2965 deos
2166 2923 2362 2966 etcum

773 2997 890 3052 dcis
937 2998 1200 3054 daemonia
1246 3001 1566 3069 deputantur
1596 3017 1763 3071 penes
1808 3013 1995 3071 poetas
2039 3015 2094 3058 et
2125 3004 2363 3072 philoso-

775 3090 932 3161 phos.
984 3090 1230 3146 Nondum
1253 3093 1394 3148 enim
1426 3093 1731 3148 christiana:
1758 3096 2363 3165 potestatisdocumeuta

2464 1896 2879 1951 examinandum
2939 1905 3056 1962 est,
3107 1895 3173 1950 ad
3229 1895 3321 1950 Dei
3375 1895 3586 1966 regulas
3639 1895 3853 1966 dirigat.
3906 1896 4068 1952 Certe

2465 1988 2668 2043 nullum
2690 1988 2852 2041 alium
2887 1987 3151 2056 potiorem
3180 1987 3373 2042 animae
3393 1987 3876 2043 demonstratorem
3907 2002 4068 2056 quam

2463 2090 2735 2134 auctorem
2771 2079 3038 2149 reperiet;
3068 2094 3096 2131 a
3130 2079 3238 2132 Deo
3267 2078 3439 2131 discat
3469 2077 3572 2148 (4),
3603 2078 3744 2148 quod
3775 2093 3805 2131 a
3837 2079 3947 2132 Deo
3975 2077 4069 2130 lia-

2462 2172 2588 2227 beat
2617 2170 2728 2243 (5);
2777 2180 2870 2226 aut
2911 2185 3010 2227 nec
3036 2171 3104 2224 ab
3132 2171 3259 2231 alio.
3307 2171 3350 2223 si
3397 2185 3495 2225 nec
3524 2186 3554 2224 a
3601 2171 3728 2226 Deo.
3762 2170 3896 2236 Quis
3923 2173 4066 2225 enim

2465 2264 2726 2318 revelabit
2773 2261 2913 2332 quod
2961 2262 3102 2316 Deus
3135 2261 3303 2316 texit?
3350 2259 3480 2316 lude
3528 2261 3908 2315 sciscitandum
3963 2271 4065 2327 est,

2464 2354 2607 2410 unde
2635 2363 2690 2410 et
2720 2355 2964 2424 ignorare
2994 2353 3323 2408 tutissimum
3353 2364 3472 2409 est:
3509 2363 3724 2422 priestat
3771 2367 3866 2424 per
3899 2354 4066 2409 Deum

2465 2448 2695 2515 nescire,
2744 2449 2864 2518 quia
2910 2463 3015 2502 non
3061 2446 3398 2513 revelaverit,
3438 2462 3596 2518 quam
3647 2462 3743 2518 per
3791 2446 4067 2502 hominem

2464 2545 2626 2608 scire,
2658 2541 2780 2612 quia
2811 2541 2924 2609 ipse
2955 2540 3380 2609 praesumpserit.

3091 2628 3317 2686 CAI’UT
3367 2629 3430 2684 II.

2541 2724 2702 2780 Plane
2745 2739 2848 2778 non
2877 2722 3189 2794 uegabimus
3223 2719 3515 2791 aliquando
3540 2720 3895 2792 philosophos
3916 2721 4070 2792 juxta

2469 2827 2651 2872 nostra
2715 2815 2986 2878 sensisse;
3045 2813 3414 2868 testimoniqu
3479 2822 3562 2867 est
3618 2813 3859 2867 veritatis
3907 2815 4068 2868 etiam

2469 2912 2714 2965 inventus
2743 2907 2912 2977 ipsius
2941 2906 3045 2977 (6).
3079 2904 3469 2973 Nonnunquam
3501 2913 3555 2959 et
3583 2905 3636 2958 in
3667 2905 3904 2975 procella
3937 2919 4069 2956 cono

2470 3004 2601 3058 fusis
2636 3001 2873 3070 vestigiis
2900 2999 3026 3055 caeli
3073 3007 3129 3054 et
3167 2996 3285 3052 freti
3317 2997 3476 3066 aliqui
3527 3007 3711 3066 portus
3753 2995 4067 3060 oﬂ'enditur,

2471 3106 2730 3163 prospero
2759 3105 2980 3146 errore:
3017 3103 3397 3158 nonnunquam
3447 3096 3502 3141 et
3544 3088 3595 3140 in
3629 3086 3864 3142 tenebris
3893 3088 4070 3140 aditus

774 3192 1164 3249 processerant,
1191 3181 1262 3255 (c)
1284 3200 1402 3254 qua:
1422 3184 1526 3238 vim
1550 3185 1702 3238 istam
1719 3186 2243 3254 perniciosissimam,
2270 3201 2366 3242 nec
2393 3197 2437 3260 ρ
2471 3184 2685 3254 quidam
2729 3191 2784 3236 et
2823 3183 2999 3236 exitus
3043 3179 3536 3250 deprehenduntur,
3583 3191 3724 3233 caeca
3773 3175 4064 3238 felicitate;

776 3289 1006 3342 unquam
1033 3275 1246 3340 bonam,
1279 3277 1481 3347 antiqui
1508 3278 1712 3333 erroris
1743 3277 1822 3350 (5)
1855 3278 2139 3345 artilicem,
2191 3280 2366 3336 omnis

775 3368 1015 3424 veritatis
1038 3369 1394 3426 avocatricent
1425 3369 1505 3441 (ll)
1531 3371 1640 3426 sola
1663 3371 1914 3427 traducit.
1933 3371 2086 3439 Quod
2104 3373 2148 3427 si
2168 3372 2368 3428 idcirco

2472 3277 2566 3333 sed
2593 3288 2649 3332 et
2674 3284 2859 3330 natura
2889 3275 3143 3344 pleraque
3168 3281 3543 3342 suggeruntur,
3570 3271 3722 3340 quasi
3755 3268 3826 3325 de
3852 3270 4069 3340 publico

2473 3385 2656 3434 sensu,
2696 3383 2803 3438 quo
2832 3369 3062 3422 animam
3097 3366 3238 3422 Deus
3266 3364 3454 3420 dotare
3493 3362 3741 3434 dignatus
3778 3372 3882 3419 est.
3919 3363 4070 3418 llunc

1991 3487 2369 3546 LECTIONES
2405 3484 2820 3544 VARIANTES.

841 3600 911 3677 (1)
942 3602 1204 3677 Ii_nl_isca_tas
1225 3603 1347 3652 Par.
1377 3607 1429 3652 et
1463 3600 1772 3652 lemniscatas
1809 3602 1909 3653 Lat.
1952 3600 2239 3664 miniclatas,
2260 3601 2335 3653 vel
2353 3641 2366 3666 ,

775 3666 1094 3714 numiculatas
1112 3674 1225 3715 Jun.

843 3723 913 3796 (τὶ)
937 3726 1196 3796 Vindicans
1231 3730 1372 3796 far-
1393 3725 1718 3777 immortalem
1745 3727 1991 3778 vindicans
2027 3730 2232 3777 animam
2261 3724 2360 3777 alii.

779 3789 880 3851 Lat.
899 3789 1112 3851 reposuit
1137 3791 1358 3840 vindicat.

842 3848 914 3917 (ὅ)
934 3848 1130 3914 Antiqui
1152 3852 1358 3902 hominis
1378 3849 1578 3902 additur
1594 3852 1716 3902 Par.
1740 3851 1916 3902 bonam
1947 3851 2162 3912 homini,
2188 3853 2372 3916 antiqui

2473 3603 2672 3656 erroris.
2699 3607 2798 3650 etc.
2822 3607 2933 3650 Jun.

2538 3663 2610 3786 tl)
2637 3663 2902 3712 Auctorem
2923 3674 2951 3710 a
2975 3660 3083 3710 Deo
3101 3659 3253 3710 discat
3277 3658 3428 3710 Seml.

2561 3728 2610 3786 5)
2630 3725 2767 3786 Quod
2794 3736 2823 3770 a
2847 3724 2954 3772 Deo
2979 3724 3159 3773 habeat
3180 3723 3334 3773 Seml.
3363 3721 3428 3775 0b

2561 3720 2610 3788 5')
2630 3725 2767 3788 Quod
2794 3724 2954 3788 apeo
2979 3724 3159 3773 habeat
3180 3723 3334 3773 Seml.
3363 3720 3556 3775 Obertlt.
3583 3722 3715 3786 quod
3734 3736 3760 3772 a
3784 3721 3898 3776 Deo
3921 3722 4052 3774 disc:

2483 3783 2640 3838 rem.
2653 3783 2774 3836 cod.
2810 3786 2995 3836 Wouw.

2539 3849 2610 3914 (6)
2636 3849 2857 3900 Eventus
2886 3857 2997 3899 rea.
3019 3846 3127 3914 Κίρ.

2158 3957 2721 4016 COMMENTARIUS.

783 4080 953 4138 turus,
989 4073 1176 4127 hausta
1203 4072 1394 4137 cicuta,
1423 4072 1605 4126 habuit
1625 4071 1871 4128 Socrates
1893 4071 1960 4128 de
1987 4072 2177 4128 anima:
2205 4073 2366 4128 ratio-

783 4145 920 4200 nalis
947 4145 1367 4199 immortalitate.
1397 4144 1473 4199 Ls:
1499 4144 1596 4198 Pn.

856 4213 933 4286 (Α)
962 4214 1084 4268 lant
1127 4216 1304 4286 cicutis
1335 4214 1677 4268 danmationis
1707 4215 1982 4269 exhaustis.
2013 4213 2128 4269 Non
2157 4215 2362 4284 simpli-

783 4285 916 4356 citer
938 4287 1138 4340 cicutas
1161 4285 1308 4351 dicit,
1325 4301 1443 4356 qua:
1473 4302 1576 4339 non
1600 4286 1793 4340 intrita:
1806 4286 2013 4340 Socrati
2039 4287 2137 4339 nisi
2167 4289 2266 4341 sub
2282 4301 2370 4341 so-

782 4354 849 4411 lis
871 4372 1121 4412 occasum
1153 4356 1300 4411 fuere
1326 4354 1356 4422 ,⁷
1382 4356 1474 4411 sed
1502 4359 1704 4410 cicutas
1726 4357 2104 4426 damnationis,
2133 4373 2262 4426 quas
2291 4357 2366 4411 illi

782 4428 884 4482 sub
913 4428 1043 4481 solis
1081 4439 1256 4481 ortqu
1301 4427 1673 4482 nuntiaverant
1714 4425 2096 4482 Undecimviri.
2155 4425 2369 4480 Admis-

783 4499 860 4553 sis
885 4500 1026 4553 enim
1075 4496 1300 4552 subinde
1325 4499 1530 4561 amicis,
1565 4497 1760 4551 nobilis
1785 4498 1872 4551 ille
1897 4498 1964 4550 de
1988 4499 2162 4550 anima
2191 4512 2370 4551 sermo

784 4569 985 4624 habere
1013 4578 1268 4637 coeperat.
1319 4568 1436 4623 lam
1467 4569 1653 4624 cicutis
1679 4568 2036 4622 damnationis
2067 4569 2367 4630 exhaustis,

786 4637 891 4693 hoc
918 4651 1021 4704 est,
1043 4641 1148 4706 jam
1173 4639 1349 4692 :uulita
1374 4639 1731 4693 damnationis
1761 4653 1870 4691 ειιιυ
1901 4640 2185 4697 sententia.
2219 4641 2370 4708 quasi

783 4711 853 4764 ab
879 4725 944 4766 eo
974 4712 1227 4777 temporis
1249 4721 1520 4764 momento
1547 4721 1770 4763 mortem
1799 4709 2046 4762 Socrates
2066 4710 2248 4762 bibere
2264 4724 2372 4763 cu:-

788 4781 975 4849 pisset,
1006 4797 1125 4834 cum
1143 4781 1209 4834 ab
1226 4796 1289 4834 eo
1318 4781 1748 4851 quoquejmlices
1772 4780 1932 4832 vitam
1962 4779 2221 4851 custodiis
2247 4779 2374 4834 ade-

790 4853 952 4976 ilqisse
988 4850 1344 4916 censeantur,
1366 4868 1431 4906 ex
1460 4867 1564 4923 quo
1604 4851 1790 4905 mortis
1818 4851 2136 4905 sententiam
2168 4850 2370 4904 dixere.

854 4938 920 4976 ιο.

823 4923 920 4978 lic.

865 4991 944 5064 (b)
979 4992 1115 5047 Adeo
1162 4993 1323 5048 omnis
1366 4992 1459 5046 illa
1502 5002 1618 5047 tunc
1662 4993 1910 5062 sapientia
1943 4991 2191 5064 Socratis.
2245 4990 2378 5045 Puto

792 5062 884 5118 ltic'
908 5062 1054 5117 reddi
1085 5080 1300 5119 sensum
1331 5066 1611 5117 verborqu
1644 5064 1878 5118 Platonis
1917 5064 1968 5116 in
2003 5062 2376 5118 l’btcdonezlii

787 5145 874 5204 μὶν
898 5143 1113 5206 τυγχάνει
1139 5137 1294 5194 ἀληθὴ
1321 5143 1436 5190 ὄντα,
1464 5137 1494 5185 ἃ
1514 5141 1598 5200 εγὼ
1621 5142 1753 5205 λίνω,
1779 5143 1933 5194 καλῶς
1964 5138 2023 5206 δὴ
2048 5143 2144 5201 εχει
2172 5144 2224 5190 τὸ
2242 5158 2379 5187 σπεισ-

789 5213 928 5266 θῆναι
952 5204 968 5237 ί
999 5211 1038 5258 si
1063 5210 1109 5258 δὶ
1129 5211 1273 5273 μηδεν
1299 5213 1398 5259 ἔστι
1421 5204 1768 5269 "lancinari,
1797 5207 1897 5259 ἀλλ’
1926 5204 2002 5258 οὖν
2023 5212 2184 5260 τοῦτόν
2212 5229 2259 5274 γε
2303 5215 2381 5260 τὸν

793 5288 954 5347 χρόνον
974 5287 1051 5333 τὸν
1076 5286 1169 5347 ’πρό
1198 5285 1280 5333 τοῦ
1309 5283 1512 5332 onis-ou
1533 5283 1673 5336 ἧττον
1695 5281 1792 5336 τοῖς
1818 5284 2020 5345 τηροῦσι
2049 5282 2112 5330 τὸ.
2139 5279 2253 5336 ἠδής
2280 5284 2380 5328 ἔσο·

791 5372 884 5416 μαι
913 5352 1202 5416 ὀδυρὸμενος⁹
1230 5358 1257 5408 ἡ
1288 5352 1336 5399 δὲ
1356 5354 1520 5417 liquati
1553 5372 1634 5414 μοι
1660 5352 1783 5402 αὗτῆ
1818 5350 1869 5400 οὗ
1904 5351 2206 5409 συνδιιτιλιῖ,
2238 5355 2382 5399 adadv

794 5427 887 5489 γὰρ
927 5423 981 5471 ἂν
1023 5425 1078 5480 ἦν
1103 5461 1126 5490 ,ν
1147 5419 1254 5471 ἀλλ’
1288 5419 1444 5487 ὀλίγον
1488 5423 1680 5490 Δῧστιρον
1725 5419 2004 5490 alucitis-au.
2037 5418 2096 5468 Si
2125 5431 2240 5470 vera
2267 5425 2382 5469 sunt

796 5488 911 5558 qua:
936 5491 1050 5542 dico
1069 5530 1084 5552 ,
1112 5489 1233 5542 bene
1261 5499 1332 5543 est
1361 5488 1495 5558 quod
1519 5488 1841 5542 crediderim.
1875 5489 1935 5543 Si
1965 5504 2078 5540 vero
2105 5498 2214 5556 post
2246 5502 2378 5540 mor-

795 5570 893 5612 tem
944 5559 1073 5612 nihil
1121 5570 1368 5624 superest,
1413 5570 1577 5613 tamen
1621 5569 1814 5630 tempus
1853 5558 1983 5612 illud
2003 5559 2146 5630 'quod
2169 5568 2239 5610 est
2267 5567 2384 5611 ante

798 5642 1028 5688 mortem.
1060 5629 1226 5682 minus
1273 5631 1395 5683 mihi
1423 5631 1685 5685 molestum
1713 5631 1805 5684 erit
1832 5646 1848 5690 ;
1893 5629 2182 5699 ignorantia
2213 5639 2385 5681 autent

796 5702 888 5753 illa
929 5701 1052 5772 mihi
1095 5702 1335 5753 diuturna
1358 5718 1458 5755 non
1488 5711 1558 5755 est
1598 5703 1616 5772 (
1647 5702 1835 5772 malum
1856 5703 2042 5772 quippe
2066 5707 2194 5754 esset
2217 5699 2382 5769 quod-

799 5769 976 5842 dant),
1005 5782 1176 5824 verum
1205 5774 1358 5841 paulo
1382 5784 1489 5838 post
1513 5769 1754 5828 interibit.
1785 5771 1861 5825 LE
1894 5771 1987 5825 Ρη.

873 5847 947 5914 (ς)
981 5844 1105 5911 Qum
1136 5844 1230 5897 vim
1265 5845 1411 5898 istam
1435 5843 1925 5913 perniciosissimam.
1979 5842 2258 5897 Datmouas
2285 5842 2384 5898 soli

2468 4071 2758 4143 Christiani
2791 4071 3091 4134 traducunt,
3119 4071 3356 4138 abigunt,
3391 4072 3624 4143 migrare
3652 4080 3875 4143 cogunt,
3908 4086 4068 4127 excu-

2471 4145 2610 4198 tiunt
2651 4142 2719 4198 de
2768 4142 3074 4196 hominibus
3103 4185 3116 4207 ,
3164 4142 3744 4210 adjurando’scilicet,
3778 4143 3922 4198 unde
3949 4158 4064 4194 ver-

2473 4215 2597 4269 bum
2637 4215 2944 4278 exorcizare,
2964 4216 3124 4268 etiam
3156 4213 3294 4282 juris
3322 4214 3826 4268 civilisauctoribus
3841 4214 4072 4269 ethnicis

2471 4296 2676 4340 uotum.
2728 4285 2901 4339 lloccc
2927 4293 3104 4338 autem
3133 4283 3315 4339 officio
3343 4284 3637 4340 Christiani
3665 4283 4033 4352 fungebantur
4054 4325 4067 4347 ,

2473 4374 2578 4411 non
2612 4371 2705 4424 per
2737 4354 2949 4410 fraudes
2980 4365 3069 4407 aut
3101 4355 3452 4424 imposturas,
3483 4355 3577 4410 sed
3605 4356 3843 4409 nominis
3869 4354 4070 4410 Christi

2473 4436 2736 4497 potestate
2758 4468 2770 4489 ,
2799 4443 2899 4495 qua
2935 4426 3191 4494 praiditus
3218 4435 3337 4480 erat
3376 4426 3600 4495 quilibet
3627 4426 3955 4480 christianus
3976 4466 3988 4485 ,
4022 4435 4074 4477 ut

2473 4498 2762 4567 Septimius
2788 4498 2838 4550 in
2865 4497 3084 4566 Apolog.
3123 4504 3368 4550 testatur.
3397 4497 3606 4562 Iussus,
3631 4498 3822 4566 inquit,
3847 4512 3881 4548 a
3909 4497 4071 4564 quoli-

2478 4571 2551 4623 bet
2595 4569 2867 4621 christiano
2892 4567 3026 4636 loqui
3061 4567 3268 4635 spiritus
3294 4567 3399 4630 ille,
3429 4577 3534 4620 tam
3557 4584 3611 4621 se
3630 4569 3912 4621 daemonem
3951 4582 4073 4620 con-

2477 4637 2696 4708 ﬁtrbitur
2755 4639 2818 4692 de
2856 4653 3004 4702 vero,
3045 4654 3195 4703 quant
3230 4637 3353 4692 alibi
3390 4637 3557 4693 Deum
3597 4638 3661 4691 de
3708 4637 3861 4706 falso.
3897 4638 4074 4704 Itaque

2479 4707 2787 4765 tralatitiutn
2812 4719 2867 4763 et
2885 4710 3101 4777 vulgare
3128 4707 3292 4763 fuisse
3317 4709 3455 4774 apud
3483 4708 3818 4762 Christianus
3840 4712 4074 4762 exorcis-

2478 4793 2651 4836 tarum
2684 4796 2878 4834 munus
2907 4780 3065 4833 etiam
3092 4778 3301 4848 Sulpitii
3327 4778 3514 4834 Severi
3542 4780 3761 4844 siccato,
3789 4794 3854 4833 ex
3879 4795 3947 4833 eo
3972 4780 4076 4832 dis-

2478 4854 2672 4913 cimus,
2705 4851 2846 4920 quod
2880 4851 2947 4905 de
2974 4849 3199 4904 Martino
3228 4849 3414 4915 refert,
3447 4865 3606 4918 quem
3637 4849 3874 4904 Hilarius
3903 4850 4074 4904 Piero-

2481 4938 2605 4977 num
2634 4923 2941 4991 episcopus,
2980 4920 3218 4974 tentandi
3256 4920 3490 4975 hominis
3522 4923 3718 4990 gratia,
3747 4923 4070 4975 exorciStam

2480 5007 2640 5063 agere
2675 4993 2927 5060 jusserat.
2963 4992 3130 5059 Quam
3168 4992 3276 5063 ille,
3317 4991 3489 5063 inquit
3513 5032 3527 5055 ,
3575 4991 3967 5052 ordinationem,
3995 5004 4082 5063 rnc‘

2483 5065 2771 5187 despaxisse
2789 5074 3024 5131 tanquam
3047 5062 3378 5116 Itumiliorunt
3401 5062 3674 5128 videretur,
3708 5078 3810 5116 non
3838 5062 4073 5131 repudia-

2483 5145 2569 5187 vit.
2654 5149 2724 5187 ις.

2482 5135 2569 5189 vit.
2605 5135 2724 5189 th.

2556 5203 2637 5276 (d)
2659 5205 2796 5276 _Sola
2813 5203 3050 5276 traducit.
3071 5204 3326 5260 Eamdem
3352 5219 3480 5258 vero
3502 5212 3835 5276 potestatem,
3849 5217 4071 5259 COnces-

2483 5274 2596 5330 sam
2650 5274 2811 5330 fuisse
2852 5274 3050 5330 Iudaeis
3095 5276 3254 5329 etiam
3305 5291 3421 5329 aevo
3468 5289 3568 5330 suo
3612 5275 3777 5330 refert
3822 5275 4070 5330 Ireltzeus.

2485 5346 2579 5401 lib.
2604 5362 2662 5412 ll,
2690 5361 2810 5416 cap.
2839 5348 2894 5410 6,
2925 5347 3108 5410 credo,
3139 5348 3208 5400 ob
3235 5344 3553 5416 familiarem
3585 5345 3694 5400 illis
3722 5347 3837 5402 veri
3863 5346 3958 5400 Dei
3983 5362 4071 5398 no-

2489 5418 2680 5472 titiam.
2715 5416 2783 5471 Et
2812 5428 3014 5487 propter
3038 5419 3153 5480 hoc,
3185 5416 3376 5486 inquit,
3406 5415 3583 5487 Iudici
3615 5433 3775 5486 usque
3818 5433 3954 5470 nunc
3983 5416 4072 5469 hac

2485 5489 2598 5558 ipsa
2619 5486 3205 5558 invocationeidwmmtia
3231 5487 3476 5557 eﬂ'ugant.
3511 5486 3631 5543 th.

2561 5559 2636 5630 (e)
2665 5558 2878 5613 Nullum
2899 5557 3205 5630 rEsculapio
3231 5559 3568 5630 gallinaceum
3583 5558 3726 5612 reddi
3740 5558 3928 5626 jubens
3951 5573 4073 5626 prir-

2489 5629 2756 5684 varicetur.
2782 5630 3031 5684 Socrates
3053 5629 3182 5683 deos
3206 5629 3294 5700 qui
3311 5629 3470 5698 vulgo
3492 5629 3809 5683 colebantur
3834 5645 3939 5700 non
3961 5643 4073 5681 esse

2489 5701 2773 5764 docuerat,
2820 5711 2873 5754 et
2916 5711 3093 5755 tamen
3128 5699 3360 5754 moriens
3403 5700 3758 5768 gallinaceum
3800 5715 3858 5754 se
3885 5699 4076 5752 dooere

2493 5771 2799 5840 Esculapio
2827 5772 2980 5825 dixit.
3009 5772 3185 5838 Quare
3218 5771 3622 5841 praevaricatum
3655 5786 3776 5824 esse
3803 5771 3878 5824 ait
3907 5769 4076 5840 Septi-

2493 5845 2651 5910 mius,
2683 5843 2772 5912 qui
2803 5843 2870 5899 de
2897 5841 3153 5898 doctrina:
3182 5856 3293 5898 suae
3325 5851 3507 5898 tenore
3534 5841 3820 5899 exciderit.
3854 5841 3970 5896 llic.
