4270 6498
217 397 327 456 657

1578 397 1780 458 LIBER
1822 403 1908 462 DE
1948 405 2183 461 ΑΝΙΜΑ.

3419 402 3524 460 658

215 522 274 569 et
305 515 481 568 divitis
508 513 824 570 mmrentis?
847 512 925 586 (α)
946 513 1011 569 Et
1034 513 1158 583 quid
1187 513 1294 570 illic
1319 513 1502 570 Lazari
1533 531 1750 579 nomen.
1785 521 1827 573 si
1857 521 1906 580 Α
1935 522 2234 590 ent-pural'a
2260 519 2682 590 incorporalibns
2706 520 2974 592 objacent,
3008 521 3118 592 ipsa
3148 533 3358 593 quoque
3385 519 3525 576 inter

219 621 328 662 non
359 610 409 661 in
440 607 665 663 veritate
692 623 778 662 res
803 611 925 662 est?
952 608 1056 664 Sed
1089 609 1190 662 etsi
1218 609 1392 679 imago
1423 610 1693 664 credenda
1723 621 1824 676 est,

219 703 592 757 testimonium
652 704 756 759 erit
806 703 1068 758 veritatis.
1123 703 1180 758 Si
1232 704 1374 758 enim
1441 721 1548 760 non
1609 705 1832 763 haberet

220 795 400 849 anima
446 811 665 866 corpus,
708 811 813 850 nou
841 804 1063 866 caperet
1091 795 1264 866 imago
1310 797 1502 851 anima:
1544 797 1828 867 imaginem

215 893 498 961 Corporis:
546 907 645 948 nec
689 891 1009 947 mentiretur
1050 891 1118 947 de
1159 894 1528 962 corporalibus
1574 896 1830 950 membris

215 986 519 1055 Scriptura,
550 985 596 1041 si
643 1000 748 1040 non
788 993 962 1041 erant.
1008 985 1143 1054 Quid
1187 995 1268 1040 est
1298 999 1476 1041 autem
1517 987 1646 1042 illud
1686 988 1828 1058 quod

216 1075 289 1128 ad
318 1077 522 1130 interna
557 1074 882 1131 transfertur
906 1085 1029 1146 post
1057 1075 1347 1130 divortium
1376 1077 1659 1146 Corporis?
1688 1077 1828 1146 quod

217 1167 529 1223 detinetur?
557 1168 698 1238 quod
730 1169 782 1222 in
812 1167 956 1223 diem
979 1167 1163 1236 judicii
1198 1168 1536 1223 reservatur?
1583 1167 1648 1223 ad
1681 1168 1827 1240 quod

218 1271 278 1317 et
309 1259 556 1314 Christus
584 1259 868 1314 moriendo
895 1259 1206 1314 descendit?
1238 1268 1365 1328 puto
1395 1259 1460 1313 ad
1500 1259 1706 1314 animas
1736 1260 1831 1314 Pa-

221 1353 614 1408 triarcharum.
662 1352 767 1408 Sed
811 1353 1197 1423 quamobrem,
1243 1353 1290 1407 si
1334 1351 1466 1407 nihil
1510 1354 1684 1408 anima
1730 1355 1831 1410 sub

220 1445 426 1500 terris?
457 1445 532 1517 (b)
567 1443 707 1500 Nihil
733 1447 910 1508 enim,
955 1446 998 1499 si
1033 1459 1137 1499 non
1166 1457 1389 1514 corpus:
1423 1443 1831 1515 iucorporalitas

217 1541 368 1594 enim
394 1540 463 1594 ab
501 1541 646 1595 omni
674 1554 872 1610 genere
897 1539 1156 1595 custodia:
1183 1540 1349 1596 libera
1389 1548 1492 1604 est,
1524 1540 1776 1596 immunis
1798 1555 1830 1596 a

223 1647 387 1702 pinna
417 1643 471 1688 et
500 1649 529 1688 a
557 1633 752 1688 lovela.
788 1633 888 1688 Per
911 1633 1053 1703 quod
1075 1634 1220 1689 enim
1249 1633 1463 1704 punitur
1482 1643 1575 1689 aut
1595 1633 1827 1701 fovetur,

221 1724 330 1779 huc
369 1727 466 1780 erit
497 1739 724 1796 corpus;
754 1725 974 1781 reddam
1001 1725 1070 1782 de
1100 1725 1203 1781 isto
1230 1726 1450 1804 plenius
1473 1735 1528 1781 et
1567 1737 1826 1797 opportu-

219 1821 366 1876 nius.
398 1821 560 1890 Igitur
579 1821 624 1875 si
644 1820 768 1891 quid
788 1821 1038 1876 tormenti
1061 1819 1176 1875 sive
1195 1819 1371 1875 solatii
1389 1820 1565 1875 anima
1593 1835 1825 1890 prmccr-

1934 630 1992 670 se
2021 613 2292 680 dilierunt,
2342 625 2398 669 ut
2446 614 2750 670 dill‘erentia
2800 614 3008 686 species
3037 629 3222 669 eorum
3249 614 3462 685 ampliet
3502 655 3516 676 ,

1935 723 2039 763 non
2084 723 2255 778 genus
2305 719 2476 762 mutet
2503 725 2516 762 :
2547 715 2604 761 ut
2657 707 2764 761 sint
2802 707 3132 777 corporalia,
3160 705 3238 762 sic
3275 705 3440 759 multa
3471 706 3522 758 itt

1937 800 2028 856 Dei
2059 800 2282 871 gloriam
2311 799 2420 869 (3),
2448 798 2572 852 dum
2600 799 2743 852 varia
2769 813 2784 863 ;
2812 797 2891 853 sic
2921 797 3087 862 varia,
3115 797 3241 851 dum
3264 795 3476 852 diversa
3501 813 3518 859 ;

1932 892 2056 947 dum
2106 893 2188 947 his
2232 892 2318 947 alii
2367 892 2679 961 qualitatum
2710 905 2934 958 sensus,
2981 889 3067 945 alii
3101 889 3242 954 illis;
3289 889 3414 944 dum
3446 890 3530 943 bis

1933 987 2034 1042 alia
2059 986 2329 1051 alimenta,
2357 987 2458 1039 alia
2489 985 2625 1050 illis;
2653 984 2780 1040 dum
2805 985 2919 1039 lucc
2945 984 3248 1049 invisibilia,
3275 982 3364 1037 illa
3409 982 3530 1036 visi-

1940 1078 2064 1133 bilia
2098 1096 2111 1143 ;
2155 1079 2281 1133 dum
2313 1076 2427 1132 hmc
2453 1077 2658 1148 gravia,
2689 1076 2777 1131 illa
2808 1076 2962 1130 levia.
2998 1075 3161 1129 Aiunt
3185 1074 3326 1129 enim
3367 1081 3423 1127 et
3444 1072 3529 1127 id-

1935 1171 2082 1226 circo
2110 1171 2341 1225 animam
2375 1168 2764 1239 incorporalem
2801 1166 3232 1228 renuntiandam,
3265 1165 3412 1234 quia,
3441 1164 3527 1219 di-

1934 1279 2116 1334 gressa
2147 1279 2228 1330 ea,
2276 1265 2519 1334 graviora
2541 1261 2843 1317 efficiantur
2869 1275 3094 1331 corpora
3122 1257 3523 1322 defunctorum,

1933 1373 2055 1413 cum
2085 1359 2283 1413 leviora
2322 1370 2442 1412 esse
2486 1355 2744 1412 deberent
2769 1395 2785 1421 ,
2813 1355 2971 1409 unius
3017 1352 3259 1423 corporis
3286 1351 3530 1422 pondere

1933 1458 2203 1518 exempto,
2232 1448 2277 1503 si
2308 1447 2482 1502 anima
2494 1461 2708 1517 corpus.
2737 1444 2873 1514 Quid
2891 1445 3054 1509 cnim,
3087 1443 3255 1514 inquit
3273 1441 3532 1508 Soranus,

1933 1542 1977 1598 si
2002 1555 2148 1596 mare
2177 1549 2374 1612 negent
2392 1553 2609 1610 corpus,
2637 1538 2760 1608 quia
2790 1545 2939 1593 extra
2969 1549 3118 1590 mare
3152 1533 3446 1590 immobilis
3474 1541 3532 1587 et

1933 1634 2109 1706 gravis
2145 1633 2296 1690 navis
2351 1631 2625 1689 efﬁcitur?
2663 1629 2873 1698 Quanto
2923 1642 3052 1699 ergo
3081 1625 3308 1682 validius
3336 1639 3535 1696 corpus

1933 1728 2150 1788 animm,
2183 1723 2324 1795 quod
2356 1723 2485 1778 tanti
2519 1731 2700 1792 postea
2734 1719 2985 1790 ponderis
3030 1734 3224 1789 corpus
3252 1717 3526 1772 levissima

1935 1817 2230 1874 mobilitate
2277 1812 2627 1871 circumfert?
2666 1813 2933 1867 Cmterum
2981 1819 3064 1866 est
3114 1811 3190 1881 (4)
3245 1809 3529 1864 invisibilis

219 1915 300 1982 pit
329 1915 407 1984 (I)
436 1914 487 1967 ia
519 1927 735 1969 carcere
760 1928 855 1968 seu
881 1912 1180 1968 diversorio
1207 1910 1460 1978 inferum,
1490 1913 1541 1967 in
1575 1913 1703 1984 igni,
1733 1913 1822 1968 vel
1855 1916 1902 1976 B
1930 1913 2129 1977 anima,
2185 1919 2239 1966 et
2288 1925 2385 1980 pro
2411 1907 2724 1964 conditione
2776 1906 3022 1976 corporis
3057 1906 3162 1971 sui,
3196 1913 3251 1960 et
3272 1919 3370 1975 pro
3403 1918 3537 1975 pro-

221 2007 279 2060 in
307 2007 428 2060 sinu
463 2004 720 2071 Abrahzr,
753 2005 973 2076 probata
996 2006 1100 2059 erit
1119 2004 1476 2074 corporalitas
1499 2006 1714 2060 animze.
1742 2005 1829 2060 ιιι.

219 2097 578 2166 corporalitas
595 2098 737 2152 enim
754 2097 882 2152 nihil
903 2099 1121 2169 patitur,
1142 2112 1248 2152 non
1268 2096 1469 2152 habens
1483 2113 1579 2169 per
1595 2098 1736 2171 quod
1755 2098 1832 2170 (Ξ)

224 2190 333 2259 pati
365 2189 564 2258 possit:
598 2201 687 2244 aut
715 2191 758 2244 si
789 2189 968 2254 habet,
999 2191 1101 2244 hoc
1124 2190 1228 2244 erit
1252 2203 1467 2260 corpus.
1499 2190 1554 2246 Ιιι
1576 2203 1832 2262 quantum

220 2283 370 2335 enim
398 2297 559 2337 omne
587 2282 889 2352 corporale,
927 2281 1179 2352 possibile
1207 2291 1324 2346 est;
1350 2281 1401 2336 in
1441 2291 1666 2345 tantum.
1694 2283 1834 2354 quod

224 2373 486 2444 passibile
513 2384 618 2443 est,
648 2375 930 2449 corporale
955 2385 1059 2432 est.

833 2511 1062 2569 CAPUT
1108 2511 1235 2568 Vlll.

299 2645 375 2715 (ε)
454 2645 752 2716 Ahruptum
821 2646 1058 2716 alioquin
1122 2656 1178 2701 et
1244 2644 1562 2711 absurdum,
1635 2646 1837 2704 idcirco

227 2740 360 2809 quid
414 2737 483 2794 de
530 2738 890 2810 corporalium
940 2741 1178 2794 eximere
1227 2754 1415 2802 censu,
1459 2740 1582 2810 quia
1631 2742 1840 2796 ca‘teris

223 2833 598 2902 corporalibus
670 2833 933 2904 exemplis
1002 2848 1106 2889 non
1185 2834 1468 2904 adn-quot;
1545 2835 1632 2890 ubi
1713 2852 1836 2906 pro-

227 2924 521 2990 prietatum
602 2925 806 2994 privata
886 2924 1217 2993 discrimina,
1280 2940 1374 2995 per
1426 2941 1545 2994 quae
1594 2928 1836 2997 magnili-

224 3015 404 3070 ceatia
449 3016 679 3070 auctoris
724 3031 790 3071 ex
840 3031 1062 3086 operum
1090 3016 1399 3072 eorumdcm
1425 3017 1732 3073 diversitate
1760 3020 1835 3074 si-

226 3121 456 3176 gnatur;
490 3116 546 3160 ιιι
588 3108 698 3162 sint
745 3118 850 3162 tam
892 3108 1123 3163 discreta
1151 3124 1308 3179 quam
1337 3111 1503 3180 paria,
1530 3119 1635 3166 tam
1666 3113 1836 3168 amica

227 3212 393 3266 quam
425 3208 479 3251 et
504 3198 716 3252 aemula.
747 3198 1020 3269 Siquidem
1052 3211 1106 3254 et
1142 3200 1240 3270 ipsi
1271 3201 1580 3271 philosophi
1608 3219 1672 3257 ex
1703 3219 1834 3259 con-

233 3297 284 3342 tr
319 3290 414 3342 riis
449 3290 695 3344 universa
726 3301 975 3347 constare
1028 3291 1319 3347 condicunt
1346 3334 1362 3359 ,
1421 3293 1501 3366 td)
1541 3295 1834 3351 secundum
1863 3310 1906 3370 ρ

229 3380 523 3434 amicitiam
550 3390 605 3436 et
635 3380 966 3441 inimicitiam
1013 3382 1375 3454 Empedoclis.
1415 3384 1503 3440 Sic
1543 3386 1701 3456 igitur
1733 3390 1833 3443 etsi

1937 2004 2161 2073 prietate
2185 2001 2517 2062 substantias.
2545 2012 2598 2057 et
2616 2014 2712 2070 pro
2732 2008 2921 2055 natura
2947 1999 3107 2055 etiam
3135 2013 3322 2055 eorum
3340 1997 3536 2068 quibus

1938 2096 2218 2151 invisibilis
2266 2110 2387 2152 esse
2429 2095 2617 2149 sortita
2665 2102 2766 2148 est.
2817 2091 3004 2148 Solem
3035 2101 3247 2148 noctuae
3291 2093 3536 2147 nesciunt

1937 2189 2077 2244 oculi
2102 2205 2118 2254 ;
2145 2188 2338 2260 aquila:
2367 2189 2437 2242 ita
2463 2187 2750 2252 sustinent,
2780 2195 2836 2240 ιιι
2858 2195 3101 2240 natorum
3128 2200 3347 2240 suorum
3375 2200 3536 2255 gene-

1940 2282 2212 2336 rositatem
2260 2279 2327 2335 de
2377 2281 2691 2351 papillarum
2739 2278 2958 2334 audacia
3000 2277 3245 2348 judicent
3281 2296 3293 2331 :
3336 2279 3536 2347 alioqui

1942 2391 2047 2432 non
2098 2375 2440 2439 educabant,
2498 2383 2554 2427 ut
2594 2373 2952 2444 degenerem,
2986 2386 3144 2441 quem
3198 2370 3329 2427 solis
3357 2369 3537 2425 radius

1941 2467 2216 2520 averterit.
2251 2465 2347 2520 Est
2375 2463 2510 2519 adeo
2539 2464 2695 2518 alteri
2736 2461 2861 2532 quid
2892 2461 3189 2525 invisibile,
3221 2461 3373 2516 alteri
3403 2477 3532 2524 non,

1941 2559 2082 2628 quod
2133 2573 2236 2613 non
2290 2556 2409 2612 ideo
2454 2555 2789 2626 incorporale
2833 2554 2942 2619 sit,
2984 2555 3105 2624 quia
3147 2567 3252 2607 non
3283 2568 3349 2607 ex
3381 2567 3537 2622 :equo

1941 2651 2021 2707 vis
2073 2648 2152 2721 (5)
2185 2648 2343 2704 valet.
2377 2646 2468 2703 Sol
2508 2647 2651 2700 enim
2687 2659 2903 2714 corpus,
2935 2643 3196 2714 siquidem
3211 2644 3396 2713 .ignis;
3436 2643 3534 2697 sed

1942 2742 2081 2811 quod
2107 2740 2282 2811 aquila
2319 2740 2658 2804 conﬁteatur,
2700 2746 2856 2807 neget
2915 2747 3137 2803 noctua;
3202 2751 3306 2790 non
3355 2745 3534 2789 tamen

1944 2832 2300 2903 prtejudicans
2343 2832 2573 2902 aquilio:
2631 2826 2961 2882 tantumdem
2999 2837 3054 2882 et
3102 2828 3295 2882 animm
3337 2842 3533 2897 corpus

1943 2924 2210 2980 invisibile
2227 2925 2374 2978 carni
2389 2925 2431 2976 si
2452 2924 2605 2988 forte,
2627 2920 2846 2992 spiritus
2869 2933 2994 2974 vero
3013 2919 3220 2974 visibile
3243 2939 3254 2974 :
3276 2923 3351 2973 sic
3373 2918 3536 2973 Joan-

1942 3035 2056 3082 nes,
2091 3019 2142 3073 itt
2174 3017 2363 3088 spiritu
2393 3016 2483 3072 Dei
2503 3015 2696 3081 Iactus,
2727 3012 2931 3068 animas
2957 3021 3248 3082 martyrum
3274 3011 3536 3080 cottSpicit

1940 3116 2120 3186 (Apoc.
2153 3111 2240 3176 γι,
2271 3110 2406 3184 ΞΟ).

2565 3243 2790 3301 CAPUT
2821 3242 2910 3299 IX.

2008 3386 2142 3443 Cum
2170 3382 2238 3457 (e)
2265 3382 2456 3437 anima:
2483 3392 2678 3451 corpus
2703 3377 3002 3436 adserimus
3025 3377 3091 3452 (ί)
3115 3379 3342 3450 propria:
3362 3377 3536 3449 quali-

1481 3521 1772 3580 LECTION
1780 3525 1859 3583 ES
1897 3519 2314 3583 VARIAN'I'ES.

325 3635 370 3721 ιι
397 3634 651 3721 Excisa?
677 3632 782 3721 iis:
816 3641 930 3684 νεη-

296 3695 362 3760 (2'
397 3697 497 3745 Per
520 3695 653 3746 oniit.
687 3695 803 3744 ινιῖη.

296 3703 371 3820 (3i
401 3759 454 3809 lu
487 3759 580 3809 Dei
604 3758 763 3820 gloria
784 3756 934 3809 Rhea.

2001 3633 2201 3700 (“dimi
2227 3629 2480 3700 invisibilis
2502 3627 2651 3680 Rhea.
2674 3623 2822 3700 Serui.
2845 3623 3023 3677 Obeth
3061 3626 3180 3676 Jun.
3205 3622 3404 3677 Mavult.
3429 3621 3535 3674 Etsi

1937 3691 2191 3748 invisibilis
2212 3696 2366 3743 anima
2394 3707 2405 3740 :
2429 3699 2480 3742 at
2503 3704 2589 3757 pro
2611 3691 2906 3742 conditione.

1999 3759 2073 3826 (5)
2108 3758 2254 3808 Visus
2275 3757 2394 3806 Jun.

1589 3860 2147 3921 COMMENTARIUS.

305 4000 384 4087 tu
418 3999 633 4088 ειπηίά
657 3997 842 4088 Lagei
865 4015 1055 4088 '.'°’1"’."_,
1085 3997 1298 4088 soi.-
1329 3999 1838 4088 Marsicae.

238 4069 474 4127 Ιίιιιιλινὶ.
494 4069 761 4126 Cit-terum
784 4071 972 4125 eodem
994 4086 1060 4124 ex
1085 4069 1303 4124 historia
1329 4070 1510 4125 Lazari
1527 4069 1840 4127 arattmettto

238 4145 476 4200 Irenzeus
502 4185 516 4207 ,
547 4144 686 4196 circa
717 4156 1034 4210 c0rpureum
1059 4141 1342 4209 quemdam
1372 4143 1563 4195 anima:
1597 4141 1832 4198 habitum

235 4214 482 4282 ejusdem
511 4229 631 4266 cum
665 4213 926 4277 Septimio
956 4223 1139 4265 nostra
1177 4213 1455 4267 sententia:
1481 4227 1601 4268 esse
1628 4214 1835 4268 videtur

235 4287 330 4340 lib.
367 4284 427 4348 ll,
460 4299 578 4352 cap.
613 4283 752 4338 LXII
793 4293 848 4337 et
891 4282 1068 4337 LXIII.
1104 4283 1167 4336 Et
1213 4294 1390 4336 tamen
1436 4283 1583 4338 solus
1624 4285 1836 4353 vapulat

240 4357 552 4425 Septimius.
574 4354 770 4417 Credo,
787 4355 926 4421 quod
946 4356 1156 4425 eloquio
1170 4353 1451 4409 disertiure
1471 4355 1758 4410 notabilem
1775 4371 1833 4411 se

238 4423 385 4482 fecit.
414 4425 919 4496 lito.—Pt-rperattt
945 4423 1248 4496 IIiCIfClttllt‘I
1267 4425 1515 4478 tribuitur
1535 4442 1704 4489 error,
1727 4443 1834 4496 quo

240 4498 604 4553 Tl‘I‘IIIiIIIIIIIIS
630 4497 727 4550 sibi
742 4493 1243 4563 eflingitanimabus
1270 4497 1620 4550 ittha-rescere
1647 4493 1836 4567 qua-tu-

1945 4019 2089 4080 s'mr,
2120 4002 2309 4073 inquit.
2342 3999 2581 4080 quoniam
2609 4006 2785 4053 acutus
2811 4007 2903 4058 est.
2939 3997 3191 4080 interdum
3222 4005 3400 4080 contra
3419 3997 3532 4080 opi-

1948 4077 2146 4128 nionem
2178 4068 2322 4126 suam
2350 4068 2453 4125 uisa
2476 4072 2684 4124 reritate
2713 4080 2998 4138 superatur.
3037 4068 3172 4136 Quid
3200 4070 3333 4122 enim
3363 4068 3530 4122 verius

1946 4146 2112 4199 dicere
2158 4146 2341 4213 potuit,
2371 4159 2523 4212 quam
2572 4143 2626 4194 id
2642 4141 2786 4213 quod
2828 4143 2896 4194 ait
2925 4141 3143 4208 quodam
3170 4140 3280 4193 loco
3310 4155 3329 4193 :
3363 4138 3528 4213 0mm:

1939 4233 1966 4270 c
1985 4211 2203 4283 irportdc
2235 4215 2470 4282 possibile
2495 4213 2604 4266 est?
2632 4211 2812 4265 Debuit
2844 4227 2962 4282 ergo
2986 4223 3180 4283 mutare
3205 4211 3522 4275 sententiam,

1975 4281 2039 4341 uti
2069 4281 2241 4356 paulo
2267 4286 2496 4356 superius
2543 4284 2740 4337 dixerat
2785 4281 2933 4356 etiam
2980 4281 3143 4356 Deum
3183 4297 3366 4356 corpus
3392 4297 3521 4356 esse.

1998 4351 2117 4429 eque
2141 4359 2273 4411 enim
2300 4351 2516 4429 arbitror
2568 4371 2680 4429 eum
2709 4356 2782 4407 ita
2823 4353 3120 4429 desipuisse,
3174 4361 3226 4429 ιιι
3256 4353 3404 4429 etiam
3433 4351 3526 4404 Dei

1945 4423 2184 4483 naturam
2237 4425 2529 4494 pussibilem
2558 4425 2800 4478 crederet.
2845 4424 3088 4479 I’rol‘ecto
3128 4423 3271 4478 enim
3305 4425 3405 4477 hoc
3426 4437 3522 4475 vo-

1939 4501 2036 4554 luit
2061 4501 2378 4570 Septimius,
2413 4498 2618 4550 auimas
2643 4496 2898 4570 quidetn._
2918 4495 3177 4570 ac‘Deum
3201 4494 3374 4565 ipsum
3402 4508 3526 4548 esse

236 4570 363 4623 datu
393 4568 633 4640 corporis
656 4566 1087 4640 delineationem,
1123 4566 1748 4640 tttnbratilesquesenSus
1773 4583 1834 4621 ac
1862 4575 1913 4635 Ι)
1940 4566 2183 4640 corpora,
2221 4569 2315 4624 sed
2344 4583 2579 4640 corpora
2611 4569 2690 4620 sui
2721 4567 3088 4640 generis,_hoc
3118 4572 3220 4640 est,
3253 4579 3375 4618 cum
3399 4580 3525 4640 sua-

237 4641 450 4694 colores
487 4639 694 4699 aerios;
739 4638 906 4690 voluit
950 4647 1150 4691 tantum
1200 4638 1451 4700 Ireua-us,
1499 4637 1743 4707 idemque
1782 4649 1836 4694 et

240 4712 393 4765 muiti
419 4707 907 4780 posterm’u_volunt
937 4708 1116 4762 inesse
1163 4709 1214 4761 itt
1255 4708 1520 4780 mentibus
1569 4710 1832 4771 Iunnanis,

239 4777 488 4837 etiatn'in
510 4780 648 4838 caelo
677 4777 1009 4849 degentibus,
1045 4788 1221 4832 certos
1250 4779 1504 4848 quosdam
1536 4789 1835 4834 carncterm

238 4863 296 4905 et
325 4861 532 4906 certum
551 4848 830 4920 quemdam
848 4848 1090 4903 ordinem
1107 4852 1316 4918 corpori
1339 4852 1698 4919 superstitem,
1726 4852 1836 4920 qui-

239 4923 344 4977 Irus
359 4923 424 4978 ab
449 4919 580 4977 aliis
607 4921 904 4989 spiritibus,
928 4934 1129 4990 nempe
1169 4923 1238 4974 ab
1274 4919 1477 4990 angelis
1516 4922 1707 4975 animat:
1735 4919 1832 4975 ltu-

241 5009 419 5048 utatta:
445 4994 499 5048 di
532 4993 856 5062 tinguuntur.
888 4989 1118 5058 Idtpsutn
1147 5001 1224 5044 est
1252 4991 1391 5060 quod
1424 5003 1574 5046 vocat
1604 4991 1834 5062 Irena-tts

239 5067 584 5119 characterem
618 5061 844 5132 corporis
881 5073 925 5115 et
957 5062 1172 5114 hominis
1214 5063 1452 5132 ﬁguram.
1499 5062 1622 5116 Ila-c
1668 5061 1835 5116 fusius

243 5135 305 5191 l).
361 5135 593 5189 hlassuet
637 5132 704 5186 ad
745 5132 849 5186 loc.
881 5133 1026 5187 citat.
1083 5147 1145 5186 ac
1185 5133 1480 5200 pra-sertim
1529 5137 1578 5186 in
1616 5132 1829 5189 dissert.

240 5221 338 5260 sua
365 5204 452 5268 Ill,
482 5213 580 5258 art.
619 5202 710 5258 XI.
742 5202 875 5258 Eoo.

320 5277 399 5348 (h)
445 5274 773 5348 leiileuiui
803 5274 996 5348 anima,
1030 5275 1071 5327 si
1117 5279 1216 5327 non
1262 5291 1464 5348 corpus.
1509 5276 1832 5344 Augustinus

242 5342 426 5404 notat:
477 5343 700 5416 Denique
731 5342 1296 5416 Tertulliauusjorpus
1337 5342 1556 5398 animum
1587 5342 1692 5400 esse
1727 5363 1831 5400 Ch!-

241 5419 396 5483 didit,
425 5434 526 5471 non
550 5414 800 5488 ob'aliud,
825 5414 1085 5488 Auisiyquod
1099 5414 1209 5488 enni
1237 5416 1583 5488 incorporeum
1612 5418 1834 5486 cogitare

240 5506 346 5561 gron
371 5489 570 5561 potuit,
588 5486 771 5561 et__ideo
794 5486 960 5561 timuit
995 5503 1056 5539 ne
1083 5486 1211 5561 nihil
1238 5486 1456 5561 esset,_st'
1485 5503 1691 5557 corpus,
1721 5499 1826 5545 etc.

241 5555 406 5614 Libro
441 5558 508 5618 Χ.
539 5559 603 5612 de
626 5556 803 5612 Genesi
833 5555 899 5610 ad
926 5556 1004 5611 lit.
1043 5558 1144 5611 sub
1176 5556 1356 5612 linem.
1383 5557 1500 5613 RIG.

316 5629 393 5702 (ε)
426 5632 716 5702 .llrruptum
731 5629 955 5698 alioquin
978 5637 1023 5680 et
1054 5628 1349 5702 absurdum,
1381 5629 1572 5702 idcirco
1608 5630 1730 5700 quid
1769 5631 1832 5685 de

240 5699 588 5773 corporalium
635 5699 851 5773 eximere
893 5715 1066 5773 censu,
1095 5699 1219 5773 quia
1253 5701 1444 5754 cwteris
1488 5699 1833 5768 corpoi‘alibus

241 5770 488 5844 exemplis
519 5787 620 5825 nou
650 5770 903 5844 adaquet,
934 5771 1018 5844 ubi
1046 5770 1404 5844 gt'Oprietutem
1429 5773 1622 5844 priuata
1647 5773 1800 5826 discri

243 5841 404 5911 utimr.
455 5844 545 5896 list
564 5841 703 5911 quod
727 5855 981 5911 miremur
998 5842 1345 5911 Augustinum
1376 5841 1494 5909 post
1526 5843 1639 5895 haec
1669 5845 1827 5897 verba

245 5910 512 5982 Septimio
536 5909 719 5968 uestro
746 5909 1300 5968 nihilomimts‘acerbe
1325 5926 1670 5968 succensere:
1699 5913 1830 5980 Quia

1943 4635 2056 4695 rum
2093 4658 2164 4710 pri
2187 4635 2472 4712 prietatum
2508 4635 3074 4712 privato—discrimine.
3119 4635 3235 4703 Quo
3263 4639 3523 4712 sane_sig-

1940 4707 2340 4766 ttilicavit'talia
2373 4725 2431 4766 se
2461 4723 2683 4775 carpere
2712 4707 3027 4777 intelligere,
3066 4721 3184 4775 qua:
3210 4707 3525 4777 necanimze

1938 4785 2198 4852 dignitati,
2246 4797 2344 4836 nec
2374 4781 2635 4849 maiestati
2691 4776 2903 4852 divina!
2934 4781 3215 4848 quicquam
3263 4776 3523 4852 alliciant.

1941 4848 2121 4924 Itaque
2162 4869 2260 4909 nec
2307 4848 2582 4924 propterea
2612 4851 2973 4924 Deittuturatn
3013 4864 3133 4903 esse
3189 4848 3519 4924 passibiLem,

1938 4916 2181 4994 quamvis
2215 4916 2495 4994 propterea
2536 4925 2604 4976 sit
2631 4923 2823 4975 anima:
2854 4930 3042 4994 natura
3077 4919 3361 4994 passibilis.
3393 4916 3519 4971 Eteo

1940 4989 2046 5050 nitu
2075 5011 2192 5050 csse
2214 4989 2405 5049 auium:
2427 5007 2618 5059 corpus
2643 4993 2724 5046 sui
2748 4993 2962 5061 generis
2983 5006 3075 5059 per
3089 4989 3229 5058 ‘quod
3259 4989 3519 5061 patiatur;

1937 5081 2056 5121 esse
2085 5072 2260 5121 autem
2293 5064 2401 5119 Deo
2431 5080 2536 5134 quo
2559 5080 2641 5132 rue
2665 5059 2860 5132 corpus
2889 5064 2968 5134 sui
3001 5061 3214 5129 generis
3233 5102 3247 5126 ,
3300 5059 3401 5114 hoc
3436 5069 3520 5113 est

1938 5138 2128 5201 divini,
2159 5136 2397 5204 adeoque
2420 5132 2682 5202 passionis
2707 5148 2921 5203 expers.
2957 5132 3072 5187 Ilio.

2010 5210 2086 5280 (d)
2119 5201 2715 5280 Secundumamicitiam
2741 5201 2790 5258 et
2822 5204 3138 5280 ittiittiri_tiattt
3173 5201 3517 5272 Empedoclis.

1939 5273 2282 5350 Empedoclis
2306 5290 2490 5332 versus
2521 5275 2621 5330 hac
2648 5274 2717 5330 de
2747 5291 2803 5330 re
2830 5275 2907 5328 sic.
2937 5273 3132 5328 habent
3159 5289 3170 5325 :

2186 5396 2326 5442 Ᾱλλοτι
2349 5403 2398 5446 si;
2417 5401 2580 5452 ᾳλότητι
2599 5401 2823 5450 σννιρχόςιιν
2844 5402 2892 5445 si;
2912 5399 2949 5437 ἲν
2967 5398 3131 5443 ἅπαντα,

2187 5458 2324 5505 Ᾰ).λότι
2345 5461 2379 5502 δ’
2399 5447 2516 5514 ιξοδιί
2537 5462 2674 5501 {mu
2690 5447 2887 5513 possqum
2906 5467 3038 5507 nam,
3059 5462 3164 5513 ἰχθιι.
3260 5447 3368 5498 Βια.

2008 5559 2091 5629 (h)
2120 5556 2248 5614 Cum
2285 5557 2472 5629 animm
2516 5569 2702 5629 corpus
2730 5552 3034 5629 adserimus.
3065 5552 3158 5629 .Ex
3209 5553 3520 5629 prreceden-

1936 5622 2084 5687 tiu'm'
2105 5632 2336 5699 capitum
2365 5627 2592 5699 absurda
2610 5622 3020 5699 suppositione
3045 5622 3115 5679 de
3142 5622 3520 5694 corporalitate

1935 5701 2148 5765 animm,
2172 5695 2410 5754 iraltitur
2429 5700 2479 5750 in
2503 5695 2642 5751 aliud
2661 5696 2983 5750 absurdum:
3011 5696 3175 5748 instar
3197 5699 3515 5750 annulnrmn

1934 5781 2176 5826 catenata
2213 5774 2432 5822 veniunt
2461 5769 2638 5822 omnia
2679 5768 2746 5821 ad
2796 5767 2950 5820 unius
3006 5766 3296 5829 lationem;
3329 5770 3513 5833 prati."

1934 5844 2185 5906 deinceps
2211 5839 2438 5906 efﬁgiem
2467 5853 2586 5892 esse
2612 5841 2802 5891 anima:
2828 5838 3181 5904 corporalem.
3212 5837 3324 5890 Ilto.

2008 5915 2079 5983 (e)
2119 5906 2350 5982 Propria:
2375 5908 2634 5978 qualitatis
2679 5919 2725 5962 et
2771 5909 2848 5962 sui
2877 5908 3090 5981 generis.
3146 5906 3366 5975 Plinius,
3421 5908 3522 5964 etsi
