4270 6498
215 394 304 451 661

1552 397 1756 454 LIBER
1800 397 1886 456 DE
1927 397 2160 456 ANIMA.

3393 403 3498 462 662

212 511 410 579 Quanta
442 511 582 564 enim
619 519 673 564 et
701 509 802 564 alia
854 510 1004 566 color
1049 511 1249 579 sociat,
1295 520 1479 566 natura
1511 513 1762 568 dissociat
1789 517 1801 568 !
1837 521 1882 578 Α
1913 513 2051 582 (ιιιιιιι
2083 514 2173 568 tiat
2211 529 2238 566 a
2268 515 2494 586 spiritu:
2524 530 2646 570 nam
2675 524 2726 572 et
2754 515 3072 573 animalibus
3112 532 3218 574 non
3242 519 3493 574 omnibus

211 604 313 660 Sed
359 605 612 674 quoniam
661 620 820 660 omne
857 615 1016 661 tenue
1061 617 1222 675 atque
1277 607 1608 676 perlucidum
1654 610 1798 662 aeris

210 698 455 752 tumulum
484 705 588 760 est,
623 699 718 751 hoc
741 699 838 752 crit
863 699 1058 756 anima.
1089 715 1190 767 qua
1220 699 1376 752 flatus
1401 709 1480 753 est
1507 709 1559 752 et
1579 702 1798 766 Spiritus

211 789 416 844 tradux.
450 790 744 858 Siquidem,
779 806 884 859 pra:
932 791 1042 858 ipsa
1087 791 1356 844 tenuitatis
1396 792 1707 857 subtilitate,
1733 793 1799 848 de

212 881 315 935 lide
371 881 768 949 corporalitstis
824 882 1175 948 parit-litatur.
1226 882 1312 936 Sic
1357 893 1410 936 et
1458 883 1689 953 elligiem
1731 883 1800 938 de

210 989 366 1030 sensa
409 976 518 1041 jam
581 985 670 1027 tuo
719 976 938 1042 concipe
973 990 1074 1027 non
1109 975 1264 1028 aliam
1319 977 1510 1029 anima:
1555 977 1799 1029 humana:

213 1067 569 1135 deputandum
623 1077 818 1135 prattcr
868 1067 1175 1131 humanam,
1211 1076 1263 1119 et
1291 1066 1504 1134 quidem
1538 1066 1653 1135 ejus
1675 1081 1797 1120 θοι-ο

215 1160 358 1228 poris
383 1161 520 1226 quod
569 1175 898 1228 ttnaqttchtle
947 1158 1295 1213 circumtulit.
1350 1158 1462 1213 Hoe
1485 1175 1580 1212 nos
1612 1174 1800 1228 sapere

215 1251 429 1305 interim
489 1251 763 1319 primordii
812 1253 1194 1319 contemplatio
1244 1250 1479 1305 inducat.
1547 1249 1800 1319 Recogita

211 1344 376 1406 enim,
409 1358 528 1397 cum
560 1344 698 1396 Deus
723 1344 895 1408 [lasset
917 1345 968 1395 iu
992 1343 1173 1412 faciem
1196 1342 1410 1394 hominis
1436 1343 1617 1410 ﬂatum
1647 1342 1761 1394 ritw
1785 1383 1799 1404 ,

214 1447 260 1488 ct
290 1440 454 1503 [ortus
503 1447 631 1489 esset
679 1437 827 1488 homo
874 1435 925 1487 in
956 1436 1182 1487 animant
1213 1436 1394 1498 viratu,
1428 1443 1593 1487 totum
1623 1434 1803 1501 utique

215 1543 309 1598 per
333 1526 522 1582 faciem
549 1529 730 1581 statim
763 1525 943 1580 ﬂatum
977 1527 1124 1580 illum
1160 1530 1209 1579 in
1236 1528 1485 1580 interiora
1520 1527 1800 1580 transmis-

219 1634 336 1672 sum
367 1661 378 1679 ,
411 1627 464 1672 et
507 1634 600 1686 per
629 1620 879 1672 universa
924 1618 1167 1687 Corporis
1207 1619 1374 1686 spatia
1419 1617 1668 1671 dill'osum
1692 1660 1705 1680 ,
1732 1617 1806 1671 si-

219 1710 438 1780 mulque
466 1711 641 1764 divina
692 1712 1016 1778 aspiratione
1047 1709 1326 1764 densatum
1350 1752 1364 1776 ,
1399 1710 1544 1764 omni
1574 1710 1714 1763 intus
1738 1709 1801 1763 li—

215 1820 314 1860 nea
358 1817 672 1874 expressam
723 1817 862 1863 esse,
899 1817 1055 1870 quam
1090 1802 1344 1856 densatus
1377 1803 1716 1869 impleverat,
1752 1812 1806 1855 et

215 1899 352 1949 velut
408 1897 459 1950 itt
513 1894 685 1948 fortuna
729 1895 954 1963 geiasse.
1010 1894 1136 1948 inde
1187 1894 1344 1960 igitur
1375 1904 1428 1947 ct
1467 1893 1801 1963 corpulentia

1905 615 2185 676 utrumque
2206 606 2416 661 adesse.
2450 608 2706 678 Pleraque
2732 609 2877 664 enim
2906 608 3089 664 vivere
3118 613 3456 667 solummodo
3481 657 3494 678 ,

1905 714 2007 749 non
2036 698 2193 750 etiam
2223 698 2445 765 Spirare,
2480 714 2546 751 eo
2575 699 2712 767 quod
2742 717 2846 754 non
2866 701 3090 755 habeant
3117 717 3312 772 organa
3336 705 3462 773 spiri
3483 737 3495 745 -

1905 799 2010 852 ιιις,
2047 789 2326 856 pulmones
2362 799 2414 842 et
2444 791 2691 844 arterias.
2721 790 2889 859 Quale
2932 802 3014 845 est
3054 803 3254 853 autem,
3289 796 3339 848 itt
3368 811 3493 849 exa.

1906 882 2198 936 minutione
2231 882 2476 935 humana)
2505 883 2718 950 animai,
2751 885 2936 938 colicis
2961 895 3119 955 atque
3147 886 3382 939 formica:
3407 903 3492 939 ar-

1903 985 2150 1042 gumenta
2204 976 2514 1044 respicere?
2557 978 2770 1046 quando
2800 989 2852 1032 et
2879 977 3076 1043 vitalia,
3117 993 3212 1047 pro
3239 979 3496 1050 cujusque

1903 1068 2114 1137 generis
2173 1067 2560 1137 diSpositionc,
2613 1069 2863 1123 omnibus
2923 1071 3132 1138 propria
3175 1071 3497 1124 animalibus

1907 1160 2220 1226 temperavit
2247 1159 2438 1213 artifex
2464 1159 2622 1222 Deus,
2655 1167 2712 1213 ut
2739 1161 2882 1214 nulla
2904 1161 3345 1230 indeconjectura
3365 1176 3493 1232 cap.

1904 1251 2060 1305 tanda
2085 1253 2174 1306 sit.
2197 1250 2325 1305 Nam
2369 1267 2541 1321 neque
2574 1250 2757 1315 immo,
2783 1254 2825 1307 si
2851 1253 3191 1321 pulmonibus
3213 1263 3265 1309 et
3291 1255 3500 1308 arteriis

1905 1351 2136 1395 structus
2163 1351 2265 1402 est,
2300 1342 2497 1397 idcirco
2526 1343 2737 1396 aliunde
2767 1343 3025 1411 spirabit,
3069 1345 3280 1399 aliunde
3312 1351 3447 1400 vivet
3483 1363 3499 1399 :

1909 1449 2080 1501 neque
2110 1432 2356 1496 formica,
2399 1435 2441 1487 si
2472 1433 2724 1488 membris
2760 1433 3066 1503 ltujnsuiodi
3097 1447 3270 1500 Caret,
3303 1436 3500 1490 idcirco

1908 1527 2186 1596 negabitur
2209 1529 2435 1596 spirare,
2457 1529 2609 1597 quasi
2639 1527 2977 1582 solummodo
3001 1529 3202 1583 vivens.
3249 1529 3344 1583 Cui
3373 1545 3502 1583 vero

1909 1628 2109 1673 tantum
2129 1622 2292 1690 patuit
2308 1623 2357 1674 io
2380 1621 2468 1674 Ilei
2487 1631 2732 1690 opera,nt
2750 1622 2903 1676 alicui
2925 1621 3036 1676 hmo
3050 1623 3501 1694 decsseprtesumo

1910 1714 2068 1780 pserit
2088 1711 2196 1784 ‘!(c)
2220 1713 2541 1783 Herophilus
2572 1713 2678 1772 ille.
2711 1714 2948 1767 medicus
2965 1726 3053 1767 aut
3070 1716 3261 1777 lanius,
3287 1715 3372 1784 qui
3387 1730 3506 1768 sex-

1908 1814 2094 1859 centos
2116 1807 2357 1860 exsecuit
2387 1816 2441 1857 ιιι
2463 1821 2705 1859 namrant
2740 1816 3089 1866 scrutaretur,
3126 1806 3498 1875 quihominem

1909 1897 2040 1950 odtit
2073 1905 2127 1950 nt
2151 1906 2350 1957 nosset,
2385 1898 2567 1950 nescio
2591 1913 2656 1949 an
2696 1899 2871 1950 omnia
2914 1900 3117 1950 interna
3148 1899 3264 1964 ejus
3299 1897 3500 1966 liquido

214 1987 407 2040 anima:
431 2002 494 2041 ex
521 1986 834 2040 deusatione
867 1987 1093 2040 Solidata
1136 1995 1238 2048 cst,
1262 1995 1316 2040 et
1353 1986 1558 2055 effigies
1585 2002 1797 2055 expres
1836 1983 1881 2041 Β
1910 1989 2228 2061 exploravit,
2258 1992 2366 2059 ipsa
2389 2001 2560 2044 morte
2583 2001 2818 2044 mutante
2835 2007 2954 2060 qtae
2976 1991 3238 2053 vixerant,
3259 2004 3306 2045 et
3327 2004 3499 2046 morte

213 2083 362 2135 sione
396 2081 642 2134 formata.
676 2080 771 2134 Hic
798 2079 1078 2134 crithouto
1112 2080 1352 2142 interior,
1382 2080 1518 2133 alius
1549 2080 1802 2139 exterior,

213 2174 497 2237 dUpliciter
539 2189 705 2227 unus:
762 2173 960 2226 habem
981 2183 1032 2226 et
1075 2174 1161 2227 ille
1191 2173 1370 2224 oculos
1399 2179 1451 2225 et
1475 2187 1632 2226 aures
1655 2188 1801 2236 snas,

216 2264 291 2336 (tt)
323 2266 516 2333 quibus
565 2265 792 2336 populus
837 2266 918 2335 (l)
977 2264 1257 2318 llotninttnt
1314 2265 1498 2319 audire
1542 2275 1594 2317 et
1627 2265 1806 2319 videre

215 2358 504 2420 debuerat;
540 2359 740 2410 hultt‘lls
762 2368 814 2410 υι
843 2366 1070 2410 C:‘t‘lt‘rtts
1093 2367 1254 2418 :tl‘lttS,
1283 2374 1522 2425 pCl'qttttS
1551 2367 1602 2412 et
1635 2359 1685 2412 Ῑιι
1714 2372 1804 2411 CO-

215 2451 465 2518 gitatibus
498 2450 680 2510 utitur,
713 2463 759 2503 et
795 2450 844 2502 in
877 2450 1099 2501 s-nnniis
1131 2448 1212 2518 (2)
1246 2450 1499 2519 fungitur.
1527 2451 1614 2506 Sic
1641 2462 1694 2505 et
1729 2449 1808 2502 di-

215 2545 304 2597 viti
338 2544 473 2611 ame
503 2544 697 2597 inferos
729 2545 902 2612 lingua
933 2551 1014 2594 est
1036 2584 1049 2606 ,
1081 2552 1134 2595 ct
1163 2544 1378 2610 paupeti
1409 2544 1627 2612 digitus,
1660 2543 1807 2596 etsi-

217 2655 317 2693 nus
347 2639 589 2693 Abrahae.
634 2639 846 2694 l’erhas
888 2639 1054 2693 lineas
1085 2649 1137 2692 ut
1166 2640 1359 2692 anima:
1391 2647 1682 2706 martyrum
1714 2638 1811 2690 sub

218 2732 371 2786 altari
409 2732 794 2800 intelliguntur.
837 2734 878 2786 Α
912 2733 1202 2800 primordio
1228 2733 1369 2788 enim
1398 2733 1449 2786 in
1484 2730 1652 2785 Adam
1684 2747 1811 2784 con-

226 2840 372 2880 crcta
401 2841 450 2881 ct
474 2826 801 2896 configurata
827 2829 1038 2896 corpori
1071 2828 1269 2890 anima,
1302 2837 1356 2880 ut
1381 2828 1543 2881 totius
1565 2825 1811 2881 siibstan-

221 2922 327 2985 tie,
360 2919 429 2973 ita
460 2930 513 2973 et
541 2919 859 2974 conditionis
886 2921 1035 2974 istius
1058 2935 1238 2974 semen
1270 2919 1444 2974 eifecit
1472 2920 1572 2992 (5).

853 3053 1079 3110 CAPUT
1120 3053 1166 3109 Χ

293 3193 534 3249 Pertinet
555 3193 618 3247 ad
666 3201 862 3245 statum
885 3191 1025 3254 fidei,
1047 3191 1344 3259 simplicem
1372 3193 1612 3246 animam
1640 3193 1816 3249 deter-

223 3288 450 3348 minare,
475 3288 766 3341 secundum
791 3287 1081 3347 Platonem,
1114 3285 1163 3339 id
1189 3296 1291 3343 cst,
1323 3285 1637 3340 nnilormem
1666 3288 1818 3340 dum-

1911 2099 2014 2136 non
2034 2083 2285 2150 simplici,
2311 2083 2390 2154 (tt)
2412 2083 2502 2137 sed
2529 2083 2638 2152 ipsa
2665 2083 2800 2136 inter
2820 2084 3041 2136 artilicia
3070 2085 3391 2138 exsectiottis
3421 2101 3503 2137 er-

1916 2187 2088 2228 rante.
2130 2175 2440 2245 Philosophi
2467 2192 2560 2244 pro
2583 2185 2731 2230 certo
2760 2177 3221 2241 renuntiaverunt,
3245 2177 3513 2245 culicibus

1911 2279 1960 2322 et
2013 2268 2250 2321 formicis
2302 2278 2355 2322 et
2407 2267 2564 2321 tineis
2604 2267 2794 2322 deesse
2847 2269 3128 2335 pulmones
3174 2271 3500 2324 etarterias.

1915 2361 2006 2416 Dic
2034 2361 2161 2415 mihi
2191 2403 2204 2425 ,
2258 2361 2530 2431 inspector
2559 2361 2945 2424 curiosissime,
2995 2361 3180 2415 oculos
3211 2361 3406 2416 habent
3435 2363 3500 2415 ad

1915 2454 2240 2510 videndum?
2282 2453 2479 2522 Atquin
2510 2462 2562 2506 et
2609 2461 2834 2522 pergunt
2879 2468 2986 2522 quo
3013 2453 3230 2516 volunt,
3258 2464 3309 2508 et
3339 2455 3504 2506 vitant

1913 2558 1966 2602 et
1993 2549 2255 2618 adpetunt
2284 2564 2401 2617 qua:
2426 2547 2656 2600 videndo
2685 2547 2894 2610 sciunt;
2927 2546 3147 2616 designa
3171 2547 3374 2609 oculos,
3406 2545 3502 2598 de-

1917 2652 2038 2696 nota
2072 2641 2312 2710 pupulas.
2343 2639 2446 2694 Sed
2475 2648 2529 2693 et
2555 2637 2788 2692 exedunt
2812 2638 3000 2698 tineas;
3028 2638 3330 2691 demonstra
3358 2652 3506 2690 matt-

1915 2735 2123 2789 dihulas
2175 2732 2297 2804 (ὅ),
2331 2731 2587 2800 deprome
2631 2732 2909 2801 genuinos.
2956 2730 3060 2785 Sed
3111 2739 3164 2784 et
3214 2743 3504 2800 personant

1916 2831 2146 2890 culices,
2192 2827 2260 2897 (ε)
2294 2841 2358 2880 ne
2387 2827 2436 2879 in
2468 2825 2704 2880 tenebris
2748 2824 2960 2892 quidem
2991 2825 3195 2878 aurium
3228 2826 3352 2878 casei
3386 2840 3398 2877 :
3428 2824 3498 2893 (ι’)

1927 2922 2104 2978 tubam
2137 2920 2334 2990 pariter
2363 2927 2416 2972 et
2446 2918 2683 2972 lanceam
2706 2915 2814 2970 oris
2835 2916 2977 2970 illius
2997 2915 3240 2971 ostende.
3271 2914 3507 2982 Quodvis

1919 3015 2135 3081 animal,
2165 3015 2320 3068 unius
2351 3013 2474 3067 licet
2500 3011 2696 3080 puticti.
2733 3010 2909 3080 a!iqoo
2933 3009 3104 3062 alatur
3135 3023 3359 3063 necesse
3389 3019 3504 3072 est;

1921 3108 2118 3165 exhibe
2167 3105 2340 3175 pabuli
2378 3101 2768 3158 transmittendi
2795 3144 2809 3168 ,
2842 3099 3174 3170 decoquendi
3198 3139 3211 3160 .
3238 3099 3508 3153 defaecan-

1921 3201 2082 3270 dique
2132 3200 2391 3254 membra.
2425 3195 2563 3264 Quid
2590 3210 2718 3264 ergo
2744 3194 3025 3248 dicemus?
3068 3192 3123 3247 Si
3157 3207 3250 3262 per
3282 3191 3395 3247 huic
3422 3194 3504 3246 vi.

1923 3296 2082 3358 vitur,
2111 3301 2265 3346 rrnut
2304 3291 2420 3345 hzec
2453 3290 2503 3344 itt
2533 3289 2780 3344 omnibus
2799 3289 2979 3356 utique
3003 3302 3123 3357 qua:
3155 3287 3336 3341 vivunt
3360 3328 3372 3347 .
3403 3289 3507 3342 etsi

223 3388 372 3432 tale
395 3379 703 3432 ευιιειςιιιιὶςε
733 3379 968 3432 noinine.
999 3377 1235 3432 Viderint
1258 3389 1400 3434 artes
1418 3388 1472 3433 et
1496 3378 1814 3450 disciplinae,
1845 3378 1889 3440 C
1924 3401 2028 3440 non
2062 3383 2310 3438 videntur
2332 3424 2344 3446 ,
2378 3381 2474 3437 etsi
2525 3397 2625 3436 non
2654 3379 3125 3450 adprehenduntur
3169 3394 3266 3448 pro
3307 3377 3514 3434 medio.

226 3473 459 3525 viderint
485 3483 537 3524 et
565 3474 816 3526 haereses.
854 3471 1081 3537 Quidam
1113 3473 1255 3525 enim
1302 3473 1522 3538 volunt,
1562 3474 1720 3526 aliam
1747 3474 1816 3527 illi

225 3564 578 3620 substantiam
626 3567 924 3619 naturalem
967 3567 1174 3628 inesse,
1230 3565 1513 3633 spiritum;
1547 3569 1698 3636 quasi
1743 3569 1820 3638 (ὁ)

226 3655 370 3711 aliud
401 3660 469 3712 sit
498 3659 706 3724 vivere,
735 3658 876 3730 quod
911 3659 1054 3714 venit
1082 3659 1150 3714 ab
1180 3661 1387 3723 anima;
1421 3659 1561 3714 aliud
1591 3661 1817 3729 spirare,

1923 3479 2144 3532 critate:
2201 3477 2301 3530 hoc
2347 3474 2516 3544 magis
2557 3473 2783 3537 credas,
2823 3471 2868 3526 si
2916 3469 2993 3541 (g)
3050 3470 3211 3524 Deum
3249 3472 3512 3538 recogites

1925 3581 2129 3626 tantum
2161 3568 2417 3624 artiﬁcem
2448 3567 2497 3621 in
2534 3564 2776 3624 modicis,
2805 3572 3058 3634 quantum
3087 3570 3142 3616 et
3162 3562 3213 3615 in
3245 3562 3510 3616 maximis.

1925 3661 1983 3719 Si
2015 3675 2143 3716 vero
2166 3677 2270 3716 non
2298 3669 2451 3732 putas
2479 3671 2671 3727 capere
2712 3665 2820 3710 tam
2847 3655 3050 3711 minuta
3077 3654 3394 3724 corpuscula
3419 3654 3509 3710 Dei

1453 3769 1829 3831 LECTIONES
1867 3773 2279 3831 VARIANTES.

298 3885 366 3945 ll)
391 3885 571 3934 Paulus
602 3889 660 3934 γ.
691 3887 743 3935 C.
780 3885 966 3934 Wouw.

298 3887 335 3945 ll
391 3887 571 3934 Paulus
602 3889 660 3934 γ.
691 3887 743 3935 C.
780 3887 966 3934 Wouw.

294 3887 368 4011 (ei
393 3949 587 3998 Samnis
612 3947 755 3998 thett.
779 3945 930 3998 Setnl.
952 3944 1147 3998 Obertlt.
1177 3950 1317 3996 Pam.

2096 3886 2251 3936 Eﬂicit
2274 3886 2416 3934 Pam.

2096 3887 2251 3936 Edicit
2274 3887 2416 3934 Pam.

1991 3887 2063 4012 iii
2093 3947 2367 3997 Mandibula
2387 3943 2472 3995 ulii

1618 4047 2174 4106 COMMENTARIUS.

307 4143 387 4214 (ιι)
423 4143 614 4211 Quibus
644 4143 864 4214 papulas
915 4140 1187 4214 Dominum
1219 4143 1398 4194 audire
1449 4152 1493 4194 et
1522 4141 1689 4214 videre
1719 4141 1810 4195 dc-

234 4212 428 4271 buerat.
461 4212 743 4282 Exemplar
775 4212 1063 4281 Agobardi.
1094 4214 1285 4278 Quibus
1315 4213 1666 4281 pepulttsdno.
1693 4215 1814 4266 aud.

234 4298 282 4343 et
304 4304 351 4340 υ.
377 4288 429 4341 ll.
456 4287 686 4341 Omnino
715 4283 1078 4353 legenduutex
1103 4285 1223 4338 cod.
1253 4283 1347 4335 Fut
1403 4282 1600 4347 Ursini,
1629 4284 1818 4348 Quibus

237 4359 440 4415 Paulus
491 4356 761 4409 Dominum
814 4354 992 4407 audire
1045 4366 1088 4406 rt
1127 4356 1292 4408 ridere
1335 4355 1594 4407 debuerat.
1649 4354 1820 4407 lnuttit

239 4432 385 4485 enim
419 4438 625 4496 raptutn
661 4427 806 4480 illum
842 4425 986 4480 i’auli
1019 4427 1171 4495 cujus
1213 4427 1323 4496 ipse
1356 4425 1549 4480 Paulus
1579 4426 1822 4480 meminit

238 4501 282 4556 ιι
315 4500 381 4552 ad
413 4499 534 4554 Cor.
585 4516 702 4567 cap.
739 4498 825 4558 Ill,
863 4497 946 4550 ubi
980 4514 1038 4554 se
1086 4507 1292 4566 raptum
1329 4496 1492 4553 fuisse
1533 4498 1606 4551 ait
1641 4498 1689 4548 in
1723 4512 1813 4562 pa-

239 4572 503 4634 radisoni,
531 4570 623 4623 sed
656 4585 723 4623 ne
754 4571 882 4631 Cil’e,
918 4577 1036 4624 εἰη-ι
1069 4581 1247 4640 σὼμπι
1275 4575 1366 4624 sits
1397 4573 1520 4630 ἰκτὸς
1549 4576 1632 4623 τοῦ
1662 4578 1797 4634 σώμα,

237 4667 340 4704 σος.
368 4641 606 4709 Septimii
628 4641 947 4695 sententiam
975 4642 1509 4709 refellitAugustinus
1529 4640 1645 4693 loco
1664 4654 1818 4696 sltnra

239 4717 407 4770 citato
445 4731 457 4766 :
494 4712 619 4766 licce
645 4756 656 4775 ,
691 4713 896 4776 inquit,
942 4714 1121 4780 quibus
1161 4714 1365 4764 nuribus
1395 4724 1437 4764 et
1464 4711 1640 4779 quibus
1666 4711 1823 4763 oculis

241 4785 414 4839 debuit
443 4787 620 4836 audite
650 4793 694 4838 et
721 4784 887 4836 videre
917 4781 1078 4836 Deum
1117 4782 1334 4842 Paulus,
1365 4783 1545 4851 quibus
1572 4783 1742 4834 auium
1773 4783 1822 4833 iu

241 4857 440 4911 sonu-is
467 4856 720 4925 fungitur.
752 4856 875 4906 (Iunt
900 4854 940 4906 si
979 4856 1143 4920 ipsum
1173 4851 1826 4925 Tertulliununtquisquam

244 4928 437 4981 videret
475 4927 526 4979 in
570 4924 758 4979 somnis
779 4967 792 4989 ,
827 4941 1080 4988 nunquam
1134 4941 1186 4976 se
1215 4925 1398 4978 dicrrct
1428 4925 1490 4976 ab
1520 4941 1578 4976 co
1627 4924 1779 4976 risum
1809 4937 1825 4984 ;

247 5009 294 5051 et
323 5015 438 5050 cunt
461 5015 520 5050 eo
546 4996 789 5056 locutum,
819 5011 962 5064 quem
987 4996 1202 5048 ricissint
1229 4997 1336 5060 ipse
1357 5013 1454 5047 non
1474 4995 1693 5055 vidisset,
1722 5004 1824 5046 ctu.

249 5071 353 5136 Qui
387 5071 532 5120 locus
552 5109 564 5126 ,
617 5069 690 5122 ttti
723 5069 876 5135 vulgo
903 5067 1114 5134 legitur,
1148 5067 1336 5119 eodem
1367 5066 1570 5123 laborat
1596 5065 1789 5136 metulo
1811 5106 1827 5128 ,

249 5135 360 5209 quo
379 5139 754 5209 Septimianus.
789 5138 992 5191 Etenim
1028 5140 1106 5192 his
1133 5139 1240 5193 illic
1266 5139 1455 5208 legitur
1482 5135 1721 5207 papulus,
1743 5137 1829 5190 ubi

249 5206 559 5280 legendum,
597 5206 809 5280 Paulus.
843 5209 941 5263 lltc

325 5280 476 5335 (ΞΜ).
507 5279 646 5334 Χ.-
673 5279 756 5351 (b)
789 5280 940 5333 Aliud
966 5281 1029 5335 sit
1059 5281 1217 5334 vivere
1242 5280 1379 5351 quod
1402 5278 1531 5351 ueniit
1555 5279 1618 5331 ab
1639 5282 1830 5340 anima,

250 5353 400 5434 aliud
417 5353 611 5433 spirare
628 5350 760 5421 quml
778 5352 867 5420 ﬁat
890 5367 922 5403 a
937 5353 1139 5434 spiritu.
1156 5350 1494 5434 Philosnpltis
1514 5350 1648 5430 ratio
1666 5366 1728 5434 ett
1752 5367 1834 5403 re-

251 5425 552 5493 Spiratione
575 5433 783 5490 sumpta
807 5421 979 5492 magni
1009 5421 1382 5493 fuitpondcris
1405 5436 1417 5475 :
1444 5421 1837 5490 distinguebant

252 5492 401 5549 enim
432 5496 532 5549 hoc
560 5507 714 5564 pacto
741 5496 971 5547 animant
997 5510 1024 5546 a
1053 5492 1262 5562 spiritu,
1292 5495 1410 5548 sive
1440 5494 1671 5546 animam
1705 5493 1836 5547 nihil

253 5567 403 5621 aliud
446 5582 606 5633 quam
649 5567 892 5633 spiritum
939 5564 1189 5619 dicebant
1236 5579 1330 5618 seu
1358 5574 1592 5617 ventum.
1649 5565 1837 5617 Anima

255 5637 411 5703 quasi
433 5643 604 5704 ἄνιμος
627 5637 916 5690 secundum
941 5636 1200 5690 lsidorum
1224 5635 1316 5689 lib.
1345 5636 1402 5689 ll
1435 5633 1576 5705 Orig.
1595 5634 1839 5688 Patrihus

257 5722 368 5762 non
398 5709 524 5761 item
553 5708 848 5776 placuitilla
878 5708 1030 5766 ratio.
1060 5706 1152 5761 sed
1172 5706 1356 5760 frivola
1376 5709 1485 5759 visa
1514 5715 1610 5760 est.
1635 5706 1708 5760 LE
1741 5705 1836 5758 Pn.

335 5780 412 5847 (ο)
449 5777 760 5846 Herophilus
814 5778 920 5839 ille,
952 5779 1174 5832 medicus
1201 5788 1289 5830 aut
1319 5779 1504 5830 lanius.
1539 5778 1838 5841 Anatotnia,

255 5866 382 5919 qua:
408 5861 464 5905 et
488 5850 719 5906 celebris
750 5864 1044 5918 magnoque
1097 5851 1148 5903 in
1177 5849 1348 5918 pretio
1376 5847 1473 5903 fuit
1498 5849 1635 5918 apud
1665 5847 1842 5902 ethni-

257 5936 378 5986 Cos,
409 5940 439 5977 a
466 5921 734 5978 veteribus
776 5921 1092 5981 Christianis
1141 5921 1266 5975 odio
1284 5936 1441 5990 quam
1465 5921 1698 5975 maximo
1723 5919 1842 5974 alli-

1922 4144 2182 4197 ciebatur.
2229 4140 2484 4207 Quamvis
2534 4139 2620 4194 hic
2663 4139 2859 4193 dictum
2909 4137 3105 4192 lanium
3164 4137 3508 4208 Herophilum

1924 4225 2161 4274 constet,
2216 4213 2356 4282 quod
2412 4213 2558 4265 vivos
2607 4209 2854 4282 homines
2899 4210 3210 4282 dissecaret.
3247 4208 3297 4262 Id
3332 4222 3506 4282 autem

1925 4287 2111 4338 solitos
2144 4279 2316 4337 facere
2348 4283 2748 4338 Erasistratum.
2803 4281 3036 4350 Dioclem
3076 4289 3127 4332 ct
3161 4279 3505 4350 Herophilum

1925 4357 2079 4408 docet
2098 4356 2347 4409 Claudius
2367 4353 2485 4409 Gal.
2511 4351 2615 4406 Vill
2643 4351 2706 4406 de
2729 4354 2866 4420 plur.
2884 4360 2933 4404 et
2959 4349 2998 4404 11
3019 4361 3158 4404 auat.
3180 4352 3373 4404 udmm.
3391 4352 3512 4408 l’m-

1927 4428 2082 4479 nituit
2106 4427 2301 4479 saeculo
2318 4426 2554 4491 proxime
2581 4423 2761 4492 elapso
2777 4424 2944 4477 virum
2968 4420 3232 4492 eruditum
3251 4432 3302 4475 et
3325 4437 3512 4476 anato-

1928 4499 2077 4550 tnica?
2100 4499 2171 4552 rei
2204 4497 2582 4566 peritissimum
2598 4491 2866 4566 vesaliutu
2893 4493 3067 4546 vivum
3091 4491 3360 4566 hominum
3386 4511 3515 4566 ana-

1930 4563 2389 4627 tnmialacerasse,
2420 4569 2466 4617 id
2487 4569 2628 4619 enim
2650 4564 3288 4632 christianumnonsapit.
3322 4563 3397 4618 LE
3417 4565 3511 4619 Pn.

2000 4639 2081 4712 (ό)
2114 4639 2218 4694 Sed
2247 4641 2357 4706 ipsa
2401 4639 2529 4712 inter
2569 4636 3121 4712 artiﬁcia_rxsrct_io_ttis
3164 4646 3383 4712 errante.
3413 4635 3518 4690 Ita-

1927 4704 2032 4781 que
2062 4704 2223 4781 etiam
2258 4704 2408 4762 vivos
2435 4707 2755 4781 Herophilus
2775 4706 2872 4781 ille
2894 4704 3295 4781 laniabat.__ll_tc.

2003 4783 2076 4852 (ι’)
2112 4780 2189 4833 Ne
2209 4783 2260 4833 in
2288 4780 2500 4833 tenebris
2529 4777 2729 4852 quidem
2759 4777 2958 4829 aurium
2979 4779 3116 4829 caeci.
3143 4775 3314 4852 Etiam
3353 4777 3515 4852 inte-

1929 4847 2111 4908 nebris
2139 4854 2448 4906 discernunt
2473 4863 2649 4902 aures.
2674 4847 2801 4901 Nam
2826 4857 2948 4901 Sant
2977 4849 3272 4916 praisertim
3295 4851 3515 4903 auribus

1931 4927 2128 4978 inl'eSIi.
2163 4923 2265 4976 llas
2291 4921 2619 4991 potissimum
2648 4927 2901 4990 appetunt
2919 4919 3055 4972 tuba:
3075 4919 3389 4973 truculenta!
3410 4923 3519 4990 spi.

1932 4998 2070 5052 Cttlo.
2110 4995 2225 5048 lito.

2010 5067 2074 5136 (Γ)
2104 5064 2295 5117 Tubam
2325 5063 2513 5136 pariter
2552 5070 2602 5136 et
2635 5061 2881 5136 lanceam.
2939 5060 3027 5115 Sic
3059 5059 3214 5136 habet
3241 5062 3515 5128 exemplar

1937 5132 2221 5205 Agnitardi.
2243 5138 2410 5187 Antea
2429 5132 2723 5202 legebatur,
2741 5133 3022 5205 ltiauceunt,
3048 5132 3511 5205 depravatissimo.

1935 5203 2008 5264 υς
2048 5208 2229 5262 cnlicis
2262 5207 2384 5258 tuba
2415 5213 2496 5258 est
2521 5205 2717 5272 pariter
2745 5213 2796 5256 et
2830 5204 3030 5256 lancea.
3071 5203 3291 5264 Plinius,
3325 5219 3408 5262 xl.
3437 5205 3471 5257 ‘2
3499 5222 3509 5254 :

1940 5281 2056 5347 Qua
2100 5276 2372 5332 subtilitati:
2397 5291 2620 5347 pennas
2649 5273 2912 5347 adneauit,
2968 5275 3291 5347 prielouguvc
3331 5275 3515 5340 pedum

1938 5344 2090 5406 crum
2120 5346 2410 5415 disposuit?
2434 5346 2518 5399 ubi
2560 5344 2704 5398 illam
2732 5345 2930 5398 quidam
2951 5345 3243 5413 sanguinis,
3288 5355 3330 5397 ct
3360 5357 3517 5414 potis-

1939 5425 2124 5478 simum
2159 5419 2364 5472 humani
2393 5418 2530 5471 sitim
2555 5416 2779 5469 accendit
2803 5431 2820 5477 ;
2841 5415 2995 5468 telum
3028 5431 3140 5468 vero
3183 5415 3515 5485 pri-fodiendo

1940 5493 2123 5561 tergori
2148 5507 2245 5561 quo
2271 5489 2533 5561 spiculavit
2553 5487 2792 5561 ingenio,
2825 5495 2877 5538 ut
2911 5485 3148 5561 fodiendo
3169 5489 3515 5540 acuntinatum

1943 5554 2499 5637 paiiterjorbe'udoquc
2528 5554 2811 5626 ﬁstulosum
2831 5554 3000 5637 esse}?
3028 5557 3144 5637 illo.

2022 5638 2099 5704 (ς)
2135 5627 2557 5704 Deumrccogites
2587 5639 2781 5682 tantum
2810 5627 3060 5704 artiﬁcem
3084 5628 3136 5679 in
3169 5627 3398 5681 modicis.
3431 5627 3520 5704 Sic

1944 5696 2122 5761 decuit
2167 5703 2232 5756 ad
2291 5696 2501 5756 Natura:
2531 5703 2818 5754 Auctorem
2874 5696 3106 5761 referre,
3137 5715 3253 5766 qua:
3281 5713 3385 5753 non
3417 5701 3516 5753 nisi

1946 5777 2159 5832 Natura:
2189 5774 2372 5826 tribuit
2424 5771 2643 5826 Plinius.
2681 5768 2945 5838 Nusquam
2966 5771 3281 5840 spcctntiore,
3315 5772 3482 5840 inquit
3506 5813 3519 5829 .

1952 5847 2168 5902 Natum
2185 5843 2422 5910 artiﬁcio.
2467 5841 2535 5896 In
2559 5843 2755 5912 magnis
2805 5841 3051 5911 siquidem
3077 5843 3369 5909 corporibus
3389 5882 3402 5905 ,
3433 5855 3523 5912 aut

1949 5929 2079 5975 certe
2101 5914 2394 5978 maioribus,
2419 5913 2584 5984 facilis
2605 5913 2821 5983 ofﬁcina,
2842 5913 3039 5982 sequaci
3068 5913 3298 5978 materia,
3320 5913 3437 5981 luit.
3462 5911 3526 5966 In
