4270 6498
219 396 324 455 661

1569 400 1775 457 LIBER
1817 399 1904 459 DE
1944 400 2178 459 ANIMA.

3410 404 3515 464 662

216 515 429 584 Quanta
460 514 600 568 ciiim
636 521 691 569 et
719 512 820 568 alia
871 512 1023 570 color
1066 514 1267 582 sociat,
1313 522 1497 569 natura
1529 515 1779 571 dissociat
1806 518 1819 571 !
1855 523 1900 581 Α
1931 515 2069 585 quod
2100 515 2191 571 tlat
2228 530 2256 569 a
2285 518 2512 588 spiritu:
2541 531 2664 573 nam
2692 526 2744 574 et
2771 516 3090 576 animalibus
3130 534 3235 576 non
3259 521 3511 577 omnibus

216 607 332 666 Sed
378 608 629 678 quoniam
678 623 838 664 omne
875 618 1034 665 tenue
1078 620 1241 678 alque
1295 609 1626 679 perlucidum
1672 612 1815 665 aeris

215 702 474 757 aemulum
502 710 607 765 cst,
639 702 736 755 hoc
758 702 856 756 erit
880 702 1075 761 anima.
1106 718 1208 771 qua
1237 702 1395 756 flatus
1419 711 1499 755 est
1524 711 1578 756 et
1597 704 1816 769 spiritus

218 794 434 848 tradux.
468 794 762 862 Siquidem,
796 808 902 863 pra!
949 794 1060 862 ipsa
1104 794 1374 847 tenuitatis
1413 794 1725 860 subtilitate,
1750 795 1817 851 de

222 884 333 938 ﬁde
388 885 786 953 t'orpot'alitatis
840 885 1193 952 periclitatur.
1243 886 1331 939 Sic
1374 894 1429 939 et
1476 885 1707 956 elligient
1749 885 1818 941 de

220 992 384 1035 sensa
427 979 537 1045 jam
599 988 688 1030 tuo
736 979 957 1046 concipe
990 992 1093 1031 non
1126 978 1282 1031 aliam
1336 979 1529 1032 animae
1573 979 1817 1033 humana:

223 1070 587 1139 deputandum
640 1080 835 1138 przcter
885 1070 1193 1135 humanam,
1228 1078 1280 1123 et
1308 1069 1523 1139 quidem
1555 1068 1672 1138 ejus
1693 1083 1814 1123 cor-

226 1164 378 1233 poris
400 1164 538 1231 qnod
586 1178 916 1232 tutaquazqne
965 1161 1313 1217 circumtulit.
1368 1160 1480 1216 Hoe
1502 1178 1599 1215 nos
1629 1176 1818 1231 sapere

226 1255 449 1309 interim
506 1254 781 1323 primordii
829 1255 1211 1323 centempiatio
1262 1252 1497 1308 indneat.
1564 1252 1818 1322 licciigita

223 1347 396 1411 enim,
427 1361 547 1401 cum
578 1348 716 1400 Deus
739 1348 913 1412 [lasset
935 1348 987 1398 in
1010 1346 1190 1416 ﬁtcicm
1213 1344 1429 1398 hominis
1453 1345 1635 1413 ﬂatum
1664 1345 1779 1397 vita:
1803 1386 1817 1407 ,

228 1450 281 1493 et
310 1443 473 1507 [artus
521 1448 649 1493 esset
696 1439 845 1493 homo
892 1438 943 1491 iu
973 1438 1201 1491 animant
1229 1439 1413 1502 virum,
1446 1446 1612 1491 totum
1640 1436 1821 1505 utique

228 1546 330 1603 per
352 1529 540 1586 faciem
567 1531 748 1585 statim
780 1529 961 1584 ﬂatum
995 1530 1142 1583 illum
1178 1533 1228 1582 in
1254 1531 1505 1584 interiora
1538 1530 1818 1584 transmis-

233 1637 356 1676 sum
385 1665 397 1683 ,
428 1630 483 1676 et
525 1637 618 1689 por
648 1622 897 1676 universa
941 1620 1186 1690 corporis
1224 1622 1393 1690 Spatia
1436 1619 1687 1675 dill‘nsnm
1709 1662 1723 1684 ,
1750 1620 1825 1674 si-

234 1713 456 1783 mulque
483 1713 661 1767 divina
710 1714 1035 1782 aspiratione
1065 1712 1345 1768 densatum
1368 1754 1382 1779 ,
1416 1713 1563 1767 omni
1591 1712 1732 1766 intus
1756 1712 1820 1766 li-

230 1823 335 1864 nea
376 1820 690 1877 expressum
740 1819 881 1867 esse,
916 1820 1075 1873 quam
1109 1804 1363 1859 densatus
1395 1805 1735 1873 impleverat,
1769 1815 1825 1858 et

230 1901 371 1953 velut
426 1899 477 1953 in
530 1896 703 1952 forma
746 1897 973 1966 gelasse.
1028 1896 1155 1951 lude
1206 1896 1363 1963 igitur
1394 1906 1447 1950 ct
1485 1896 1819 1966 corpulentia

1922 617 2203 679 utrumque
2223 608 2435 663 adesse.
2467 609 2724 681 Pleraque
2749 610 2895 666 enim
2923 610 3107 667 vivere
3135 614 3474 669 solummodo
3498 659 3512 681 ,

1922 716 2025 753 non
2053 700 2211 753 ctiam
2240 700 2464 768 spirare,
2498 716 2565 754 co
2592 701 2730 770 quod
2759 719 2863 757 non
2883 702 3108 758 habeant
3134 719 3330 774 organa
3353 707 3481 775 spiri
3500 738 3513 748 -

1922 801 2027 855 ιιις,
2064 790 2345 859 pulmones
2380 801 2433 845 ct
2462 793 2709 847 arterias.
2738 792 2907 861 Quale
2950 804 3032 848 est
3070 805 3272 855 autem.
3307 798 3357 850 in
3385 812 3512 852 exa-

1923 884 2216 939 minatione
2248 883 2494 938 humana:
2523 885 2737 952 animai,
2769 887 2954 941 culicis
2978 897 3137 958 atque
3164 887 3400 942 formicze
3425 904 3510 942 ar-

1920 988 2169 1046 gumenta
2221 978 2533 1046 respicere?
2575 979 2789 1049 quando
2818 991 2870 1034 et
2897 979 3094 1046 vitalia,
3134 996 3230 1050 pro
3257 980 3515 1053 cujusque

1920 1070 2132 1140 generis
2191 1068 2579 1140 dispositione,
2632 1071 2881 1125 omnibus
2941 1074 3150 1140 propria
3192 1072 3515 1126 animalibus

1924 1162 2240 1229 temperavit
2265 1161 2457 1217 artifex
2482 1162 2640 1225 Deus,
2672 1170 2731 1216 ut
2757 1162 2901 1216 nulla
2922 1162 3043 1215 inde
3059 1162 3364 1232 conjectura
3383 1178 3512 1234 eap-

1922 1253 2079 1308 tanda
2102 1256 2192 1309 sit.
2214 1253 2344 1308 Nam
2387 1270 2559 1324 neque
2593 1253 2775 1319 homo,
2801 1256 2844 1310 si
2869 1254 3210 1324 pulmonibus
3230 1265 3284 1311 et
3308 1257 3518 1311 arteriis

1923 1354 2155 1398 structus
2181 1353 2284 1407 est,
2318 1345 2515 1401 idcirco
2543 1344 2755 1399 aliunde
2784 1345 3006 1414 spirabit
3030 1388 3043 1408 ,
3086 1347 3299 1402 aliunde
3330 1353 3466 1403 vivet
3500 1364 3517 1402 :

1926 1450 2100 1505 neque
2128 1434 2374 1499 formica,
2416 1437 2459 1490 si
2490 1436 2743 1491 membris
2777 1435 3085 1506 hnjusmodi
3114 1449 3288 1502 caret,
3321 1438 3518 1493 ideirco

1925 1529 2205 1600 negabitur
2227 1530 2454 1599 spirare,
2475 1530 2627 1599 quasi
2657 1529 2996 1585 solununodo
3018 1530 3221 1585 vivens.
3267 1531 3363 1585 Cui
3390 1546 3520 1585 vero

1926 1630 2129 1675 tantum
2148 1624 2311 1692 patuit
2327 1625 2376 1676 in
2398 1623 2487 1677 Ι)οὶ
2506 1633 2750 1693 opera,nt
2768 1624 2922 1679 alicui
2943 1622 3056 1679 hare
3068 1624 3519 1696 decsscprazsnm-

1928 1712 2215 1787 pserit‘!(c)
2239 1715 2559 1786 Herophilus
2590 1715 2697 1774 ille.
2729 1716 2967 1769 medicus
2983 1717 3280 1779 autlanius,
3305 1716 3525 1786 quisex-

1926 1817 2113 1862 ecutos
2134 1808 2376 1862 exsecuit
2405 1817 2460 1860 ut
2481 1822 2723 1861 naturam
2758 1817 3108 1869 scrutaretur,
3144 1808 3516 1878 quibotninem

1926 1899 2059 1954 odiit
2091 1907 2147 1953 nt
2169 1908 2370 1959 nosset,
2403 1899 2586 1953 nescio
2608 1915 2674 1952 an
2714 1900 2890 1952 omnia
2932 1902 3136 1953 interna
3166 1900 3283 1968 ejtts
3318 1898 3519 1968 liquido

229 1990 426 2044 auium:
449 2004 512 2045 ex
539 1988 853 2044 densatione
884 1988 1113 2043 Solidata
1154 1998 1257 2052 cst,
1280 1998 1336 2043 et
1371 1987 1577 2058 efligies
1603 2004 1815 2058 expres
1853 1985 1900 2044 Β
1928 1991 2247 2064 exploravit,
2276 1994 2386 2062 ipsa
2407 2002 2579 2047 morte
2601 2002 2837 2046 mutante
2854 2008 2973 2063 qtae
2994 1994 3257 2056 vixerant,
3277 2006 3324 2048 et
3344 2005 3518 2048 morte

227 2085 382 2139 sione
415 2083 660 2138 fortunata.
694 2083 789 2138 Hic
814 2081 1098 2138 erithomo
1130 2082 1372 2146 interior,
1400 2083 1537 2136 alius
1566 2083 1820 2142 exterior.

227 2177 516 2241 dopliciter
557 2192 722 2231 unus:
778 2176 979 2229 haben-4
999 2186 1051 2230 et
1094 2176 1181 2230 ille
1209 2175 1390 2229 orulos
1418 2182 1471 2228 et
1494 2190 1652 2229 aures
1674 2190 1820 2239 snas,

231 2266 312 2340 (a)
342 2268 536 2337 quibus
584 2269 810 2340 populus
854 2269 937 2340 (ί)
995 2267 1277 2321 Ι)‹ιιιιίιιιιιιι
1332 2267 1517 2322 audire
1561 2276 1613 2319 et
1645 2268 1825 2322 videre

229 2360 525 2423 debuerat;
558 2362 757 2414 hahcns
780 2372 831 2413 et
860 2370 1089 2415 ca~trros
1112 2370 1274 2422 artus,
1302 2376 1541 2428 perqnos
1570 2368 1622 2415 et
1653 2362 1705 2414 itt
1732 2374 1823 2414 co-

230 2453 485 2522 gitatihns
517 2453 699 2514 mitur,
731 2466 779 2507 et
812 2453 862 2505 in
895 2453 1119 2505 somniis
1149 2450 1231 2523 (2)
1264 2452 1517 2523 fungitur.
1545 2454 1633 2509 Sic
1660 2463 1713 2508 et
1748 2451 1828 2505 di-

230 2548 325 2601 viti
357 2547 492 2615 apud
522 2546 716 2600 inferos
746 2548 921 2616 lingua
951 2554 1033 2598 est
1054 2587 1068 2610 ,
1099 2555 1153 2599 et
1181 2547 1398 2614 pauperi
1426 2546 1646 2616 digitus,
1679 2544 1827 2599 etsi—

234 2657 337 2697 nus
366 2641 609 2696 .-\hraba:.
652 2641 864 2697 l'erhas
906 2641 1074 2696 lineas
1103 2652 1156 2695 ιιι
1184 2643 1379 2696 anima:
1410 2650 1700 2709 martyrum
1732 2640 1831 2694 sub

234 2734 391 2789 altari
428 2735 812 2803 intelliguntur.
855 2736 898 2790 Α
930 2736 1221 2805 primordio
1247 2735 1389 2791 enim
1416 2736 1469 2790 in
1502 2733 1671 2789 Adam
1702 2750 1830 2788 con-

243 2844 392 2884 crcta
420 2844 469 2885 et
494 2828 819 2899 configurata
845 2831 1057 2899 corpori
1090 2830 1288 2893 anima,
1321 2838 1375 2883 ut
1400 2830 1563 2884 totius
1583 2828 1831 2884 substan-

238 2925 348 2990 ιιι,
379 2923 450 2977 ita
479 2932 533 2977 et
560 2922 878 2977 conditionis
904 2923 1055 2977 istius
1076 2938 1257 2977 semen
1288 2921 1463 2977 elfecit
1490 2920 1591 2993 (3).

871 3055 1099 3114 CAPUT
1138 3056 1186 3112 Χ

313 3196 552 3252 Pertinet
574 3195 637 3250 ad
684 3203 881 3249 statum
903 3193 1044 3257 lidei.
1065 3194 1364 3263 simplicem
1390 3195 1631 3249 animam
1659 3195 1835 3252 deter-

241 3290 469 3352 minarc,
493 3290 786 3344 scrnndum
810 3289 1100 3351 l’latonem,
1133 3288 1182 3343 id
1207 3298 1310 3347 cst,
1342 3287 1656 3343 nnilormem
1685 3290 1837 3343 diun-

1929 2101 2033 2140 tton
2053 2085 2304 2153 simplici,
2330 2086 2408 2158 (ιι)
2430 2085 2522 2139 sed
2548 2085 2657 2155 ipsa
2683 2085 2819 2139 inter
2838 2086 3060 2140 artiﬁcia
3088 2087 3410 2141 exsectionis
3440 2103 3522 2140 cr-

1934 2188 2107 2231 rante.
2148 2177 2459 2247 Philosophi
2485 2194 2579 2247 pro
2602 2188 2751 2233 certo
2778 2179 3240 2243 renuntiaverunt,
3263 2179 3533 2247 culicibus

1930 2282 1979 2325 et
2032 2270 2268 2324 formicis
2320 2280 2374 2324 et
2426 2270 2584 2324 tineis
2622 2270 2814 2325 deesse
2865 2271 3147 2337 pulmones
3192 2273 3519 2327 ctarterias.

1933 2364 2025 2418 Dic
2052 2363 2180 2418 mihi
2209 2405 2224 2428 ,
2276 2362 2549 2433 inspector
2578 2363 2965 2427 curiosissime,
3013 2361 3199 2417 oculos
3230 2362 3424 2417 habent
3453 2364 3519 2416 ad

1933 2456 2259 2511 videndum?
2300 2456 2499 2525 Atquin
2529 2465 2582 2509 et
2628 2463 2853 2525 pergunt
2897 2469 3005 2525 quo
3031 2454 3249 2517 volunt,
3276 2463 3331 2508 et
3357 2455 3523 2507 vitant

1931 2559 1985 2605 et
2012 2550 2274 2621 adpetunt
2302 2566 2421 2621 quze
2444 2549 2675 2603 videndo
2703 2548 2913 2612 sciunt;
2946 2547 3166 2619 designa
3189 2547 3394 2611 oculos,
3425 2546 3521 2600 de-

1936 2655 2057 2699 nota
2091 2643 2331 2714 pupulas.
2362 2641 2466 2697 Sed
2494 2650 2549 2696 et
2574 2639 2807 2695 exedunt
2830 2640 3019 2701 tinem;
3046 2639 3349 2693 demonstra
3377 2652 3525 2691 man-

1934 2738 2143 2793 dibulas
2193 2734 2317 2807 (ὅ),
2349 2733 2606 2803 deprome
2649 2733 2928 2803 genuinos.
2975 2732 3079 2787 Sed
3129 2741 3184 2786 et
3233 2744 3523 2802 personant

1935 2833 2165 2893 culices,
2211 2830 2279 2899 (e)
2312 2843 2378 2883 ne
2406 2829 2456 2881 in
2487 2826 2724 2882 tenebris
2766 2826 2979 2895 quidem
3010 2826 3215 2880 aurium
3247 2827 3372 2880 caeci
3404 2842 3417 2879 :
3446 2826 3517 2895 (f)

1945 2924 2125 2980 tubam
2155 2922 2354 2993 pariter
2381 2929 2436 2975 ct
2465 2920 2702 2976 lanceam
2725 2916 2833 2972 oris
2853 2918 2996 2972 illius
3016 2916 3259 2973 ostende.
3290 2915 3526 2984 Quodvis

1939 3017 2154 3084 animal,
2184 3016 2340 3071 unius
2369 3016 2493 3070 licet
2518 3014 2715 3083 puncti.
2752 3012 2928 3083 aliquo
2951 3011 3124 3065 alatur
3154 3025 3378 3065 necesse
3407 3020 3523 3073 est;

1939 3110 2137 3168 exhibe
2186 3108 2360 3178 pabuli
2396 3103 2786 3161 transmittcndi
2814 3146 2828 3170 ,
2860 3100 3193 3173 decoqueudi
3216 3141 3230 3162 .
3257 3100 3527 3155 defaecan-

1940 3203 2101 3273 diqne
2151 3202 2411 3255 membra.
2444 3198 2583 3266 Quid
2608 3212 2738 3266 ergo
2763 3194 3043 3250 dicemus?
3087 3194 3143 3249 Si
3176 3208 3270 3264 per
3300 3192 3413 3249 huic
3440 3195 3523 3247 vi.

1942 3297 2102 3361 vitnr,
2131 3303 2285 3349 ιτιιιιι
2324 3292 2440 3347 hinc
2472 3292 2522 3346 in
2552 3290 2798 3345 omnibus
2818 3290 2998 3358 utique
3022 3303 3143 3359 quzc
3173 3289 3356 3343 vivunt
3379 3330 3391 3348 .
3422 3289 3526 3344 etsi

241 3391 393 3437 lale
414 3382 724 3436 substantia:
751 3382 987 3437 nomine.
1018 3381 1255 3436 Viderint
1277 3392 1420 3437 artes
1437 3391 1492 3437 et
1515 3380 1834 3454 disciplina,
1864 3380 1908 3444 C
1943 3402 2049 3443 non
2081 3385 2364 3448 videntur,
2397 3382 2494 3439 etsi
2543 3398 2645 3437 non
2673 3381 3145 3452 adprehenduntur
3188 3394 3285 3449 pro
3326 3378 3533 3434 medio.

244 3476 479 3529 viderint
504 3486 556 3528 et
583 3477 836 3529 bmrcses.
872 3474 1100 3541 Quidam
1132 3476 1274 3529 enim
1321 3475 1542 3542 volunt,
1581 3477 1739 3530 aliam
1765 3477 1835 3530 illi

243 3567 598 3623 substantiam
645 3569 945 3623 naturalem
986 3569 1193 3632 inesse.
1248 3568 1533 3637 spiritum;
1566 3572 1717 3639 quasi
1762 3572 1839 3642 (b)

244 3658 390 3715 aliud
420 3663 489 3715 sit
517 3662 725 3728 vivere,
754 3660 896 3732 quod
929 3662 1073 3717 venit
1101 3661 1169 3717 ab
1199 3664 1407 3727 anima;
1439 3661 1581 3717 aliud
1610 3664 1836 3732 spirare.

1942 3480 2165 3535 critate:
2221 3478 2321 3532 hoc
2366 3474 2535 3545 magis
2576 3473 2803 3539 credas,
2842 3472 2887 3527 si
2935 3470 3011 3543 (g)
3068 3471 3231 3526 Deum
3268 3472 3531 3540 rccogites

1944 3583 2149 3630 tantum
2180 3569 2436 3625 artificem
2467 3568 2517 3623 in
2553 3565 2795 3626 modicis.
2824 3573 3078 3635 quantum
3105 3572 3161 3618 et
3181 3563 3233 3617 in
3264 3562 3530 3617 maximis.

1944 3664 2002 3722 Si
2034 3678 2162 3720 vero
2184 3678 2290 3719 non
2317 3670 2471 3735 putas
2499 3673 2690 3730 capere
2731 3666 2839 3713 tam
2866 3656 3070 3713 minuta
3095 3654 3413 3726 corpuscula
3438 3654 3529 3711 Dei

1472 3772 1849 3835 LECTIONES
1884 3776 2299 3835 VARIANTES.

317 3888 387 4011 (ιζ
411 3888 591 3939 Paulus
620 3892 679 3939 γ.
709 3890 762 3939 C.
798 3888 987 3939 Wouw.

317 3952 368 4011 (2
411 3952 607 4002 Sotnnis
630 3951 775 4002 Rhea.
798 3949 950 4002 Seml.
972 3954 987 4003 t

313 3948 387 4017 (ξ)
411 3952 607 4002 Somnia
630 3951 775 4002 Rhea.
798 3949 950 4002 Seml.
972 3948 1167 4003 Obertlt.
1196 3952 1337 4000 Pam.

2009 3890 2083 4015 ﬂ
2115 3889 2271 3961 Edicit
2292 3889 2436 3937 Pam.
2464 3945 2492 3957 η

2036 3954 2059 4001 4
2111 3950 2386 4002 Mandtbula
2406 3948 2492 3999 alit

2036 3948 2083 4002 ἣ
2111 3950 2386 4002 Mandibula
2406 3948 2492 3999 alii

1637 4049 2194 4109 COMMENTARIUS.

326 4147 406 4219 (a)
441 4147 633 4215 Quibus
662 4146 884 4219 populus
914 4143 1210 4219 ⁸ιὶιιιιιίιιιιιιι
1221 4145 1417 4219 audire
1468 4154 1521 4219 at.
1541 4144 1709 4219 videre
1739 4144 1831 4199 de-

252 4216 447 4275 buerat.
479 4216 764 4285 Exemplar
794 4216 1083 4285 Agobat'di.
1113 4216 1305 4281 Quibus
1335 4217 1551 4285 populus
1566 4216 1687 4269 duo.
1713 4219 1834 4270 aud.

254 4300 302 4345 et
323 4306 371 4342 υ.
396 4290 449 4344 d.
474 4290 706 4344 Omnino
735 4286 1098 4357 lcgendumcx
1122 4288 1243 4341 cod.
1274 4286 1385 4339 Fui.
1420 4286 1620 4352 Ursini,
1648 4287 1839 4352 Quibus

255 4362 460 4417 Paulus
510 4358 782 4413 Dominum
834 4357 1012 4410 audire
1063 4368 1108 4409 ct
1146 4359 1312 4411 ridere
1355 4358 1614 4411 debuerat.
1668 4357 1841 4411 lnnttit

258 4433 405 4488 enim
439 4440 645 4499 raptum
681 4429 827 4483 illum
862 4428 1006 4482 l’auli
1038 4429 1192 4497 cujus
1232 4428 1570 4499 ipsejl’aulusi
1599 4429 1844 4484 meminit

257 4503 302 4559 ll
335 4502 400 4555 ad
432 4497 554 4556 Cor.
605 4518 723 4570 cap.
758 4500 846 4560 III.
882 4499 967 4553 ubi
999 4516 1059 4555 se
1106 4497 1313 4567 raptum
1348 4497 1513 4556 fuisse
1553 4500 1627 4554 ait
1661 4501 1836 4565 inpa-

258 4574 523 4637 mdisuttt,
550 4572 644 4627 sed
677 4573 902 4634 nescire,
937 4578 1056 4626 dtu
1088 4582 1268 4641 σὼμθτι
1296 4576 1387 4626 εἴτε
1417 4574 1540 4633 ixi-6;
1569 4578 1652 4626 τοῦ
1682 4580 1818 4638 σώμαι

258 4669 361 4707 στος.
387 4644 628 4713 Septimii
649 4643 966 4698 sententiam
993 4641 1187 4698 refellit
1204 4644 1530 4711 Augustinus
1550 4642 1667 4697 loco
1685 4658 1839 4701 supra

260 4718 427 4772 citato
464 4734 477 4769 :
513 4714 640 4769 licet!
666 4758 678 4777 ,
711 4715 915 4779 inquit,
960 4714 1142 4782 quibus
1182 4714 1386 4766 auribus
1415 4725 1458 4766 et
1485 4713 1663 4782 quibus
1686 4713 1844 4765 oculis

262 4787 435 4843 debuit
462 4788 640 4839 audite
670 4795 715 4840 et
740 4785 906 4838 videre
935 4782 1099 4838 Deum
1138 4784 1356 4846 Paulus,
1386 4784 1567 4854 quibus
1593 4784 1763 4836 auiuta
1793 4784 1843 4835 iu

262 4858 460 4915 sont.:is
487 4857 740 4928 fungitur.
772 4857 895 4909 (Iunt
918 4856 959 4909 si
998 4858 1165 4925 ipsum
1193 4854 1847 4928 Tertullinuumquisquam

264 4931 457 4985 videret
490 4926 545 4982 in
588 4926 779 4982 soutuis
798 4969 812 4992 ,
846 4944 1102 4993 nunquam
1154 4945 1207 4981 se
1236 4927 1418 4982 dicrret
1448 4927 1513 4979 ab
1542 4942 1600 4979 eo
1648 4926 1801 4979 risum
1830 4940 1847 4988 ;

266 5011 315 5055 et
342 5017 457 5053 cum
480 5017 540 5053 eo
564 4999 809 5059 locutum,
839 5014 983 5067 quem
1007 5000 1223 5053 vicissim
1249 5000 1356 5065 ipse
1377 5015 1475 5051 non
1494 4997 1716 5057 vidisset,
1743 5006 1846 5049 etc.

267 5073 371 5141 Qui
405 5073 552 5124 locus
572 5112 584 5129 .
637 5071 710 5125 uti
742 5071 897 5138 vulgo
923 5070 1135 5138 legitur,
1169 5070 1358 5124 eodem
1388 5069 1591 5126 laborat
1617 5068 1811 5141 tuendo
1833 5109 1849 5141 ,

269 5138 379 5214 quo
397 5141 775 5214 Septimianns.
810 5141 1013 5214 Etenim
1048 5142 1128 5195 bis
1154 5141 1261 5196 illic
1286 5142 1477 5212 legitur
1503 5138 1744 5211 papulas,
1765 5140 1851 5194 ubi

271 5210 579 5283 legendum.
616 5210 830 5283 Paulus.
864 5211 961 5266 llic

346 5281 497 5338 CAP.
528 5282 666 5338 X.—
692 5282 776 5355 (b)
809 5282 962 5336 Aliud
986 5284 1050 5337 sit
1080 5283 1239 5355 vivere
1264 5283 1400 5355 quod
1422 5281 1552 5355 uenit
1576 5281 1640 5355 ab
1660 5284 1853 5342 anima.

273 5356 421 5437 aliud
438 5355 632 5435 spirare
648 5352 781 5424 quod
798 5355 888 5423 ﬁat
910 5370 943 5406 a
957 5355 1160 5438 spiritu.
1176 5352 1515 5438 Philosophia
1534 5353 1669 5434 ratio
1687 5368 1751 5438 ex
1772 5369 1858 5406 re-

275 5428 575 5496 apiratiane
596 5435 803 5494 sumpta
827 5424 1001 5495 magni
1030 5424 1129 5480 fuit
1144 5425 1404 5496 ponderis
1425 5438 1439 5479 :
1465 5424 1860 5496 distiuguebant.

275 5498 422 5552 enim
453 5498 554 5551 hoe
581 5508 735 5565 pacto
761 5498 993 5550 animam
1017 5512 1046 5549 a
1074 5495 1284 5566 spiritu,
1313 5498 1432 5551 sive
1461 5496 1692 5549 animam
1726 5495 1860 5550 nihil

277 5569 425 5624 aliud
466 5584 627 5637 quam
670 5569 914 5635 spiritum
960 5566 1211 5623 dicebant
1257 5582 1352 5623 seu
1378 5577 1612 5621 ventum.
1670 5568 1860 5620 Anima

279 5638 433 5707 quasi
453 5644 626 5707 ἄνεμος
648 5639 937 5693 secundum
962 5638 1222 5694 lsidorum
1245 5638 1338 5695 lib.
1366 5640 1424 5695 ιι
1456 5637 1861 5710 0rig.Patribns

280 5725 389 5766 non
418 5711 546 5765 item
574 5710 871 5780 placuitilla
899 5711 1053 5771 ratio,
1082 5709 1174 5765 sed
1193 5710 1379 5766 frivola
1397 5712 1506 5764 visa
1534 5709 1632 5765 est.
1656 5710 1730 5765 Ls
1762 5709 1858 5763 Pa.

356 5783 434 5851 (e)
469 5780 781 5849 Heron/alus
835 5781 942 5843 ille,
973 5782 1196 5836 nudicus
1223 5793 1311 5835 aut
1340 5783 1525 5835 lanius.
1559 5782 1859 5845 Anatotnia,

281 5850 485 5922 qnzeet
509 5852 741 5909 celebris
771 5867 1067 5922 magnoque
1120 5854 1171 5908 in
1199 5854 1369 5922 pretio
1396 5851 1494 5907 fuit
1519 5852 1656 5922 apud
1686 5850 1863 5922 ethni-

283 5920 400 5991 cos,
430 5943 461 5981 ω
487 5924 756 5981 veteribus
797 5920 1115 5985 Christianis
1163 5920 1287 5979 odio
1305 5939 1463 5994 quam
1487 5920 1719 5979 maximo
1743 5920 1863 5977 affi-

1941 4147 2201 4201 ciehatnr.
2248 4142 2502 4211 Quamvis
2552 4141 2640 4197 hic
2681 4141 2879 4195 dictum
2929 4139 3125 4194 lanium
3184 4138 3527 4211 Herophilum

1942 4227 2181 4279 cons-tet,
2235 4216 2375 4285 quod
2430 4216 2578 4269 vivos
2625 4212 2875 4285 homines
2919 4212 3230 4285 dissecaret.
3265 4210 3316 4265 Id
3350 4225 3527 4285 autem

1943 4289 2131 4342 solitos
2163 4281 2336 4341 facere
2367 4286 2767 4341 Erasistratum.
2822 4283 3057 4338 Dioclem
3095 4291 3149 4335 et
3180 4281 3525 4352 Iler0philunt

1944 4360 2099 4413 docet
2117 4359 2367 4414 Claudius
2386 4356 2504 4414 Gal.
2529 4354 2635 4410 Vlll
2661 4354 2725 4409 de
2748 4357 2885 4423 plac.
2903 4362 2953 4408 ct
2978 4351 3019 4408 ΙΙ
3038 4362 3178 4407 αιιαι.
3199 4351 3393 4407 admin.
3410 4355 3532 4411 Pa!-

1947 4432 2101 4485 nitnit
2125 4430 2321 4485 aesculo
2337 4430 2573 4497 proxime
2598 4426 2781 4496 elapso
2796 4426 2964 4497 virum
2986 4423 3252 4497 eruditum
3271 4434 3323 4478 et
3345 4440 3532 4480 altato-

1948 4504 2097 4555 ιιιὶοέ
2119 4503 2191 4556 rei
2224 4494 2602 4570 prriiissimnm
2616 4494 2887 4570 Vesaliunt
2913 4496 3088 4550 vivunt
3110 4494 3381 4570 hominem
3405 4514 3534 4570 ana-

1950 4565 2409 4629 tmnialacerasse.
2439 4572 2485 4620 id
2506 4572 2647 4622 enim
2668 4567 3309 4636 christianumnonsapit.
3342 4565 3418 4620 Le
3437 4568 3530 4621 νιι.

2020 4641 2101 4715 (d)
2133 4640 2239 4715 Sed
2266 4642 2377 4715 ipsa
2420 4641 2548 4715 inter
2587 4639 3141 4715 ar_ti_/icia_‘t-xsrctiouis
3184 4648 3403 4715 errante.
3432 4637 3537 4693 Ita-

1948 4707 2052 4783 que
2082 4707 2243 4783 etiam
2277 4707 2429 4764 vivos
2454 4709 2775 4783 Herophilus
2794 4708 2892 4783 ille
2914 4707 3315 4783 laniabat.__lltc.

2024 4784 2097 4855 (υ)
2131 4782 2209 4836 Ne
2227 4784 2279 4836 in
2306 4782 2520 4837 tenebris
2547 4780 2748 4855 quidem
2778 4779 2979 4832 aurium
2999 4780 3136 4832 neci.
3162 4777 3333 4855 Etiam
3372 4779 3534 4855 intc-

1950 4850 2131 4912 nebris
2159 4857 2469 4909 discernunt
2493 4865 2669 4905 aures.
2692 4850 2821 4904 Nam
2846 4858 2969 4904 Sunt
2998 4851 3292 4918 praesertim
3313 4852 3534 4906 auribus

1952 4929 2149 4982 inchli.
2182 4926 2285 4980 llas
2309 4924 2639 4995 p0tissimum
2666 4929 2923 4991 appetunt
2939 4921 3076 4975 tuba:
3095 4922 3408 4976 truculenta»
3428 4925 3538 4992 spi.

1953 5000 2090 5055 cula.
2129 4997 2245 5051 llic.

2030 5070 2095 5140 (ι)
2124 5066 2317 5140 Tubam
2345 5064 2533 5140 pariter
2570 5071 2622 5140 et
2654 5062 2902 5140 lanceam.
2959 5061 3048 5117 Sic
3079 5061 3235 5140 habet
3261 5064 3535 5140 exemplar

1957 5133 2242 5209 Agohardi.
2262 5133 2429 5190 Antea
2449 5134 2743 5209 legebatur.
2760 5135 3043 5209 Itianccam,
3068 5133 3531 5209 depravatissitne.

1955 5204 2030 5267 0s
2068 5210 2250 5265 culicis
2281 5209 2404 5260 tuba
2434 5204 2517 5260 est
2539 5206 2738 5276 pariter
2765 5216 2818 5259 et
2851 5206 3051 5259 lancea.
3091 5204 3311 5266 I’ltttitts,
3343 5220 3393 5258 xt
3416 5206 3491 5276 .79.
3518 5222 3529 5256 :

1961 5284 2076 5350 Qua
2120 5279 2639 5350 subtilitatc_penuas_
2667 5275 2933 5350 educauit,
2988 5277 3310 5350 prtclougavc
3350 5275 3536 5342 pedum

1959 5346 2111 5409 crura
2140 5347 2430 5419 disposuit?
2454 5347 2539 5401 ubi
2580 5346 2725 5401 illam
2751 5346 2951 5401 avidam
2971 5346 3262 5417 sanguims,
3306 5356 3350 5399 ct
3377 5351 3538 5419 polis-

1960 5428 2144 5482 simunt
2179 5417 2383 5475 humani
2413 5419 2551 5473 sitim
2575 5419 2800 5471 accendit
2824 5434 2842 5482 ;
2862 5418 3017 5472 telum
3048 5433 3160 5471 vero
3202 5417 3536 5487 prrfodicudu

1961 5496 2144 5564 tergori
2168 5489 2813 5564 quospiculaot't‘ingeuio,
2845 5498 2898 5541 ut
2932 5487 3167 5564 fodigtdo
3187 5490 3535 5543 acumiuatum

1964 5556 2152 5639 pariter
2163 5556 2520 5639 jar-bendaque
2548 5556 2833 5629 ﬁstulosus»
2852 5556 3019 5639 esset?
3047 5558 3164 5639 fite.

2042 5640 2120 5708 (ς)
2155 5629 2578 5708 Deumfecogites
2608 5642 2802 5685 tantum
2830 5630 3079 5708 arti/irem
3102 5630 3155 5682 in
3187 5629 3418 5684 modicis.
3450 5629 3540 5708 Sic

1965 5698 2143 5765 decuit
2188 5706 2253 5760 ad
2310 5698 2522 5759 Natura:
2551 5706 2839 5757 Auctorem
2894 5698 3125 5764 referre,
3155 5717 3273 5769 qua:
3300 5715 3406 5756 non
3436 5702 3536 5756 nisi

1967 5780 2180 5837 Natum
2209 5776 2392 5830 tribuit
2444 5773 2665 5829 Plinius.
2702 5770 2966 5840 Nusquam
2984 5774 3301 5843 spectatiore,
3334 5774 3502 5842 inquit
3526 5814 3539 5832 .

1973 5849 2188 5905 Natum
2205 5845 2443 5912 artiﬁcio.
2488 5843 2557 5899 In
2580 5844 2777 5914 magnis
2826 5841 3071 5913 siquidem
3095 5841 3423 5911 corporibus,
3452 5856 3544 5914 aut

1969 5931 2099 5977 certe
2120 5916 2416 5980 maioribus.
2440 5916 2606 5987 facilis
2626 5913 2841 5985 oﬁciua,
2862 5914 3060 5983 sequaci
3088 5915 3317 5981 materia,
3340 5915 3458 5984 fuit.
3482 5913 3547 5969 lu
