4270 6498
767 401 872 460 063

770 521 1060 592 ingenium,
1091 521 1167 579 sic
1193 535 1401 594 quoque
1427 521 1875 593 magnificentiam
1906 521 2020 589 ejus
2049 533 2311 588 agnoscas
2340 561 2353 581 ,

773 614 910 681 quod
962 615 1188 670 modicis
1227 616 1548 670 animalibus
1567 659 1582 682 ,
1611 616 1727 670 sine
1756 615 2072 671 necessariis
2101 615 2357 668 membris

774 707 1120 763 nihilominus
1151 712 1328 764 vivere
1369 712 1696 773 instruxerit,
1731 711 1878 763 salvo
1905 713 2065 764 etiam
2100 710 2212 762 vi~n
2243 708 2359 763 sine

772 801 961 865 oeulis,
991 812 1042 856 et
1068 817 1160 855 esu
1191 802 1307 856 sine
1337 801 1622 856 denticulis
1649 843 1663 865 ,
1687 815 1739 856 ct
1765 801 1972 872 digesto
2005 802 2119 855 sine
2148 801 2314 855 alveis
2344 818 2357 854 :

771 893 1219 960 quemadmodum
1260 905 1314 948 et
1357 895 1609 948 incedunt
1653 893 1897 964 qumdam
1949 893 2064 947 sine
2097 891 2358 961 pedibus,

774 994 1024 1037 tuanante
1050 986 1247 1055 impetu
1270 1028 1284 1052 ,
1307 987 1446 1055 quod
1464 1001 1666 1056 angues
1689 1003 1704 1050 ;
1737 996 1790 1040 et
1808 987 2114 1055 insurgente
2141 993 2357 1048 conatu,

771 1078 912 1148 quod
942 1094 1186 1145 vermes;
1217 1090 1270 1134 et
1298 1089 1580 1148 spumante
1603 1077 1987 1150 reptatu.quod
2014 1077 2096 1152 (a)
2117 1078 2358 1134 limaces.

770 1170 844 1224 Ita
877 1181 930 1225 et
960 1173 1149 1241 spirari
1191 1187 1288 1226 cur
1309 1187 1414 1227 non
1447 1183 1599 1242 putes
1631 1174 1747 1228 sine
1777 1173 2088 1242 pulmonum
2121 1173 2359 1236 follibus,

771 1272 826 1318 et
856 1264 971 1317 sine
1001 1263 1192 1318 fistulis
1215 1265 1572 1319 arteriarum?
1595 1275 1649 1320 ιιι
1677 1281 1772 1335 pro
1799 1281 1990 1336 magno
2021 1265 2364 1335 atnplectaris

771 1365 1128 1425 argumento,
1179 1356 1376 1412 idc7rco
1405 1359 1598 1413 anima:
1628 1358 1876 1414 humana:
1931 1359 2177 1431 spiritum
2206 1373 2361 1414 acce-

773 1448 925 1515 dere,
974 1450 1094 1517 quia
1144 1450 1251 1504 sint
1293 1465 1412 1520 quae
1463 1451 1651 1520 spiritu
1701 1459 1954 1516 careant;
1989 1460 2042 1506 et
2072 1451 2272 1506 idcirco
2300 1465 2362 1506 ea

776 1543 965 1614 spiritu
996 1560 1181 1600 carere
1201 1587 1216 1608 ,
1258 1547 1379 1616 quia
1412 1547 1742 1602 flaturalibus
1768 1547 1988 1602 artubus
2014 1555 2214 1602 structa
2260 1561 2364 1602 non

772 1639 898 1691 sint.
934 1637 1122 1692 Vivere
1145 1640 1260 1694 sine
1287 1640 1476 1709 spiritu
1508 1639 1785 1694 existimas
1813 1638 2037 1710 aliquid,
2070 1641 2274 1709 spirare
2296 1640 2367 1694 si-

775 1745 841 1781 ne
869 1728 1047 1797 pulmo
1073 1730 1205 1783 .ihus
1235 1747 1337 1783 non
1370 1731 1563 1800 putas?
1588 1729 1724 1798 Quid
1752 1739 1855 1795 est,
1893 1746 1988 1785 oro
2014 1741 2085 1795 te,
2117 1731 2368 1800 spirare?

773 1822 959 1876 flattnn
987 1864 1000 1886 ,
1055 1823 1280 1890 opinor,
1311 1839 1380 1878 ex
1432 1826 1720 1892 semetipso
1758 1841 1934 1895 agere.
1977 1825 2114 1891 Quid
2145 1835 2222 1879 est
2258 1839 2360 1878 non

2187 401 2650 461 TERTULIJANI

3951 403 4060 462 664

2388 523 2433 578 Λ
2464 525 2649 580 medus
2674 570 2686 591 ,
2740 543 2859 582 cum
2897 525 3199 583 distantiam
3251 536 3356 577 non
3391 520 3507 587 das,
3543 529 3601 576 ut
3649 521 3757 592 ipsa
3788 522 3851 575 sit
3881 524 4061 578 anima

2463 621 2698 688 spiritus,
2727 620 2851 675 dum
2877 621 3039 690 ipsius
3070 625 3151 672 est
3173 617 3397 687 spirare,
3428 614 3580 683 cuius
3601 624 3654 668 et
3679 613 3891 668 vivere!
3922 615 4061 679 Quid

2462 713 2626 773 cnim,
2661 715 2702 766 si
2733 714 2874 766 diem
2925 712 3065 765 aliud
3114 709 3310 763 habere
3343 707 3493 770 velis,
3541 706 3684 759 aliud
3731 707 3902 760 lucem
3935 723 4061 777 qua:

2461 803 2666 856 accidat
2695 803 2798 857 diei
2823 806 2846 856 1'
2879 819 3001 857 cum
3049 802 3164 856 dies
3213 800 3324 868 ipsa
3357 799 3452 853 lux
3497 798 3586 852 sit.
3615 797 3778 852 Plane
3809 808 3967 852 erunt
3996 808 4056 853 et.

2463 895 2564 950 alia
2591 911 2782 965 genera
2814 897 2968 955 lucis.
2990 905 3044 949 ut
3065 909 3132 948 ex
3161 892 3358 963 ignium
3379 891 3692 945 ministerio.
3716 890 3888 945 Erunt
3911 892 4057 945 enim

2465 999 2518 1044 et
2545 989 2665 1042 ali:e
2717 988 2936 1057 spiritus
2987 987 3230 1056 species,
3276 995 3331 1036 ut
3368 998 3432 1037 ex
3477 983 3608 1048 Deo,
3641 992 3697 1037 ut
3727 997 3790 1038 ex
3824 983 4063 1038 diabolo.

2464 1081 2538 1137 Ita
2567 1095 2686 1136 cum
2708 1079 2776 1135 de
2794 1081 2970 1135 anima
2989 1089 3046 1134 et
3072 1078 3258 1148 spiritu
3279 1077 3472 1146 agitur,
3496 1076 3609 1144 ipsa
3629 1075 3725 1130 erit
3745 1077 3923 1129 anima
3950 1077 4061 1145 spi-

2469 1174 2622 1237 ritus,
2657 1173 2795 1229 sicut
2831 1174 2944 1243 ipsa
2972 1173 3087 1228 dies
3119 1172 3226 1225 lux.
3273 1169 3448 1238 Ipsum
3477 1178 3560 1224 est
3608 1169 3750 1224 enim
3773 1169 3938 1240 quid,
3972 1185 4068 1240 per

2466 1266 2608 1336 quod
2633 1274 2716 1320 est
2734 1264 2883 1336 quid.

3083 1354 3310 1412 CAPUT
3348 1353 3443 1409 XI.

2538 1449 2642 1506 Sed
2677 1457 2732 1504 ut
2751 1449 2982 1504 animam
3014 1448 3257 1519 spiritum
3279 1445 3477 1510 dicam,
3505 1446 3788 1516 praesentis
3814 1447 4069 1517 quaestio-

2468 1542 2552 1598 nis
2582 1544 2718 1597 ratio
2744 1541 3048 1613 compellit,
3079 1541 3201 1610 quia
3244 1541 3450 1609 spirare
3494 1539 3583 1593 alii
3630 1540 3943 1594 substanti;e
3969 1539 4068 1594 ad-

2469 1633 2723 1689 scribitur
2749 1651 2762 1687 :
2792 1633 2896 1688 boc
2925 1633 3050 1686 dum
3071 1633 3264 1686 animae
3290 1631 3640 1698 vindicamus,
3670 1647 3829 1701 quam
3861 1633 4069 1687 unifor-

2473 1745 2611 1783 mem
2636 1737 2692 1783 et
2719 1727 3023 1797 simplicem
3052 1726 3393 1797 agnoscimus
3412 1766 3427 1790 ,
3457 1725 3704 1794 spiritum
3736 1739 3960 1780 necesse
3981 1736 4070 1781 est

2471 1829 2620 1873 certa
2670 1817 2979 1872 conditione
3023 1815 3301 1878 dicamus;
3333 1831 3438 1869 non
3481 1825 3651 1869 status
3702 1819 3940 1882 nomine,
3968 1817 4068 1872 sed

777 1913 993 1966 vivere?
1023 1916 1227 1979 ﬂatum,
1252 1915 1462 1985 opinor,
1491 1931 1554 1970 ex
1587 1917 1878 1984 semetipso
1910 1932 2012 1970 non
2035 1931 2217 1986 agerc.
2253 1915 2363 1970 Hoc
2395 1909 2443 1969 B
2471 1923 2654 1974 actus;
2711 1927 2810 1967 nec
2852 1910 3165 1964 sobstantize
3208 1907 3360 1963 titulo
3386 1949 3401 1973 ,
3431 1908 3523 1962 scd
3551 1923 3764 1978 operat;
3796 1911 3918 1980 quia
3948 1911 4062 1980 spi-

771 2008 914 2060 enim
946 2007 1272 2074 respondere
1293 2008 1485 2074 debeo,
1509 2010 1554 2062 si
1585 2024 1688 2063 non
1714 2009 1851 2063 idem
1885 2019 1960 2062 est
1993 2009 2199 2078 spirare
2221 2009 2364 2078 quod

773 2102 973 2157 vivere.
1002 2102 1104 2158 Sed
1153 2106 1345 2158 mortui
1396 2107 1497 2160 erit
1544 2121 1648 2159 non
1678 2121 1835 2176 agere
1864 2106 2046 2161 flatum
2075 2127 2087 2161 ;
2119 2122 2246 2176 ergo
2280 2109 2358 2162 vi-

779 2198 952 2251 ventis
979 2206 1064 2252 cst
1093 2212 1250 2268 agerc
1269 2199 1471 2251 flatum.
1499 2198 1604 2254 Sed
1633 2208 1688 2254 et
1714 2199 1966 2269 spirantis
1987 2211 2068 2256 est
2091 2215 2250 2269 agere
2274 2200 2368 2254 fta.

773 2298 888 2343 tum
917 2308 930 2343 :
962 2303 1090 2360 ergo
1127 2298 1182 2343 et
1207 2290 1411 2359 spirare
1457 2290 1685 2344 viventis
1720 2301 1820 2345 est.
1857 2290 2153 2361 Utrumque
2175 2294 2217 2344 si
2253 2292 2369 2345 sine

775 2381 952 2434 anima
984 2380 1272 2436 decurrere
1292 2382 1569 2452 potuisset,
1590 2399 1694 2437 non
1717 2383 1902 2438 fuisset
1919 2385 2110 2437 animus
2138 2385 2365 2453 spirare,

783 2473 878 2528 sed
907 2474 1246 2529 Solunnnodo
1277 2475 1476 2530 vivere.
1506 2477 1716 2530 Atcnim
1749 2479 1926 2532 vivere
1950 2477 2154 2546 spirare
2181 2489 2282 2540 est,
2317 2485 2371 2530 et

777 2565 982 2633 spirare
1011 2567 1191 2621 vivere
1219 2577 1320 2620 est.
1351 2565 1496 2636 Ergo
1525 2575 1691 2622 totum
1721 2569 1821 2621 hoc
1846 2610 1860 2631 ,
1895 2579 1950 2623 et
1978 2569 2185 2637 Spirare
2209 2578 2263 2623 et
2288 2570 2366 2622 vi-

777 2671 925 2719 vere,
955 2655 1071 2725 ejus
1092 2666 1195 2719 est,
1224 2662 1377 2726 cujus
1408 2667 1462 2711 et
1511 2659 1691 2713 vivere
1714 2701 1726 2722 ,
1779 2659 1828 2713 id
1856 2671 1938 2714 est
1962 2662 2174 2716 animm.
2205 2661 2368 2716 Deni-

773 2763 878 2818 que
900 2790 914 2812 ,
960 2749 1004 2803 si
1037 2763 1256 2817 sepaias
1306 2750 1550 2819 spiritum
1601 2761 1655 2805 ct
1688 2753 1918 2806 animam
1967 2752 2070 2825 (l).
2102 2769 2290 2824 separa
2319 2765 2374 2810 et

779 2857 943 2910 opera
969 2859 982 2893 ς
1013 2852 1174 2912 agant
1195 2843 1244 2896 in
1277 2842 1515 2898 discreto
1545 2845 1742 2915 aliquid
1775 2847 1950 2912 ambo,
1979 2863 2222 2903 seersum
2253 2850 2369 2904 aui-

781 2947 865 2986 ma
889 2975 904 2998 ,
937 2948 1177 2988 seorsum
1207 2935 1464 3004 spiritus:
1494 2937 1671 2991 anima
1703 2940 1820 2992 sine
1845 2939 2036 3010 spiritu
2066 2941 2230 3004 vivat,
2256 2943 2369 3013 spi-

783 3023 919 3077 ritus
949 3023 1065 3078 sine
1090 3025 1268 3079 anima
1307 3027 1513 3096 spiret;
1541 3027 1770 3084 alterum
1809 3031 2070 3100 relinquat
2099 3046 2323 3102 corpora
2354 3073 2368 3096 ,

791 3115 1016 3168 alterum
1041 3127 1336 3181 remaneat,
1372 3131 1518 3172 mors
1547 3129 1599 3172 et
1629 3119 1736 3174 vita
1768 3123 2110 3176 conveniant.
2142 3122 2197 3177 Si
2229 3125 2369 3179 enim

778 3207 887 3261 duo
917 3217 1056 3270 sunt,
1090 3209 1266 3263 anima
1294 3220 1347 3264 et
1372 3210 1613 3280 spiritus,
1647 3211 1808 3267 dividi
1843 3226 2104 3284 possunt,
2155 3225 2211 3271 ut
2236 3217 2372 3272 divi-

2473 2018 2576 2072 rat,
2617 2008 2694 2080 (ιι)
2728 2021 2831 2060 non
2873 2007 2992 2075 quia
3035 2003 3257 2074 spiritus
3281 2003 3494 2073 proprie
3521 2014 3638 2056 est:
3669 2018 3789 2056 nam
3818 2015 3870 2057 et
3899 2002 4031 2058 ﬂare
4051 2047 4068 2072 ,

2471 2106 2678 2174 spirare
2707 2111 2809 2156 est.
2839 2102 2908 2155 Ita
2938 2100 3245 2156 ctanimam
3271 2139 3288 2162 ,
3319 2112 3478 2167 quam
3512 2096 3694 2150 ﬂatmn
3725 2112 3788 2152 ex
3822 2098 4069 2167 proprie-

2474 2209 2581 2251 tate
2603 2196 2940 2252 defendimus
2963 2234 2978 2259 ,
3033 2193 3280 2262 spiritum
3332 2205 3472 2245 nunc
3498 2207 3562 2245 ex
3595 2191 3917 2246 necessitate
3946 2207 4069 2261 pro-

2472 2291 2797 2344 nuntiamus.
2847 2287 3115 2342 C:cterum
3163 2283 3424 2338 adversus
3476 2283 3872 2352 Hermogenem
3908 2325 3923 2348 ,
3974 2285 4068 2353 qui

2472 2397 2590 2435 eam
2616 2397 2681 2434 ex
2711 2381 2954 2443 materia,
3003 2393 3107 2430 non
3138 2390 3201 2429 ex
3236 2373 3326 2429 Dei
3376 2373 3502 2427 flatu
3547 2373 3844 2431 contendit.
3885 2373 4070 2427 flatum

2478 2475 2694 2546 prolirie
2723 2483 2956 2526 tuemur.
2985 2469 3079 2524 llle
3101 2469 3266 2533 enim,
3302 2466 3376 2539 (c)
3403 2465 3664 2520 adversus
3688 2465 3854 2534 ipsius
3881 2464 4068 2533 Scrip-

2476 2578 2608 2622 turae
2641 2565 2820 2628 fidem,
2856 2563 3040 2618 flatum
3092 2561 3142 2614 in
3185 2559 3373 2628 spiritu
3400 2559 3598 2612 vertit:
3633 2555 3712 2628 (tt)
3745 2567 3802 2610 ut
3827 2555 3951 2610 dum
3984 2557 4069 2610 in-

2476 2658 2734 2716 credibile
2756 2665 2859 2722 est,
2889 2655 3135 2726 Spiritum
3166 2653 3256 2706 Dei
3289 2652 3340 2705 in
3368 2649 3645 2716 delictum,
3666 2659 3724 2702 ct
3745 2664 3864 2702 mox
3898 2649 3950 2702 in
3975 2649 4070 2715 ju-

2475 2753 2672 2809 dicium
2703 2750 2978 2808 devenire.
3009 2763 3071 2802 ex
3108 2745 3330 2799 materia
3356 2746 3533 2813 potius
3561 2744 3738 2796 anima
3765 2741 4024 2796 credatur
4052 2781 4067 2805 ,

2475 2859 2634 2916 quam
2666 2857 2733 2896 ex
2767 2842 2856 2896 Dei
2889 2840 3100 2910 spiritu.
3137 2837 3340 2890 Idcirco
3376 2849 3473 2889 nos
3513 2843 3567 2889 et
3595 2833 3704 2888 illic
3736 2833 3920 2888 lla:um
3947 2849 4068 2888 eam

2478 2935 2843 2995 defendimus,
2874 2947 2978 2987 non
3001 2930 3268 3000 spiritum,
3298 2926 3589 2983 secundmn
3613 2923 3941 2994 Scripturaui
3968 2967 3983 2990 ,
4015 2935 4072 2980 et

2475 3027 2770 3086 secundum
2799 3025 3017 3095 spiritus
3046 3020 3479 3076 distinctionem:
3523 3016 3594 3088 (ε)
3626 3026 3680 3070 et
3712 3016 3796 3069 hic
3820 3015 4069 3085 spiritum

2478 3121 2697 3193 ingratis
2737 3114 3175 3188 pronuntiamus,
3211 3111 3504 3166 secundum
3530 3107 3771 3180 spirandi
3816 3117 3871 3163 et
3902 3107 4070 3163 ﬂandi

2475 3214 2930 3272 communionem.
2975 3208 3088 3262 Iilic
3117 3206 3184 3261 de
3227 3204 3524 3259 substantia
3563 3201 3791 3272 quatstio
3812 3209 3895 3255 est
3921 3219 3934 3255 :
3959 3201 4072 3270 spi-

776 3299 928 3353 sione
977 3315 1164 3354 eorum
1190 3340 1204 3363 ,
1245 3301 1466 3356 alterius
1498 3301 1822 3359 discedentia;
1844 3345 1860 3368 ,
1915 3307 2138 3362 alterius
2180 3309 2370 3364 imma-
2402 3299 2446 3360 C
2482 3323 2602 3364 rare
2629 3305 2771 3360 enim
2801 3299 3112 3356 substantia:
3141 3306 3293 3350 actus
3325 3304 3428 3349 cst.
3458 3291 3569 3348 Nec
3595 3292 3800 3347 diutius
3826 3290 3894 3344 de
3923 3291 4030 3345 isto
4054 3332 4070 3355 ,

780 3391 990 3455 uentis,
1023 3391 1212 3446 tnortis
1237 3403 1290 3447 et
1335 3393 1455 3448 vitae
1493 3409 1788 3450 concursus
1826 3399 2056 3453 eveniat.
2084 3399 2189 3454 Sed
2227 3401 2372 3454 nullo

781 3483 943 3537 modo
982 3486 1192 3539 eveniet
1219 3501 1231 3538 :
1271 3501 1398 3556 ergo
1433 3486 1540 3542 duo
1579 3503 1684 3542 non
1714 3500 1892 3558 erunt,
1921 3506 2042 3562 qua:
2071 3493 2236 3548 dividi
2267 3510 2370 3549 non

785 3588 1004 3644 possunt
1035 3594 1049 3640 ;
1083 3593 1202 3648 qute
1232 3579 1394 3634 dividi
1425 3590 1665 3650 possent,
1694 3583 1738 3636 si
1765 3581 2008 3638 fuissent.
2033 3585 2139 3640 Sed
2171 3586 2294 3642 licet
2317 3597 2373 3644 et

780 3667 889 3722 duo
929 3684 1048 3724 esse
1077 3680 1350 3726 concreta.
1378 3671 1484 3728 Sed
1530 3689 1634 3728 non
1683 3685 1841 3730 erunt
1892 3675 1972 3748 (2)
2006 3689 2291 3747 conereta,
2323 3689 2370 3738 si

781 3760 922 3815 aliud
960 3772 1039 3815 est
1069 3763 1268 3828 vivere,
1297 3764 1438 3819 aliud
1471 3766 1697 3834 Spirarc.
1749 3767 2088 3840 Distinguunt
2118 3773 2370 3829 substan-

778 3853 881 3906 tias
923 3867 1124 3923 opera:
1177 3865 1232 3910 et
1283 3866 1481 3927 quanto
1520 3872 1661 3914 nunc
1707 3857 1910 3918 firmius
1955 3872 2071 3928 est,
2105 3872 2162 3919 ut
2208 3881 2370 3922 unum

2477 3403 2575 3458 nisi
2612 3408 2828 3471 propter
2859 3394 3167 3456 lireretieos,
3199 3389 3288 3459 qui
3327 3387 3509 3442 nescio
3546 3385 3688 3456 quod
3715 3385 3954 3455 spiritale
3980 3401 4072 3440 se-

2476 3511 2601 3552 men
2649 3490 2926 3547 infnlciunt
2953 3485 3169 3548 animze,
3203 3481 3271 3536 de
3300 3479 3512 3549 Sophia:
3542 3479 3729 3532 matris
3762 3480 3969 3531 occulta
4004 3477 4070 3531 Ii-

2477 3589 2764 3645 beralitate
2785 3583 3080 3645 conlatum,
3101 3579 3381 3648 ignorante
3404 3573 3626 3637 factore,
3655 3587 3775 3626 cum
3793 3571 4072 3640 Scriptura

2475 3683 2690 3740 factoris
2744 3678 2912 3747 magis
2951 3673 3044 3729 Dei
3090 3673 3169 3726 sui
3215 3668 3430 3725 conscia
3480 3669 3594 3735 (ὃ),
3649 3665 3777 3718 nihil
3842 3665 4072 3732 amplius

2477 3769 2926 3845 promulgaverit,
2977 3778 3138 3835 quam
3170 3760 3239 3832 (f)
3298 3759 3464 3814 Deum
3516 3757 3732 3812 ﬂantem
3782 3755 3835 3809 in
3878 3753 4070 3809 faciem

2480 3865 2713 3922 hominis
2760 3861 2944 3915 flatum
2975 3857 3118 3920 vitm,
3147 3862 3203 3910 et
3231 3853 3502 3908 hominem
3527 3849 3725 3905 factum
3754 3847 3808 3902 in
3837 3848 4072 3902 animam

2014 3977 2394 4040 LECTIONES
2435 3977 2843 4039 VARIANTES.

843 4079 916 4203 ξι)
942 4083 1190 4156 Spiritum,
1219 4089 1437 4157 naturain
1464 4083 1612 4135 Rhea.

868 4147 914 4203 2)
941 4145 1058 4203 Quae
1081 4147 1178 4194 dtv.
1371 4161 1411 4196 st
1435 4147 1465 4194 f.
1492 4147 1592 4197 Sed

844 4145 914 4205 (ει.)
941 4145 1058 4205 Qtue
1081 4147 1178 4194 div.
1371 4149 1411 4196 si
1435 4147 1465 4194 f.
1492 4147 1592 4197 Sed
1617 4147 1648 4195 l.
1673 4154 1725 4198 et
1757 4149 1806 4198 d.
1834 4161 1881 4198 e.
1916 4165 1960 4202 c.
1991 4151 2090 4202 Sed
2130 4167 2179 4202 η.
2223 4166 2370 4208 erunt

778 4205 929 4258 omitt.
953 4210 1094 4258 Pam.
1115 4221 1176 4260 ex
1196 4209 1404 4260 Getenio.
1425 4209 1589 4259 Dividi
1609 4223 1703 4260 non
1727 4222 1943 4274 possent,
1963 4223 2014 4265 et
2029 4214 2252 4278 fuissent,
2280 4220 2368 4270 sed

2478 4095 2594 4146 licet
2613 4095 2710 4144 duo
2733 4105 2845 4142 esse
2868 4092 3114 4150 concreta,
3141 4090 3238 4150 etc.
3266 4083 3519 4150 (inguinis:

2536 4156 2609 4221 (ὅ)
2636 4155 2792 4217 Magis
2815 4144 3113 4203 conscientia
3134 4145 3243 4196 cod.
3267 4144 3531 4208 Agoburdi.

2141 4322 2693 4386 COMMENTARIUS.

784 4434 863 4510 Itis
888 4450 1010 4510 pero
1032 4444 1132 4510 tam
1157 4435 1323 4510 parvis
1347 4445 1494 4510 atque
1525 4446 1626 4489 tum
1647 4437 1830 4510 nullis1
1847 4451 1962 4505 qm:
1986 4438 2115 4493 ratio
2133 4439 2154 4492 .'
2177 4450 2366 4510 quanta

785 4507 855 4558 vis
879 4506 898 4558 .'
924 4523 1075 4576 quam
1103 4507 1465 4560 inextricabilis
1491 4507 1731 4576 perfectio
1750 4507 1770 4560 .'
1802 4507 1918 4562 RIG.

856 4576 930 4645 (a)
963 4575 1211 4630 Liumces.
1244 4576 1428 4630 Limax
1449 4588 1533 4631 est
1558 4575 1776 4632 cachlea
1809 4577 1967 4632 nuda.
1999 4580 2096 4636 Le.
2132 4580 2228 4636 Pa.

853 4647 1008 4702 CAP.
1039 4647 1126 4701 XI.
1158 4646 1238 4719 (b)
1273 4646 1535 4719 Nonquia
1581 4649 1789 4716 spiritus
1837 4654 2039 4718 proprie
2093 4663 2186 4705 est.
2239 4653 2327 4708 Sci

786 4719 931 4790 licet
954 4734 1057 4771 non
1085 4718 1206 4786 quia
1252 4718 1469 4785 spiritus
1514 4720 1760 4782 seorsim,
1793 4729 1845 4772 et
1875 4735 1968 4788 per
1998 4737 2057 4778 se
2086 4724 2363 4790 peculiaris

789 4804 876 4841 res
901 4787 1110 4842 diversa
1132 4790 1200 4842 sit
1225 4789 1292 4842 ab
1313 4790 1510 4849 anima,
1535 4791 1602 4842 ita
1620 4787 1920 4849 commode.
1951 4803 2004 4845 et
2032 4787 2213 4847 mitius
2241 4796 2364 4852 licet

789 4859 995 4912 mollire
1022 4859 1442 4920 Tertulliannm;
1474 4875 1646 4928 neque
1678 4871 1853 4915 tamen
1885 4863 2104 4916 nimium
2136 4880 2362 4921 succen-

791 4931 1016 5007 Echo,
1043 4933 1365 5007 paradoxum
1393 4931 1607 5007 aliquod
1627 4931 1712 4984 hic
1737 4931 2010 5007 observes,
2031 4937 2182 5002 quasi
2210 4947 2366 5007 neget

787 5001 1148 5077 'l‘ertttllianus
1194 5003 1426 5054 animam
1457 5002 1701 5068 Spiritum
1736 5004 1950 5077 pfOprie
1981 5001 2100 5060 esse
2123 5047 2138 5071 ,
2169 5001 2304 5077 ιιιιὶςῖ
2320 5009 2364 5063 si

787 5084 927 5126 esset
955 5073 1192 5140 Spiritus,
1224 5087 1416 5138 corpus
1438 5086 1543 5125 non
1573 5081 1732 5125 esset.
1770 5072 1898 5126 Lac.

864 5143 940 5211 (c)
979 5143 1226 5218 Adversus
1252 5143 1413 5218 ipsius
1434 5141 1720 5218 scriptura:
1741 5145 1894 5210 [utam
1922 5145 2102 5218 [fotum
2130 5147 2180 5200 in
2210 5150 2366 5218 spiri-

792 5223 897 5265 tum
925 5215 1088 5267 vertit.
1119 5214 1298 5268 Secuti
1335 5223 1459 5265 sunt
1491 5213 1873 5282 Hermogenem
1906 5213 1992 5268 alii
2036 5228 2143 5271 tum
2174 5213 2368 5274 iu'vt-r-

792 5285 1108 5356 sitmcptum
1139 5286 1212 5356 in
1266 5283 1714 5356 sententia,_quos
1753 5294 1900 5339 notat
1925 5289 2249 5356 Augustinus
2275 5291 2363 5344 hh.

796 5354 907 5408 XIII
953 5354 1017 5407 dc
1042 5352 1189 5408 Cirit.
1220 5369 1339 5424 cap.
1370 5354 1441 5409 25
1466 5395 1481 5416 .
1532 5352 1620 5408 ubi
1647 5355 1888 5410 observat
1945 5352 2202 5414 adversus
2255 5362 2370 5415 illos

795 5437 845 5478 et
871 5424 1282 5496 Hermogenem,
1313 5439 1416 5496 non
1433 5437 1553 5478 esse
1578 5426 1832 5493 scriptum
1861 5434 2060 5496 πνιὺμι,
2089 5431 2180 5484 sed
2205 5443 2367 5496 πντῑν,

795 5508 850 5571 ut
899 5497 1144 5549 excludat
1194 5495 1506 5571 earumdem
1539 5497 2026 5571 interpretationem
2073 5501 2140 5556 de
2170 5495 2368 5571 Spiritu

798 5567 1014 5623 Sam-to.
1047 5577 1100 5620 et
1133 5582 1237 5620 non
1264 5566 1331 5620 de
1369 5567 1563 5619 anima.
1598 5565 1726 5620 Lac.

870 5637 952 5709 (ιι)
987 5636 1054 5691 Ut
1086 5637 1207 5713 dum
1235 5635 1526 5690 incredibile
1549 5646 1643 5713 est.
1675 5636 1787 5713 Non
1812 5639 1935 5694 fecit
1959 5639 2060 5696 hoc
2085 5643 2371 5713 Hermoge-

801 5707 1006 5785 nes,_ut
1030 5708 1366 5785 antoritatem
1399 5708 1560 5785 veteri
1589 5707 1879 5785 Scriptum:
1909 5713 2183 5776 demeret,
2213 5707 2370 5785 quam

797 5781 885 5855 alii
921 5777 1430 5855 lueretieiuejusnzevi
1458 5779 1844 5855 contenebant;
1880 5799 1997 5834 nunt
2031 5802 2133 5838 non
2158 5777 2374 5855 negtvit

799 5852 912 5916 ipsc
941 5847 1097 5901 fidem
1132 5847 1602 5921 lihroGenescos;
1648 5850 1739 5903 sed
1771 5847 2368 5921 interpretabaturillud

791 5922 1028 5989 spiritum
1060 5922 1124 5974 de
1152 5920 1354 5990 Spiritu
1406 5918 1626 5987 Sancto,
1669 5918 1973 5990 supponens
1999 5925 2108 5995 jam
2137 5931 2382 5984 animam.

2471 4444 2521 4498 in
2551 4443 2785 4505 homine,
2817 4451 2872 4496 ut
2905 4438 3026 4495 inde
3053 4437 3311 4507 originem
3343 4435 3544 4507 anian
3569 4444 3818 4507 argutare
3851 4447 4056 4505 posset,

2471 4532 2574 4570 non
2600 4530 2666 4569 ex
2700 4515 2806 4568 Deo
2829 4511 3012 4578 fuisse,
3039 4505 3227 4564 sed—ex
3249 4507 3492 4562 materia.
3524 4505 3597 4560 Ita
3619 4506 3940 4562 Philastrius
3968 4510 4064 4565 lib.

2390 4603 2442 4664 ι)
2471 4587 2531 4641 L.
2568 4586 2698 4641 Lac.

2539 4678 2614 4751 (e)
2649 4678 2710 4734 Et
2735 4681 2816 4732 hic
2836 4676 3071 4760 spiritum
3095 4674 3308 4760 ingratis
3335 4672 3757 4760 prlonuntiumtts.‘
3794 4669 4046 4737 Ingratis,

2465 4742 2569 4806 hoc
2593 4742 2693 4811 est.
2727 4742 2926 4803 Invitis.
2977 4742 3333 4818 Supra—dixit,
3387 4742 3468 4797 Ex
3492 4744 3788 4797 necessitate
3817 4760 4054 4814 pronun-

2470 4825 2670 4878 tiamtu.
2708 4820 2825 4877 Ric.

2567 4936 2606 5006 ι)
2654 4933 2846 5009 θειιιιιΔ
2872 4935 3080 5009 limitem
3129 4931 3186 5009 in
3243 4929 3426 4999 faciem
3470 4928 3695 5009 hominis
3718 4929 3901 5009 ﬂatum
3931 4928 4070 5009 uitta.

2473 5001 2671 5063 All'n'dit
2699 5005 2764 5061 ad
2795 5005 2920 5059 illud
2954 5003 3089 5059 Gen.
3147 5001 3188 5054 Il
3231 5016 3390 5067 supra
3436 5001 3656 5055 citatmn
3701 5019 3748 5054 c.
3787 5001 3840 5061 5.
3891 5011 3942 5052 et
3977 5001 4068 5053 lih.

2470 5081 2587 5132 adv.
2626 5077 2868 5146 Ilermog.
2896 5092 2941 5129 c.
2975 5075 3079 5130 5|:
3110 5071 3173 5126 Et
3200 5074 3342 5142 ﬂuvit
3369 5070 3504 5124 Deus
3534 5071 3573 5140 ﬂ
3593 5081 3714 5124 itum
3763 5073 3878 5124 vita:
3905 5071 3955 5123 in
3974 5075 4069 5194 6η-

2470 5153 2594 5194 m'pm
2622 5149 2857 5194 Imminis-
2891 5157 2937 5194 cl
2957 5151 3117 5194 factus
3147 5155 3216 5194 est
3241 5145 3388 5194 homo
3419 5143 3470 5194 in
3501 5143 3723 5194 animum
3745 5144 3944 5194 rirmn:
4013 5158 4067 5193 a-

2470 5153 2595 5204 ciem
2621 5143 2859 5211 hominis,
2891 5157 2937 5200 et
2954 5151 3117 5218 [actus
3145 5155 3216 5218 est
3241 5145 3388 5218 homo
3419 5143 3470 5195 in
3501 5143 3723 5194 animum
3745 5144 3944 5205 virum;
3974 5143 4067 5194 ﬂa-

2474 5231 2581 5276 tum
2614 5222 2732 5274 vita:
2759 5215 2989 5272 animum
3024 5215 3302 5283 utrobique
3331 5216 3716 5283 interpretatur
3742 5229 3756 5276 ;
3782 5227 4068 5283 quam_ex-

2457 5293 2817 5363 'plicationein
2839 5303 3033 5363 _ve_ratn
3068 5303 3187 5363 esse
3216 5281 3376 5363 Supra
3405 5281 3828 5363 ostendi-mnszml.
3849 5281 4071 5363 ΔξΒηρτ

2474 5353 2641 5425 iismo,
2668 5380 2719 5418 ιι.
2743 5363 2796 5415 5.
2825 5360 3030 5428 Quibus
3057 5355 3254 5428 addere
3281 5353 3450 5428 visunt
3479 5366 3559 5408 est
3589 5354 3712 5407 illud
3740 5353 4067 5428 Theodoreti

2477 5436 2526 5486 iu
2564 5434 2687 5504 Epis
2732 5425 3080 5499 (tivﬂlognmt.
3116 5425 3394 5504 ¢_Nt)tt_ti_tle
3413 5427 3570 5495 flatus
3589 5439 3697 5504 nop
3723 5425 4072 5504 intelligimus

2476 5497 2677 5573 partum
2708 5497 2936 5572 aliquznn
2961 5515 3018 5554 es
3051 5500 3208 5553 eatia:
3234 5497 3448 5573 divinae,
3482 5497 3775 5550 secundmu
3807 5497 4070 5573 Certlunis

2476 5567 2527 5640 et
2557 5567 2839 5630 Marcionis
2871 5575 3070 5626 rabiem
3099 5588 3112 5631 ;
3154 5568 3246 5624 sed
3288 5569 3474 5640 animm
3500 5578 3741 5640 naturam
3771 5581 3869 5634 per
3900 5567 4071 5640 idide-

2478 5637 2682 5706 nutari.
2712 5645 2853 5716 quod
2887 5645 3061 5695 anima
3092 5640 3311 5716 spiritus
3341 5638 3413 5716 s_it
3437 5637 3716 5716 rationalis
3743 5638 4072 5716 ct_intelle_c-

2478 5705 2846 5772 tua!is.7»'Cui
2867 5705 3135 5768 Consentii
3163 5712 3324 5765 ciam
3346 5708 3669 5764 Prudentius
3693 5709 3744 5761 in
3775 5705 4068 5777 "antartig.

2477 5799 2529 5847 et
2560 5800 2682 5842 ante
2730 5784 3116 5859 'I‘ertullianum
3159 5782 3218 5836 ll.
3274 5782 3505 5859 Ire_n_:t_nts
3556 5780 3592 5859 l_.
3625 5778 3692 5845 ν,
3725 5781 3864 5859 e._7.
3893 5781 4071 5859 Quane

2478 5861 2617 5914 male
2646 5861 2784 5912 inter
2814 5858 2845 5910 h
2866 5869 3044 5909 rreses
3068 5863 3312 5909 recenset
3340 5851 3675 5915 Philastrius,
3706 5850 3944 5905 animant
3981 5850 4072 5904 Dei

2479 5931 2658 5985 ﬂutttnl
2689 5931 2887 5988 dicere.
2921 5927 3052 5980 I’Mt.
