4270 6498
195 427 307 486 665

1519 424 1722 481 LIBER
1771 418 1856 476 DE
1898 416 2101 476 ΑΝΙΜΑ
2116 459 2128 472 .

3380 409 3485 467 606

197 548 410 609 vivam,
463 557 558 612 per
607 556 765 610 quam
805 538 999 596 exinde
1046 547 1096 594 et
1145 538 1287 592 vivat
1335 548 1386 593 et
1416 541 1614 610 spiret;
1663 542 1792 597 satis
1825 541 1866 595 Α
1902 534 1970 587 ita
2006 551 2108 586 twn
2151 530 2363 586 aliunde
2404 529 2694 599 spirantem
2727 543 2885 601 quam
2935 542 2998 583 ex
3031 527 3344 584 sulistantim
3375 544 3485 582 sine

199 639 484 693 declarans
511 635 841 691 dill'ereutias
872 635 1090 704 spiritus
1129 643 1181 686 et
1207 635 1420 695 animae.
1462 636 1790 703 insequenti-

201 734 301 786 luts
345 730 712 786 instrumentis
733 771 747 791 ,
791 729 906 798 ipso
937 728 1045 781 lico
1071 728 1450 796 pronuntiante
1478 727 1579 801 (Is.
1616 727 1747 782 LVII
1775 772 1789 792 ,

203 823 294 886 16)
320 844 330 875 ;
364 824 440 890 (a)
472 822 696 892 Spiritus
723 836 786 874 ea:
815 836 894 873 me
918 819 1156 884 pradivit.
1185 829 1230 872 et
1271 820 1450 888 ﬂatum
1476 837 1673 874 omnem
1703 837 1794 890 ego

199 916 320 984 feci.
360 914 418 967 Et
451 913 628 966 anima
661 911 804 966 enim
836 912 992 964 [latus
1045 909 1214 967 Iactus
1242 925 1306 964 ex
1337 911 1549 978 spiritu.
1580 911 1644 966 Et
1675 928 1792 966 rur-

199 1023 296 1061 sus
325 1005 425 1072 (Is.
457 1004 618 1069 XLII,
649 1005 742 1072 5):
777 1002 876 1069 Qui
907 1002 1044 1055 dedit
1073 1002 1254 1069 [Iulum
1291 1003 1479 1071 papula
1505 1020 1658 1074 super
1690 1015 1791 1058 ter-

197 1115 334 1161 ram,
385 1107 434 1151 et
485 1097 720 1168 spiritunt
769 1094 1083 1148 calcantibus
1129 1110 1239 1147 eam
1291 1091 1390 1163 (υ).
1439 1093 1618 1150 Primo
1649 1097 1792 1151 enim

197 1193 400 1253 anima,
436 1189 486 1244 id
526 1200 608 1244 est
637 1190 814 1252 ﬂatus,
845 1188 1044 1258 populo
1070 1188 1120 1242 in
1148 1200 1288 1242 terra
1317 1188 1606 1255 incedenti,
1642 1189 1690 1242 id
1711 1199 1795 1245 cst

199 1285 253 1336 in
282 1298 445 1338 carne
463 1283 752 1336 carnaliter
777 1284 951 1350 agenti
981 1323 995 1343 ,
1027 1291 1209 1350 postea
1236 1281 1454 1350 Spiritus
1479 1282 1559 1335 eis
1581 1283 1667 1350 qui
1691 1291 1794 1338 ter-

198 1392 315 1429 ram
347 1375 552 1429 caleant
577 1416 592 1439 ,
629 1373 679 1428 id
723 1383 807 1428 est
845 1386 1008 1441 opera
1052 1372 1229 1426 carnis
1264 1373 1556 1442 subigunt:
1589 1374 1708 1442 quia
1741 1384 1796 1429 et

197 1467 492 1536 Apostolus
519 1466 560 1534 (1
584 1465 705 1520 Cor.
733 1464 848 1527 XV,
867 1463 960 1533 46)
989 1482 1001 1516 :
1024 1463 1142 1517 Non
1163 1465 1382 1533 primum
1407 1463 1545 1534 quod
1565 1466 1795 1535 spiritale

196 1570 292 1622 cst,
324 1561 410 1614 sed
433 1562 568 1629 quod
588 1559 832 1625 animale,
861 1569 1034 1627 postea
1063 1559 1313 1624 spiritale.
1342 1558 1474 1613 Nam
1498 1561 1597 1614 etsi
1623 1559 1791 1615 Adam

195 1653 379 1706 statim
431 1652 770 1723 prophetarit
814 1667 1063 1720 magnum
1108 1651 1253 1704 illum
1305 1663 1698 1708 sacramentum
1741 1656 1792 1710 in

196 1746 470 1801 Christum
521 1756 576 1800 et
600 1745 890 1800 Ecclesium
926 1743 1088 1816 (Eph.
1123 1742 1189 1808 γ,
1218 1744 1320 1806 50,
1353 1742 1444 1814 51)
1475 1763 1485 1797 :
1523 1744 1632 1801 Hoc
1661 1763 1794 1801 mmc

196 1855 255 1892 os
279 1855 347 1893 ex
371 1839 567 1893 ossibus
599 1839 738 1901 meis,
773 1847 816 1890 et
846 1853 964 1889 caro
989 1852 1052 1889 ex
1081 1852 1230 1888 carne
1275 1853 1384 1890 mea
1409 1855 1422 1901 ;
1473 1848 1678 1908 propter
1700 1839 1794 1893 hoc

1899 635 2062 680 sorte.

2491 716 2665 772 CAPU
2688 716 2714 770 ι·
2746 715 2858 771 XII.

1971 808 2200 865 Proinde
2221 851 2234 874 ,
2266 821 2318 865 et
2340 810 2600 873 animum,
2633 808 2703 882 (c)
2735 811 2851 863 sive
2880 823 3032 864 mens
3058 819 3168 875 est,
3217 816 3317 872 νοῦς
3345 808 3486 878 apud

1897 901 2114 957 Grtccos
2139 945 2151 964 ,
2185 918 2288 958 non
2316 903 2459 957 aliud
2509 903 2635 972 quid
2684 903 3037 971 intelligimus
3080 917 3237 972 quam
3269 916 3488 971 sugges-

1899 1007 2007 1050 tum
2034 997 2225 1051 auima:
2271 997 2564 1068 ingenitmn
2597 1006 2652 1050 et
2702 997 2950 1062 insitum,
2999 1004 3051 1049 et
3079 996 3332 1048 nativitus
3365 1009 3487 1064 pro-

1901 1091 2072 1159 prium
2094 1130 2107 1152 ,
2141 1105 2247 1159 quo
2291 1091 2421 1158 agit,
2451 1104 2560 1160 quo
2586 1088 2760 1159 sapit,
2786 1103 2945 1155 quem
2988 1103 3169 1142 secum
3199 1088 3396 1141 habens
3420 1104 3486 1143 ex

1897 1182 2186 1252 semetipsa
2215 1196 2274 1235 se
2300 1190 2637 1236 commoveat
2666 1180 2718 1234 iu
2745 1179 3052 1247 semetipsa,
3083 1190 3242 1248 atque
3268 1180 3337 1232 ita
3368 1196 3482 1232 mu-

1898 1273 2007 1328 veri
2037 1273 2280 1328 videatur
2306 1274 2374 1328 ab
2407 1273 2499 1326 illo
2525 1283 2775 1342 tanquam
2827 1271 3121 1324 substantia
3151 1271 3275 1337 alia,
3305 1281 3360 1324 ut
3391 1286 3485 1324 vo-

1899 1365 2011 1421 lunt
2039 1364 2118 1437 (tl)
2151 1368 2238 1436 qui
2277 1367 2441 1421 etiam
2474 1364 2834 1420 universitatis
2876 1371 3193 1417 motatorcm
3229 1363 3485 1432 animum,

1897 1458 2213 1520 decernunt,
2245 1459 2318 1528 (ε)
2351 1458 2502 1513 illum
2537 1457 2696 1512 deum
2729 1455 2968 1510 Socratis
2989 1495 3005 1520 ,
3033 1455 3180 1509 illum
3221 1455 3483 1510 Valentini

1899 1549 2248 1618 MonOgeucm
2286 1565 2349 1605 ex
2395 1560 2546 1620 patre
2589 1547 2766 1620 Bytho
2795 1557 2852 1602 et
2898 1558 3066 1601 matre
3114 1546 3238 1612 Sige
3267 1547 3370 1618 (ὅ).
3415 1548 3484 1618 (f)

1897 1640 2148 1708 Quamvis
2167 1642 2250 1712 (4)
2271 1642 2603 1712 Anaxagora:
2627 1640 2834 1694 turbata
2853 1640 3116 1693 sententia
3135 1649 3216 1694 est
3237 1658 3248 1692 :
3278 1640 3486 1695 initium

1898 1734 2039 1788 enim
2067 1733 2305 1788 omnium
2345 1741 2736 1788 commentatus
2763 1730 3023 1794 animum,
3055 1740 3108 1785 et
3132 1730 3208 1803 (g)
3232 1732 3490 1786 universi-

1899 1827 2020 1880 tatis
2040 1827 2285 1881 oscillum
2328 1827 2471 1882 illius
2492 1843 2592 1880 axe
2642 1822 2976 1894 suspendens
3001 1866 3016 1889 ,
3049 1841 3345 1895 purumque
3367 1841 3489 1880 eum

196 1935 447 2003 relinquet
505 1933 656 1987 homo
686 1941 880 1999 patrem
910 1941 956 1984 et
987 1939 1198 1983 matrem
1220 1971 1233 1994 ,
1269 1940 1316 1984 et
1370 1932 1710 2001 adglutiuabit
1737 1951 1791 1988 se
1821 1933 1867 1992 B

1821 1933 1867 1992 Β
1896 1921 2212 1986 adﬁrmans,
2241 1932 2293 1975 et
2322 1923 2620 1991 simplicem
2649 1931 2703 1975 et
2733 1917 3256 1986 ineommiseihilem,
3284 1921 3384 1973 hoc
3407 1918 3488 1974 vel

195 2028 349 2081 uxori
379 2027 464 2095 (I)
496 2041 621 2086 suae.
663 2035 710 2078 et
761 2032 907 2077 erunt
955 2023 1057 2075 duo
1094 2023 1145 2075 in
1171 2039 1376 2076 carnem
1424 2040 1616 2088 unam;
1649 2027 1788 2080 acci-

194 2118 434 2172 dentiam
489 2119 709 2188 spiritus
762 2131 953 2186 passus
981 2123 1102 2168 est:
1148 2115 1340 2170 cecidit
1380 2118 1522 2172 enim
1564 2119 1788 2174 ecstasis

195 2225 362 2278 super
391 2209 566 2273 illum,
597 2211 776 2264 Sancti
826 2210 1060 2278 Spiritus
1121 2207 1221 2276 vis,
1261 2211 1532 2279 Operalrix
1558 2212 1789 2281 prophe-

196 2301 306 2353 tize.
341 2299 472 2354 Nam
504 2309 557 2354 et
581 2300 752 2355 malus
775 2302 994 2370 spiritus
1031 2305 1282 2360 accidens
1308 2319 1394 2358 res
1421 2311 1522 2358 est.
1551 2303 1789 2372 Denique

193 2391 412 2444 Saulem
441 2400 548 2446 tam
579 2391 668 2447 Dei
695 2393 912 2462 spiritus
931 2405 1113 2461 postea
1139 2396 1292 2449 vertit
1322 2396 1372 2449 in
1402 2395 1560 2448 alimn
1586 2398 1786 2461 virum,

195 2483 244 2536 id
269 2493 354 2536 est
395 2483 446 2536 in
481 2488 796 2552 prOphcten,
831 2499 951 2538 cmn
982 2486 1183 2541 dictum
1221 2497 1305 2541 est
1335 2486 1378 2555 (Ι
1411 2486 1538 2556 (leg.
1572 2485 1639 2548 Χ,
1672 2485 1738 2552 ll)
1771 2503 1783 2540 ;

195 2574 336 2639 Quid
367 2575 462 2627 hoc
493 2574 602 2642 ﬁlio
623 2573 706 2628 Cis
731 2576 754 2627 ?
783 2592 849 2628 an
885 2587 931 2628 ct
964 2577 1096 2630 Saul
1125 2580 1175 2630 in
1204 2578 1509 2647 praphetis?
1537 2592 1693 2647 quam
1734 2588 1791 2631 et

196 2666 371 2718 malus
392 2665 614 2734 spiritus
639 2674 822 2733 postea
855 2667 1015 2721 vertit
1047 2669 1098 2721 in
1127 2669 1290 2722 alimu
1320 2669 1511 2731 virum,
1546 2669 1597 2721 in
1627 2684 1786 2738 apos-

197 2767 365 2811 tatam
399 2757 626 2812 scilicet.
665 2757 856 2811 ludam
883 2774 1094 2829 quoque
1121 2759 1426 2828 aliquandiu
1457 2773 1578 2814 cum
1604 2759 1789 2813 electis

195 2846 513 2916 deputatum
544 2864 709 2917 usque
738 2849 802 2903 ad
845 2849 1138 2905 lorulormn
1183 2851 1417 2906 ofﬁcium
1439 2892 1454 2916 ,
1483 2859 1536 2904 et
1564 2893 1578 2916 ,
1613 2852 1653 2903 si
1676 2851 1785 2919 jam

199 2939 592 3006 fraudatorem,
630 2942 942 2997 traditorem
979 2953 1153 2998 tamen
1183 2943 1266 3012 (Ξ)
1299 2943 1559 3008 uoudmn,
1609 2953 1792 3012 postea

197 3029 444 3084 diabolus
474 3031 709 3084 intravit.
753 3032 916 3100 Igitur
939 3034 982 3086 si
1027 3049 1200 3102 neque
1232 3035 1360 3097 Dei,
1393 3050 1563 3104 neque
1593 3033 1791 3088 diaholi

198 3123 423 3192 spiritus
448 3137 514 3176 cx
547 3123 820 3179 nativitatc
863 3123 1162 3178 conferitur
1181 3127 1373 3180 animm
1397 3167 1413 3190 ,
1459 3125 1630 3180 solam
1673 3141 1790 3179 eam

199 3225 412 3270 constat
459 3225 583 3272 ante
625 3227 875 3272 eventum
907 3219 1129 3290 spiritus
1157 3221 1429 3289 utriusque
1455 3238 1466 3272 ε
1503 3221 1546 3273 si
1575 3219 1743 3274 solam
1773 3261 1787 3283 ,

199 3323 250 3366 et
274 3311 574 3382 simplicem
607 3321 662 3368 et
688 3311 1008 3370 uniformem
1028 3313 1341 3368 substantiae
1372 3314 1607 3376 nomine,
1633 3323 1792 3383 atque

265 3518 339 3581 (1)
366 3518 557 3569 Mulieri
580 3520 690 3568 cod.
726 3520 977 3581 Agobartl.

267 3581 342 3701 (ἑ)
363 3581 578 3631 Tandem
598 3581 744 3632 Rlien.
770 3583 919 3633 Seml.
941 3581 1133 3632 Obertlt.

290 3646 321 3691 5
368 3643 430 3693 Et
453 3652 608 3693 matre
633 3659 747 3696 ima.
769 3647 918 3695 Fran.
946 3649 1086 3696 Pam.
1116 3660 1133 3696 t‘

281 3643 342 3715 [τῇ
368 3643 430 3715 ξι
453 3652 608 3715 matre
633 3659 747 3696 amt.
769 3647 918 3695 Frmc.
946 3649 1086 3696 Pam.
1116 3659 1230 3708 mag-4
1249 3647 1368 3696 Par.
1392 3643 1480 3698 alii
1500 3660 1646 3710 ἠμμίι.

269 3708 342 3771 (4)
363 3708 518 3766 Quam
545 3708 650 3772 Rig.
685 3715 847 3758 tenet.

1896 2015 2126 2069 maxime
2149 2014 2302 2068 titulo
2322 2026 2569 2084 segregat
2595 2014 2661 2068 ab
2682 2012 2876 2066 anima:
2900 2011 3128 2064 rounuix
3144 2011 3285 2065 tione
3311 2029 3324 2077 ;
3347 2020 3399 2065 et
3422 2021 3490 2065 ta-

1897 2125 2017 2162 men
2041 2108 2286 2162 eumdem
2310 2108 2430 2162 alibi
2460 2109 2651 2162 anima:
2690 2105 2887 2162 addicit
2915 2106 2994 2180 (lt)
3045 2105 3154 2159 lloe
3185 2105 3342 2159 etiam
3373 2105 3490 2158 Ari-

1895 2199 2113 2254 stoteles
2156 2199 2429 2254 denotavit
2451 2242 2464 2262 ,
2511 2201 2691 2255 nescio
2721 2216 2788 2254 an
2821 2215 2912 2254 sua
2947 2199 3182 2272 paratior
3221 2196 3447 2265 implere
3472 2235 3489 2260 ,

1893 2308 2051 2362 quam
2101 2292 2269 2345 alit-na
2320 2292 2525 2347 iuanire
2573 2294 2674 2362 (5).
2719 2294 2956 2365 Denique
2984 2303 3034 2348 et
3069 2294 3183 2363 ipse
3221 2289 3491 2344 tlelinilio-

1897 2400 2017 2438 nem
2041 2383 2203 2436 animi
2227 2392 2346 2437 cuin
2371 2382 2632 2448 dilI'erret,
2661 2384 2876 2439 interim
2903 2385 3128 2438 alterum
3147 2382 3491 2450 animigeuus

1895 2475 2280 2546 pronuntiavit,
2316 2475 2464 2530 illum
2503 2475 2766 2543 divinmn,
2796 2492 2954 2546 quem
2989 2489 3174 2529 rursus
3210 2483 3263 2527 ct
3289 2475 3488 2543 impas-

1891 2570 2098 2624 sibilcm
2119 2569 2532 2633 subostendens,
2553 2569 2794 2637 abstulit,
2811 2579 2865 2623 et
2885 2571 2999 2638 ipse
3021 2583 3140 2620 eum
3164 2581 3193 2620 a
3217 2565 3492 2619 consortio

1891 2665 2103 2716 animze.
2135 2662 2269 2716 Cum
2297 2663 2438 2716 enim
2469 2663 2702 2716 animam
2730 2663 3036 2732 passibilem
3064 2667 3274 2713 constet
3303 2672 3488 2712 eorum

1891 2774 2009 2826 qua:
2036 2758 2218 2810 Sortita
2253 2767 2334 2812 est
2367 2757 2510 2826 pati;
2541 2766 2631 2810 aut
2661 2773 2754 2827 per
2784 2758 3020 2810 aninnun
3065 2765 3120 2809 et
3157 2769 3276 2807 cum
3309 2752 3492 2804 animo

1897 2852 2148 2922 patietur,
2195 2853 2238 2906 si
2271 2862 2519 2905 concreta
2549 2860 2630 2906 est
2671 2852 2851 2905 animo
2899 2851 2916 2921 (
2944 2865 3047 2902 nou
3081 2857 3253 2919 potest
3279 2846 3491 2899 animus

1896 2943 2236 3011 impassihilis
2290 2941 2538 3009 induci);
2573 2953 2662 2997 aut
2710 2943 2753 2995 si
2814 2957 2918 2996 non
2969 2956 3062 3010 per
3121 2940 3356 2993 animum
3393 2949 3491 2989 nec

1897 3051 2016 3089 cum
2048 3035 2228 3088 animo
2258 3035 2489 3104 patietur
2535 3035 2712 3088 anima
2741 3078 2754 3096 ,
2811 3051 2916 3088 non
2949 3035 3052 3088 crit
3095 3039 3340 3085 concreta
3373 3028 3444 3081 illi
3471 3067 3486 3092 ,

1895 3141 2014 3179 cum
2044 3139 2149 3194 quo
2180 3125 2332 3187 nihil,
2365 3133 2418 3179 et
2437 3126 2524 3195 qui
2555 3125 2684 3178 nihil
2711 3127 2912 3195 patitur
2942 3124 3044 3193 (6).
3086 3123 3254 3177 Porro
3284 3121 3326 3173 si
3357 3119 3486 3172 nihil

1899 3231 1990 3286 per
2023 3217 2168 3270 illum
2199 3228 2253 3271 et
2277 3233 2398 3272 etnu
2431 3217 2520 3271 illo
2537 3217 2710 3271 anima
2743 3217 2997 3285 patietur,
3025 3215 3131 3283 jam
3152 3227 3251 3268 nec
3271 3212 3485 3276 sentiet,

1899 3325 1996 3365 nec
2041 3310 2210 3379 sapiet
2238 3351 2252 3376 ,
2311 3324 2409 3364 nec
2453 3309 2751 3364 movebitur
2795 3323 2891 3380 per
2942 3308 3087 3362 illutn
3115 3348 3130 3372 ,
3189 3315 3244 3360 ut
3287 3305 3486 3359 volunt.

1414 3426 1789 3483 LECTIONES
1827 3425 2036 3481 VARI.)
2046 3425 2238 3482 NTES.

1963 3518 2036 3641 (ὅ)
2063 3525 2293 3569 Damnare
2311 3518 2376 3590 al.

1987 3582 2016 3627 ϐ
2059 3581 2174 3630 Cum
2192 3595 2283 3641 qua
2311 3584 2376 3629 IIII

1987 3581 2036 3641 ϐ)
2059 3581 2174 3630 Cum
2192 3595 2283 3642 qua
2311 3581 2526 3646 uihil,ct
2545 3585 2620 3632 cui
2647 3582 2764 3632 nihil
2791 3585 2968 3646 patitur
2994 3583 3142 3632 Fran.
3167 3590 3274 3628 cum
3293 3590 3390 3642 quo
3414 3591 3489 3626 m-

1903 3641 1967 3691 bil
1995 3650 2046 3692 et
2069 3655 2156 3704 per
2178 3641 2324 3704 quem
2347 3644 2462 3694 nihil
2491 3647 2666 3708 patitur
2689 3641 2809 3695 Jun.

1551 3791 2110 3854 COMMENTARIUS.

281 3887 358 3958 (a)
393 3887 620 3960 Spiritus
643 3905 706 3960 ea:
732 3906 810 3942 me
840 3892 1073 3957 pradivit.
1105 3891 1273 3958 Supra
1303 3890 1396 3944 lib.
1417 3889 1538 3942 adv.
1570 3889 1793 3944 Ilermo-

204 3959 566 4026 genem,’cap.
599 3959 689 4025 32,
724 3961 919 4014 nullam
954 3961 1097 4023 facit,
1123 3963 1295 4014 citaus
1315 3962 1449 4015 hanc
1474 3963 1791 4028 scripturam

210 4032 280 4084 Is.
312 4029 403 4094 57,
435 4031 642 4100 spiritus
685 4040 730 4084 et
759 4032 965 4098 spiritus
993 4031 1344 4086 dilTereutiam
1383 4047 1395 4082 :
1425 4032 1530 4084 imo
1553 4046 1647 4099 per
1675 4048 1790 4084 eain

210 4101 461 4168 spiritum
495 4101 714 4171 intelligi
743 4101 890 4166 dicit,
924 4102 992 4156 de
1022 4119 1126 4169 quo
1151 4103 1310 4157 etiam
1367 4104 1505 4156 \euti
1534 4103 1791 4155 constite-

211 4182 371 4227 runt:
408 4171 493 4226 hic
521 4187 648 4226 vero
697 4172 938 4241 spiritum
992 4188 1088 4243 pro
1125 4172 1324 4239 Spiritu
1356 4183 1574 4237 sancto,
1611 4172 1788 4227 ﬂatum

211 4259 310 4314 pro
339 4245 552 4314 anima,
588 4243 823 4298 imitatus
852 4243 1110 4299 Irenmum
1145 4245 1234 4298 lih.
1268 4245 1306 4297 V
1337 4246 1574 4298 adversus
1607 4248 1789 4299 Iiwres.

210 4312 330 4384 cap.
362 4314 462 4376 12,
511 4312 621 4368 fere
648 4315 714 4368 de
759 4315 925 4368 verbo
950 4317 1014 4369 ad
1047 4317 1268 4370 verbum
1293 4359 1307 4381 ,
1361 4332 1454 4385 per
1479 4317 1791 4370 citationem

213 4401 322 4512 ἰδ’οη
353 4386 522 4440 solum
556 4385 744 4455 hujus,
791 4386 883 4441 sed
910 4397 964 4441 et
994 4388 1330 4457 sequentium
1383 4386 1789 4456 scripturarum.

259 4472 350 4511 Ml.

240 4460 350 4511 ’Au.

287 4533 303 4590 (
316 4527 372 4598 li)
387 4526 487 4592 Qui
515 4527 654 4581 dedit
695 4529 872 4598 ﬂatum
906 4530 1094 4600 populo
1111 4537 1474 4597 supertcrram,
1497 4541 1542 4583 et
1564 4533 1795 4600 spiritum

212 4600 527 4654 calcantibus
556 4616 688 4665 eam,
713 4610 807 4653 etc.
839 4599 1008 4655 Etiam
1038 4600 1124 4654 hic
1167 4603 1274 4654 lere
1301 4602 1364 4654 ad
1422 4602 1638 4656 vet-hum
1674 4605 1793 4656 imi-

215 4680 360 4724 tatur
388 4668 447 4741 Β.
477 4669 736 4741 Irenteum
765 4671 851 4725 uhi
884 4687 1065 4741 supra,
1098 4673 1191 4741 qui
1213 4681 1331 4740 post
1361 4672 1577 4726 recitata
1607 4673 1792 4729 eadem

215 4688 360 4724 tatur
388 4688 447 4724 ιι.
479 4688 736 4725 ιτεηωυηι
765 4688 851 4725 um
884 4688 1065 4741 supra,
1137 4688 1184 4723 Ill
1213 4688 1331 4740 post
1361 4688 1577 4726 recutita
1607 4688 1792 4729 eadem

214 4742 365 4796 Isaizn
388 4740 532 4796 XLII
581 4741 738 4797 verba
766 4741 946 4796 addit:
983 4760 1002 4794 ι
1057 4688 1132 4796 Ad
1172 4740 1354 4796 ﬂatum
1406 4744 1615 4813 quidem
1644 4760 1794 4799 com-

217 4815 452 4867 muniter
494 4813 643 4885 omni
683 4813 770 4882 qui
825 4827 1004 4885 super,
1033 4823 1226 4868 terrain
1281 4824 1360 4865 est
1391 4816 1586 4882 populo
1613 4817 1797 4870 dicens

215 4885 490 4948 daturtnn,
521 4883 763 4953 spiritum
792 4883 968 4939 autem
995 4884 1077 4937 his
1103 4885 1189 4953 qui
1209 4885 1524 4937 conculcaut
1556 4895 1796 4941 terteuas

215 4955 697 5024 concupiscentias.
738 4973 756 5004 ι
805 4954 1084 5012 Consentit
1122 4955 1280 5010 etiam
1309 4953 1370 5010 Β.
1401 4954 1624 5011 Basilius
1657 4957 1691 5010 Ι.
1735 4959 1798 5012 de

219 5025 280 5080 S.
318 5026 571 5096 Spiritu..
597 5039 649 5096 c._
673 5026 766 5096 2i.
801 5025 932 5081 Pan.

288 5094 519 5152 CAPUT
559 5094 672 5151 XII.
701 5094 777 5168 (c)
810 5095 931 5152 Sine
975 5113 1114 5151 meus
1143 5107 1214 5150 est
1260 5101 1357 5161 νὸυς
1403 5098 1543 5166 apud
1571 5097 1794 5154 Graecos.

217 5170 353 5224 Cum
383 5169 594 5222 animus
623 5183 820 5237 grzrce,
873 5169 948 5223 uti
981 5176 1124 5222 recte
1151 5169 1234 5222 hic
1264 5169 1641 5235 'l‘ertulliauus,
1693 5178 1793 5232 v.8,-

219 5239 361 5305 apud
392 5238 608 5294 Grmcos
635 5239 862 5302 dicatur,
891 5241 1066 5293 anima
1099 5255 1224 5294 vero
1250 5250 1375 5308 ψυχή
1401 5281 1414 5304 ,
1445 5255 1552 5293 non
1579 5257 1795 5309 possum

220 5312 328 5364 illis
356 5310 645 5375 adsentire,
678 5319 735 5364 ut
765 5313 863 5364 hoc
889 5310 1344 5375 obiteraantem,
1367 5313 1452 5379 qui
1479 5312 1627 5368 libris
1647 5315 1796 5366 Aris-

223 5381 401 5436 totelis
427 5385 532 5451 περὶ
559 5398 641 5444 τῆς
662 5393 831 5450 ψυχῆς,
866 5381 1072 5435 titulum
1094 5381 1242 5447 dant,
1263 5380 1338 5436 De
1363 5383 1550 5448 animo,
1576 5399 1703 5448 non,
1725 5383 1801 5438 De

221 5454 413 5522 animo,
446 5453 520 5506 uti
551 5455 818 5522 \ulgatnm
848 5461 950 5507 est.
985 5451 1116 5506 Pan.

300 5521 380 5595 (d)
407 5521 670 5595 Quietiam
677 5524 1027 5595 universitatis
1041 5535 1161 5576 mat.
1179 5525 1402 5576 animum
1415 5523 1706 5578 decernunt.
1725 5525 1803 5580 ln-

225 5593 392 5664 ligere
439 5593 648 5648 videtur
674 5593 986 5660 Thaletem,
1023 5595 1132 5664 qui,
1165 5597 1382 5648 Aristot.
1416 5602 1552 5649 teste
1586 5595 1645 5663 (Ι.
1681 5597 1695 5650 l
1736 5597 1800 5650 de

222 5665 420 5731 anima,
446 5679 496 5720 c.
528 5665 605 5735 5),
639 5673 804 5720 totum
831 5665 1138 5735 universum
1169 5665 1375 5720 dicebat
1403 5667 1691 5719 animatum
1711 5710 1724 5732 ,
1749 5675 1804 5723 et

224 5737 458 5790 animam
510 5734 627 5805 ejus
673 5736 859 5790 Deum.
907 5734 1036 5790 Item
1087 5736 1391 5801 Zenonem,
1442 5739 1528 5806 qui
1566 5738 1660 5805 (uti
1691 5739 1802 5806 ipse

230 5808 429 5860 Auctor
457 5809 626 5878 inquit
657 5807 872 5878 Apolog.
915 5823 964 5860 e.
997 5806 1090 5874 ΩΙ)
1139 5808 1473 5878 factitatorem
1503 5811 1801 5878 uniuersitao

225 5879 291 5930 tis
333 5877 714 5943 determinabat,
747 5887 792 5930 ct
826 5877 1002 5931 Deum
1025 5877 1213 5942 rocari,
1240 5889 1286 5931 et
1317 5880 1540 5932 animum
1566 5877 1729 5932 lovis.
1760 5884 1803 5936 Α

226 5947 421 6019 quibus
449 5949 610 6005 etiam
637 5964 742 6005 non
769 5949 1112 6006 dissentiebat
1139 5949 1486 6021 Pythagoras,
1514 5953 1635 6022 qui,
1670 5951 1802 6009 Lac-

1821 4638 1875 4698 D

1901 3899 2031 3948 tant.
2083 3901 2214 3947 teste
2249 3893 2267 3963 (
2297 3893 2332 3946 l.
2370 3892 2424 3954 I.
2453 3909 2502 3948 r.
2535 3894 2613 3960 5),
2650 3893 2812 3947 Deum
2851 3892 3085 3947 animum
3131 3887 3362 3950 dicebat,
3396 3887 3486 3956 qui

1900 3977 1996 4033 per
2053 3966 2328 4018 universas
2396 3964 2577 4018 mundi
2630 3975 2807 4034 partes
2858 3975 3179 4030 munemque
3241 3969 3485 4012 naturam

1898 4049 2216 4088 commeans
2271 4046 2426 4103 atque
2476 4033 2733 4095 dill'usus;
2767 4051 2828 4088 es
2858 4049 2964 4102 quo
3013 4033 3189 4084 munia
3217 4047 3332 4103 quae
3362 4043 3486 4103 nas-

1897 4115 2092 4176 cuntur
2119 4100 2368 4160 animalia
2395 4107 2555 4159 vitam
2605 4105 2836 4176 capiant.
2877 4100 2960 4159 ’Et
2991 4118 3117 4176 vero
3146 4100 3485 4176 Aristiden-ﬁ.

1897 4175 2155 4248 Thaletis,
2191 4181 2532 4248 Anaxagoran
2560 4173 2829 4245 Diogenis,
2860 4174 3134 4248 Heracliti,
3164 4173 3487 4248 Aleuramnis

1900 4247 2105 4302 similes
2133 4243 2410 4316 opiniones
2439 4243 2683 4303 recenset
2708 4249 2770 4309 (ι.
2805 4264 2818 4302 I
2850 4248 2912 4300 de
2937 4246 3106 4300 Aniiu.
3138 4243 3448 4316 c._‘2).4l’an.

1972 4322 2048 4388 (c)
2083 4314 2241 4373 Illum
2292 4319 2451 4372 Deum
2496 4319 2746 4373 Socratis.
2781 4319 2930 4386 Quod
2981 4315 3131 4388 Plato
3176 4314 3240 4367 de
3289 4314 3396 4365 Deo
3421 4330 3484 4388 es

1903 4386 2164 4442 sententia
2219 4390 2453 4444 Socratis
2499 4391 2708 4458 srripsit
2741 4431 2755 4453 ,
2792 4406 2893 4441 non
2920 4387 3078 4441 modo
3098 4389 3308 4458 (Ληναιοι-
3333 4386 3484 4458 ,Usi'd

1901 4463 2060 4532 etiam
2094 4461 2149 4514 ll.
2173 4461 2413 4515 Justinus
2439 4461 2514 4528 (ιιι
2550 4454 2785 4532 Apolog.)
2812 4461 3012 4514 Socrati
3043 4457 3220 4509 tribuit
3247 4473 3266 4532 ;⁸
3288 4465 3339 4506 at
3362 4454 3484 4532 ille)

1905 4531 1954 4585 in
1985 4531 2198 4596 'I'imtco,
2229 4533 2372 4586 lovis
2395 4525 2623 4585 annuam
2659 4525 2750 4600 per
2773 4533 3077 4584 universum
3107 4525 3486 4600 mundum

1904 4603 2072 4656 fusam
2102 4595 2262 4658 etiam
2287 4605 2481 4667 sentit;
2513 4595 2671 4670 queui
2717 4603 2886 4670 ipsum
2923 4609 3194 4667 parentem
3241 4606 3295 4650 et
3318 4595 3482 4670 ppili-

1903 4689 2018 4728 ccm
2073 4675 2442 4747 universorum
2471 4666 2709 4747 inventu
2738 4666 3034 4747 'dillieilent
3085 4666 3480 4747 prttnuntiavit:

1901 4745 2346 4808 quemadmodum
2368 4745 2427 4798 Β.
2463 4745 2783 4812 Augustinus
2800 4744 2961 4798 citato
2984 4736 3215 4796 libIXIll
3244 4739 3307 4812 _de
3331 4736 3483 4792 Civil.

1903 4815 2017 4875 Dei.
2049 4832 2097 4870 c.
2133 4816 2215 4869 l7.
2246 4816 2363 4881 Quo
2391 4810 2567 4869 etiam
2596 4817 2823 4884 pertinet
2853 4813 2982 4868 illud
3036 4810 3285 4884 Auctoris
3318 4823 3478 4884 supra

1901 4887 2116 4957 Apolog.
2150 4902 2201 4941 c.
2231 4887 2334 4942 47:
2374 4881 2628 4940 Platonici
2655 4885 2819 4957 Deum
2846 4882 3276 4957 intrawntnudum
3317 4881 3479 4957 collo:

1900 4950 2038 5017 cant,
2067 4950 2157 5030 qui
2178 4958 2524 5029 gubernatoris
2555 4956 2784 5026 exemplo
2809 4958 2942 5030 intra
2973 4955 3102 5008 illud
3129 4950 3482 5030 maneatquod

1901 5039 2059 5098 regat.
2081 5022 2266 5099 Nerine.
2295 5039 2376 5084 est
2403 5030 2542 5098 quod
2571 5022 2747 5084 obstet
2790 5028 2975 5080 animo:
2999 5023 3171 5099 mundi
3199 5022 3483 5092 appellatio

1902 5096 2039 5167 apud
2091 5096 2359 5154 Platonem
2387 5096 2434 5164 ;“
2455 5101 2572 5170 quia
2604 5109 2805 5154 certum
2837 5107 2938 5161 est,
2969 5096 3108 5170 apud
3147 5110 3267 5149 cum
3300 5099 3398 5146 νοῦν
3427 5100 3483 5146 et

1903 5182 2056 5239 ψυκῡν
2078 5171 2382 5240 frequenter
2411 5169 2507 5239 pro
2537 5172 2720 5224 iisdem
2749 5170 2936 5238 accipi.
2972 5169 3104 5240 Pan.

1977 5242 2040 5313 (l)
2071 5238 2311 5308 Quamvis
2337 5243 2654 5313 Atiuxagortr
2675 5241 2872 5313 turbata
2886 5239 3135 5313 sententia
3154 5247 3247 5292 cst.
3267 5238 3479 5288 Anaxa-

1903 5310 2061 5385 goras
2109 5313 2478 5368 Clazomenius
2529 5310 3003 5385 Tlialetishljlesii
3059 5310 3154 5362 fuit
3205 5315 3478 5385 sectator.

1904 5380 2142 5452 dixitque
2175 5385 2340 5438 Deum
2375 5399 2495 5439 esse
2526 5393 2758 5439 mentem
2788 5380 3198 5452 inliuit:nn,qu:e
3225 5395 3253 5432 a
3282 5380 3477 5452 seipsa

1904 5445 2166 5519 movetur,
2199 5455 2546 5525 divinumque
2574 5456 2808 5509 animum
2843 5469 3020 5507 rerum
3049 5445 3286 5504 omnium
3315 5445 3476 5500 elTec-

1907 5535 2072 5580 torem
2104 5541 2241 5580 esse.
2277 5525 2354 5580 Le
2383 5527 2476 5581 Ρη.

1980 5599 2056 5664 (g)
2090 5595 2445 5651 Universitatis
2488 5597 2718 5651 oscillum
2748 5596 2812 5648 de
2851 5595 2988 5648 illius
3025 5607 3119 5646 axe
3145 5587 3477 5664 suspendens.

1910 5639 2718 5737 961⁵ιέιὲἦὶιῖἰσέξῖἶῖὶζῐρΞῖἷρἰεξῖῖξ
2740 5639 2808 5720 ἰΙὲ
2830 5639 2999 5719 etilli};
3021 5639 3115 5728 ζ’ἱῖ
3145 5639 3291 5727 ἷξιῖιι
3314 5657 3437 5711 illud
3463 5679 3475 5711 ε

1907 5741 1959 5792 in
1991 5741 2222 5809 oscillum
2250 5741 2455 5809 penduli
2485 5742 2719 5807 impetus.
2753 5737 2888 5790 Pu.

2009 5806 2063 5879 h)
2099 5808 2206 5864 Iloc
2246 5797 2396 5862 etiam
2441 5797 2728 5863 Aristoteles
2772 5807 3052 5879 ((ινηυιιιυὶι.Δ
3092 5801 3295 5879 ᾼμψιίι
3332 5797 3472 5853 haud

1909 5874 2067 5935 dubie
2091 5883 2156 5933 ad
2189 5881 2409 5934 Aristot.
2432 5882 2465 5934 I.
2490 5882 2587 5933 Ide
2611 5881 2811 5942 Animo,
2843 5895 2890 5932 c.
2919 5879 2976 5942 ‘2,
3006 5875 3091 5930 ubi
3121 5874 3308 5928 iisdem
3345 5885 3478 5941 pene

1910 5951 2087 6008 verbis
2109 5953 2435 6021 Anaxagoran
2456 5951 2773 6006 sententiam
2799 5949 3033 6006 deducit.
3059 5947 3192 6004 Pan.
