4270 6498
732 398 835 458 667

2152 405 2611 463 TERTUILIANI

3925 411 4039 469 6ii8

730 520 806 595 (α)
828 522 956 580 Nam
982 530 1038 579 et
1063 537 1253 579 sensus
1281 523 1556 594 passiones
1580 522 1702 578 facit
1725 523 2060 580 Aristoteles.
2089 525 2325 592 Quidni?
2356 530 2399 587 Λ
2432 527 2498 579 de
2526 528 2698 579 anima
2730 529 3092 599 unusquisque
3120 531 3453 599 proscripsit.
3481 530 3546 586 Ut
3573 541 3747 587 autem
3773 542 3827 588 et
3855 547 3882 586 a
3915 532 4040 588 Deo

730 630 786 675 ct
816 621 1016 674 sentire
1038 620 1180 674 enim
1201 619 1308 689 pati
1332 619 1562 688 est.quia
1592 619 1694 689 pati
1728 620 1925 674 sentire
1961 631 2061 674 est.
2097 619 2324 674 Proinde

729 721 778 764 et
798 726 988 780 sapere.
1015 712 1219 766 sentire
1249 719 1353 771 est.
1389 721 1439 765 et
1466 712 1666 764 moveri
1687 711 1884 764 sentire.
1911 720 2025 765 est:
2061 712 2130 764 ita
2155 721 2320 765 totum

730 804 837 870 pati
889 813 990 856 est.
1049 801 1304 857 Videmus
1335 815 1514 857 autem
1550 803 1681 856 nihil
1715 803 1938 856 istorum
1969 804 2200 856 animum
2231 820 2324 858 ex-

733 895 915 963 periri.
943 904 997 946 nt
1044 911 1146 949 non
1176 906 1229 949 et
1257 896 1438 948 animo
1467 895 1759 964 deputetur
1780 938 1794 961 ,
1821 897 1944 966 quia
1975 912 2066 964 per
2096 898 2240 949 illum
2271 908 2320 951 et

729 1002 849 1041 cum
880 987 970 1040 illo
1001 986 1364 1056 tratisligatur.
1413 987 1529 1041 .lam
1563 1003 1690 1058 ergo
1723 1001 1772 1041 et
1805 991 2212 1044 commiscibilis
2241 1000 2324 1045 est

730 1079 959 1139 animus,
995 1078 1253 1132 adversus
1286 1081 1692 1148 Anaxagoram;
1724 1089 1774 1134 et
1801 1081 2093 1152 passibilis,
2129 1084 2320 1137 adver-

732 1185 824 1224 sus
852 1169 1214 1223 Aristotelem.
1244 1168 1532 1233 Carterum,
1557 1170 1631 1239 (ὁ)
1659 1171 1702 1223 si
1727 1171 1977 1226 discretio
1999 1173 2320 1237 admittitur,

732 1274 789 1318 ut
817 1265 1112 1319 substantia
1145 1264 1261 1319 dua:
1293 1278 1378 1317 res
1401 1265 1526 1327 sint,
1557 1265 1780 1317 animus
1831 1274 1988 1333 atque
2014 1268 2210 1328 anima,
2239 1268 2320 1320 al-

732 1357 897 1411 terius
925 1359 1027 1411 erit
1067 1367 1122 1412 et
1164 1358 1341 1427 passio
1366 1398 1380 1421 ,
1412 1367 1468 1410 et
1497 1373 1658 1411 sensu
1679 1372 1725 1421 s,
1758 1367 1810 1413 et
1837 1375 1997 1429 sapor
2023 1362 2196 1414 onmis
2221 1403 2234 1424 ,
2268 1371 2324 1416 et

731 1456 881 1502 actus
905 1490 919 1514 ,
950 1457 1005 1503 et
1055 1457 1266 1502 motus:
1299 1449 1518 1502 alterius
1575 1459 1750 1504 autem
1783 1452 1979 1514 otium,
2011 1463 2062 1506 et
2091 1455 2242 1522 quies
2269 1462 2323 1508 ct

731 1548 939 1608 stupor.
970 1550 1020 1593 et
1055 1541 1195 1594 nulla
1241 1541 1349 1608 jam
1378 1556 1575 1604 causa;
1606 1552 1658 1596 et
1706 1557 1797 1596 aut
1828 1547 2037 1599 aninms
2067 1546 2268 1600 vacabit
2305 1589 2318 1611 ,

729 1641 822 1686 aut
848 1633 1044 1686 anima.
1070 1633 1220 1700 Quod
1248 1634 1290 1686 si
1318 1644 1518 1688 constat
1546 1636 1805 1690 ambolms
1824 1638 1936 1692 haec
1963 1640 2136 1691 omnia
2165 1656 2321 1709 repu-

731 1726 852 1787 tari,
882 1739 1010 1794 ergo
1041 1741 1201 1778 unum
1238 1737 1395 1779 erunt
1421 1739 1706 1798 utrumque
1733 1771 1747 1795 ,
1779 1740 1830 1783 et
1864 1730 2197 1785 Democritus
2219 1734 2316 1783 ob-

732 1816 916 1870 tiuebit
943 1857 957 1882 ,
989 1816 1343 1872 dili‘ercntiam
1399 1819 1592 1874 tollens
1618 1862 1632 1883 ,
1663 1831 1714 1875 et
1757 1835 2028 1890 quazretnr
2051 1817 2321 1893 quomodo

2431 619 2629 682 discas,
2662 620 2746 688 (ιι)
2778 621 3008 674 animam
3064 622 3203 676 Deus
3255 637 3471 693 semper
3513 624 3849 695 adloquitur;
3909 629 4033 680 ani-

2430 727 2570 765 mam
2601 714 2893 784 compellat
2917 725 3074 784 atque
3101 714 3348 781 advocat,
3368 717 3678 772 utanimum
3695 719 3796 773 sibi
3823 717 4031 774 adver-

2432 814 2526 858 tat.
2573 808 2639 870 (c)
2675 804 2822 860 lllatn
2875 807 3074 860 salvam
3122 810 3267 862 venit
3314 810 3489 864 facere
3528 810 3810 871 Christus.
3879 812 4033 865 illam

2434 898 2658 966 pcrdcte
2690 899 2741 951 in
2772 900 3069 968 gehennam
3110 901 3506 965 comminatur,
3541 902 3684 956 illam
3718 904 3886 971 pluris
3912 904 4036 958 lieri

2427 999 2589 1054 velat,
2617 990 2763 1044 illam
2786 1001 2841 1044 et
2870 991 2984 1060 ipse
3015 992 3187 1046 bonus
3235 1002 3418 1060 pastor
3467 1007 3563 1061 pro
3590 994 3885 1062 pecudibus
3915 996 4040 1048 suis

2428 1083 2595 1150 ponit.
2633 1082 2807 1136 Ilabes
2834 1083 3024 1136 anima:
3047 1083 3498 1153 principalitatem
3523 1124 3539 1150 ,
3575 1083 3739 1139 habes
3771 1085 3821 1137 in
3855 1085 3940 1137 illa
3973 1095 4042 1140 et

2425 1175 2740 1230 substantia:
2775 1177 3026 1229 unionem
3061 1215 3075 1236 .
3102 1175 3258 1245 cujus
3287 1175 3554 1247 intelligas
3611 1176 4036 1232 instrumentum

2426 1282 2545 1322 esse
2565 1268 2800 1321 animum
2832 1311 2845 1332 ,
2871 1282 2977 1321 non
3010 1269 3386 1338 patrocinium.

3019 1358 3250 1415 CAPUT
3288 1359 3428 1413 XIV.

2499 1449 2796 1519 Singularis
2835 1449 3068 1518 alioquin
3097 1459 3150 1504 et
3177 1451 3426 1519 simplex,
3460 1458 3516 1505 et
3543 1449 3610 1505 de
3640 1464 3738 1505 suo
3771 1460 3878 1506 tota
3904 1461 4033 1515 est;

2427 1559 2534 1598 non
2565 1544 2732 1613 magis
2757 1544 3074 1598 instruetilis
3101 1542 3338 1604 aliunde.
3364 1559 3520 1612 quam
3550 1543 3835 1598 divisibilis
3857 1561 3920 1598 ex
3943 1560 4034 1608 se.

2425 1635 2546 1704 quia
2571 1650 2666 1689 nec
2682 1634 3036 1690 dissolubilis.
3056 1634 3110 1690 Si
3129 1636 3270 1689 enim
3291 1636 3567 1700 structilis,
3587 1648 3638 1691 et
3663 1636 4035 1697 dissolubilis;

2425 1729 2470 1779 si
2499 1725 2843 1788 dissolubilis,
2876 1725 2987 1794 jam
3019 1742 3122 1779 non
3153 1727 3489 1782 immortalis.
3521 1725 3736 1796 Itaque,
3769 1728 3890 1795 quia
3921 1745 4039 1781 non

2426 1817 2685 1880 mortalis,
2720 1832 2891 1886 neque
2916 1817 3264 1882 dissolubilis,
3297 1831 3470 1886 neque
3489 1816 3789 1871 divisihilis.
3821 1817 3947 1872 Nam
3978 1830 4040 1871 et

731 1924 896 1962 unum
947 1919 1228 1980 utrmnquc
1253 1954 1266 1976 ,
1299 1927 1364 1965 ex
1395 1911 1619 1966 duarum
1667 1913 2084 1969 substantiarnm
2131 1920 2317 1992 cupiu-

2445 1907 2587 1961 lividi
2616 1907 2833 1962 dissolvi
2863 1917 2948 1964 est
2971 1951 2986 1974 ,
3029 1921 3082 1963 et
3109 1908 3325 1962 dissolvr
3349 1911 3484 1963 mari
3511 1920 3614 1963 est.
3645 1909 3919 1964 l)iridctur
3945 1913 4041 1980 (5)

732 2003 906 2067 sione,
945 2018 1010 2056 an
1042 2018 1107 2056 ex
1158 2005 1312 2058 unius
1344 2005 1714 2074 dispositione.
1746 2007 1854 2062 Nos
1884 2019 2061 2062 autem
2085 2013 2322 2064 animum

732 2095 802 2148 ita
843 2095 1071 2149 dicimus
1098 2096 1291 2150 animae
1317 2108 1648 2162 concretum,
1681 2116 1783 2153 non
1833 2109 1888 2154 ut
1917 2101 2208 2156 substantia
2243 2106 2323 2173 (I)

739 2189 923 2256 alium,
951 2190 1044 2245 sed
1071 2201 1121 2243 nt
1156 2191 1463 2245 substantia:
1495 2191 1748 2245 officium.

1316 2283 1541 2340 CAPUT
1597 2285 1734 2340 XIII.

805 2373 884 2427 Ad
920 2374 1019 2428 hoc
1050 2374 1317 2446 dispicere
1344 2388 1608 2446 superest,
1637 2380 2002 2447 principalitas
2039 2381 2124 2434 ubi
2157 2383 2248 2448 sit,
2276 2382 2325 2437 id

733 2475 834 2530 est,
877 2465 964 2534 qui
985 2465 1065 2538 (9.)
1097 2467 1180 2521 cui
1207 2478 1420 2536 prmcst,
1441 2467 1664 2538 utcujus
1684 2471 2046 2540 principalitas
2068 2488 2331 2542 apparue-

732 2557 822 2618 rit,
850 2557 937 2610 illa
957 2559 1356 2614 sitsubstantize
1378 2575 1586 2624 massa;
1615 2561 1664 2615 id
1686 2572 1860 2618 autem
1890 2565 1973 2617 cui
2004 2580 2176 2619 massa
2205 2567 2328 2620 sub.

737 2649 948 2703 stantia-
981 2651 1215 2718 praeerit,
1240 2651 1475 2706 ol‘licinm
1505 2653 1745 2708 naturale
1767 2655 2080 2709 substantize
2101 2657 2327 2726 depute-

733 2751 840 2796 tur.
863 2741 1173 2805 Enimvero,
1188 2745 1306 2813 quis
1321 2759 1423 2797 non
1443 2745 1634 2800 anima:
1647 2746 1796 2800 dabit
1812 2763 2073 2802 summam
2089 2764 2326 2816 omnem,

732 2832 887 2900 cujus
921 2834 1138 2887 nomine
1170 2836 1332 2888 totius
1375 2835 1609 2890 hominis
1642 2839 1841 2892 mentio
1873 2839 2081 2893 tilulata
2111 2843 2228 2894 cst?
2257 2845 2330 2911 (c)

733 2925 972 2992 Quantas
984 2927 1190 2981 animas
1211 2943 1389 2997 pasco,
1410 2930 1484 2982 ait
1501 2930 1670 2991 dives.
1689 2947 1792 2984 non
1807 2931 2036 2993 animos;
2057 2941 2112 2986 et
2125 2935 2333 2988 animas

735 3021 910 3074 salvas
940 3023 1438 3091 optatgnbernator
1469 3065 1483 3088 ,
1517 3039 1620 3078 non
1647 3026 1854 3080 animos
1881 3043 1894 3092 ;
1937 3036 1992 3082 et
2013 3030 2248 3084 rusticus
2279 3045 2331 3082 tu

735 3127 917 3183 opere,
949 3122 1004 3168 et
1037 3114 1086 3167 iu
1120 3115 1305 3184 praelia
1331 3117 1486 3171 miles
1517 3159 1532 3182 ,
1561 3119 1791 3172 animam
1823 3133 1911 3184 se,
1962 3137 2066 3173 non
2097 3123 2331 3176 animum

737 3221 938 3276 ponere
959 3207 1228 3262 adﬁrmat.
1265 3206 1430 3278 Cujus
1461 3210 1817 3264 nominatoria
1853 3213 2086 3280 pericula
2113 3224 2203 3266 aut
2239 3231 2331 3268 vo-

2430 2011 2605 2054 autem
2641 2001 2690 2054 iii
2723 2009 2903 2072 partes
2937 2001 3030 2071 (ί),
3063 2017 3201 2055 nunc
3228 2003 3278 2054 in
3315 2001 3448 2055 duas
3473 2017 3502 2055 a
3535 2001 3777 2066 Platone,
3809 2019 3945 2056 nunc
3983 2008 4040 2056 iu

2433 2103 2538 2146 tres
2570 2110 2595 2144 ει
2619 2092 2834 2148 Zenone
2854 2134 2868 2156 ,
2896 2109 3036 2148 nunc
3084 2095 3134 2148 in
3157 2095 3392 2163 quinque
3425 2104 3478 2149 et
3509 2095 3558 2148 in
3590 2109 3682 2149 sex
3709 2110 3737 2148 a
3767 2095 4040 2158 Panaetio,

2431 2185 2509 2256 (g)
2539 2187 2588 2238 in
2622 2196 2824 2255 septem
2853 2202 2881 2238 a
2905 2185 3132 2247 Sorano,
3154 2189 3315 2242 etiam
3351 2189 3403 2241 in
3428 2197 3551 2242 octo
3583 2202 3747 2255 penes
3775 2188 4017 2257 Chrys-ip

2433 2294 2580 2348 pntn,
2613 2281 2772 2332 etiam
2806 2281 2856 2333 in
2891 2294 3085 2333 novem
3117 2281 3198 2350 (Ιι)
3226 2295 3394 2351 penes
3427 2280 3856 2349 Apollophanem
3879 2322 3892 2344 ,
3933 2282 4045 2334 sed

2433 2371 2484 2425 in
2517 2371 2701 2425 decem
2732 2369 2871 2442 apud
2899 2371 3158 2440 quosdam
3187 2371 3493 2426 Stoicorum
3526 2413 3539 2434 ,
3572 2383 3626 2426 et
3653 2373 3703 2425 in
3741 2372 3875 2425 duas
3913 2387 4045 2424 ain-

2433 2462 2570 2532 plius
2597 2461 2736 2531 apud
2773 2462 3139 2526 Posidonium,
3166 2463 3289 2532 quia
3335 2480 3361 2514 a
3390 2462 3600 2516 duobus
3649 2477 3872 2517 exorsus
3900 2462 4046 2515 titu-

2434 2553 2498 2606 lis
2531 2595 2545 2618 ,
2580 2553 2901 2624 principali,
2955 2554 3097 2623 quod
3142 2556 3291 2607 aiunt
3334 2562 3605 2626 ἡγεμονικὸν
3634 2596 3648 2620 ,
3700 2565 3754 2609 et
3791 2571 3819 2609 a
3869 2557 4048 2609 ratio-

2435 2645 2563 2709 nali,
2597 2643 2738 2713 quotl
2766 2646 2916 2698 aiunt
2945 2654 3146 2710 λογικὸν,
3177 2644 3230 2698 in
3263 2645 3544 2700 duodecim
3579 2646 3661 2717 (4)
3689 2645 3881 2700 exinde
3907 2662 4050 2716 pro-

2435 2739 2607 2791 secuit
2630 2753 2641 2786 :
2663 2736 2732 2790 ita
2748 2738 2798 2788 in
2816 2737 2896 2805 (ὅ)
2915 2737 3046 2790 alias
3063 2751 3126 2791 ex
3148 2737 3267 2790 aliis
3279 2739 3490 2806 species
3511 2737 3752 2792 dividunt
3771 2739 4022 2792 animam
4037 2782 4050 2792 .

2437 2830 2755 2900 Hujusmodi
2777 2839 2952 2883 autem
2979 2871 2994 2894 ,
3025 2845 3132 2883 non
3181 2838 3288 2884 tam
3322 2839 3500 2898 partes
3522 2830 3713 2885 anima:
3759 2830 4050 2885 habebun-

2440 2932 2547 2988 tur,
2577 2937 2735 2992 quam
2773 2925 2911 2975 vires
2933 2931 2986 2976 et
3015 2921 3268 2976 efﬁcacia:
3294 2932 3347 2976 et
3375 2937 3554 2992 Operae
3581 2965 3598 2989 ,
3641 2925 3777 2977 sicut
3804 2924 3872 2977 de
3912 2925 4056 2994 qui-

2437 3015 2662 3071 busdam
2685 3023 2737 3068 et
2775 3015 3093 3069 Aristoteles
3117 3013 3394 3084 judicaiit.
3450 3014 3565 3070 Non
3594 3016 3736 3070 enim
3790 3015 4054 3070 membra

2438 3119 2563 3163 sunt
2588 3109 2904 3163 substantiae
2921 3108 3197 3172 animalis,
3224 3108 3320 3164 sed
3354 3110 3600 3180 ingenia:
3634 3118 3694 3164 ut
3720 3110 4052 3171 matorium,

2441 3214 2498 3257 nt
2523 3203 2786 3258 actorium
2812 3244 2826 3267 ,
2857 3212 2914 3256 ut
2939 3202 3336 3272 cogitatorium,
3371 3203 3492 3258 etsi
3538 3217 3640 3270 qua
3674 3203 3724 3256 in
3750 3202 3892 3256 hunc
3919 3218 4060 3258 ιιιυ-

738 3307 790 3353 ta
818 3308 975 3362 sunt,
1023 3300 1186 3353 animi
1236 3315 1301 3353 an
1335 3303 1565 3355 animiet
1596 3302 1731 3369 Quid
1761 3314 1936 3358 autem
1967 3319 2126 3372 agere
2148 3305 2332 3360 dicun-
2364 3312 2408 3374 (ζ
2443 3295 2568 3350 dum
2623 3293 2987 3361 αἰειίιιιζιιυιιις
3028 3303 3084 3346 ιιι
3136 3302 3190 3347 ει
3242 3293 3338 3360 ίιιεὶ
3369 3293 3442 3346 illi
3488 3293 3722 3363 quinque
3769 3295 4060 3348 ιιθιίεεῖηιί

740 3402 826 3447 tur
855 3393 1155 3448 moribundi
1180 3437 1193 3456 ,
1228 3396 1465 3449 animum
1519 3412 1584 3450 an
1625 3399 1894 3451 animam?
1927 3399 2025 3467 Ipsi
2068 3409 2338 3467 postremo

741 3485 1062 3556 philosophi,
1093 3487 1298 3557 ipsique
1319 3489 1529 3551 medici,
1560 3490 1804 3556 quamvis
1831 3490 1898 3545 de
1928 3492 2107 3546 animo
2125 3507 2339 3561 quoque

738 3578 1055 3650 diSpntaturi
1073 3621 1088 3647 ,
1121 3578 1312 3636 faciem
1338 3591 1513 3636 tamen
1536 3583 1716 3652 operis
1745 3584 2082 3653 Irontetnqne
2105 3585 2341 3641 materia:

2442 3402 2653 3451 senSiis,
2682 3387 2849 3452 visus,
2881 3386 3116 3450 auditus,
3143 3395 3351 3454 gustus,
3387 3394 3580 3447 tactus.
3605 3384 3882 3439 odoratus.
3910 3385 4063 3453 Qni-

2445 3485 2542 3538 bus
2570 3481 2839 3545 omnibus,
2863 3480 2964 3534 etsi
2993 3488 3141 3533 certa
3173 3479 3398 3548 singulis
3413 3479 3682 3534 domicilia
3714 3479 3765 3532 iu
3807 3493 4064 3549 corpore

2448 3577 2944 3634 detet‘minaverunt
2971 3615 2986 3640 ,
3016 3573 3080 3645 (i)
3108 3590 3213 3627 non
3245 3572 3445 3628 idcirco
3475 3571 3591 3628 hanc
3619 3587 3830 3642 quoque
3857 3571 4064 3626 distri-

1913 3676 2288 3734 LECTIONES
2332 3671 2740 3732 VARIANTES.

826 3854 855 3900 2

806 3915 859 3980 (3

900 3789 1193 3838 Substantitr
1213 3791 1364 3840 Fran.

901 3850 1147 3917 Quidﬁig.
1183 3855 1349 3903 Venet.

905 3910 1152 3965 Dividitur
1171 3917 1314 3965 Pam.
1341 3910 1494 3965 Seml.

861 3790 881 3980 ἒ

2498 3788 2570 3851 (4)
2597 3797 2775 3851 necem
2802 3797 2854 3839 et
2875 3795 3068 3850 septem
3092 3793 3212 3840 Par.
3243 3788 3431 3839 Decem
3448 3790 3570 3839 Jun.

2503 3850 2575 3918 (5⁷)
2608 3850 2680 3901 Ita
2703 3851 2812 3901 aliae
2836 3858 2997 3902 Venet.

2090 4010 2652 4071 COMMENTARIUS.

819 4127 890 4196 (a)
939 4126 1073 4180 Nmn
1101 4137 1144 4180 et
1167 4142 1340 4180 sensus
1379 4127 1656 4196 passiones.
1687 4132 1789 4178 etc.
1819 4124 1988 4196 [labet
2013 4126 2150 4181 istud
2176 4125 2315 4180 idem

744 4195 1059 4254 Aristoteles
1082 4197 1173 4251 lib.
1209 4197 1269 4249 de
1291 4195 1460 4249 animo
1485 4211 1601 4265 cap.
1633 4197 1667 4250 5
1694 4215 1704 4248 :
1745 4217 1762 4246 ι
1797 4195 1878 4250 Fit
1906 4198 2102 4266 itaque.
2125 4199 2315 4264 inquit,

744 4286 934 4324 sensus
959 4284 1077 4324 cmn
1112 4279 1352 4322 movetur
1378 4279 1538 4338 atque
1567 4269 1760 4333 patitur
1789 4269 2020 4336 aliquid;
2057 4283 2175 4321 nam
2210 4270 2322 4337 ipse

744 4356 953 4405 sensus,
987 4340 1231 4394 alteratio
1261 4337 1500 4408 quaedam
1530 4353 1648 4392 esse.
1676 4340 1901 4391 videtur.
1937 4359 1953 4389 ι
1980 4339 2130 4406 Quod
2160 4343 2200 4392 si
2235 4356 2297 4392 ve

747 4427 862 4467 rum
915 4423 997 4465 est
1023 4456 1036 4472 .
1070 4412 1239 4482 inquit
1287 4415 1484 4463 Ant-tor
1508 4451 1522 4475 ,
1560 4426 1679 4462 cum
1730 4409 1857 4462 nihil
1901 4413 2118 4462 istorum
2152 4414 2325 4464 anima

746 4483 976 4552 patiatur
1003 4484 1117 4538 sine
1147 4484 1343 4540 animo,
1370 4482 1477 4550 jam
1532 4496 1656 4549 ergo
1688 4482 1951 4549 prissnbilis
1981 4490 2064 4536 est
2091 4482 2324 4547 animus,

751 4566 937 4610 contra
962 4570 1117 4618 quam
1147 4552 1311 4606 sentit
1337 4553 1666 4605 Aristoteles.
1700 4552 1836 4604 ΡΛιΙ.

824 4625 902 4696 (b)
936 4625 996 4680 Si
1026 4625 1581 4696 discretioradmittitur.
1613 4620 2161 4696 Prol‘cranturreornm
2193 4623 2335 4677 dein-

751 4712 878 4763 ceps
929 4697 1163 4751 rationes
1195 4695 1282 4765 qui
1310 4696 1542 4748 animum
1587 4703 1640 4746 et
1678 4695 1908 4765 animam
1940 4695 2245 4762 discrepare
2273 4711 2336 4749 ac

750 4768 963 4821 diﬂ‘crrc
991 4769 1169 4822 dicunt
1194 4764 1332 4821 :bas
1358 4766 1514 4818 habet
1537 4773 1592 4819 et
1614 4766 1860 4834 proponit
1889 4764 2215 4830 Lactantius,
2241 4765 2334 4820 lib.

754 4839 824 4894 18
852 4839 914 4891 de
937 4841 1065 4905 opif.
1106 4838 1216 4892 Dei.
1250 4837 1324 4891 LF.
1354 4837 1446 4890 I'n.

826 4909 978 4964 CAP.
1018 4909 1158 4963 XIII.
1187 4940 1258 4981 ετ
1289 4906 1364 4981 (c)
1399 4907 1628 4981 Quantas
1655 4906 1855 4981 animus
1880 4922 2049 4972 pasco,
2082 4909 2151 4981 ait
2179 4908 2333 4981 dives.

754 4979 896 5034 Istud
926 4997 992 5034 ex
1029 4980 1196 5036 Plauti
1229 4977 1400 5044 Pluto,
1448 4988 1537 5031 ant
1565 4979 1669 5030 alio
1699 4977 1946 5045 quopiam
1992 4980 2217 5040 comico,
2248 4980 2340 5032 dc-

755 5061 1022 5120 sumptum
1055 5061 1151 5105 cst.
1183 5051 1237 5104 In
1267 5065 1330 5103 ro
1351 5060 1525 5104 autem
1551 5047 1861 5120 quoil_adtlit
1893 5064 1906 5098 :
1934 5049 2153 5100 animum
2173 5066 2336 5119 agere,

756 5117 965 5176 videtur
995 5124 1188 5176 imitari
1219 5120 1550 5184 Ciceronem,
1572 5117 1610 5172 l.
1642 5118 1660 5172 l
1687 5117 1890 5171 Tuscul.
1911 5129 2088 5186 quiest.
2121 5117 2302 5174 tibi‘ait
2327 5138 2337 5172 :

764 5213 783 5246 ι
819 5193 1052 5246 Animam
1079 5202 1277 5254 autem,
1329 5193 1486 5244 etiarn
1540 5193 1777 5244 animum
1808 5191 1918 5244 fere
1948 5193 2111 5243 nostri
2163 5193 2340 5245 decla-

759 5275 881 5318 rant
910 5264 1206 5327 nominari;
1254 5277 1372 5315 nam
1402 5270 1453 5314 et
1501 5277 1649 5330 agere
1677 5262 1902 5314 animum
1933 5261 2178 5317 dicimus.
2225 5262 2342 5330 Ipse

760 5345 936 5389 autem
965 5336 1174 5388 animus
1200 5334 1266 5384 ab
1291 5333 1460 5386 animo
1490 5333 1661 5386 dictus
1692 5341 1793 5385 est.
1825 5350 1843 5382 ι
1880 5330 2014 5384 Pan.

833 5407 918 5475 (d)
944 5407 1177 5460 Animam
1209 5402 1345 5475 Deus
1372 5418 1566 5475 semper
1580 5403 1895 5475 adloquitur.
1913 5402 2138 5475 Adludit
2158 5403 2224 5458 ad
2249 5419 2343 5459 eas

761 5472 1056 5543 scripturas
1080 5474 1419 5546 Irequentiss.
1453 5472 1504 5526 in
1537 5474 1686 5546 libris
1712 5472 1920 5546 Levitici
1963 5484 2016 5546 et
2049 5474 2234 5536 Num.,
2280 5491 2343 5530 ac

763 5550 888 5602 alibi
912 5549 976 5601 de
998 5544 1297 5613 unimanum
1314 5544 1612 5613 peccaverit,
1644 5554 1698 5597 et
1725 5545 1944 5598 similes.
1966 5544 2095 5598 Item
2120 5549 2182 5600 ad
2218 5547 2347 5601 illud

764 5618 1087 5690 psalmaﬁi'
1121 5616 1422 5690 Dicnnimw
1442 5630 1598 5690 mete;
1632 5615 1786 5669 Salus
1800 5624 2003 5690 istach
2031 5635 2160 5672 sum.
2184 5617 2321 5673 Plut.

839 5691 917 5758 (c)
955 5687 1107 5741 Illam
1156 5689 1347 5760 salvam
1393 5686 1521 5760 venit
1567 5686 1731 5760 facere
1789 5683 2037 5740 Christus.
2111 5690 2348 5760 Reliqua:

769 5757 1046 5826 scripturae
1077 5801 1090 5820 ,
1123 5774 1255 5828 quas
1300 5757 1386 5828 hic
1411 5757 1560 5828 citat,
1584 5757 1714 5810 satis
1742 5764 1880 5828 notae
1908 5769 2033 5811 sunt
2066 5777 2076 5812 :
2124 5757 2259 5814 Luc.
2283 5761 2344 5828 II,

771 5829 959 5884 Matth.
989 5829 1064 5899 X,
1085 5838 1138 5882 et
1157 5827 1312 5881 lonn.
1338 5826 1408 5880 Χ.
1430 5827 1555 5880 Illud
1585 5843 1732 5893 vero,
1766 5827 1905 5879 illuni
1934 5831 2094 5899 pluris
2128 5833 2235 5895 ﬁeri
2266 5826 2347 5886 tte;

772 5913 860 5960 (at,
891 5898 1292 5973 paraphasticas
1323 5899 1496 5973 vertit,
1541 5913 1636 5973 pro
1659 5913 1724 5952 eo
1752 5899 1911 5966 quod,
1936 5898 2066 5973 an.
2099 5902 2236 5968 XIV,
2260 5904 2348 5973 ju-

774 5973 929 6026 betur
954 5969 1280 6025 cbristianus
1305 5969 1484 6023 odisse
1515 5968 1749 6023 animam
1779 5983 1951 6036 suam,
1988 5972 2087 6027 hoc
2115 5984 2216 6040 est,
2245 5968 2348 6030 non

2429 4271 2660 4335 explicat
2690 4272 2846 4339 paulo
2874 4281 2992 4338 post
3017 4270 3236 4332 Auctor,
3254 4281 3375 4339 eum
3398 4267 3561 4320 dicit:

2425 4129 2594 4198 pluris
2627 4127 2800 4182 facere
2822 4142 2978 4197 quam
3005 4127 3191 4198 licunt.
3220 4125 3356 4179 Pu.

2507 4199 2656 4253 (IAP.
2686 4195 2900 4252 XIVQ—
2925 4198 2988 4268 (Γ)
3022 4195 3282 4250 Dividetur
3321 4205 3486 4268 autem
3511 4195 3562 4248 in
3605 4205 3794 4268 partes.
3827 4195 3898 4268 se
3931 4197 4072 4265 ipse

3651 4267 3907 4334 ujusntodt'
3949 4286 4034 4321 au
4047 4303 4069 4312 -

2433 4352 2529 4394 tein
2559 4357 2656 4393 non
2680 4337 2780 4393 tum
2799 4337 2967 4413 partes
3038 4340 3223 4413 animi?
3262 4337 3611 4413 habebuntur,
3661 4339 4013 4413 quamnon-fa
4052 4383 4068 4402 ,

2436 4422 2481 4465 et
2504 4413 2768 4482 t'f/icuciw.
2799 4407 3064 4481 etaperto.
3089 4408 3241 4464 Unde
3289 4419 3345 4465 et
3377 4408 3650 4463 stseum
3693 4407 3853 4482 [μιν
3914 4408 4070 4463 ΡΙιὶ-

2439 4479 2602 4536 Ιοδξϐ
2652 4483 2685 4537 8
2725 4501 2737 4536 :
2778 4503 2794 4534 ι
2831 4479 3086 4547 animam,
3123 4483 3310 4550 inquit,
3345 4481 3396 4535 in
3426 4484 3672 4546 virtutes,
3699 4479 4061 4550 vclspccics,

2364 4544 2411 4602 Ι)
2439 4556 2517 4607 vel
2551 4566 2723 4620 partes
2753 4554 3011 4608 dividunt.
3056 4544 3081 4603 ι⁷
3119 4544 3249 4605 I’Ai.

2514 4624 2590 4696 (ε)
2624 4623 2687 4677 1η
2716 4635 2904 4692 septem
2951 4641 2982 4676 a
3032 4623 3255 4696 Sorano.
3297 4621 3497 4676 Desunt
3548 4622 3666 4677 libri
3711 4631 3944 4696 quatuor
3990 4626 4065 4680 de

2443 4693 2623 4749 Anima
2643 4739 2653 4754 ,
2687 4711 2821 4765 quos
2847 4695 3148 4763 composuit
3177 4694 3433 4765 Soranus,
3457 4709 3600 4765 quos
3627 4709 3785 4764 supra
3835 4693 4065 4762 allega-

2441 4769 2513 4820 vit
2546 4763 2762 4820 Anctor.
2784 4766 2959 4834 Quare
2983 4777 3186 4820 certum
3207 4764 3331 4834 quid
3363 4765 3429 4817 de
3455 4763 3613 4835 hujus
3638 4763 3901 4819 sententia
3932 4776 4064 4820 sta-

2443 4849 2591 4892 tuere
2624 4853 2847 4906 nequeo,
2881 4840 2987 4891 imo
3018 4837 3232 4890 necnisi
3259 4849 3399 4906 Casca
3454 4847 3677 4904 possunt
3731 4839 4065 4903 conjectura

2442 4911 2583 4964 duci.
2610 4905 2878 4971 Fortasse,
2908 4919 2964 4961 ut
2989 4909 3256 4962 Panaetius
3277 4909 3340 4959 ad
3367 4905 3686 4960 divisionem
3719 4906 3771 4960 in
3790 4905 4071 4976 quinque

2443 4980 2851 5052 δυιιςιιςίτιιίὶιὶυίι
2878 4989 2931 5052 τὸ
2957 4989 3250 5052 inpolitum“,
3283 4987 3418 5032 teste
3445 4976 3694 5052 Nemesio
3717 4974 4066 5052 ;__SCI'_allilS,

2445 5062 2501 5104 ut
2529 5046 2765 5103 medicos
2785 5092 2797 5108 .
2829 5046 3133 5106 adtlitlilriv
3158 5059 3519 5119 cumanis»;
3553 5049 3648 5103 sed
3679 5046 3858 5119 adhuc
3873 5049 4071 5106 levem

2446 5122 2582 5176 bzme
2604 5123 2962 5189 smpieiouneiii
3009 5138 3114 5175 non
3141 5117 3352 5173 allii-mo
3375 5161 3389 5183 ,
3415 5120 3515 5173 etsi
3549 5121 3804 5189 plauserit
3831 5117 4069 5178 Junius.

2446 5193 2612 5246 Porro
2638 5197 2836 5247 Seneca
2869 5201 3071 5259 septem
3101 5203 3276 5258 partes
3321 5201 3526 5244 tantum
3583 5191 3848 5246 dissidens
3872 5206 3900 5244 a
3941 5196 4075 5250 suis

2444 5263 2636 5318 Stoicis
2659 5264 2922 5328 distinxit,
2952 5279 3068 5332 cap.
3098 5262 3186 5318 92.
3211 5261 3342 5317 Lac.

2520 5336 2604 5403 (Ii)
2639 5333 2798 5390 Penes
2826 5331 3251 5401 Apollophunem.
3296 5339 3375 5387 An
3422 5331 3661 5386 medicus
3710 5333 3796 5387 illc
3850 5343 3940 5388 est
3996 5336 4075 5392 de

2447 5421 2553 5476 quo
2574 5406 2710 5459 Plin.
2743 5405 2835 5460 lib.
2867 5403 3045 5465 XXII,
3097 5421 3146 5459 c.
3185 5406 3268 5468 ll,
3319 5419 3394 5476 an_
3418 5405 3802 5476 philosophus.
3853 5407 3954 5474 qui
3999 5411 4076 5462 de

2488 5477 2684 5548 liysicis
2706 5478 2939 5545 scripsit,
2965 5486 3097 5530 teste
3127 5477 3359 5544 Diogene
3376 5474 3579 5548 Laert;
3602 5490 3671 5530 an
3696 5475 3857 5548 eﬁam
3879 5480 4038 5545 Apul
4059 5513 4074 5520 -

2471 5544 2708 5616 opliaiies
2732 5544 2893 5616 quiB.
2919 5548 3226 5618 Dionysium
3253 5547 3606 5601 comitabatur
3634 5548 3684 5600 in
3709 5544 3983 5617 Egyptii,
4014 5563 4077 5607 ει

2453 5620 2503 5672 in
2537 5621 2666 5672 urbe
2699 5618 2970 5687 Hieropoli
3017 5617 3140 5672 cum
3171 5633 3236 5672 eo
3293 5618 3748 5689 obsmtrationeun
3771 5617 3903 5689 solis
3965 5637 4074 5689 pa-

2453 5691 2615 5764 tiente
2643 5689 2854 5764 Christo
2887 5691 3108 5745 Domino
3130 5689 3414 5764 conSpexit
3442 5730 3458 5753 ,
3493 5687 3560 5744 de
3594 5702 3702 5758 quo
3725 5687 3781 5742 Β.
3827 5687 4078 5764 Dioriys.

2451 5763 2604 5833 cpist.
2639 5760 2704 5833 ad
2750 5761 3098 5833 Polycarpum
3127 5761 3150 5810 ν
3180 5760 3255 5814 LE
3299 5760 3393 5812 PR.

2525 5835 2590 5902 (i)
2626 5831 2745 5886 Non
2773 5829 3119 5887 idcirco‘ilttec
3166 5848 3359 5901 quoque
3414 5829 3699 5886 distributio
3749 5833 3949 5886 anima:
4008 5838 4084 5888 ad

2456 5907 2639 5957 animm
2653 5905 2895 5958 sectione:
2925 5904 3208 5972 pertinebit.
3237 5902 3326 5957 Sic
3341 5903 3558 5956 omnino
3580 5902 3773 5972 legitur
3792 5903 3845 5956 in
3869 5919 4080 5960 exem-

2461 5977 2613 6047 plari.
2646 5975 2828 6044 Neque
2857 5983 2936 6031 est
2963 5974 3104 6046 quod
3155 5972 3487 6030 oIfendanmr
3516 5975 3840 6043 repetitione
3897 5991 4087 6031 voca-
