4270 6498
190 417 301 477 673

1515 421 1716 481 LIBER
1765 420 1851 480 DE
1891 419 2127 477 ANIMA.

3381 427 3486 483 674

189 537 344 594 Plato
373 537 549 592 solum
577 534 837 592 rationale
863 533 1027 598 dicat,
1058 533 1186 588 utin
1212 535 1387 588 anima
1414 535 1504 590 Dei
1527 539 1710 607 ipsius,
1743 540 1786 595 si
1819 540 1864 600 Λ
1895 535 1987 590 sed
2033 551 2096 589 es
2132 533 2216 589 illa
2262 549 2420 604 quam
2451 535 2695 592 diabolus
2735 537 2960 602 induxit,
2993 539 3239 595 dominus
3285 551 3339 596 et
3371 544 3482 610 ipse

191 645 290 685 nos
317 630 480 684 etiam
515 628 820 684 irrationale
850 637 1056 681 natura:
1109 625 1465 683 adscribimus
1513 629 1591 700 (I)
1621 647 1780 701 quam

187 739 219 778 a
264 725 372 780 Deo
397 724 574 778 anima
604 731 783 777 nastra
819 721 1005 775 sortita
1046 730 1129 776 est
1153 761 1168 786 ,
1199 736 1352 791 mque
1382 725 1691 779 irrationale
1717 724 1784 780 de

190 817 304 872 Deo
331 818 434 872 erit
463 858 477 882 ,
507 825 692 886 utpote
723 815 988 878 naturale,
1015 815 1138 884 quia
1172 824 1378 870 natura:
1433 817 1570 872 Deus
1598 830 1785 874 auctor

187 919 293 965 est.
321 908 429 964 Sed
471 909 614 963 cnim
640 923 670 961 a
703 907 918 962 diabolo
949 907 1211 961 immissio
1227 907 1406 963 delicti
1435 925 1448 974 ;
1481 909 1786 966 irrationale

188 1012 370 1058 autem
391 1017 553 1058 omne
577 1001 828 1058 delictum
859 1018 871 1055 :
907 999 1069 1070 igitur
1113 1017 1142 1054 a
1192 999 1405 1056 diabolo
1453 1003 1782 1071 irrationale,

187 1112 218 1150 a
247 1111 357 1165 quo
376 1104 432 1150 et
453 1094 707 1149 delictum
739 1109 753 1156 ;
786 1103 1106 1148 extraneum
1135 1107 1162 1146 a
1203 1093 1329 1158 Deo,
1360 1109 1388 1147 a
1417 1110 1524 1165 quo
1544 1106 1624 1150 est
1653 1096 1786 1151 irra-

188 1188 393 1244 tionale
416 1187 672 1243 alienum.
706 1185 936 1242 Proinde
960 1187 1246 1242 diversitas
1273 1187 1464 1243 horum
1483 1206 1546 1245 ex
1576 1191 1784 1246 distan-

188 1281 261 1333 tia
285 1289 589 1336 auctorum.
617 1279 868 1343 Proinde,
896 1293 1017 1334 cum
1041 1279 1213 1346 Plato,
1237 1280 1336 1334 soli
1366 1280 1472 1335 Deo
1495 1295 1784 1353 segregans

187 1374 472 1438 rationale,
515 1373 622 1426 duo
640 1387 836 1443 genera
861 1372 1228 1428 subdividites
1247 1375 1518 1436 rationali.
1542 1376 1757 1446 indigna
1772 1407 1786 1422 ο

185 1467 354 1522 tirnm
378 1465 519 1535 quod
536 1465 809 1535 appellant
836 1467 1055 1533 θυμικὸν,
1079 1467 1610 1536 concupiscentivnm
1640 1469 1783 1539 quod

183 1566 382 1614 vocant
406 1566 764 1628 ἐπιθυμητικὸν,
798 1568 856 1612 ιιι
886 1557 1013 1612 illtnl
1043 1559 1258 1628 quidem
1287 1575 1574 1615 commune
1603 1563 1667 1615 sit
1693 1581 1786 1616 no-

183 1652 269 1708 bis
295 1662 352 1708 ct
378 1654 648 1717 leonibus,
699 1651 838 1706 istud
891 1666 1020 1706 vero
1063 1667 1184 1706 ettm
1227 1655 1428 1708 muscis
1463 1695 1476 1717 ,
1525 1656 1785 1710 rationale

183 1761 350 1816 porro
374 1761 499 1801 curn
528 1746 669 1809 Deo;
699 1745 855 1800 video
887 1753 943 1799 et
978 1743 1047 1800 de
1066 1745 1168 1800 hoc
1189 1744 1316 1799 mihi
1335 1760 1456 1800 esse
1493 1757 1785 1802 retractan-

181 1839 338 1902 dum,
355 1845 574 1908 propter
597 1852 658 1892 ca
678 1853 795 1906 qua:
813 1837 864 1890 in
894 1835 1111 1891 Christo
1127 1834 1622 1905 deprehenduntur.
1646 1837 1786 1894 Ecce

1888 627 2062 682 dictus
2087 625 2322 698 (Matt/1.,
2353 627 2438 692 Vl,
2467 627 2558 697 ει)
2590 629 2670 683 sui
2694 630 2930 686 ordinis:
2965 630 3085 686 Non
3121 635 3322 702 potestis
3349 635 3480 691 duo-

1890 723 1980 776 bus
1995 723 2212 778 dominis
2231 724 2435 786 servire;
2461 735 2607 792 pater
2627 733 2680 779 et
2705 727 2816 794 ipse
2843 727 3248 796 cognominatus
3271 727 3470 799 (Joau.,

1889 813 2025 878 VIII,
2059 814 2190 883 ﬂ):
2233 813 2333 869 Vos
2357 831 2418 869 ea:
2439 815 2642 870 diabolo
2668 827 2810 886 p'tlt'e
2835 819 2956 872 estis
2979 834 2992 871 :
3025 834 3090 872 ne.
3117 824 3303 875 timeas
3326 829 3380 874 et
3406 821 3478 876 illi

1891 911 2268 978 proprietatem
2299 917 2500 964 natura:
2542 910 2763 964 alterius
2807 909 3132 978 adscribere,
3168 915 3479 982 posterioris

1889 1011 1936 1055 et
1970 1000 2247 1068 adulterte,
2282 1017 2440 1071 quem
2473 1001 2606 1070 legis
2633 1001 2866 1073 (Matth,
2901 1001 3040 1075 XIII)
3067 1021 3351 1060 arenarum
3389 1024 3480 1061 su-

1890 1091 2390 1162 perseminatorcm,
2434 1102 2489 1148 et
2533 1091 2894 1150 frumentariae
2925 1097 3119 1166 segetis
3164 1108 3477 1157 nocturnum

1890 1185 2344 1257 intcrpo’atorem.

2475 1276 2700 1335 CAPUT
2749 1278 2910 1334 XVII.

1960 1367 2234 1440 Contingit
2299 1387 2395 1428 nos
2450 1373 2662 1427 illorum
2717 1373 2876 1428 etiam
2929 1375 3164 1446 quinque
3227 1392 3480 1433 sensuum

1890 1472 2139 1530 qumstio,
2170 1481 2304 1534 quos
2337 1467 2386 1520 in
2421 1466 2603 1536 primis
2635 1467 2802 1522 literis
2833 1467 3110 1535 discimus,
3144 1473 3393 1540 quoniam
3431 1483 3484 1528 ct

1893 1553 2022 1609 hinc
2049 1557 2246 1626 aliquid
2281 1557 2549 1612 haereticis
2595 1569 2929 1626 procuratur.
2965 1558 3124 1615 Visus
3164 1572 3268 1629 est,
3301 1575 3347 1618 et
3385 1581 3481 1619 au-

1891 1646 2051 1712 ditus,
2085 1657 2139 1702 et
2167 1647 2441 1716 odoratus,
2470 1659 2522 1704 ct
2550 1661 2758 1720 gustus,
2786 1660 2839 1704 et
2868 1663 3058 1707 tactus.
3094 1652 3294 1709 llorum
3326 1655 3483 1710 fidem

1892 1742 2196 1796 Academici
2227 1742 2412 1797 durius
2456 1743 2741 1806 dau‘mant;
2790 1745 3087 1800 sccnndmn
3120 1748 3397 1817 quosdam,
3433 1757 3488 1804 rt

1891 1832 2212 1898 Heraclitus,
2243 1845 2297 1890 et
2331 1835 2558 1901 Diocles,
2591 1845 2644 1890 et
2677 1836 3056 1906 Empedocles;
3089 1848 3235 1894 certe
3263 1839 3413 1895 Plato
3435 1843 3486 1895 in

180 1931 330 1986 enim
349 1929 426 1999 (η)
454 1938 562 1984 tota
583 1928 698 1984 hzec
714 1928 923 1983 trinitas
945 1928 1064 1983 etin
1087 1928 1338 1982 domino:
1389 1930 1650 1986 rationale
1680 1947 1787 2001 quo
1819 1937 1864 1998 Β
1894 1925 2108 1990 Timwo,
2159 1927 2520 1983 irrationalcm
2564 1931 2914 1998 pronuntians
2940 1930 3018 2001 (4)
3069 1933 3486 1998 sensualitatem,

187 2023 369 2087 docet,
391 2037 500 2094 quo
520 2020 600 2092 (2)
620 2019 858 2082 disserit,
885 2036 989 2091 quo
1001 2021 1190 2076 salutis
1207 2023 1320 2074 vias
1346 2023 1576 2087 sternit;
1609 2023 1786 2096 indig-

181 2116 448 2183 nativum,
469 2130 575 2186 quo
594 2114 862 2170 invehitur
879 2114 931 2168 in
945 2113 1229 2170 Scribaset
1257 2115 1579 2182 f’barisxos;
1595 2129 1643 2172 et
1666 2133 1789 2173 cou-

182 2208 637 2279 cupiscentivum,
666 2222 772 2278 quo
801 2206 994 2277 pascha
1024 2221 1146 2262 cum
1183 2205 1459 2278 discipulis
1487 2208 1598 2263 suis
1627 2210 1789 2266 edere

181 2302 535 2373 concupiscit.
560 2301 723 2372 Igitur
743 2301 881 2370 apud
907 2316 1006 2356 no:
1029 2317 1133 2356 non
1158 2317 1372 2372 seraper
1394 2319 1458 2358 ex
1487 2305 1788 2360 irrationali

182 2395 458 2451 censenda
511 2403 636 2448 sunt
694 2392 1078 2462 indignatirum
1123 2404 1176 2449 et
1220 2395 1785 2464 concupiscentivum,

183 2501 308 2555 qua:
353 2484 488 2540 certi
519 2499 702 2540 sumus
730 2485 780 2538 in
837 2483 1116 2538 Domimnn
1151 2485 1231 2554 (5)
1263 2486 1595 2542 rationaliter
1625 2487 1788 2542 decu-

184 2577 446 2630 currisse.
489 2573 564 2646 (b)
610 2571 974 2644 [indignabitur
1021 2574 1160 2630 Dens
1201 2576 1552 2645 rationaliter,
1600 2579 1793 2649 quibus

186 2669 399 2725 scilicet
436 2668 613 2733 debet,
648 2679 702 2724 et
731 2669 1077 2739 concupiscet
1120 2669 1258 2725 Deus
1301 2672 1631 2729 rationaliter
1673 2689 1792 2743 qu;e

188 2761 350 2832 digna
378 2771 509 2816 sunt
538 2760 673 2832 ipso.
705 2760 836 2816 Nam
871 2770 927 2817 et
953 2762 1096 2816 malo
1135 2762 1512 2834 indignabitur,
1563 2775 1615 2820 et
1653 2766 1794 2821 bono

189 2855 538 2924 concupiscet
575 2854 822 2909 salutem.
855 2853 957 2908 Dat
997 2861 1053 2908 et
1087 2855 1376 2924 Apostolus
1419 2857 1572 2911 nobis
1599 2873 1795 2914 cancu-

193 2949 512 3020 piscenliam
568 2947 613 3017 (Ι
643 2947 803 3013 Tim.,
832 2947 919 3012 Ill,
955 2948 1007 3019 l)
1031 2966 1043 3001 :
1079 2949 1142 3004 Si
1169 2950 1281 3019 quis
1305 2951 1650 3020 episcopatum
1676 2969 1795 3007 con-

192 3045 430 3110 cupiscit,
457 3045 641 3098 bonum
664 3060 792 3114 Opus
807 3045 1148 3114 concupiscit,-
1171 3055 1223 3098 et
1239 3044 1424 3097 bonum
1449 3061 1576 3115 opus
1588 3047 1793 3115 dicens,

194 3136 514 3192 rationalem
543 3135 1029 3205 concupiscentiam
1061 3135 1313 3191 ostendit.
1350 3134 1609 3192 Concedit
1634 3147 1688 3192 rt
1714 3140 1795 3193 in-

193 3227 559 3298 dignationem
584 3245 598 3290 ;
625 3226 834 3299 quidni,
862 3243 1024 3298 quam
1053 3237 1106 3282 et
1135 3228 1250 3296 ipse
1278 3229 1549 3296 suscepit?
1578 3228 1652 3300 (ε)
1685 3229 1796 3284 Uti-

1893 2031 1948 2077 ct
1975 2022 2210 2091 Opinioni
2239 2023 2637 2092 coimplicitatn.
2668 2023 2848 2093 Itaque
2877 2024 3212 2078 mendacium
3242 2027 3374 2080 \‘isui
3404 2027 3488 2082 ob-

1888 2115 2100 2184 jicitur,
2147 2117 2288 2185 quod
2335 2131 2513 2170 remos
2554 2115 2604 2168 in
2646 2131 2781 2186 aqua
2835 2115 3062 2172 innexos
3107 2118 3190 2172 wl
3237 2117 3489 2174 infractos

1893 2207 2176 2262 adseverat
2221 2208 2480 2262 adversus
2521 2209 2905 2264 conscientiam
2957 2212 3305 2283 integritatis,
3350 2214 3491 2282 quod

1894 2307 2096 2354 turrem
2117 2300 2591 2369 qttadrangulatam
2638 2300 2706 2355 de
2736 2301 3028 2372 longinquo
3059 2304 3340 2360 rotundam
3371 2323 3492 2374 pcr-

1895 2389 2138 2454 suadeat,
2183 2390 2324 2460 quod
2369 2391 2786 2462 (equalissimam
2835 2395 3095 2461 porticum
3125 2398 3490 2466 angustiorem

1897 2481 1949 2536 in
1980 2483 2167 2538 ultimo
2198 2483 2432 2547 infamet,
2467 2484 2609 2554 quod
2637 2485 2830 2540 cmlum
2860 2495 3001 2540 tanta
3025 2488 3348 2545 sublimitate
3377 2506 3494 2546 sus-

1899 2589 2122 2645 pensmn
2166 2577 2297 2630 mari
2320 2576 2528 2648 jungat.
2572 2577 2801 2633 Perinde
2831 2579 3042 2635 auditus
3080 2581 3301 2640 fallacia:
3331 2601 3488 2642 reus:

1898 2678 1954 2723 ut
1985 2684 2112 2725 cum
2137 2669 2362 2726 caeleste
2391 2686 2635 2726 murmur
2668 2681 2934 2741 putamus,
2968 2683 3018 2729 et
3050 2675 3342 2746 plaustrum
3373 2691 3490 2746 est;

1899 2763 1980 2817 vel
2006 2763 2204 2817 tonitru
2227 2763 2540 2829 meditante,
2566 2780 2660 2835 pro
2681 2777 2830 2821 certo
2853 2766 2923 2822 de
2951 2769 3192 2837 plaustro
3219 2773 3495 2831 credimus

1898 2856 2153 2908 sonitum.
2203 2853 2290 2910 Sic
2327 2864 2382 2910 ct
2427 2856 2681 2911 odoratus
2725 2865 2780 2913 ct
2825 2868 3014 2929 gustus
3059 2873 3384 2933 arguuntur;
3424 2866 3497 2921 si-

1899 2947 2114 3016 quidem
2143 2948 2331 3003 eadem
2377 2959 2670 3019 unguenta,-
2694 2949 2988 3022 eademque
3015 2955 3156 3021 rina,
3199 2959 3496 3026 poswriore

1900 3053 2111 3108 quoque
2139 3053 2236 3093 usu
2259 3039 2647 3109 dcprctiantur.
2679 3040 2766 3098 Sic
2787 3051 2840 3097 ct
2870 3053 3039 3098 tactus
3062 3047 3494 3113 rcprebernlitur;

1901 3132 2162 3201 siquidem
2180 3132 2366 3188 eadem
2388 3135 2686 3204 pavimenta
2706 3136 2951 3192 manibus
2964 3139 3257 3208 asperiora,
3274 3142 3499 3212 pedibus

1904 3224 2117 3278 lmriora
2157 3225 2480 3290 creduntur;
2513 3235 2566 3280 et
2597 3227 2646 3282 in
2675 3227 2928 3293 lavacris,
2957 3229 3094 3284 idem
3125 3233 3310 3288 calidae
3351 3236 3499 3292 lacus

196 3339 318 3376 nam
364 3330 410 3375 et
453 3320 818 3392 praecidantur,
861 3319 1032 3390 inquit
1079 3317 1261 3388 (ϐαίη
1307 3317 1372 3386 ν,
1405 3319 1532 3392 l‘t),
1581 3323 1666 3390 qui
1713 3338 1797 3378 vos
1823 3327 1868 3390 (ς
1901 3314 2326 3371 ferventissimus
2351 3317 2544 3386 primo,
2573 3317 2771 3373 dehinc
2799 3322 3276 3390 temperatissimus
3301 3342 3470 3382 rennn

193 3411 530 3468 subvertant!
567 3411 859 3467 Rationalis
898 3420 952 3467 et
988 3409 1301 3481 indignatio,
1344 3427 1463 3478 qua:
1492 3426 1559 3466 ex
1604 3411 1796 3468 aﬂ'ectu

194 3505 490 3575 disciplina:
536 3514 640 3560 est.
675 3506 744 3558 At
781 3518 903 3559 cum
933 3502 1064 3558 dicit
1105 3502 1294 3573 (Ep/L,
1345 3501 1409 3568 II,
1447 3504 1544 3569 3):
1580 3502 1797 3561 Fuimus

194 3596 474 3668 aliquando
521 3605 702 3650 natura
743 3595 840 3664 ﬁlii
885 3595 997 3660 irar,
1051 3593 1358 3648 irrationale
1408 3595 1793 3665 indignativnm

194 3690 468 3765 snggillat,
499 3689 639 3762 quod
682 3704 787 3745 non
816 3689 884 3746 sit
918 3703 984 3745 es
1012 3703 1074 3745 ea
1103 3697 1288 3744 natura
1331 3704 1451 3760 qua:
1477 3704 1508 3745 a
1544 3690 1652 3746 Deo
1683 3701 1788 3757 est,

1903 3409 2081 3464 tiatur.
2118 3408 2286 3474 Adeo,
2321 3409 2585 3479 inquiunt,
2619 3411 2696 3464 sic
2722 3427 2934 3481 quoque
2961 3412 3196 3470 fallimur
3226 3420 3497 3489 sensibus,

1899 3501 2026 3558 dam
2058 3501 2350 3558 sententias
2376 3503 2654 3558 vertimus.
2698 3504 2777 3574 (τι)
2812 3504 3171 3563 Moderantius
3200 3509 3363 3565 Stoici
3393 3527 3499 3568 non

1898 3611 2114 3651 omnem
2157 3610 2398 3660 sensum,
2428 3611 2526 3650 nec
2570 3612 2803 3667 semper,
2838 3597 2907 3654 de
2937 3600 3216 3656 mendacio
3246 3614 3496 3660 onerant.

1902 3689 2144 3760 Epicurei
2196 3688 2528 3744 constantius
2588 3704 2768 3760 parem
2813 3691 3063 3750 omnibus
3100 3704 3258 3766 atquc
3306 3711 3498 3768 perpe-

1493 3803 1875 3864 LECTIONES
1914 3801 2324 3861 VARIANTES.

261 3899 339 4026 δὲ
358 3897 941 4022 ὃὲξτὲξέιτίιὲἷὲἴωη.
962 3892 1113 3946 Rhea.
1135 3895 1288 3946 Sami.

1957 3893 2031 3959 (5)
2055 3894 2261 3959 Domino
2279 3895 2420 3943 Pam.
2451 3894 2602 3959 Frau.

1958 3955 2032 4021 (4)
2060 3957 2353 4008 Prouuntiat
2377 3965 2512 4007 man.
2542 3955 2689 4008 nheri.

1551 4039 2114 4096 COMMENTARIUS.

201 4165 338 4222 talio
355 4162 618 4236 quamHS.
651 4159 980 4236 Augustinus
1007 4167 1192 4236 contra
1247 4157 1565 4236 Pelagianos
1608 4159 1800 4236 deleo.

201 4253 325 4292 sum
351 4230 479 4290 ibat.
507 4233 692 4303 Neque
721 4230 909 4288 melius
937 4230 1192 4300 esplicari
1221 4241 1395 4303 potest
1413 4230 1542 4303 illud
1560 4256 1609 4287 το
1629 4233 1682 4303 in
1702 4249 1802 4302 quo

205 4307 469 4379 Epistolas:
519 4301 909 4379 θῷιιοριιηιυε
938 4342 953 4366 ,
1014 4316 1187 4379 tneque
1237 4301 1490 4356 disertius
1540 4301 1799 4379 caprili-Ii,

201 4371 349 4449 quod
364 4391 554 4432 omnes
579 4377 631 4431 in
657 4375 860 4449 Adamn
891 4371 1321 4449 peccaverimus,
1355 4387 1513 4449 quam
1545 4375 1796 4449 dicendo,

203 4443 350 4520 quod
377 4457 650 4518 peceatum
682 4447 870 4520 Adaml
900 4445 985 4520 _in_
1031 4453 1267 4520 nostram
1294 4443 1584 4520 transierit
1649 4457 1801 4498 natu-

205 4512 354 4584 ram;
379 4512 544 4588 atque
569 4517 864 4572 naturalem
898 4515 1056 4588 hujus
1085 4512 1326 4588 principii
1375 4515 1651 4588 sequelam
1707 4530 1800 4585 ag-

1906 4170 2148 4237 natnram
2181 4157 2603 4237 transmissum;
2632 4173 2698 4213 en
2733 4161 3178 4237 propagationcm
3227 4165 3369 4220 illius
3411 4182 3504 4237 per

1905 4230 2393 4300 concupiscentiam
2441 4230 2616 4283 carnis
2666 4247 2678 4282 :
2731 4247 2798 4285 en
2836 4230 3228 4289 remissionem
3261 4230 3422 4292 illins'
3450 4241 3502 4294 in

1908 4299 2214 4375 Bapt_ist_no!
2249 4300 2388 4368 Quid
2421 4299 2887 4375 ulteriusadjnugi
2915 4314 3092 4374 potest
3118 4308 3141 4357 Υ
3170 4305 3337 4362 Lena.

1981 4372 2055 4456 (ει)
2091 4372 2218 4427 Tota
2244 4371 2843 4456 lucctrinitas-Scilicet
2892 4371 3260 4456 ratiocinantis
3287 4420 3300 4442 ,
3363 4381 3498 4456 iras-

1905 4443 2076 4498 centis
2125 4457 2182 4498 et
2237 4443 2668 4514 concupiscentis
2711 4443 2908 4498 aninne
2969 4446 3159 4514 triplex
3209 4465 3404 4504 munus
3451 4453 3502 4507 in

1908 4514 2200 4585 Evangelia
2230 4515 2492 4567 indicatur
2524 4529 2537 4565 :
2569 4513 2864 4568 Rationalis
2895 4525 2948 4570 et
3001 4513 3266 4585 decentis,
3311 4520 3500 4575 Manli.

207 4593 382 4647 noscit
410 4584 798 4667 ‘Tcrtulliatrus
832 4626 848 4649 .
879 4665 886 4667 Α
928 4586 1014 4667 ubi
1097 4587 1292 4666 fatetur
1373 4585 1514 4654 quod
1573 4584 1801 4667 tutantes
1826 4607 1878 4667 Ι)
1910 4585 2076 4667 γιιιρι
2107 4584 2229 4666 XII:
2268 4586 2589 4654 indignantis
2615 4599 2708 4666 seu
2733 4586 3050 4667 irascentis,
3078 4584 3453 4667 Mattluﬁxilll
3486 4610 3500 4658 ;

205 4667 372 4718 etiam
404 4661 639 4717 lidelimn
673 4665 957 4713 nascantur
985 4657 1178 4724 impuri
1209 4673 1222 4720 ;
1257 4667 1580 4727 quapropter
1611 4656 1797 4711 Chris.

208 4745 294 4790 tus
320 4734 480 4788 dixit:
513 4729 631 4786 Nisi
649 4730 760 4802 quis
778 4737 1074 4802 renascatur
1092 4743 1156 4780 ex
1182 4743 1314 4802 aqua
1337 4738 1382 4780 ct
1411 4727 1609 4802 Spiritu
1633 4728 1799 4782 Sauc-

208 4817 293 4872 to,
325 4820 426 4858 non
453 4813 614 4874 potest
635 4799 913 4874 introireiu
938 4814 1148 4874 regnum
1168 4799 1443 4863 cmlorum;
1478 4799 1657 4874 itaque
1684 4814 1800 4874 om-

209 4868 296 4931 nis
341 4868 518 4929 anima
573 4885 811 4942 eousque
851 4871 903 4925 in
954 4868 1125 4942 Adam
1175 4878 1458 4942 censetur,
1515 4868 1690 4942 donec
1744 4870 1797 4925 in

207 4947 424 5004 Christo
442 4940 786 5000 recensentur
819 4961 832 4995 :
863 4941 1066 4996 tamdiu
1093 4940 1365 4994 innnnnda
1385 4981 1398 5003 ,
1426 4941 1683 5011 quamdiu
1713 4956 1802 4996 re-

208 5027 514 5076 censentur.
540 5014 660 5071 Jam
686 5027 812 5070 vero
837 5014 889 5068 in
917 5011 1083 5067 Adam
1112 5011 1380 5067 rccenseri
1413 5052 1429 5076 ,
1459 5025 1564 5066 non
1595 5020 1799 5067 tantum

208 5103 294 5146 cst
319 5103 441 5144 esse
470 5088 521 5142 in
546 5086 760 5141 miseria
780 5095 832 5138 et
852 5098 1028 5154 paena,
1061 5082 1156 5137 sed
1181 5083 1395 5153 insuper
1420 5083 1580 5137 etiam
1606 5082 1657 5136 in
1685 5098 1800 5137 ma-

213 5160 449 5225 ledieto,
480 5160 534 5212 in
572 5156 916 5234 damnatione
945 5195 959 5234 ρ
993 5153 1046 5208 in
1095 5155 1395 5234 perditione
1428 5195 1442 5216 .
1470 5154 1521 5207 in
1547 5163 1801 5234 peccato;

209 5243 375 5300 atque
405 5238 685 5300 propterea
709 5227 1010 5300 subjungit:
1035 5225 1196 5300 omnis
1222 5226 1394 5300 animo
1421 5235 1490 5278 est
1507 5225 1762 5300 peccatrix
1787 5266 1800 5287 ,

209 5295 333 5375 quia
357 5295 641 5364 nuntianda,
673 5308 720 5352 et
747 5295 939 5352 tamdiu
969 5305 1150 5375 [tranet
1169 5295 1428 5350 immunda
1455 5335 1469 5360 ,
1505 5296 1676 5375 donec
1711 5311 1805 5364 per

212 5364 540 5444 baptismum
584 5367 1029 5444 regeneratasit.
1090 5371 1494 5444 Sacramentum
1554 5364 1657 5444 hoc
1698 5382 1803 5444 non

212 5435 353 5500 tollit
383 5452 610 5498 mortem
636 5435 788 5504 [non
815 5439 1047 5494 radicem
1068 5435 1538 5506 concupiscentiae.
1563 5437 1616 5490 Si
1649 5438 1807 5507 igitur

215 5515 517 5584 lraptismus
559 5512 733 5584 aufert
783 5511 974 5584 anima:
1005 5509 1292 5584 maculam,
1323 5522 1442 5563 eam
1478 5509 1664 5584 utique
1684 5523 1810 5578 pec-

212 5577 320 5642 eaii
341 5628 356 5652 ,
387 5598 547 5655 quam
569 5582 656 5655 illa
686 5583 902 5638 dicente
927 5579 1258 5655 Tertulliano
1280 5593 1376 5655 per
1402 5577 1655 5655 unionem
1683 5577 1804 5634 cum

213 5649 382 5714 cause
405 5649 713 5721 contraxit,
741 5667 904 5709 causa
948 5649 1396 5721 concupiscentia:
1450 5649 1768 5705 inordinata:
1790 5691 1805 5713 ,

215 5743 320 5801 qua
344 5741 476 5786 caro
525 5725 854 5801 concupiscit
904 5732 1092 5779 contra
1133 5721 1402 5793 spiritum,
1449 5737 1644 5801 quaeve
1682 5721 1809 5776 facit

213 5792 438 5875 c'arnetu
460 5792 833 5875 peccatricem,
863 5792 1290 5875 antequamOesse
1320 5793 1515 5875 possit.
1561 5792 1640 5847 En
1687 5807 1805 5846 om-

215 5887 342 5930 ηοω
361 5863 685 5939 tireologiam
709 5867 777 5922 de
791 5863 1019 5936 peccato
1037 5865 1281 5935 originali
1309 5863 1610 5939 clarissime
1644 5878 1808 5933 espo-

211 5945 376 6001 sitam
411 5961 425 5997 :
467 5935 803 6013 en'primum
827 5947 1102 6009 peccatum
1145 5940 1197 5992 in
1251 5936 1488 5992 omnium
1529 5935 1803 5992 hominum

1905 4655 2263 4712 desiderantis
2312 4671 2426 4709 srve
2475 4658 2934 4724 concupiscentis,
2972 4657 3124 4714 Luca:
3151 4659 3315 4715 XXII.
3371 4655 3500 4718 LAC.

1978 4726 2472 4805 (Ir)_lmligualiitur
2503 4725 3015 4805 lteusrhatioualiter.
3071 4733 3126 4805 Si
3180 4734 3506 4805 intelligatur

1905 4797 2044 4874 istud
2079 4799 2486 4874 Ιμνρρψειίεῖῶς,Δ
2505 4799 2659 4874 sicuti
2687 4797 2958 4874 Scriptura
2983 4799 3234 4871 loquitur,
3261 4797 3400 4874 quod
3433 4808 3506 4861 in-

1904 4870 2142 4940 dignatio
2174 4869 2266 4924 Dei
2317 4886 2411 4940 pro
2443 4868 2670 4923 vindicta
2702 4869 2792 4924 Dei
2842 4868 3099 4939 sumatur,
3149 4868 3291 4930 nihil
3319 4878 3503 4932 obstat

1905 4957 2022 4995 eam
2077 4941 2183 4995 Deo
2211 4940 2469 4994 adtribui:
2513 4940 2707 4994 alicubi
2742 4951 2917 4996 tamen
2966 4945 3338 5003 adnotavimus
3367 4951 3502 5005 inter

1907 5010 2174 5090 paradosa
2203 5011 2513 5090 Tertulliani
2543 5011 2935 5090 collo_c:mdum,
2965 5016 3107 5085 quod
3133 5018 3263 5073 iram
3287 5023 3504 5090 pr0prie

1911 5087 2017 5136 Deo
2048 5084 2285 5136 videatur
2312 5083 2619 5136 attribuerc.
2655 5082 2790 5138 Pius.

1981 5153 2057 5232 (c)
2089 5152 2298 5232 Utinam
2326 5162 2372 5206 et
2405 5153 2769 5232 praui-(lantur.
2801 5155 2936 5232 Hoc_
2957 5157 3008 5210 in
3032 5155 3263 5232 _.lttd:nos
3294 5169 3506 5232 torquet

1909 5223 2104 5301 Paulus
2152 5222 2329 5301 Epist.
2373 5222 2707 5301 adAGAalatas,
2744 5242 2861 5293 cap.
2901 5227 2971 5280 V:
3027 5227 3256 5296 Utinam,
3310 5222 3502 5301 inq'uit,

1907 5296 1992 5364 qui
2024 5311 2108 5350 vos
2133 5295 2201 5348 ad
2231 5296 2689 5360 circumcisiouetu,
2720 5309 2766 5350 et
2790 5308 2974 5352 cwtera
2999 5301 3220 5352 mosaica
3247 5295 3501 5365 revocant,

1911 5376 2245 5443 nou‘tantnm
2271 5367 2716 5443 circumciduntur,
2744 5370 2831 5422 sed
2861 5379 2906 5422 et
2937 5370 3279 5438 prwcidautur
3301 5389 3319 5425 :
3347 5380 3506 5443 ϐμλον

1910 5441 1991 5512 nisi
2012 5439 2350 5506 dicentidicenti.
2369 5436 2795 5512 Chrystotmmts,
2813 5451 2883 5504 μοὶ
2904 5436 3334 5512 ᾦιριτιμνὲνθωταν
3346 5436 3507 5512 μόνην,

1907 5511 2036 5562 ἀλλὰ
2064 5513 2147 5580 ηεξ
2187 5515 2650 5578 περικοπτίσσωτιν.
2683 5509 2749 5563 Ει
2775 5511 2913 5580 apud
2946 5509 3258 5568 l’ritnasium
3290 5509 3506 5573 Ulit‘ett;

1910 5593 2024 5634 sem
2051 5597 2064 5634 :
2095 5577 2215 5633 Non
2265 5579 2429 5632 solum
2482 5577 2928 5643 circumciduntur,
2982 5584 3073 5636 sed
3107 5587 3256 5638 etiam
3300 5589 3503 5642 absciuo

1911 5649 2120 5716 dantur,
2147 5651 2194 5704 si
2221 5651 2537 5720 exspoliutt'oA
2551 5653 2757 5703 membri
2779 5655 2998 5720 proﬁcit.
3031 5655 3147 5710 lltc.

1982 5723 2061 5791 (tl)
2105 5718 2457 5776 Moderautius
2501 5718 2683 5776 Stoici.
2731 5718 2932 5778 Sensus
2978 5739 3136 5779 veros
3179 5743 3299 5781 es.~c
3343 5731 3502 5783 Stoici

1913 5793 2286 5861 pronuntiant;
2329 5792 2640 5861 phantasias
2673 5809 2794 5848 rcro
2824 5796 2954 5849 alias
2989 5811 3144 5851 veras
3181 5814 3323 5862 esse,
3370 5803 3503 5854 alias

1914 5863 2091 5938 falsas,
2128 5871 2185 5918 ut
2204 5873 2384 5938 monet
2413 5864 2726 5938 Plutarchus
2755 5881 2870 5935 cap.
2898 5867 2950 5928 9,
2979 5868 3071 5921 lib.
3103 5866 3166 5922 IV
3199 5870 3261 5923 de
3281 5871 3504 5938 placitis.

1916 5935 2175 6005 Epicurus
2206 5935 2542 6006 phantasiam
2569 5950 2784 5991 omnem
2815 5952 3111 6011 sensusque
3135 5935 3326 6000 omnes
3353 5958 3508 6003 veros
