4270 6498
215 403 325 463 673

1537 406 1739 466 LIBER
1788 405 1873 465 DE
1914 404 2150 463 ANIMA.

3404 413 3509 468 674

214 523 367 580 Plato
396 522 571 578 solum
599 519 859 578 rationale
885 519 1049 584 dicat,
1081 529 1137 574 ut
1160 520 1210 573 iu
1235 521 1410 574 anima
1437 521 1526 577 Dei
1549 525 1733 594 ipsius,
1766 525 1808 581 si
1841 526 1887 585 A
1918 521 2009 576 sed
2055 536 2118 575 ex
2155 519 2239 574 illa
2285 535 2444 590 quam
2474 521 2718 577 diabolus
2758 522 2982 588 induxit,
3015 525 3262 581 dominus
3307 536 3362 582 ct
3393 529 3504 595 ipse

214 630 313 671 nos
340 616 503 670 etiam
537 614 842 669 irrationale
872 623 1078 667 natura:
1132 613 1487 670 adscribimus
1535 616 1613 686 (l)
1643 633 1803 688 quam

211 724 243 764 a
285 711 394 766 Deo
419 710 595 764 anima
626 717 805 763 nostra
841 707 1027 761 sortita
1069 715 1152 762 cst
1175 747 1190 772 ,
1222 722 1376 777 teque
1405 711 1712 766 irrationale
1739 711 1806 766 de

213 803 327 858 Deo
353 804 457 858 erit
485 844 500 868 ,
529 810 714 872 utpote
745 801 1010 864 naturale,
1039 801 1161 870 quia
1195 810 1400 856 naturze
1455 803 1592 858 Deus
1619 817 1807 860 auctor

211 905 315 951 est.
344 894 452 950 Sed
494 894 636 949 enim
663 909 692 946 a
726 892 940 948 diabolo
971 892 1234 947 immissio
1251 893 1429 949 delicti
1458 910 1472 959 ;
1504 895 1808 952 irrationale

211 997 393 1044 autem
414 1003 574 1043 oumc
598 987 850 1043 delictqu
882 1004 894 1041 :
929 985 1092 1056 igitur
1136 1003 1166 1040 a
1215 986 1428 1042 diabolo
1476 989 1804 1056 irrationale,

209 1097 242 1136 a
269 1097 380 1151 quo
398 1090 454 1136 et
475 1080 729 1135 delictum
761 1095 776 1141 ;
809 1089 1128 1134 extraneum
1157 1093 1186 1132 a
1225 1079 1351 1144 Deo,
1383 1095 1410 1133 a
1440 1095 1546 1150 quo
1567 1091 1647 1136 cst
1676 1082 1808 1137 irra-

210 1173 416 1229 tioualc
439 1173 694 1228 alienum.
728 1171 958 1228 Proinde
983 1173 1268 1228 diversitas
1295 1174 1569 1231 horumex
1599 1177 1806 1232 distan-

211 1266 284 1319 tia
309 1275 612 1320 auctormu.
639 1265 890 1329 Proinde,
919 1279 1040 1319 cum
1065 1265 1236 1331 Plato,
1260 1266 1359 1320 soli
1389 1267 1494 1321 Deo
1517 1281 1806 1339 segregans

209 1359 494 1423 rationale,
538 1358 645 1412 duo
662 1373 858 1429 genera
884 1358 1252 1414 subdividites
1270 1361 1540 1421 rationali,
1565 1362 1809 1432 indigna-

207 1452 376 1506 tirum
401 1450 541 1520 quod
559 1451 833 1520 appellant
859 1453 1078 1519 θυμικὸν,
1102 1452 1632 1521 concupiscentimm
1663 1454 1805 1524 quod

205 1551 404 1599 vocant
429 1551 787 1613 ὶπιουμητιιὸν,
821 1553 878 1598 ut
908 1543 1036 1598 illud
1066 1544 1280 1614 quidem
1310 1561 1596 1601 commune
1626 1548 1690 1601 sit
1715 1565 1808 1602 no-

205 1637 293 1694 bis
318 1647 374 1693 ct
401 1639 671 1703 leonibus,
722 1637 862 1690 istud
913 1651 1042 1692 vero
1085 1653 1206 1692 eum
1250 1641 1451 1693 muscis
1485 1681 1498 1703 ,
1547 1641 1808 1696 rationale

206 1747 373 1802 porro
397 1747 522 1787 cum
551 1731 692 1795 Deo;
722 1731 878 1784 video
910 1739 966 1785 et
1000 1729 1069 1786 de
1089 1731 1190 1785 hoc
1212 1730 1338 1785 mihi
1357 1746 1478 1785 esse
1515 1743 1807 1788 retractau-

203 1824 360 1888 dum,
377 1831 596 1894 propter
620 1837 682 1878 ea
700 1838 818 1892 qua:
837 1822 887 1875 in
917 1821 1134 1877 Christo
1150 1821 1644 1891 deprehenduntur.
1668 1823 1808 1879 Ecce

1911 612 2085 668 dictus
2110 610 2345 684 (Mattlt.,
2376 613 2460 678 VI,
2489 613 2580 682 2’s)
2613 615 2693 669 sui
2717 615 2953 672 ordinis:
2987 615 3108 672 Non
3143 619 3346 688 potestis
3372 620 3502 676 duo-

1913 709 2002 762 bus
2017 709 2235 764 dominis
2253 709 2458 772 servire;
2483 721 2630 778 patcr
2650 719 2702 764 ct
2728 712 2839 779 ipse
2865 713 3270 782 cognominatus
3293 712 3492 785 (Joau.,

1912 799 2048 865 VIII,
2081 800 2213 868 M):
2256 798 2356 856 Vos
2379 817 2441 854 ex
2461 801 2665 856 diabolo
2691 812 2832 871 p'tlt'e
2858 804 2978 857 estis
3002 820 3015 856 :
3047 819 3112 858 ne
3139 809 3325 860 timeas
3349 815 3403 859 et
3429 806 3500 861 illi

1914 897 2291 964 proprietatem
2321 903 2523 950 natura:
2565 895 2786 950 alterius
2829 895 3154 962 adscribere,
3190 901 3501 967 posterioris

1911 997 1959 1041 et
1992 987 2270 1053 adultera),
2305 1003 2462 1057 quem
2495 987 2628 1056 legis
2655 987 2889 1059 (illattlt.,
2924 987 3062 1060 XIII)
3089 1006 3373 1044 arenarum
3412 1009 3503 1046 su-

1913 1078 2413 1148 pcrseminatorem,
2457 1088 2511 1134 et
2555 1077 2916 1136 frumentariae
2947 1082 3141 1152 segetis
3187 1094 3500 1142 nocturnum

1912 1171 2366 1242 intcrpo'alorem.

2497 1261 2722 1320 CAPUT
2771 1263 2932 1320 XVII.

1983 1353 2256 1427 Contingit
2321 1372 2418 1413 nos
2473 1357 2685 1412 illorum
2739 1359 2898 1413 etiam
2951 1361 3186 1432 quinque
3250 1378 3501 1418 sensuum

1913 1457 2161 1516 qurestio,
2192 1465 2326 1521 quos
2360 1453 2409 1506 in
2443 1451 2626 1522 primis
2659 1452 2824 1508 literis
2857 1453 3132 1521 discimus,
3167 1459 3415 1526 quoniam
3452 1469 3506 1514 et

1915 1539 2043 1596 hinc
2072 1543 2269 1612 aliquid
2304 1543 2572 1598 haereticis
2619 1554 2952 1612 procuratur.
2987 1544 3146 1601 Visus
3187 1557 3290 1615 est,
3323 1560 3368 1603 et
3407 1567 3503 1604 au-

1913 1632 2074 1698 ditus,
2107 1643 2161 1688 et
2189 1634 2464 1702 odoratus,
2493 1645 2545 1689 et
2573 1647 2781 1705 gustus,
2809 1645 2863 1690 et
2891 1649 3081 1692 tat-tus.
3117 1638 3316 1695 llorum
3348 1641 3504 1696 tidem

1915 1727 2218 1782 Academici
2250 1728 2434 1783 durius
2478 1729 2764 1791 damnant;
2813 1731 3110 1786 secundum
3143 1733 3419 1802 quosdam,
3455 1743 3510 1790 rt

1914 1817 2234 1884 Heraclitus,
2266 1830 2320 1876 et
2355 1820 2581 1887 Diocles,
2613 1830 2666 1875 et
2700 1821 3078 1891 Empedocles;
3111 1833 3258 1879 certe
3285 1825 3434 1880 Plato
3457 1829 3508 1881 in

203 1917 353 1972 enim
371 1915 448 1986 (η)
476 1923 584 1970 tota
606 1913 721 1970 lucc
737 1914 946 1968 trinitas
968 1914 1086 1969 etin
1110 1913 1361 1968 domino:
1411 1916 1672 1972 rationale
1703 1932 1809 1986 quo
1842 1923 1887 1984 Β
1917 1910 2130 1976 Timwo,
2182 1913 2543 1968 irrationalcm
2587 1917 2937 1983 pronuntians
2963 1916 3041 1986 (4)
3091 1917 3508 1984 scnsualitatem,

210 2008 393 2073 docet,
414 2023 522 2080 quo
542 2006 622 2079 (2)
642 2005 880 2068 disserit,
908 2006 1213 2076 quosalutis
1229 2008 1342 2060 vias
1368 2008 1597 2073 sternit;
1632 2009 1809 2081 indig-

204 2102 470 2168 nativum,
491 2116 598 2172 quo
616 2099 884 2156 invehitur
903 2099 1252 2155 iuScribasct
1279 2100 1601 2166 Pharisxos;
1617 2114 1665 2157 et
1688 2118 1812 2159 cou-

204 2194 660 2264 cupisccntivum,
689 2209 794 2264 quo
823 2192 1016 2263 pascha
1047 2207 1168 2248 cum
1206 2191 1481 2262 discipulis
1509 2194 1621 2248 suis
1649 2195 1812 2252 edere

204 2288 557 2359 concupiscit.
583 2287 745 2358 Igitur
765 2288 904 2357 apud
930 2302 1028 2342 nos
1053 2302 1156 2342 nou
1181 2303 1394 2357 semper
1417 2304 1480 2343 ex
1509 2290 1810 2346 irrationali

205 2381 480 2436 censenda
534 2389 659 2434 sunt
716 2377 1100 2448 indignatirum
1145 2389 1198 2435 et
1243 2381 1808 2450 concupiscentivunt,

206 2486 332 2540 qua:
375 2469 511 2526 certi
541 2485 724 2525 sumus
753 2471 803 2524 in
859 2469 1138 2524 Domimnn
1173 2471 1253 2540 (5)
1285 2471 1618 2528 rationaliter
1647 2471 1811 2528 decu-

207 2562 468 2616 currisse.
512 2559 587 2631 (b)
633 2556 996 2630 [indignabitur
1044 2560 1182 2616 Deus
1223 2562 1575 2630 rationaliter,
1623 2565 1816 2634 quibus

209 2654 422 2710 scilicet
458 2653 636 2718 debet,
671 2664 725 2710 ct
755 2655 1099 2725 concupiscet
1141 2655 1281 2711 Deus
1323 2657 1654 2714 rationaliter
1696 2675 1816 2728 qua:

210 2745 373 2817 digna
401 2755 531 2802 sunt
561 2745 697 2818 ipso.
729 2746 858 2801 Nam
894 2755 950 2802 et
975 2747 1118 2802 malo
1158 2747 1535 2819 imliguabitur,
1585 2760 1638 2806 et
1676 2751 1816 2806 bono

213 2841 560 2909 concupiscet
597 2839 844 2895 salutem.
878 2838 979 2893 Dat
1019 2847 1075 2894 et
1109 2840 1398 2909 Apostolus
1441 2842 1594 2896 nobis
1621 2858 1818 2898 c0ucu-

215 2935 534 3004 pisceutiam
591 2933 635 3002 (l
666 2932 826 2998 Tim.,
854 2932 942 2997 Ill,
978 2933 1065 3004 l):
1101 2933 1164 2988 Si
1191 2935 1303 3005 quis
1328 2935 1673 3006 epist-aptatum
1698 2954 1818 2992 con-

215 3030 453 3094 cupiscit,
480 3031 664 3083 bonum
687 3045 815 3099 opus
829 3030 1136 3100 concupiscit
1153 3047 1170 3094 ;
1193 3040 1245 3084 et
1261 3029 1446 3083 bonum
1472 3047 1598 3100 opus
1611 3032 1816 3100 dicens,

217 3121 537 3177 rationalem
566 3120 1052 3190 concupiscentiam
1083 3120 1336 3176 ostendit.
1373 3119 1632 3178 Concedit
1657 3132 1711 3178 rt
1736 3125 1818 3179 iu-

216 3212 582 3284 dignationem
606 3229 621 3275 ;
649 3212 856 3284 quidni,
885 3228 1046 3282 quam
1075 3223 1129 3268 et
1157 3213 1272 3282 ipse
1300 3215 1572 3283 suscepit?
1600 3214 1676 3286 (c)
1708 3214 1818 3269 Uti.

1915 2016 1970 2062 ct
1997 2007 2232 2076 Opinioni
2261 2008 2660 2078 coimplicitatu.
2692 2008 2871 2078 Itaque
2900 2009 3235 2064 mendacium
3264 2011 3396 2065 visui
3426 2012 3511 2066 ul)-

1911 2101 2122 2169 jicitur,
2170 2102 2310 2170 quod
2357 2116 2536 2155 remos
2577 2101 2627 2154 in
2669 2116 2804 2171 aqua
2858 2101 3084 2158 iullesos
3130 2103 3212 2158 vel
3258 2102 3512 2159 infractos

1916 2192 2198 2248 adseverat
2243 2194 2502 2248 adversus
2543 2194 2928 2250 conscientiam
2979 2197 3328 2268 integritatis,
3373 2199 3513 2268 quod

1917 2293 2119 2339 turrem
2140 2285 2614 2355 quadrangulatam
2661 2285 2729 2341 dc
2759 2287 3050 2358 longinquo
3081 2290 3362 2345 rotundam
3393 2309 3514 2360 per-

1918 2375 2160 2440 suadeat,
2206 2376 2346 2446 quod
2391 2377 2808 2448 aqualissimam
2857 2380 3117 2446 porticum
3147 2383 3512 2452 augustiorem

1919 2467 1971 2521 in
2002 2469 2190 2523 ultimo
2221 2469 2456 2532 infamet,
2489 2470 2632 2539 quod
2660 2471 2853 2525 caelum
2883 2479 3024 2525 tanta
3047 2473 3371 2530 sublimitate
3400 2491 3516 2532 sus-

1921 2575 2144 2630 pensum
2188 2563 2320 2616 mari
2343 2562 2550 2633 jungat.
2595 2563 2824 2618 Perinde
2854 2564 3065 2620 auditus
3102 2566 3323 2625 fallacite
3354 2586 3511 2626 reus:

1921 2663 1978 2709 ut
2008 2670 2136 2711 cum
2159 2655 2385 2710 cteleste
2414 2671 2657 2711 murmur
2691 2666 2957 2726 putamus,
2991 2669 3040 2714 et
3072 2660 3364 2731 plaustrum
3396 2675 3472 2720 cst
3498 2684 3512 2731 ;

1922 2748 2003 2802 vel
2029 2749 2226 2803 tonitru
2249 2749 2563 2814 meditante,
2588 2765 2682 2820 pro
2704 2761 2853 2806 certo
2876 2751 2946 2808 de
2974 2753 3214 2822 plaustro
3241 2759 3517 2816 credimus

1921 2841 2175 2893 sonitum.
2225 2839 2312 2895 Sic
2349 2849 2405 2895 et
2449 2841 2703 2896 odoratus
2747 2851 2803 2898 ct
2847 2852 3037 2914 gustus
3081 2858 3406 2918 arguuntur;
3446 2851 3519 2906 si-

1923 2931 2136 3001 quidem
2166 2933 2354 2988 cadcnt
2399 2943 2692 3004 unguenta;
2716 2934 3010 3006 eademque
3038 2939 3179 3006 rina,
3221 2944 3518 3011 posteriore

1923 3039 2134 3093 qucque
2161 3040 2258 3078 usu
2281 3024 2670 3094 deprctiantur.
2701 3026 2789 3082 Sic
2809 3036 2863 3082 et
2892 3038 3062 3083 tactus
3085 3032 3516 3098 reprehenditur;

1923 3118 2185 3186 siquidem
2203 3118 2388 3173 eadem
2410 3120 2708 3188 pavimenta
2729 3121 2974 3176 manibus
2987 3124 3280 3194 aslicriora,
3297 3127 3521 3197 pedibus

1927 3209 2140 3264 lteviora
2179 3211 2503 3274 creduntur;
2536 3221 2589 3266 et
2619 3212 2669 3267 in
2698 3213 2950 3278 lavacris,
2980 3214 3117 3269 idem
3148 3218 3333 3274 calida:
3373 3221 3522 3277 lacus

219 3323 342 3360 naut
387 3315 433 3360 et
477 3305 840 3378 praecidantur,
882 3305 1055 3375 inquit
1102 3303 1283 3374 ((ἐαι.⁹
1329 3303 1554 3377 v.12),
1604 3308 1689 3376 qui
1736 3323 1820 3363 vos
1846 3313 1891 3375 ο
1925 3300 2348 3356 lervcntissimus
2373 3303 2566 3371 primo,
2596 3303 2794 3358 dehinc
2822 3307 3300 3375 temperatissimus
3323 3327 3492 3367 rcuuu

216 3397 553 3452 subvertuut!
590 3396 882 3452 Rationalis
921 3406 976 3452 et
1011 3395 1323 3466 indignatio,
1366 3413 1486 3464 qua:
1515 3412 1581 3452 ex
1627 3397 1819 3454 affectu

216 3490 514 3561 disciplina:
559 3499 663 3546 est.
698 3491 767 3544 At
803 3503 926 3544 cum
955 3487 1086 3543 dicit
1129 3487 1318 3558 (Epiu,
1368 3486 1431 3554 II,
1469 3489 1567 3555 3):
1602 3487 1820 3547 Fuimus

216 3582 497 3655 aliquando
543 3590 725 3636 natura
766 3580 863 3650 ﬁlii
907 3580 1020 3645 irte,
1073 3579 1380 3634 irrationale
1431 3581 1816 3651 indiguativmn

217 3676 490 3751 suggillat,
521 3674 661 3749 quod
705 3688 810 3730 non
839 3674 908 3731 sit
942 3688 1007 3730 ex
1035 3688 1097 3730 ea
1126 3683 1311 3729 natura
1354 3690 1473 3745 quae
1499 3689 1529 3730 a
1567 3675 1675 3731 Deo
1706 3687 1811 3742 est,

1925 3394 2104 3449 tiatur.
2141 3393 2308 3459 Adeo,
2343 3395 2608 3464 inquiunt,
2641 3396 2719 3450 sic
2744 3413 2957 3467 quoque
2984 3397 3220 3455 fallimur
3249 3405 3520 3474 sensibus,

1921 3486 2048 3543 dum
2081 3487 2373 3542 sententias
2398 3488 2676 3543 vertimus.
2720 3489 2799 3560 (ά)
2835 3490 3194 3548 bloderautius
3223 3493 3386 3550 Stoici
3415 3512 3522 3553 non

1921 3595 2136 3636 omnem
2180 3595 2420 3645 sensum,
2451 3596 2549 3635 nec
2593 3597 2825 3652 semper,
2861 3582 2930 3640 de
2960 3585 3238 3642 mendacio
3269 3599 3519 3646 onerant.

1924 3674 2166 3745 Epicurei
2219 3673 2550 3728 constantius
2611 3689 2790 3744 parem
2835 3677 3086 3734 omnibus
3122 3689 3282 3751 atque
3329 3697 3522 3754 perpe-

1515 3789 1898 3848 LECTIONES
1937 3786 2347 3845 VARIANTES.

380 3883 964 4007 agmrgapm
986 3877 1136 3931 ιυιεη.
1158 3880 1311 3930 Sena.

1979 3878 2054 3944 (5)
2077 3879 2284 3944 Domino
2301 3881 2443 3928 Pam.
2473 3879 2624 3944 Fruar.

1981 3940 2054 4006 (4)
2082 3943 2376 3992 Prouuutiat
2399 3951 2535 3992 mou.
2565 3940 2711 3992 alien.

1573 4024 2136 4082 COMMENTARIUS.

223 4150 359 4208 tatio
377 4147 640 4222 quamUS.
673 4145 1002 4222 Augustinus
1030 4151 1216 4222 contra
1271 4142 1588 4222 Pelagianos
1631 4143 1822 4222 deleo.

225 4239 346 4277 sum
372 4215 501 4275 ibat.
529 4218 713 4288 Neque
743 4215 932 4273 melius
959 4215 1214 4284 explicari
1245 4225 1418 4288 potest
1436 4215 1564 4288 illud
1582 4241 1632 4271 το
1652 4217 1705 4288 iu
1724 4233 1824 4287 quo

228 4292 492 4364 Epistolas
541 4286 976 4364 ad'lloniaucs,
1036 4301 1210 4364 neque
1261 4286 1512 4340 disertius
1562 4286 1821 4364 exprimi,

225 4356 371 4434 quod
386 4377 577 4418 omnes
601 4362 654 4416 in
679 4359 885 4434 Adamn
913 4356 1311 4434 peccaverimus
1331 4397 1344 4419 ,
1378 4372 1536 4434 quam
1568 4359 1819 4434 dicendo,

225 4427 372 4505 quod
400 4442 673 4503 peccatum
705 4431 892 4505 Adami
921 4429 1007 4505 _iu_
1053 4437 1290 4505 nostram
1317 4427 1606 4505 _traitsicri_t
1671 4442 1824 4484 ualu-

228 4497 376 4568 ram;
401 4497 566 4570 atque
592 4501 886 4556 naturalem
921 4500 1078 4567 hujus
1107 4497 1349 4568 principii
1399 4499 1674 4566 sequelam
1730 4515 1823 4570 ag-

229 4577 406 4632 noscit

227 4651 396 4702 etiant
427 4645 662 4701 ﬁdelium
695 4649 979 4697 nascantur
1007 4641 1200 4710 impuri
1232 4657 1246 4704 ;
1281 4652 1603 4711 quaprOpter
1634 4640 1820 4696 (Iln'is-

229 4729 318 4774 tus
343 4718 503 4772 dixit:
535 4713 653 4770 Nisi
671 4714 781 4786 quis
799 4721 1096 4786 renascatur
1115 4727 1180 4765 ea:
1205 4727 1336 4786 aqua
1361 4723 1406 4765 ct
1434 4712 1632 4786 Spiritu
1657 4713 1822 4766 Sauc-

229 4802 283 4845 to
300 4831 317 4856 ,
347 4805 448 4842 non
475 4797 636 4858 potest
657 4783 934 4858 introirciu
960 4799 1171 4858 regnum
1191 4784 1466 4846 caelorum;
1502 4783 1680 4858 itaque
1707 4798 1823 4858 om-

230 4852 320 4916 nis
364 4852 540 4914 anima
595 4870 834 4927 eousque
873 4855 924 4910 iu
975 4852 1148 4927 Adam
1197 4863 1482 4927 censetur,
1538 4852 1713 4927 donec
1767 4854 1819 4909 iu

229 4932 447 4989 Christo
465 4924 808 4986 recenseatur
841 4946 854 4980 :
885 4925 1088 4981 tamdiu
1117 4925 1388 4979 immunda
1407 4965 1421 4988 ,
1450 4924 1706 4995 quamdiu
1735 4940 1824 4979 re-

230 5011 537 5060 ccnscatur.
562 4999 682 5056 Jam
708 5012 834 5056 vero
859 4998 910 5053 in
938 4996 1106 5052 Adam
1135 4996 1403 5052 recenseri
1437 5037 1452 5061 ,
1481 5009 1587 5050 non
1619 5005 1822 5051 tantum

230 5087 318 5131 cst
341 5088 464 5130 esse
492 5073 544 5127 iu
569 5071 781 5126 miseria
802 5081 854 5124 ct
873 5083 1050 5139 pruna,
1083 5067 1179 5122 sed
1204 5067 1418 5138 insuper
1443 5067 1603 5139 etiam
1629 5066 1680 5121 in
1708 5083 1822 5122 ma-

235 5145 471 5210 ledicto,
502 5145 556 5197 in
594 5138 937 5219 damnatione
967 5180 981 5218 .
1016 5139 1069 5193 in
1118 5140 1418 5219 perditione
1451 5179 1464 5200 .
1493 5138 1544 5192 in
1570 5148 1823 5219 peccato;

232 5228 398 5286 atquc
428 5223 708 5286 propterea
731 5212 1032 5286 sulijungit:
1057 5210 1218 5286 annuis
1245 5211 1418 5286 animo
1443 5220 1514 5262 est
1531 5210 1785 5286 peccatrix
1809 5251 1822 5272 ,

231 5280 356 5360 quia
371 5280 664 5360 immunda,
696 5293 742 5336 et
769 5280 961 5336 tamdiu
992 5290 1172 5360 manet
1191 5280 1451 5360 immunda
1478 5321 1492 5344 ,
1528 5281 1699 5360 donec
1733 5297 1828 5349 per

234 5349 561 5428 baptismum
606 5352 1052 5428 regeneratausit.
1112 5356 1517 5428 Sacramentum
1577 5349 1680 5428 hoc
1720 5367 1825 5428 nou

234 5420 377 5485 tollit
407 5437 632 5483 mortem
659 5420 810 5490 ,Vnou
837 5423 1069 5479 radicem
1091 5420 1560 5491 concupiscentiae.
1585 5422 1638 5476 Si
1671 5423 1828 5492 igitur

237 5500 539 5569 haptismus
581 5497 759 5574 aufert
805 5497 997 5574 auimg
1028 5493 1315 5574 maculam,
1345 5507 1464 5548 caui
1501 5494 1686 5574 utique
1706 5509 1832 5562 pec-

235 5564 343 5627 caii
365 5613 381 5637 ,
410 5583 570 5640 quam
591 5567 678 5645 illa
709 5568 924 5623 dicente
949 5564 1281 5645 Tertulliano
1303 5577 1398 5645 per
1425 5564 1677 5645 unionem
1705 5578 1826 5645 cum

235 5635 406 5699 came
427 5635 736 5707 contraxit,
764 5652 926 5694 causa
971 5635 1419 5706 concupiscentia:
1473 5635 1790 5690 inordinata:
1812 5675 1827 5698 ,

237 5728 344 5786 qua
369 5726 499 5770 caro
547 5710 876 5786 concupiscit
926 5717 1114 5764 contra
1155 5707 1425 5777 spiritum,
1472 5721 1667 5786 quievi:
1705 5707 1831 5761 facit

237 5776 461 5858 carnem
483 5776 856 5858 peccatricem,
886 5776 1313 5858 antequamesse
1343 5776 1538 5858 possit.
1584 5776 1662 5831 En
1709 5792 1828 5831 om-

238 5871 367 5914 nem
386 5848 708 5924 theologiam
731 5852 800 5907 de
813 5848 1042 5922 peccato
1060 5849 1304 5920 originali
1333 5848 1633 5924 clarissime
1667 5863 1830 5918 expo-

236 5929 400 5986 sitam
435 5945 448 5982 :
491 5920 824 5998 en'primuui
849 5931 1125 5995 peccatum
1167 5924 1220 5976 in
1273 5921 1512 5976 omnium
1553 5920 1826 5977 hominum

1928 4155 2170 4221 naturam
2204 4142 2578 4221 transmissum
2598 4157 2626 4221 ,τ
2654 4158 2722 4198 eu
2757 4147 3200 4221 propagatioucm
3250 4149 3393 4205 illius
3435 4167 3528 4221 per

1927 4215 2416 4286 Concupisceutiam
2463 4215 2639 4286 carnis
2689 4232 2700 4267 :
2754 4232 2821 4270 cn
2860 4215 3251 4274 remissionem
3284 4215 3446 4277 illius-
3474 4225 3526 4278 iu

1931 4287 2236 4360 Bapt_ist_no!
2272 4285 2410 4353 Quid
2443 4285 2678 4360 ulterius
2697 4286 2910 4360 adjungi
2937 4299 3114 4358 potest
3141 4293 3164 4343 Υ
3193 4291 3360 4346 Luur.

2003 4357 2078 4441 (ιι)
2114 4357 2240 4412 Tota
2267 4363 2375 4410 lucc
2398 4356 2866 4441 ιγὶςιὶιαεοβεὶιὴορι
2915 4356 3284 4441 ratiocinantis
3311 4405 3324 4427 ,
3387 4367 3522 4441 iras-

1927 4428 2099 4484 centis
2147 4441 2206 4484 et
2259 4428 2691 4499 concupiscentis
2734 4428 2931 4483 anim-.c
2992 4431 3182 4499 triplex
3232 4450 3427 4488 munus
3474 4438 3525 4491 iu

1930 4499 2222 4570 Erangelio
2253 4500 2515 4552 iudicatur
2546 4513 2559 4550 :
2592 4498 2888 4554 Rationalis
2918 4510 2972 4555 et
3025 4498 3289 4570 decentis,
3334 4505 3523 4559 Matth.

507 4574 820 4652 crtullianus
855 4611 870 4634 .
900 4649 908 4652 Α
950 4570 1036 4652 ubi
1120 4571 1315 4650 fatetur
1397 4570 1538 4639 quod
1596 4569 1823 4652 inlalttcs
1848 4593 1900 4652 D
1932 4569 2099 4652 Yllct
2130 4569 2252 4651 XII;
2291 4571 2611 4639 indignantis
2638 4584 2732 4652 seu
2757 4570 3074 4652 irascentis,
3101 4573 3476 4652 Matt/EAM"
3509 4595 3524 4642 ;

1927 4641 2286 4696 desiderantis
2335 4656 2449 4694 suve
2497 4643 2958 4709 concupiscentis,
2994 4642 3148 4699 Luca:
3175 4645 3338 4700 XXII.
3394 4641 3523 4703 late.

1999 4713 2078 4835 (I7
2127 4711 2494 4781 Iudiguabitur
2526 4710 2662 4765 Deus
2701 4713 3038 4766 rationaliter.
3095 4717 3149 4770 Si
3203 4719 3528 4789 intelligatur

2001 4799 2052 4835 ιιι
2101 4784 2495 4835 Ιινηοιιιθιὶοῶε.
2527 4784 2682 4835 sicuti
2710 4783 2982 4835 Scrintura
3005 4785 3257 4835 Ionnilnr-
3284 4793 3423 4835 ηιιηιι
3457 4793 3528 4835 in.

1928 4782 2066 4858 istud
2101 4784 2509 4858 hvpptheticae,‘
2527 4784 2682 4858 sicuti
2710 4783 2982 4858 Scriptura
3005 4785 3257 4854 loquitur,
3284 4782 3423 4858 quod
3455 4793 3529 4845 in-

1926 4854 2165 4924 dignatio
2197 4854 2289 4908 Dei
2339 4871 2434 4924 pro
2466 4853 2693 4907 vindicta
2725 4854 2815 4908 Dei
2865 4853 3122 4923 sumatur,
3173 4853 3314 4914 nihil
3342 4863 3526 4916 obstat

1927 4941 2045 4979 eam
2099 4925 2205 4980 Deo
2234 4925 2492 4979 adtribui:
2536 4925 2730 4979 alicubi
2765 4935 2940 4980 tamen
2989 4929 3361 4986 adnotavimus
3390 4935 3525 4988 inter

1930 4994 2196 5073 paradosa
2226 4995 2536 5073 Tertulliani
2567 4995 2958 5073 coll«_i_caudutn,
2988 5000 3130 5068 quod
3156 5001 3286 5056 iram
3311 5005 3528 5073 preprie

1934 5071 2040 5121 Deo
2071 5068 2307 5121 videatur
2335 5067 2642 5120 attribuere.
2677 5066 2813 5121 Pus.

2003 5137 2080 5215 (c)
2111 5136 2320 5215 Utinam
2348 5147 2394 5190 et
2427 5137 2792 5215 prtecidautur.
2823 5137 2961 5215 IIoc_
2981 5140 3031 5194 in
3055 5139 3286 5215 _.Iud:eos
3317 5151 3530 5215 torquet

1931 5208 2127 5286 Paulus
2175 5207 2352 5286 Epist.
2395 5207 2729 5286 adﬁalutas,
2767 5225 2884 5277 cap.
2924 5210 2995 5264 V:
3050 5211 3279 5280 Utiuam,
3332 5207 3526 5286 iuq'uit,

1929 5280 2015 5348 qui
2047 5296 2131 5334 vos
2155 5280 2224 5333 ad
2254 5280 2712 5344 circumcisiouem,
2742 5292 2789 5334 ct
2813 5292 2998 5336 cwtero
3022 5285 3244 5338 mosaica
3270 5280 3524 5350 rebor-aut,

1933 5361 2268 5428 uon_tunt_um
2293 5350 2738 5428 circuiiicidautur,
2767 5355 2854 5406 scd
2884 5363 2929 5407 et
2960 5355 3302 5423 prtvcitlautur
3323 5373 3348 5410 εν
3369 5365 3530 5428 ὅμιλον

1933 5425 2013 5497 arisi
2034 5424 2373 5490 ἀποκόψονται.
2392 5421 2818 5497 (ΞΙιι-γειοιοηῃιε,
2836 5435 2906 5490 μὴ
2927 5421 3357 5497 ᾦιριτιμνίτθωςαν
3369 5421 3530 5497 μόνη,

1929 5495 2059 5547 ἀλλὰ
2087 5498 2169 5565 argi
2210 5499 2672 5563 mpumrbo'lmu.
2705 5493 2771 5548 Et
2798 5496 2937 5565 apud
2970 5493 3281 5553 Pritnasium
3313 5493 3530 5558 Utirett;

1932 5578 2046 5619 sent
2074 5582 2086 5618 :
2119 5563 2238 5618 Non
2289 5565 2451 5618 solum
2504 5563 2952 5628 circumciduntur.
3005 5570 3096 5622 sed
3130 5572 3279 5623 etiam
3323 5575 3527 5627 abscin-

1933 5635 2143 5701 duntur,
2171 5637 2216 5690 si
2245 5637 2559 5706 exspoliatio
2572 5639 2780 5690 membri
2801 5640 3022 5706 pro/icit.
3055 5641 3170 5696 llic.

2005 5707 2083 5776 (tl)
2128 5704 2479 5761 Moderautius
2523 5704 2705 5761 Stoici.
2754 5704 2956 5764 sensus
3002 5726 3159 5766 veros
3203 5729 3322 5768 es.~c
3365 5717 3526 5769 Stoici

1936 5779 2309 5847 pronuntiant;
2353 5777 2662 5846 phantasias
2695 5795 2818 5833 rcro
2847 5782 2978 5834 alias
3013 5797 3167 5837 veras
3205 5800 3346 5848 esse,
3393 5788 3527 5841 alias

1937 5849 2114 5924 falsas,
2151 5857 2208 5904 ut
2227 5859 2407 5924 mouet
2435 5849 2748 5924 Plutarchus
2778 5866 2894 5920 cap.
2922 5853 2974 5913 9,
3003 5854 3094 5907 lib.
3126 5852 3189 5907 IV
3222 5856 3284 5908 de
3305 5856 3528 5924 placitis.

1939 5921 2198 5991 Epicurus
2228 5922 2564 5993 phantasiam
2592 5936 2807 5978 omnem
2838 5937 3134 5997 sensusque
3159 5921 3350 5985 omnes
3376 5943 3531 5988 veros
