4270 6498
760 393 856 453 671

758 611 908 660 certo
929 609 977 660 in
1005 608 1249 677 corporis
1285 622 1502 663 recessu
1535 620 1931 662 consecratum.
1967 608 2022 662 Si
2052 609 2192 662 enim
2213 625 2353 659 srru-

763 709 1036 753 tatoremet
1073 702 1404 770 dispectorem
1455 702 1620 755 cordis
1669 703 1687 770 (
1715 703 1846 768 Sap.
1878 702 1928 766 I;
1963 700 2116 756 Prov.
2143 701 2307 756 XXIV
2336 703 2354 771 )

763 789 926 845 Deum
963 790 1225 860 legimus;
1260 794 1303 846 si
1328 794 1488 846 etiam
1520 792 1809 864 prephctcs
1839 793 1954 862 ejus
1978 795 2184 849 occulta
2230 809 2353 848 cor-

759 881 842 936 dis
869 882 1200 938 traducendo
1242 883 1491 952 probatur
1535 881 1652 954 (Ps.
1683 882 2018 956 CXXXVIII)
2054 905 2065 939 :
2121 887 2162 940 si
2217 885 2355 940 Deus

761 973 875 1044 ipse
903 975 1226 1044 recogitatns
1251 975 1494 1030 cordisin
1520 976 1716 1045 populo
1747 979 2006 1046 praevenit
2028 975 2202 1047 (Matt.
2235 977 2350 1045 IX):

762 1065 897 1129 Quid
909 1066 1141 1136 cogitatis
1161 1068 1211 1120 in
1235 1066 1470 1121 cordibus
1492 1068 1667 1121 vestris
1686 1069 1939 1137 nequam?
1959 1070 2000 1121 si
2023 1068 2099 1138 (2)
2118 1077 2172 1124 et
2193 1070 2288 1122 Ilav
2304 1069 2354 1123 id

761 1157 879 1228 (Ps.
905 1159 1002 1229 I.):
1030 1159 1131 1214 Cor
1160 1163 1403 1214 mundum
1432 1163 1592 1215 conde
1631 1162 1683 1214 in
1721 1176 1800 1214 nte
1825 1160 1963 1216 Deus
1993 1179 2007 1226 ;
2055 1171 2108 1215 et
2160 1161 2356 1217 Paulus

759 1247 938 1318 (Ilont.
975 1249 1042 1322 X)
1094 1251 1246 1304 corde
1292 1252 1366 1306 ait
1416 1252 1555 1306 credi
1605 1253 1656 1306 in
1697 1253 1992 1320 justitiam;
2043 1262 2098 1309 ct
2121 1254 2355 1310 Joannes

760 1340 801 1406 (Ι
829 1340 986 1396 Joatt.
1012 1341 1100 1411 III)
1136 1345 1287 1398 corde
1329 1347 1404 1399 ait
1449 1362 1542 1399 suo
1582 1363 1984 1416 unumquemque
2017 1349 2351 1417 reprehendi;

759 1433 804 1488 si
829 1446 1096 1502 postremo
1127 1435 1307 1505 (Matt.
1339 1436 1402 1506 ν)
1421 1479 1434 1502 ,
1464 1439 1551 1508 qui
1581 1439 1761 1492 viderit
1789 1440 2049 1508 [trutinam
2070 1441 2138 1493 ad
2167 1457 2355 1494 concu-

761 1525 1056 1590 piscendum
1079 1569 1092 1593 ,
1115 1528 1230 1597 jam
1258 1530 1559 1584 adulteravit
1580 1531 1634 1582 in
1665 1531 1817 1584 corde
1839 1549 1853 1594 ;
1878 1532 2038 1586 simul
2070 1543 2354 1603 utrumque

761 1616 992 1680 dilucet,
1022 1627 1077 1673 ct
1117 1634 1236 1674 esse
1262 1622 1551 1691 principale
1597 1623 1649 1677 in
1673 1623 1848 1676 anima
1871 1664 1885 1688 ,
1918 1639 2024 1695 quo
2071 1624 2149 1694 (5)
2179 1626 2354 1681 inten-

763 1710 836 1761 tio
865 1708 1042 1762 divina
1065 1712 1380 1777 conveniat,
1415 1713 1464 1766 id
1498 1723 1578 1767 est
1599 1754 1613 1778 ,
1644 1713 1749 1768 vim
1778 1715 2145 1783 sapientialetn
2196 1726 2355 1786 atque

764 1802 978 1856 vitalem
1027 1804 1190 1873 (quod
1244 1808 1385 1860 enim
1439 1810 1620 1875 sapit,
1675 1807 1908 1862 vividum
1940 1809 2042 1877 est)
2071 1851 2086 1874 ,
2117 1810 2242 1864 etin
2288 1825 2355 1863 eo

2166 396 2628 457 TERTULIJANI

758 513 1004 568 ducimur
1051 513 1166 584 (ι),
1213 522 1418 570 etesse
1474 512 1554 587 (α)
1608 514 1902 585 principale
1935 513 1986 568 in
2041 516 2215 569 anima
2245 557 2258 579 ,
2299 526 2346 570 ct
2380 520 2424 576 Α
2460 527 2505 567 ιιι
2543 516 2700 569 lorica
2746 515 2976 584 pectoris

3951 399 4062 457 672

3053 523 3107 568 ut
3177 514 3459 585 Epicurus.
3513 511 3609 569 sed
3673 511 3816 583 quod
3874 520 3928 568 et
3975 513 4059 581 (ὅ)

2460 610 2695 681 Egyptii
2727 610 2805 680 (ιι)
2838 611 3318 673 renuntiaverunt,
3379 619 3434 664 et
3464 607 3544 676 (6)
3594 607 3683 677 qui
3731 609 3804 677 (ρ)
3854 606 4062 662 divina-

2459 719 2574 755 rum
2601 714 3113 756 eomtncutoratorcs
3143 701 3461 756 videbantur
3484 741 3498 762 ,
3549 698 3620 770 (Ῑ)
3644 707 3699 752 ιιι
3727 710 3781 751 et
3819 698 3910 752 ille
3940 714 4063 752 vcr-

2458 809 2550 849 sus
2576 793 2775 864 Orphei
2801 794 2882 849 vel
2921 792 3265 863 Empedoclis
3293 810 3308 857 ;
3352 789 3590 862 Namque
3632 791 3820 844 homini
3851 791 4063 862 sanguis

2457 886 2890 940 circumcordialis
2933 894 3003 939 est
3024 901 3221 940 sensus.
3252 884 3424 939 Etiam
3455 881 3530 954 (g)
3576 881 3899 952 Protagoras
3929 924 3942 946 ,
3975 882 4061 953 (h)

2457 978 2619 1032 etiam
2638 977 2996 1046 Apollodorus
3015 977 3146 1047 (i)et
3162 977 3492 1048 Chrysippus
3508 975 3622 1030 luce
3636 976 3880 1045 sapiunt;
3903 987 3958 1029 ιιι
3974 976 4063 1030 vel

2456 1071 2524 1126 ah
2547 1071 2661 1125 istis
2684 1082 2896 1126 retusus
2931 1070 3277 1143 Asclepiades
3305 1084 3496 1142 capras
3543 1083 3668 1124 suas
3696 1078 3901 1138 quterat
3929 1070 4052 1124 sine

2456 1162 2620 1219 corde
2660 1161 2922 1227 halantes,
2949 1172 3004 1217 et
3030 1177 3240 1216 tunsus
3257 1177 3382 1216 suas
3407 1161 3590 1232 abigat
3616 1161 3732 1216 sine
3752 1163 3927 1229 capite
3954 1176 4058 1212 vo-

2461 1255 2672 1311 litantes
2704 1265 2796 1320 ;et
2814 1272 3003 1312 omnes
3027 1257 3136 1328 jam
3168 1256 3345 1310 sciant
3364 1270 3424 1310 se
3454 1255 3636 1324 potius
3673 1254 3789 1308 sine
3814 1252 3980 1307 corde
4009 1263 4066 1308 et

2457 1348 2682 1402 cerebro
2705 1348 2885 1402 vivere
2913 1389 2928 1412 ,
2958 1348 3044 1417 qui
3101 1347 3506 1417 dispositionem
3557 1346 3750 1400 anima:
3811 1345 4064 1399 humana:

2457 1441 2524 1496 de
2553 1441 2859 1497 conditione
2885 1441 3174 1496 bestiarum
3214 1439 3631 1511 prmjudicariut.

3045 1534 3276 1590 CAPUT
3314 1533 3453 1589 XVI.

2536 1627 2630 1682 Est
2656 1637 2709 1683 et
2741 1627 2867 1682 illud
2908 1627 2972 1681 ad
3005 1627 3161 1681 tinem
3193 1628 3270 1698 (7)
3305 1627 3606 1697 pertinens,
3632 1625 3702 1698 (j)
3731 1625 3872 1697 quod
3905 1625 4064 1682 Plato

2458 1719 2699 1773 bifariam
2727 1721 2950 1789 partitur
2977 1721 3211 1774 animam
3236 1761 3251 1784 ,
3277 1735 3377 1789 per
3407 1719 3670 1775 rationale
3698 1729 3752 1773 et
3770 1719 4062 1774 irrationa-

2457 1813 2526 1867 le.
2558 1812 2652 1866 Ctti
2683 1813 2980 1868 definitioni
3017 1825 3068 1868 ct
3108 1828 3207 1868 nos
3235 1812 3450 1884 quidem
3488 1812 3895 1882 applatulitnus,
3963 1813 4064 1869 sed

766 1893 1018 1950 thesauro
1035 1898 1276 1967 corporis
1299 1898 1480 1954 haberi
1515 1941 1529 1962 ,
1579 1900 1644 1954 ad
1666 1915 1825 1971 quem
1861 1902 2001 1971 Deus
2015 1901 2234 1972 respicit
2260 1920 2272 1954 :
2299 1914 2356 1958 ut
2386 1912 2432 1970 B
2461 1924 2566 1965 non
2601 1917 2656 1962 ut
2679 1918 2884 1964 natura:
2927 1907 3216 1977 deputetur
3261 1916 3568 1978 utrumque.
3623 1904 3876 1960 Naturale
3914 1908 4062 1961 enim

765 2003 936 2057 neque
959 1989 1291 2045 extrinsecus
1314 1994 1500 2062 agitari
1534 2002 1690 2062 putes
1741 1993 2036 2063 principale
2077 1994 2216 2048 istud
2264 2011 2352 2051 se-

763 2082 995 2136 cundum
1029 2082 1374 2146 llcraclitnm,
1433 2101 1603 2156 neque
1633 2102 1726 2157 per
1759 2096 1923 2142 totum
1951 2102 2144 2158 corpus
2186 2091 2356 2143 venti-

768 2173 861 2228 lari
891 2175 1184 2229 socundum
1207 2176 1568 2234 Moschiouem
1601 2223 1614 2244 ,
1649 2197 1819 2244 neque
1851 2182 1902 2236 in
1938 2185 2110 2251 capite
2139 2187 2356 2239 eonclu-

765 2267 818 2320 tli
851 2267 1141 2321 secundum
1173 2269 1445 2324 Platonem
1473 2315 1488 2337 ,
1522 2289 1694 2342 neque
1717 2276 1767 2328 in
1799 2275 1996 2329 vertice
2026 2278 2200 2344 petitis
2226 2294 2358 2346 pra-

765 2362 941 2414 sidere
962 2364 1255 2417 secundum
1291 2365 1646 2422 Xenocratem
1676 2409 1690 2427 .
1723 2383 1893 2437 neque
1914 2371 1964 2422 itt
2012 2370 2235 2424 eereht'o
2261 2385 2357 2424 cu-

768 2453 893 2509 bare
923 2457 1213 2510 secundum
1244 2458 1616 2527 llippocralem
1645 2478 1657 2522 ;
1712 2460 1804 2514 scd
1850 2476 1947 2516 nec
1977 2463 2118 2516 circa
2152 2463 2358 2516 ccrehri

768 2544 1169 2601 fundamentum
1225 2560 1278 2602 ut
1337 2550 1693 2620 llerophilus,
1749 2555 1925 2606 necin
1976 2554 2360 2608 membranulis

768 2639 848 2708 (ιι)
894 2650 947 2692 ιιι
998 2638 1180 2694 Strato
1231 2650 1287 2694 et
1343 2641 1737 2707 I‘Irasislt'altts,
1795 2659 1892 2698 nec
1942 2647 1991 2698 in
2042 2646 2360 2714 sopcrcilio-

769 2746 884 2785 runt
911 2733 1206 2787 meditullio
1237 2744 1291 2788 ιιι
1325 2735 1399 2806 (b)
1430 2736 1610 2790 Strato
1643 2736 1926 2807 I‘ltysieus,
1967 2739 2042 2808 (tr)
2085 2756 2181 2794 nec
2210 2742 2258 2795 in
2287 2751 2368 2796 to-

2459 2000 2716 2056 rationale
2735 1999 3061 2056 credendum
3088 1999 3337 2069 estquod
3367 1998 3560 2053 anima:
3614 2013 3641 2050 a
3675 1998 3970 2068 primordio
3995 2000 4065 2053 sit

2461 2095 2772 2164 ingenitum,
2824 2111 2851 2145 a
2910 2093 3152 2148 rationali
3190 2091 3439 2147 videlicet
3478 2099 3722 2146 auctore.
3745 2089 3883 2159 Quid
3915 2092 4063 2146 enim

2461 2203 2565 2242 non
2593 2187 2869 2250 rationale,
2894 2185 3034 2256 quod
3063 2186 3200 2240 Deus
3232 2185 3386 2254 jussu
3413 2197 3628 2254 quoilue
3656 2183 3923 2248 ediderit,
3956 2199 4061 2238 nc-

2462 2280 2586 2333 dum
2616 2280 2664 2333 id
2690 2279 2829 2349 quod
2863 2279 3076 2347 proprie
3101 2275 3297 2332 adﬂatu
3316 2289 3414 2330 suo
3431 2275 3714 2330 emiserit?
3737 2274 4067 2329 Irrationale

2463 2382 2640 2425 autem
2673 2370 2937 2438 posterius
2965 2367 3370 2437 intelligendum
3399 2376 3504 2432 est,
3543 2377 3598 2420 ιιι
3621 2367 3763 2435 quod
3805 2367 4073 2421 acciderit

2463 2479 2525 2517 ex
2561 2465 2827 2532 serpentis
2854 2462 3126 2525 instinctu,
3154 2462 3389 2528 ipsorum
3411 2459 3490 2529 (8)
3515 2459 3644 2513 illttd
3670 2459 4066 2528 transgressio-

2463 2557 2544 2612 nis
2571 2555 2880 2620 :ulmissum,
2927 2564 3084 2622 atque
3121 2553 3314 2607 exinde
3342 2553 3617 2606 iuolcvcrit
3663 2562 3712 2605 et
3747 2551 4072 2606 coadoleve—

2465 2647 2532 2702 rit
2551 2649 2600 2702 in
2623 2647 2797 2701 anima
2826 2650 2906 2711 (lt)
2929 2647 2992 2698 ad
3018 2645 3315 2714 instarjam
3340 2643 3854 2712 mturalitatis,qttia
3883 2645 4071 2698 statim

2465 2742 2514 2792 in
2561 2748 2763 2791 naturae
2803 2735 3094 2806 primordio
3120 2735 3311 2789 accidit
3337 2735 3418 2806 (ι).
3443 2732 3729 2799 Ca-lcrum,
3762 2748 3886 2787 cum
3920 2733 4068 2788 idem

2005 2831 2380 2889 Ll‘ICTIONES
2425 2829 2830 2886 VARIANTES.

890 2918 902 3020 )
923 2917 1224 3020 [letiqeimun
1244 2919 1394 2971 Rhea.
1409 2917 1542 2970 Sent!
1551 2957 1562 2970 .
1579 2921 1772 2971 Oherth.
1783 2923 1922 2972 I'atn.
1937 2923 2222 2973 deducimus
2234 2926 2352 2974 Jun.

929 3015 936 3020 .
967 2994 1008 3020 lt'
1077 2995 1151 3020 nr.

929 2984 1008 3026 Sic
1035 2984 1152 3030 Par.

885 2986 902 3110 )
925 3044 1069 3110 Qum
1086 3047 1227 3110 Pam.
1254 3043 1401 3096 llhen.

891 3105 903 3164 )
932 3105 1260 3156 Memhrauula
1286 3109 1393 3170 eius
1413 3114 1524 3156 Jun.

2528 2920 2598 2984 (ἒὶ)
2629 2921 2686 2984 ιᾷι
2709 2921 2834 2981 quod
2863 2919 3005 2984 I.‘It_ett.
3028 2917 3342 2984 Pant._St’ml.

2527 2980 2598 3047 (ιι)
2625 2983 2675 3047 lii
2704 2987 2843 3033 Pam.
2875 2981 3018 3033 nhen.
3048 2981 3196 3047 send.
3221 2984 3251 3030 ii
3275 2981 3382 3031 cod.
3418 2980 3600 3032 ll'omt'.

2527 3044 2598 3103 (7i
2624 3046 2793 3094 Fidem
2821 3055 2948 3095 I’ttln.
2976 3044 3126 3094 Scott.

2528 3110 2600 3176 (8)
2630 3109 2789 3172 Ipsum
2813 3111 2952 3159 Pam.
2981 3107 3130 3160 Ithen.
3153 3105 3304 3156 Seml.
3327 3103 3522 3157 Oberth.

2142 3211 2514 3269 CORIMENTA
2529 3214 2704 3269 RIUS.

775 3322 894 3362 nem
954 3317 1228 3368 vectatur,
1273 3307 1376 3362 hoc
1424 3307 1752 3363 interdicto:
1807 3329 1824 3358 ι
1875 3307 1988 3362 Non
2050 3308 2356 3362 auditurum

779 3399 797 3430 ι
834 3395 891 3433 se
947 3385 1128 3446 Νόμονς
1178 3384 1574 3442 ἀνιποδιίκτσυς,
1625 3381 1815 3450 quibus
1883 3379 1994 3433 fere
2055 3383 2128 3433 nti
2188 3380 2363 3434 solent

780 3470 798 3502 ι
837 3457 1039 3506 hit-iussit
1058 3458 1137 3504 καὶ
1164 3459 1378 3522 ᾋριστοῦ
1399 3456 1644 3522 auspici-1
1669 3458 1934 3522 ἀγημὲνυι.
1951 3471 1968 3501 ι
1993 3451 2176 3505 Caleni
2202 3450 2361 3504 verba

775 3532 893 3575 sunt
918 3524 1053 3576 libro
1069 3523 1132 3576 de
1156 3521 1280 3589 Di/I'.
1315 3523 1448 3589 puls.
1467 3521 1723 3576 secundo.
1749 3521 1866 3576 IIlC.

851 3592 1244 3664 (a)Principute
1271 3593 1321 3646 in
1347 3593 1538 3664 anima.
1571 3593 1924 3664 Hieronymus
1955 3593 2018 3645 ad
2061 3591 2358 3664 Fabiolam,

779 3679 866 3733 ep.
904 3663 1000 3718 l9.8
1034 3682 1046 3715 :
1095 3663 1451 3730 Quwriturnbt
1481 3665 1542 3716 sit
1577 3662 2086 3730 anima:principale.
2119 3662 2269 3715 Plato
2311 3664 2362 3714 itt

778 3735 977 3788 cerebro
1003 3778 1016 3795 ,
1062 3735 1288 3789 Christus
1315 3744 1557 3788 monstrat
1579 3737 1630 3788 iu
1655 3736 1804 3789 corde
1827 3752 1843 3788 :
1873 3733 2016 3787 Beati
2044 3734 2230 3787 mundo
2253 3749 2362 3787 cor-

781 3805 845 3858 de
863 3849 876 3864 .
906 3817 1000 3869 etc.
1027 3806 1144 3861 llic.

853 3877 933 3947 (Ιι)
957 3878 1129 3931 Strato
1165 3877 1431 3948 Physicus.
1466 3877 1605 3931 Istud
1630 3879 1788 3931 etiam
1816 3893 1878 3931 ex
1911 3875 2212 3948 Plutarcho.
2261 3873 2363 3924 Vo-

781 3946 935 4001 catur
968 3959 1142 4003 autem
1185 3946 1362 4002 Strato
1396 3948 1667 4018 Physicus,
1699 3959 1806 4001 ιιιιιι
1862 3949 1925 4001 ad
1965 3946 2361 4001 distinctionem

783 4020 1077 4088 superioris
1096 4019 1362 4072 Stratonis
1387 4019 1576 4073 medici
1603 4062 1617 4084 ,
1645 4030 1752 4072 ιιιιιι
1785 4020 1924 4087 quod
1955 4061 1968 4082 ,
1998 4018 2158 4071 Suida
2208 4026 2360 4088 teste,

787 4087 894 4158 prie
939 4090 1145 4144 caneris
1175 4100 1374 4143 natura:
1423 4091 1854 4159 contetnplatitmi
1903 4089 2114 4142 deditus
2167 4087 2361 4159 fuerit;

785 4157 871 4226 qui
903 4160 1293 4229 lantpsacenutn
1326 4161 1467 4226 facit,
1501 4157 1849 4229 Theophrasti
1877 4162 2060 4220 lilium,
2087 4170 2140 4212 et
2168 4157 2364 4212 inultos

786 4229 949 4284 Ithros
975 4233 1252 4300 scripsisse
1280 4234 1455 4285 tradit.
1496 4233 1624 4285 l‘Mt.

859 4304 935 4370 (c)
970 4298 1156 4356 Necin
1182 4315 1284 4356 tota
1308 4305 1464 4356 lorica
1493 4304 1724 4370 pectoris.
1776 4302 1962 4358 Graece
2015 4298 2366 4356 eonformiter

787 4372 927 4445 apud
963 4373 1299 4445 Plutarchum
1323 4375 1527 4445 legitur,
1565 4381 1608 4427 ει
1635 4382 1722 4443 ὅλῳ
1742 4387 1810 4441 τῷ
1841 4384 2034 4445 caput.
2064 4373 2199 4426 l’tut.

859 4443 937 4513 (al)
975 4444 1418 4498 Ilenuntiaverunt.
1448 4443 1776 4509 Rt'ttttttltm'c,
1813 4443 1908 4514 pro
1936 4445 2236 4506 attrihttere,
2269 4459 2361 4499 ac-

786 4514 1093 4587 cipere_ltic
1122 4516 1330 4587 videtur
1359 4517 1578 4587 Auctor,
1629 4517 1815 4568 eadem
1870 4516 2257 4587 signiﬁcatione
2295 4516 2362 4570 de

787 4601 887 4655 qua
919 4585 1049 4638 infra
1077 4586 1338 4639 latiuslilt.
1360 4589 1422 4638 de
1441 4585 1594 4638 Carn.
1626 4587 1743 4637 Chr.
1774 4601 1822 4638 c.
1859 4585 2072 4640 L'PAII.

861 4656 937 4724 (ιε)
969 4655 1268 4709 Divinarum
1305 4659 1783 4709 commemoratoris.
1830 4656 2130 4724 Intelligere
2156 4658 2363 4714 videtur

790 4724 1102 4780 Mercarinnt
1123 4728 1547 4797 Tristttcgistnm.
1589 4729 1896 4781 .-\nehonem
1922 4739 1974 4782 et
2005 4730 2327 4783 Aiushonent
2352 4771 2366 4793 ,

788 4813 920 4862 quos
954 4798 1263 4867 plerumque
1287 4801 1453 4853 secuti
1484 4808 1606 4852 sunt
1655 4798 1919 4864 Plotinus,
1967 4799 2293 4854 Jamblichus
2321 4813 2373 4855 et

791 4867 904 4937 ipse
934 4869 1100 4921 l’lato.
1135 4869 1269 4924 Pu.

862 4938 928 5008 (i)
963 4938 1030 4992 Ut
1049 4950 1094 5012 et
1119 4942 1205 4993 ille
1237 4957 1404 4995 versus
1437 4939 1628 5008 Orphei
1654 4943 1728 4994 vel
1761 4940 2106 5012 Empedoclis.
2155 4941 2368 4996 Citalur

789 5023 976 5064 versus
997 5025 1024 5063 a
1053 5010 1348 5082 I‘orphyrio
1375 5029 1437 5066 ex
1475 5013 1793 5081 Empedocle
1823 5030 1836 5066 :

977 5108 1070 5162 Δῖςιιι
1094 5115 1159 5164 γὰρ
1181 5116 1378 5167 ἀνθρώπως
1395 5114 1620 5167 aptaaptin
1639 5120 1718 5155 ian
1735 5119 1862 5165 νθνξςυι.

790 5181 1092 5264 Cltalcidins
1125 5186 1749 5264 :_Empedocles-quidem
1799 5190 2136 5259 principalem
2192 5190 2376 5244 anima:

791 5258 887 5308 vim
914 5258 1171 5311 constituit
1195 5260 1246 5312 in
1276 5262 1425 5314 corde
1453 5302 1465 5324 ,
1489 5261 1561 5314 sic
1591 5263 1760 5315 dicens
1794 5281 1807 5315 :

883 5346 1130 5408 Sanguine
1154 5349 1316 5398 cordis
1337 5352 1466 5399 enim
1487 5357 1655 5399 noster
1680 5352 1813 5413 viget
1839 5349 2129 5400 intellectus.
2156 5348 2262 5399 Btc.

865 5433 946 5498 (g)
1013 5430 1340 5502 Protagoras.
1395 5434 1502 5488 Etsi
1559 5436 1696 5499 apud
1748 5433 2017 5488 Laertium
2071 5436 2373 5502 reperiatur

793 5497 1111 5568 Protagoras
1139 5497 1485 5572 philosophus
1515 5497 1785 5559 abderites
1810 5504 2022 5557 auditor
2052 5497 2336 5559 Democriti
2359 5523 2372 5570 ;

793 5573 915 5640 quia
946 5581 1121 5645 tamen
1152 5578 1288 5628 inter
1319 5575 1484 5628 lihros
1510 5577 1627 5645 ejus
1660 5577 1727 5630 de
1779 5576 1953 5628 anima
1985 5575 2158 5630 nullus
2187 5590 2373 5630 recen-

793 5655 961 5708 setur,
988 5651 1043 5697 et
1064 5643 1148 5697 hic
1179 5645 1385 5699 videtur
1411 5643 1600 5700 iterum
1625 5646 1858 5700 medicos
1879 5645 2011 5700 alios
2039 5647 2376 5702 committere

795 5730 914 5766 eum
945 5714 1276 5789 Asclepiade,
1296 5731 1501 5789 censeo
1527 5716 1741 5786 quidem
1776 5719 1872 5786 legi
1897 5717 2092 5771 debere
2111 5716 2373 5789 Praxago-

798 5800 884 5858 ras
905 5784 1042 5858 :__sed
1069 5787 1185 5858 sine
1211 5787 1329 5841 cod.
1354 5787 1464 5841 MS.
1487 5784 1588 5858 ope
1612 5789 1659 5841 id
1690 5791 1738 5842 itt
1770 5784 2021 5843 contextu
2053 5800 2258 5843 mutare
2280 5784 2377 5843 tio-

799 5855 887 5908 Iui.
919 5853 1074 5910 Certe
1103 5855 1430 5926 Proxagoras
1478 5853 1716 5913 medicus
1766 5875 1793 5911 a
1845 5859 2020 5912 Plinio
2072 5860 2376 5917 celebratur

800 5929 954 5980 ιιϊιιο
983 5926 1100 5982 loco
1125 5927 1252 5984 dicti
1277 5930 1370 5984 lih.
1394 5928 1585 5997 XXVI,
1616 5946 1664 5986 e.
1692 5929 1747 5996 Ξ,
1780 5940 1882 5985 etc.
1917 5929 2051 5984 Pan.

2536 3309 2616 3378 (ιι)
2653 3307 2822 3360 Etiam
2852 3303 3506 3378 Αροιιοάοηιςηδίιιιίιίιει·
3531 3313 3584 3378 et
3607 3303 3715 3378 hic,
3748 3305 4004 3378 quamvis
4039 3322 4069 3361 a

2467 3375 3042 3433 Laer’tioreceuseatur
3099 3376 3454 3445 Apollodorus
3478 3375 3832 3439 atheniensis.
3876 3380 4070 3446 epicu-

2470 3465 2592 3504 rens
2637 3449 3026 3520 philosophus,
3057 3459 3184 3520 puto
3239 3457 3416 3520 tamen
3443 3448 3618 3517 potius
3666 3446 3808 3520 loqui
3865 3451 4072 3503 Aucto-

2470 3537 2581 3573 rem
2609 3517 2674 3574 de
2723 3521 3048 3589 Apollodoro
3095 3519 3268 3573 altero
3315 3519 3525 3572 illorum
3575 3517 3957 3585 medicorum,
4006 3523 4074 3575 de

2470 3594 2662 3662 quibus
2691 3592 2894 3646 Plinius
2920 3592 2954 3643 Ι.
2988 3589 3180 3662 ΧΧιε.
3213 3590 3267 3643 4.
3301 3589 3435 3644 I’Mt.

2543 3663 2604 3734 (i)
2633 3665 2695 3716 Et
2721 3663 3053 3734 Chrysippus.
3085 3660 3179 3715 llic
3207 3675 3420 3730 quoque
3449 3659 3518 3714 dc
3563 3659 3870 3734 Chrysippo
3897 3663 4072 3734 medi-

2470 3750 2536 3788 co
2553 3730 2739 3803 potius
2769 3730 2915 3803 loqui
2945 3730 3148 3786 censeo
3187 3735 3500 3796 Auctorem,
3532 3730 3690 3800 quam
3722 3730 3791 3785 de
3823 3733 4071 3801 philoso-

2471 3806 2576 3876 pho
2607 3845 2622 3869 ,
2652 3803 2803 3876 cujus
2823 3818 2981 3876 supra
3010 3803 3144 3858 facta
3171 3811 3256 3860 est
3278 3803 3480 3876 mentio
3509 3818 3560 3856 c.
3590 3803 3624 3857 5
3649 3817 3665 3867 ;
3691 3817 3813 3855 nam
3869 3804 4074 3859 cilatur

2472 3873 2514 3930 is
2546 3877 2656 3943 ipse
2684 3891 2711 3928 a
2741 3875 2912 3928 Plinio
2934 3874 3256 3943 frequenter.
3288 3873 3421 3926 Plut.

2541 3941 2690 4002 CAP.
2728 3945 2864 4000 XVI.
2896 3975 2966 3984 —-
2995 3941 3057 4014 (i)
3090 3945 3240 4011 Quod
3274 3943 3424 3997 Plato
3467 3941 3728 4013 bifariam,
3759 3953 3869 3998 etc.
3898 3945 4069 4001 Simi-

2471 4018 2590 4072 liter
2612 4035 2767 4084 supra
2795 4017 2928 4071 dixit
2970 4032 3090 4085 cap.
3149 4016 3210 4069 Η
3241 4032 3253 4067 :
3281 4015 3537 4068 Dividitur
3564 4024 3732 4085 autem
3771 4015 3826 4068 in
3871 4029 4068 4082 partes,

2471 4105 2602 4141 nunc
2624 4083 2830 4141 induas
2851 4107 2880 4139 a
2915 4083 3146 4140 Platone.
3175 4086 3343 4140 IIahet
3369 4095 3549 4140 autem
3569 4083 3708 4140 istud
3760 4086 3914 4140 Plato
3936 4087 4070 4142 dial.

2471 4163 2505 4213 4
2556 4160 2617 4212 de
2650 4158 2822 4225 lit’pub
2855 4175 2872 4212 :
2901 4175 3005 4212 non
3040 4159 3215 4226 itaque
3262 4156 3493 4210 absurde
3519 4197 3532 4219 ,
3563 4157 3760 4225 inquit.
3821 4157 4075 4226 duplices

2471 4230 2566 4284 ltas
2596 4241 2775 4300 partes
2796 4272 2809 4288 .
2841 4238 2895 4282 ct
2924 4232 3062 4300 inter
3101 4245 3159 4282 se
3184 4228 3428 4282 diversas
3453 4241 3613 4300 esse.
3649 4229 3812 4300 itahnt
3839 4230 4073 4300 alteram

2469 4317 2572 4370 qua
2599 4299 2954 4354 ’ratiociuatur
2995 4299 3218 4371 [utpote
3247 4314 3367 4368 qua:
3392 4302 3460 4352 sit
3490 4299 3753 4353 ratiocinii
3795 4299 4074 4368 guberna-

2470 4374 2567 4426 trix
2603 4382 2850 4441 tanquam
2876 4373 3099 4438 benigna
3124 4379 3177 4423 et
3202 4371 3457 4441 _sntdiosa
3477 4379 3665 4441 mater
3685 4411 3704 4441 ,ί
3761 4372 3902 4423 viam
3945 4374 4068 4425 vita

2469 4455 2679 4497 reetanr
2714 4439 3162 4496 eotnmoustraus
3201 4439 3223 4512 ]
3265 4439 3579 4494 rationalem
3622 4440 3818 4512 anima:
3859 4451 4072 4512 partem

2467 4514 2836 4583 appellemus:
2879 4515 3103 4567 alteram
3144 4511 3244 4580 qua
3268 4519 3446 4575 amat,
3477 4519 3531 4564 et
3552 4511 3722 4565 esurit
3747 4551 3762 4574 ,
3818 4524 3882 4583 et
3922 4513 4071 4578 sitit,

2466 4581 2518 4638 et
2544 4581 2701 4639 ﬁcit-ca
2732 4584 2860 4636 alias
2879 4583 3196 4652 cupiditates
3226 4583 3368 4636 velut
3393 4590 3733 4636 Consternata
3781 4581 4033 4639 adiicitur
4053 4627 4068 4649 ,

2475 4655 2864 4710 lrrationalem.
2895 4655 3029 4709 Pint.

2551 4726 2630 4798 (ιι)
2669 4727 2746 4779 Ad
2771 4730 2930 4780 instar
2944 4729 3055 4798 join
3086 4723 3446 4798 naturalitotis.
3498 4723 3598 4779 Per
3644 4733 3850 4778 natura:
3880 4724 4074 4798 vitium

2477 4807 2530 4851 et
2561 4795 2979 4853 deformitatem.
3006 4795 3150 4850 Facit
3173 4796 3256 4849 hic
3274 4795 3420 4848 locus
3441 4809 3536 4863 pro
3562 4805 3781 4864 peccato
3796 4796 4069 4863 originali.

2477 4870 2736 4922 Consulto
2759 4868 2895 4922 dixit
2924 4869 3121 4922 Auctor
3137 4865 3204 4918 ad
3229 4867 3390 4919 instar
3416 4866 3783 4929 uaturalitatis,
3815 4869 3943 4935 quia
3972 4882 4073 4921 nec

2481 4941 2663 4994 vitium
2686 4983 2699 5003 ,
2727 4955 2824 4994 nec
2851 4949 3120 5009 peccatum
3151 4937 3368 5006 originis
3407 4945 3491 4990 est
3533 4937 3645 5009 ipsa
3673 4947 3886 5009 natura
3913 4977 3929 5001 ,
3981 4949 4077 4991 aut

2479 5012 2796 5073 substantia,
2827 5005 2916 5064 aut
2939 5008 3106 5064 forma
3139 5005 3339 5069 nostra,
3369 5018 3425 5060 ut
3449 5005 3652 5078 putavit
3673 5005 3940 5078 Illyricos,
3972 5011 4071 5063 sed

2478 5083 2670 5136 accidit
2696 5092 2934 5136 naturae:
2969 5096 3091 5135 nam
3121 5089 3177 5133 ut
3226 5079 3426 5148 optime
3447 5076 4072 5144 insinuat'l‘ertullianus,

2479 5153 2522 5207 si
2575 5163 2850 5223 peccatum
2909 5161 3053 5206 esset
3115 5150 3406 5223 substantia
3458 5157 3551 5203 aut
3597 5158 3782 5223 natura
3840 5161 4022 5203 nostra
4054 5191 4072 5215 ,

2477 5219 2597 5276 cum
2642 5225 2815 5278 omnis
2867 5222 3159 5277 substantia
3185 5236 3213 5274 a
3246 5219 3358 5274 Deo
3394 5229 3573 5274 creata
3596 5220 3664 5272 sit
3687 5259 3705 5282 .
3753 5228 4078 5288 sequeretur

2478 5303 2756 5363 peccatum
2799 5311 2826 5347 a
2871 5295 2989 5348 solo
3023 5295 3133 5348 Deo
3161 5302 3399 5346 creatum
3420 5304 3576 5356 esse,
3599 5298 3654 5344 et
3680 5287 3911 5344 inditum
3945 5291 4079 5345 Atta:

2477 5377 2531 5418 et
2565 5367 2810 5438 posteris.
2846 5365 2973 5420 Lac.

2580 5431 2616 5490 tl
2659 5436 2950 5490 Primordio
2991 5431 3818 5488 accidit.Notanteillustrissimo
3835 5430 4068 5488 Bossue-

2480 5515 2532 5561 to
2558 5501 2751 5571 ('l‘otno
2779 5507 2842 5571 ll,
2869 5505 3092 5562 Dél‘ensc
3142 5505 3211 5560 de
3265 5507 3310 5556 Ia
3350 5502 3624 5558 Tradition
3673 5513 3728 5556 et
3751 5501 3854 5558 des
3895 5503 4080 5559 Saints

2481 5572 2665 5643 Peres,
2715 5578 2842 5632 livre
2897 5576 3031 5641 VIII,
3057 5576 3212 5645 chap.
3241 5573 3434 5638 XXIX,
3477 5589 3598 5644 pag.
3629 5572 3776 5643 M8).
3812 5574 3866 5627 in
3911 5589 4078 5629 voea-

2479 5649 2608 5702 bulo
2638 5649 2954 5703 Tertulliani
2983 5657 3034 5704 τὸ
3064 5647 3400 5715 primordium
3430 5661 3534 5699 non
3561 5646 3734 5700 solum
3761 5645 3976 5698 initium
4006 5645 4080 5700 ab

2479 5720 2666 5773 ordine
2707 5730 3026 5788 temporum.
3057 5717 3150 5774 sed
3178 5717 3384 5772 initium
3427 5715 3664 5788 etiamga
3714 5715 3983 5788 principio
4022 5728 4082 5772 et

2477 5785 3130 5867 origineintelligendum
3191 5798 3316 5853 est;
3349 5797 3401 5842 et
3461 5801 3558 5857 per
3607 5785 3710 5867 hoc
3755 5785 4082 5867 intelligitur

2481 5859 2668 5932 ingens
2694 5863 2779 5915 illa
2802 5905 2816 5927 ,
2848 5859 2966 5932 quae
2999 5866 3048 5915 in
3074 5874 3299 5930 corpore
3329 5867 3513 5932 nostro
3557 5867 3609 5912 et
3639 5859 3694 5932 in
3735 5859 3917 5932 anima
3946 5872 4079 5911 nos-

2479 5926 2562 5986 tra
2578 5932 2645 5986 ab
2671 5933 2822 5988 initio
2851 5926 2902 5988 et
2926 5933 2976 5987 in
3005 5926 3210 6000 origine
3235 5929 3445 6002 generis
3461 5926 3680 5984 humani
3709 5926 3927 5995 accidit,
3953 5943 4080 5982 mu-
