4270 6498
192 413 302 474 673

1515 416 1716 476 LIBER
1765 415 1850 474 DE
1891 413 2127 472 ANIMA.

3381 419 3486 476 674

191 534 346 590 Plato
375 533 549 588 solum
577 529 838 588 rationale
864 529 1028 594 dicat,
1059 537 1115 584 ut
1138 529 1187 583 in
1213 530 1387 584 anima
1413 530 1504 586 Dei
1527 534 1710 602 ipsius,
1743 534 1786 590 si
1819 535 1864 594 A
1895 529 1988 585 sed
2032 545 2096 583 cx
2132 528 2216 583 illa
2263 543 2422 598 quam
2451 529 2695 585 diabolus
2735 530 2959 596 induxit,
2992 533 3239 588 dominus
3284 544 3339 590 et
3371 537 3481 603 ipse

192 641 291 682 nos
319 627 481 682 etiam
515 624 821 680 irrationale
850 632 1056 676 natura:
1110 621 1465 678 adscribimus
1513 625 1591 695 (ι)
1621 642 1781 696 quam

189 735 221 775 a
264 721 373 776 Deo
398 721 574 775 anima
605 727 784 774 n0stra
819 717 1006 772 sortita
1047 725 1129 771 est
1153 757 1168 781 ,
1200 732 1353 786 mque
1382 719 1690 774 irrationale
1717 719 1784 775 de

191 814 306 869 Deo
332 814 436 869 erit
464 854 478 879 ,
507 821 692 883 utpote
723 810 988 874 naturale,
1017 810 1139 880 quia
1173 819 1378 865 natura:
1433 811 1570 867 Deus
1598 825 1785 868 auctor

189 916 294 962 est.
323 905 432 962 Sed
473 905 615 960 enim
641 919 671 957 a
704 903 919 958 diabolo
949 902 1211 956 immissio
1228 903 1407 958 delicti
1435 919 1449 969 ;
1481 904 1786 961 irrationale

190 1009 372 1055 autem
393 1013 553 1054 omne
577 997 829 1054 delictum
861 1014 872 1052 :
907 996 1070 1066 igitur
1113 1012 1143 1050 a
1193 995 1406 1052 diabolo
1454 998 1782 1066 irrationale,

189 1108 220 1147 a
249 1107 358 1162 quo
377 1101 434 1146 et
454 1090 708 1146 delictum
740 1105 755 1152 ;
787 1098 1106 1144 extraneum
1136 1103 1164 1141 a
1203 1089 1330 1153 Deo,
1361 1104 1389 1142 a
1418 1105 1524 1160 quo
1545 1100 1625 1145 est
1654 1091 1786 1146 irra-

189 1184 394 1240 tionale
418 1183 674 1239 alienum.
707 1181 937 1238 Proinde
961 1183 1247 1238 diversitas
1273 1183 1465 1239 borum
1484 1201 1548 1240 ex
1577 1186 1786 1241 distan-

191 1277 263 1330 tia
287 1285 590 1332 auctorum.
619 1274 869 1339 Proinde,
898 1289 1018 1329 cum
1043 1275 1214 1341 Plato,
1239 1275 1338 1329 soli
1366 1275 1473 1331 Deo
1496 1290 1786 1348 segregans

188 1370 473 1434 rationale,
517 1369 624 1423 dno
641 1383 837 1439 genera
863 1368 1230 1424 subdividitcs
1249 1370 1518 1432 rationali,
1543 1371 1758 1441 indigna
1773 1402 1788 1417 -

187 1463 355 1518 tit-nm
380 1461 520 1531 quod
538 1461 811 1531 appellant
838 1463 1057 1528 ουμικὸν,
1081 1462 1611 1531 concupiscentivum
1641 1464 1784 1534 quod

184 1563 384 1610 vocant
409 1562 766 1624 ἰπιουμητιιιὸν,
800 1564 858 1608 ιιι
887 1553 1015 1608 illttd
1045 1554 1260 1623 quidem
1289 1570 1575 1610 commune
1604 1557 1669 1610 sit
1693 1575 1787 1611 no-

185 1648 271 1705 bis
297 1659 353 1704 et
380 1649 650 1713 leonibus,
701 1647 841 1701 istud
893 1661 1021 1701 vero
1064 1663 1185 1702 cum
1229 1650 1430 1702 muscis
1464 1691 1477 1713 ,
1526 1651 1786 1706 rationale

185 1757 352 1813 porro
377 1757 501 1798 cum
531 1742 672 1806 Deo;
701 1741 858 1795 video
889 1748 945 1795 et
979 1739 1048 1796 de
1067 1740 1169 1795 hoc
1191 1740 1317 1794 mihi
1336 1755 1458 1795 che
1495 1752 1786 1797 retraetan-

183 1835 340 1899 dum,
356 1842 576 1904 propter
599 1847 660 1888 ea
680 1848 798 1901 qua:
816 1832 866 1885 in
896 1831 1113 1886 Christo
1129 1829 1624 1900 deprehenduntur.
1648 1832 1787 1888 Ecce

1888 621 2062 677 dictus
2088 619 2322 693 (Matth,
2354 621 2438 685 Vl,
2467 621 2558 690 ει)
2590 623 2671 677 ειιὶ
2694 624 2930 680 ordinis:
2964 623 3084 680 Non
3121 628 3323 696 potestis
3349 628 3480 684 dno-

1890 717 1980 771 bns
1996 717 2212 772 dominis
2231 718 2435 781 servire;
2461 728 2607 786 pater
2628 727 2680 772 ct
2705 719 2817 787 ipse
2843 721 3247 790 cognominatus
3270 719 3469 792 (Joan.,

1891 808 2025 873 Vill,
2059 808 2190 877 44):
2234 807 2334 863 Vos
2357 826 2418 863 ea:
2439 808 2643 863 diabolo
2669 820 2810 879 patre
2836 811 2992 865 estis:
3025 827 3089 865 ne
3116 817 3302 868 timeas
3326 823 3380 867 et
3406 815 3477 868 illi

1892 905 2269 973 proprietatem
2299 911 2500 957 natura:
2543 903 2763 957 alterius
2807 903 3132 970 adscribere,
3167 907 3478 975 posterioris

1890 1005 1938 1049 et
1971 995 2248 1062 adulter-te,
2283 1011 2440 1065 quem
2474 995 2606 1064 legis
2633 994 2867 1067 (illatua,
2902 995 3040 1068 XIII)
3067 1013 3350 1052 arenarum
3389 1017 3480 1053 su-

1891 1086 2391 1156 pcrseminatnrem,
2435 1096 2489 1142 et
2533 1086 2894 1143 frumentariae
2925 1089 3119 1159 segetis
3164 1101 3477 1149 noctnrnnnt

1891 1179 2345 1250 intcrpo‘atorem.

2476 1270 2700 1328 CAPUT
2749 1271 2910 1328 XVII.

1961 1361 2234 1435 Contingit
2300 1380 2396 1422 nos
2451 1366 2663 1420 illorum
2718 1367 2877 1421 etiam
2929 1368 3164 1439 quinque
3228 1386 3479 1426 sensuum

1891 1465 2140 1525 qna-stin,
2171 1474 2305 1528 quos
2339 1461 2387 1514 in
2422 1459 2604 1530 primis
2636 1460 2802 1516 literis
2834 1461 3110 1529 discimus,
3145 1466 3393 1533 quoniam
3431 1477 3484 1521 et

1894 1548 2022 1604 hinc
2051 1551 2247 1620 aliquid
2283 1551 2550 1606 haereticis
2597 1562 2930 1620 procuratur.
2965 1552 3125 1608 Visus
3165 1564 3268 1622 est,
3301 1567 3347 1610 et
3386 1573 3481 1612 au-

1892 1641 2052 1707 ditus,
2086 1652 2140 1696 et
2168 1642 2442 1711 odoratus,
2471 1653 2524 1698 et
2552 1655 2759 1714 gustus,
2787 1653 2841 1698 ct
2869 1656 3059 1700 tactus.
3095 1646 3295 1701 llnrum
3326 1648 3483 1702 tidem

1893 1736 2197 1790 Academici
2229 1736 2413 1791 durius
2457 1737 2742 1799 damnant;
2791 1738 3088 1793 secundum
3121 1740 3397 1810 quosdam,
3434 1750 3489 1796 rt

1893 1827 2212 1892 Heraclitus,
2245 1839 2298 1884 et
2333 1829 2560 1895 Diocles,
2592 1839 2645 1883 ct
2679 1829 3057 1898 Ιείιιιρριιοοιεες
3090 1841 3236 1887 certe
3264 1832 3413 1887 Plato
3437 1835 3486 1888 in

182 1927 332 1983 enim
351 1925 428 1996 (tt)
457 1934 564 1980 tota
585 1923 701 1980 lucc
716 1923 926 1979 trinitas
947 1924 1066 1979 etin
1089 1923 1340 1977 domino:
1391 1925 1651 1981 rationale
1682 1941 1789 1996 quo
1821 1932 1866 1992 Β
1896 1919 2109 1985 Tinuco,
2161 1921 2522 1976 irrationalem
2566 1924 2915 1991 pronuntians
2942 1923 3020 1994 (4)
3069 1925 3486 1991 scnsualitatem,

189 2019 372 2083 docet,
394 2033 502 2090 quo
522 2016 602 2089 (2)
623 2015 860 2078 disserit,
887 2031 992 2086 quo
1004 2016 1192 2071 salutis
1209 2018 1322 2070 vias
1348 2018 1577 2082 sternit;
1611 2018 1788 2090 indig-

184 2113 450 2179 nativum,
470 2127 578 2183 quo
595 2109 864 2165 invehitur
882 2109 934 2164 in
947 2109 1165 2165 Scribas
1178 2119 1232 2164 ct
1259 2110 1294 2163 Ρ
1307 2110 1582 2176 haris:cos;
1597 2123 1645 2166 et
1668 2127 1792 2168 con-

183 2205 638 2276 cupiscentivum,
669 2218 774 2274 quo
803 2202 996 2272 pascha
1026 2217 1148 2258 cum
1185 2201 1461 2272 discipulis
1489 2203 1601 2258 suis
1629 2205 1791 2261 edere

183 2299 537 2370 concupiscit.
562 2297 725 2368 Igitur
745 2297 884 2366 apud
911 2311 1009 2352 nos
1033 2311 1136 2351 non
1161 2313 1374 2367 semper
1397 2313 1460 2352 ex
1489 2299 1790 2354 irrationali

184 2391 460 2448 censenda
514 2399 639 2445 sunt
696 2388 1080 2458 indignatirum
1125 2399 1178 2444 et
1223 2390 1787 2459 concupiscentivum,

185 2499 312 2552 qum
355 2480 490 2537 certi
521 2495 705 2536 sumus
733 2481 783 2534 in
839 2479 1118 2534 Dominum
1153 2479 1234 2549 (5)
1265 2481 1597 2537 rationaliter
1627 2481 1790 2537 decu-

186 2573 449 2628 currisse.
492 2569 566 2642 (b)
613 2567 977 2640 Indignabitur
1025 2570 1163 2626 Dens
1204 2571 1555 2640 rationaliter,
1602 2574 1795 2643 quibus

187 2665 402 2722 scilicet
438 2664 616 2729 debet,
651 2674 705 2720 et
734 2664 1080 2735 concupiscet
1123 2665 1262 2720 Dens
1305 2667 1633 2723 rationaliter
1676 2684 1795 2737 qu;c

189 2757 353 2828 digna
381 2767 511 2813 sunt
541 2756 676 2829 ipso.
709 2756 839 2812 Nam
873 2765 930 2813 et
956 2757 1099 2812 malo
1139 2757 1516 2828 indignabitur,
1566 2769 1618 2815 et
1656 2760 1796 2815 bono

191 2852 540 2920 concupiscet
577 2850 824 2905 salutem.
858 2849 960 2904 Dat
1000 2857 1056 2904 et
1091 2849 1379 2919 Apostolus
1421 2851 1574 2906 nobis
1601 2867 1798 2908 cciicu-

194 2945 514 3016 pisccntiant
572 2943 616 3012 (I
646 2943 806 3008 Tim.,
834 2943 922 3008 Ill,
959 2943 1046 3014 l):
1082 2943 1146 2999 Si
1173 2945 1285 3015 quis
1309 2945 1653 3014 episcopatum
1679 2963 1798 3001 con-

194 3042 433 3106 cupiscit,
461 3042 644 3094 bonum
667 3056 795 3110 opus
810 3040 1152 3110 concupiscit;
1174 3050 1226 3094 ct
1242 3039 1426 3092 bonum
1453 3056 1579 3110 opus
1591 3041 1796 3109 dicens,

196 3132 517 3188 rationalem
547 3131 1033 3201 concupiscentiam
1065 3129 1316 3186 ostendit.
1353 3129 1612 3187 Concedit
1637 3141 1692 3187 rt
1716 3133 1798 3188 Ill-

195 3224 563 3294 dignationem
587 3240 602 3286 ;
629 3222 837 3295 quidni,
865 3238 1028 3293 quam
1056 3233 1110 3277 ct
1139 3223 1253 3292 ipse
1281 3224 1553 3292 suscepit?
1581 3223 1656 3295 (ε)
1689 3223 1799 3278 Uti-

1894 2025 1949 2071 et
1977 2016 2211 2085 Opinioni
2240 2016 2639 2086 eoimplicitam.
2671 2017 2850 2086 Itaque
2879 2017 3214 2071 tnemlaeimn
3243 2019 3374 2072 risui
3404 2019 3489 2073 ob-

1890 2109 2101 2179 jieitur,
2149 2111 2288 2178 quod
2336 2124 2514 2163 remos
2556 2109 2606 2161 iit
2648 2124 2782 2179 aqua
2837 2108 3063 2165 innexos
3109 2110 3191 2165 rel
3237 2110 3490 2167 infractos

1895 2201 2178 2257 adseverat
2222 2202 2482 2256 adversus
2523 2202 2907 2258 conscientiam
2958 2205 3307 2275 integritatis,
3352 2207 3492 2276 quod

1896 2301 2098 2348 turrem
2119 2293 2594 2363 quadrangulatam
2640 2293 2708 2348 de
2738 2294 3029 2365 longinquo
3060 2297 3341 2353 rotundam
3373 2316 3493 2366 pcr-

1898 2383 2139 2449 suadeat,
2185 2384 2325 2454 quod
2371 2384 2788 2455 mqualissimam
2836 2388 3096 2454 porticum
3127 2391 3491 2459 angustiorcnt

1899 2475 1950 2530 iit
1982 2477 2169 2531 ultimo
2199 2477 2435 2541 infamet,
2469 2477 2611 2547 quod
2639 2479 2832 2533 emtum
2862 2487 3004 2533 tanta
3027 2481 3350 2538 sublimitate
3379 2498 3495 2538 sus-

1901 2583 2124 2639 pensum
2168 2572 2299 2624 mari
2322 2570 2530 2641 jungat.
2575 2571 2803 2626 Perinde
2833 2571 3044 2628 auditus
3082 2573 3303 2632 fallacia!
3334 2594 3490 2634 reus:

1901 2672 1956 2717 ut
1987 2679 2114 2719 cum
2139 2664 2364 2719 caeleste
2394 2679 2637 2719 murmur
2670 2674 2937 2733 putamus,
2971 2677 3020 2722 et
3052 2667 3345 2739 plaustrum
3376 2683 3491 2738 est;

1901 2757 1982 2810 vel
2008 2756 2206 2811 tonitru
2229 2757 2543 2822 meditante,
2568 2773 2662 2828 pro
2683 2769 2832 2814 certo
2856 2759 2926 2816 de
2953 2761 3194 2830 plaustro
3221 2765 3496 2823 credimus

1901 2850 2155 2902 sonitum.
2206 2847 2293 2903 Sic
2330 2857 2385 2903 et
2429 2849 2683 2904 odoratus
2728 2858 2782 2906 et
2827 2861 3017 2922 gustus
3061 2864 3386 2926 arguuntur;
3427 2859 3499 2913 si-

1902 2940 2116 3010 quidem
2146 2942 2334 2996 eadcnt
2379 2951 2672 3012 unguenta,-
2696 2943 2991 3014 eadcmquc
3017 2947 3159 3015 vina,
3202 2951 3498 3019 posteriore

1902 3047 2114 3102 qucque
2141 3048 2239 3087 usu
2262 3033 2650 3102 depretiantur.
2681 3033 2769 3090 Sic
2789 3044 2843 3090 et
2872 3046 3042 3091 tactus
3064 3040 3497 3105 reprehemlitur‘,

1903 3126 2165 3195 siquidem
2183 3126 2369 3182 eadem
2391 3128 2688 3197 pavimenta
2709 3129 2954 3184 manibus
2967 3131 3260 3202 asticriora,
3277 3135 3501 3204 pedibus

1907 3218 2120 3273 licviora
2160 3219 2483 3283 creduntur;
2516 3229 2569 3274 et
2599 3220 2649 3274 in
2679 3221 2930 3286 lavacris,
2961 3222 3098 3277 idem
3128 3225 3314 3281 calida:
3353 3228 3502 3284 lacus

198 3334 322 3372 nam
368 3326 414 3371 et
457 3315 821 3388 prtecidantur,
864 3314 1036 3386 inquit
1083 3313 1264 3383 (ϐαίη
1310 3312 1536 3386 v.12),
1585 3317 1670 3385 qui
1717 3332 1800 3372 vos
1826 3322 1871 3384 ρ
1905 3309 2328 3365 ierventissinius
2354 3311 2547 3380 primo,
2577 3311 2775 3366 dehinc
2803 3315 3280 3383 temperatissimus
3304 3334 3473 3373 renuit

195 3407 534 3463 subvertant!
572 3406 863 3463 Rationalis
902 3416 956 3462 et
992 3405 1304 3476 indignatio,
1348 3421 1467 3474 qnze
1496 3421 1563 3461 ex
1608 3406 1799 3462 ail'eetu

197 3501 496 3571 disciplina:
540 3510 644 3556 εει.
679 3501 748 3554 At
785 3514 907 3554 cum
937 3497 1068 3553 dicit
1109 3496 1299 3568 (Eplt.,
1349 3495 1413 3563 II,
1451 3499 1549 3564 3):
1584 3497 1801 3556 Fuimus

197 3592 478 3665 aliquando
525 3601 707 3646 natura
747 3591 844 3660 filii
889 3591 1001 3656 irae,
1055 3589 1362 3644 irrationale
1412 3589 1797 3660 indignativmn

196 3686 472 3762 suggillat,
503 3684 643 3758 quod
687 3699 792 3741 non
820 3684 889 3741 sit
923 3699 988 3740 ex
1016 3698 1078 3740 ea
1108 3693 1292 3738 natura
1335 3699 1455 3754 quac
1481 3698 1512 3739 a
1549 3685 1656 3740 Deo
1687 3696 1792 3751 est,

1907 3403 2084 3458 tiatur.
2121 3402 2289 3468 Adeo,
2325 3403 2588 3472 inquiunt,
2621 3404 2700 3458 sic
2725 3420 2937 3474 quoque
2965 3405 3200 3462 fallimur
3229 3412 3500 3480 sensibus,

1903 3495 2030 3552 dam
2062 3495 2354 3552 sententias
2379 3497 2656 3551 vertimus.
2701 3497 2780 3568 (ά)
2815 3497 3174 3555 Moderantius
3203 3501 3366 3557 Stoici
3396 3518 3502 3559 non

1902 3605 2116 3644 omnem
2161 3604 2400 3654 sensum,
2432 3604 2530 3643 nec
2574 3605 2806 3660 semper,
2841 3590 2911 3647 de
2941 3592 3219 3648 mendacio
3249 3606 3499 3652 onerant.

1905 3683 2148 3754 Epicurei
2200 3681 2531 3736 constantius
2592 3696 2771 3752 parcnt
2815 3684 3066 3742 omnibus
3103 3696 3262 3758 atque
3309 3703 3502 3760 perpe-

1497 3797 1792 3856 LECTION
1800 3801 1879 3857 ES
1919 3795 2328 3854 VARIANTES.

264 3895 341 4023 ἓξ
361 3893 946 4018 ὃὲτὲθξιῑίιὲιὲἰῖωη.
967 3887 1118 3941 Rhea.
1139 3889 1292 3940 Seml.

1961 3886 2034 3952 (5)
2058 3887 2265 3952 Domino
2282 3888 2425 3936 Pam.
2454 3887 2606 3952 Fran.

1962 3948 2036 4015 (4)
2064 3951 2358 4000 Prouuntiat
2380 3959 2516 4000 Pam.
2547 3948 2692 4000 (then.

1555 4031 2118 4091 COMMENTARIUS.

205 4162 341 4219 tstio
359 4157 623 4232 quamJS.
655 4155 984 4232 Augustinus
1013 4161 1198 4232 contra
1252 4153 1569 4232 Pelagianos
1613 4153 1804 4232 defen-

205 4250 328 4288 sum
354 4225 483 4287 ibat.
511 4229 696 4299 Neque
725 4225 914 4284 melius
942 4225 1196 4295 esplicari
1227 4235 1400 4299 potest
1417 4226 1546 4299 illud
1563 4251 1613 4282 το
1633 4227 1689 4299 iit
1706 4243 1806 4297 quo

210 4303 474 4375 Epistola
523 4296 914 4375 ad’ltomattes
943 4337 958 4362 ,
1019 4311 1192 4375 neque
1243 4297 1494 4351 disertius
1543 4296 1803 4375 ρξιιτίιιιὶ,

207 4367 353 4445 quod
369 4388 559 4428 omnes
584 4374 636 4428 in
662 4371 868 4445 Adamn
896 4367 1293 4445 peccaverimus
1313 4407 1326 4430 ,
1360 4382 1517 4445 quam
1549 4369 1800 4445 dicendo,

207 4437 355 4516 quod
383 4454 656 4514 peccatum
687 4443 875 4516 Adami
904 4440 990 4516 Ain
1036 4448 1272 4516 nostram
1299 4437 1588 4516 transierit
1652 4451 1805 4493 natu-

211 4507 360 4580 ram;
383 4507 549 4584 atque
573 4512 870 4568 naturalem
903 4511 1061 4584 hujus
1090 4507 1331 4584 principii
1381 4510 1655 4584 sequelam
1711 4525 1804 4581 ag-

1910 4163 2152 4228 naturam
2185 4150 2560 4228 transmissum
2580 4165 2607 4228 _'.
2636 4166 2703 4206 cn
2738 4153 3182 4228 propagationem
3231 4156 3374 4212 illius
3416 4173 3508 4228 per

1910 4223 2397 4293 concupiscentiam
2445 4223 2621 4276 carnis
2670 4240 2682 4275 :
2736 4239 2803 4277 cn
2842 4223 3232 4281 remissionem
3265 4223 3427 4284 illius
3455 4232 3508 4285 in

1913 4296 2219 4367 Baptismo!
2254 4293 2392 4361 Quid
2425 4293 2891 4367 ulterinsailjnngi
2919 4306 3096 4365 potest
3122 4300 3145 4350 Υ
3174 4297 3341 4353 Lcnr.

1985 4366 2060 4450 (ιι)
2096 4365 2223 4450 Tota
2249 4371 2357 4418 lucc
2380 4364 2848 4450 trinitas.‘_Scilic}'t
2897 4364 3265 4450 ratiocinantis
3292 4411 3305 4434 ,
3368 4373 3503 4450 iras-

1909 4435 2080 4493 centis
2130 4449 2187 4492 ct
2242 4436 2673 4504 eoncupiscentis
2716 4435 2913 4490 anima-
2973 4438 3164 4506 triplex
3213 4457 3409 4496 mimus
3455 4445 3507 4498 in

1911 4508 2205 4578 Evangelia
2235 4508 2496 4560 indicatur
2528 4521 2540 4558 :
2574 4506 2870 4560 Rationalis
2899 4517 2953 4562 et
3007 4511 3270 4577 docentis,
3316 4511 3505 4566 Matth.

213 4578 389 4643 noscit
417 4578 803 4662 “Tertullianus
837 4622 854 4645 .
885 4660 891 4662 Α
933 4581 1020 4662 ubi
1103 4581 1297 4661 fatetur
1380 4579 1520 4649 quod
1577 4578 1804 4662 intatttes
1830 4603 1882 4662 D
1914 4579 2080 4662 \_lll.e.t
2110 4578 2234 4660 XII,
2273 4579 2593 4658 indignantis
2620 4591 2713 4659 seu
2738 4578 3055 4662 irascentis,
3082 4580 3458 4662 llatt_13.__XX_lll
3491 4601 3505 4650 ;

211 4663 378 4714 etiam
409 4657 644 4713 lidelium
678 4660 963 4708 nascantur
991 4651 1184 4720 impuri
1215 4667 1228 4715 ;
1263 4661 1585 4722 quapropter
1615 4651 1801 4706 (lhris-

213 4741 302 4786 ttts
326 4729 486 4784 dixit:
518 4725 636 4782 Nisi
653 4725 764 4798 quis
782 4731 1080 4798 renascatur
1098 4737 1163 4776 ea:
1188 4738 1320 4798 aqua
1343 4733 1388 4775 et
1416 4721 1614 4798 Spiritu
1639 4722 1803 4777 Sanc-

215 4814 301 4869 to,
331 4816 432 4854 non
458 4809 619 4869 potest
639 4793 918 4869 introirent
943 4809 1154 4869 regnum
1174 4794 1449 4857 calorum;
1485 4793 1661 4869 itaque
1688 4808 1805 4869 om-

215 4862 304 4927 nis
348 4862 522 4925 anima
578 4881 817 4938 eousque
857 4865 908 4921 in
959 4862 1132 4938 Adam
1181 4872 1464 4938 censetur,
1520 4862 1695 4938 donec
1749 4864 1801 4918 in

214 4943 430 5000 Christo
448 4934 792 4996 recensentur
825 4957 838 4990 :
868 4936 1072 4991 tamdiu
1100 4935 1371 4989 inttnunda
1390 4976 1404 4998 ,
1432 4934 1688 5005 quamdiu
1717 4950 1806 4989 re-

214 5022 520 5072 censentur.
545 5010 666 5066 .Iam
692 5023 818 5066 vero
843 5009 894 5063 in
922 5007 1090 5062 Adam
1118 5005 1386 5062 recenseri
1419 5047 1435 5071 ,
1465 5019 1569 5060 non
1601 5015 1804 5061 tantum

215 5098 302 5142 est
325 5099 448 5140 esse
477 5083 528 5137 in
552 5081 765 5136 miseria
786 5091 839 5134 et
857 5093 1034 5149 pretia,
1067 5077 1163 5132 sed
1187 5077 1401 5147 insuper
1427 5077 1585 5149 etiam
1611 5076 1662 5130 in
1689 5092 1804 5131 ma-

219 5155 456 5220 ledicto,
486 5155 540 5207 in
577 5147 921 5228 damnatione
951 5190 964 5228 ,
999 5149 1052 5203 in
1102 5149 1401 5228 perditione
1434 5188 1448 5209 ,
1475 5147 1527 5200 in
1552 5157 1805 5228 peccato;

216 5239 382 5296 atque
412 5219 692 5296 propterea
716 5221 1016 5296 subjungit:
1041 5219 1202 5296 onmis
1229 5220 1400 5296 animo
1427 5229 1496 5272 cst
1513 5219 1768 5296 peccatrix
1792 5260 1805 5281 ,

215 5289 648 5372 quiagiininn'nda,
680 5303 726 5346 et
753 5289 945 5346 tamdiu
975 5300 1156 5372 manet
1175 5289 1434 5372 immunita
1461 5329 1475 5353 ,
1511 5289 1681 5372 donec
1716 5305 1810 5357 per

217 5358 546 5439 baptismum
591 5362 1036 5440 regenteram__sit.
1095 5365 1500 5440 Sacramentuni
1560 5358 1663 5440 hoc
1703 5375 1808 5440 non

217 5430 361 5496 tollit
391 5448 616 5494 mortem
643 5430 794 5500 ,vnon
822 5434 1053 5489 radicem
1075 5430 1544 5500 concupiscenti-lc.
1568 5430 1621 5484 Si
1655 5431 1812 5500 igitur

220 5511 523 5580 baptismns
565 5507 741 5580 a‘tiler‘t
789 5507 981 5580 animm
1011 5503 1298 5580 maculam,
1330 5517 1448 5557 eam
1484 5503 1670 5580 utique
1689 5517 1815 5571 pec-

219 5571 327 5638 caii
349 5624 364 5648 ,
394 5594 554 5651 quam
575 5577 664 5651 illa
693 5577 908 5633 dicente
933 5573 1265 5651 Tertulliano
1287 5587 1382 5651 per
1409 5571 1660 5651 unionem
1688 5587 1810 5627 cum

219 5643 389 5710 carne
411 5643 720 5717 contraxit,
749 5662 910 5704 causa
954 5643 1403 5717 concupiscentiae
1456 5643 1810 5717 inordinata,

222 5739 328 5796 qua
352 5737 482 5781 caro
532 5715 860 5796 concupiscit
910 5726 1098 5774 contra
1140 5716 1410 5787 spiritum,
1456 5730 1650 5796 gum-ve
1688 5715 1815 5770 facit

221 5785 444 5868 carnem
466 5785 840 5868 peccatricem,
869 5785 1298 5868 antequam—esse
1327 5786 1522 5868 possit.
1567 5785 1646 5840 En
1693 5801 1811 5840 om-

223 5882 351 5925 nem
369 5857 692 5934 theologiam
716 5862 784 5917 de
797 5857 1026 5931 peccato
1044 5859 1289 5930 originali
1317 5857 1616 5934 clarissime
1650 5871 1813 5934 expo-

221 5939 384 5997 sitam
417 5956 432 5992 :
474 5951 540 5995 en
556 5927 812 6008 'primuut
833 5941 1109 6004 peccatum
1134 5927 1204 5986 'in
1258 5929 1495 5986 onmiutn
1537 5927 1809 5984 hominum

1909 4650 2268 4706 desiderantis
2317 4655 2431 4703 sive
2479 4650 2940 4716 concupiscentis,
2977 4649 3129 4706 Luca:
3156 4651 3320 4707 XXII.
3376 4657 3505 4710 Lac.

1981 4723 2060 4843 (I7
2109 4720 2476 4790 lntlignnbitur
2507 4718 2643 4773 Deus
2683 4721 3021 4774 rationaliter.
3077 4724 3131 4777 Si
3185 4725 3510 4796 intelligatur

1983 4809 2032 4843 ιιι
2083 4793 2476 4843 Ιινιιοιιιθιίοῶέ.
2509 4792 2664 4843 sicuti
2692 4790 2964 4843 Scriptura
2988 4792 3239 4843 lonnitnr-
3267 4799 3405 4843 mtml
3438 4799 3510 4843 in-

1910 4790 2048 4865 istud
2083 4793 2490 4865 IIV|I_OlItelIC5J~',_
2509 4792 2664 4865 sicuti
2692 4790 2964 4865 Scriptura
2988 4792 3239 4862 loquitur,
3267 4790 3405 4865 qqu
3437 4799 3511 4851 iii-

1908 4864 2147 4933 dignalio
2179 4863 2272 4917 Dei
2321 4879 2415 4932 pro
2447 4861 2675 4916 rindicta
2707 4862 2797 4917 Dei
2847 4861 3104 4931 sumatur,
3155 4861 3297 4921 nihil
3325 4869 3508 4922 obstat

1909 4932 2027 4989 eam
2081 4935 2188 4989 Deo
2216 4933 2473 4987 adtribui:
2518 4932 2712 4987 alicubi
2747 4944 2922 4988 tamen
2971 4937 3343 4993 adnotarimus
3373 4941 3507 4994 inter

1912 5003 2179 5080 paradoxa
2208 5003 2518 5080 'l'crtulliani
2549 5003 2940 5080 collc_v_candum,
2970 5008 3112 5076 quod
3137 5008 3269 5063 iram
3293 5012 3510 5080 pr0pric

1916 5080 2022 5130 Dco
2053 5076 2290 5130 videatur
2317 5075 2624 5128 attribuere.
2659 5074 2796 5129 Pass.

1985 5146 2062 5222 (ιζ)
2094 5145 2302 5222 Utinam
2330 5154 2376 5198 et
2409 5145 2774 5222 prospiciantur.
2805 5145 2942 5222 Heg
2963 5147 3014 5202 in
3037 5147 3268 5222 _._Ittd:nos
3299 5159 3512 5222 torquet

1912 5217 2110 5293 Paulus
2157 5215 2334 5293 Epist.
2377 5215 2712 5293 adlialntas,
2749 5233 2867 5285 cap.
2906 5218 2977 5272 V:
3033 5219 3261 5288 Utinam,
3315 5215 3508 5293 inquit,

1911 5289 1996 5358 qui
2029 5305 2113 5343 vos
2138 5289 2206 5341 ad
2236 5289 2694 5353 circumcisionem,
2724 5301 2771 5342 et
2795 5301 2980 5344 cwtera
3005 5293 3226 5344 ntosaiea
3253 5289 3507 5357 revocant,

1916 5369 2250 5435 nontantum
2276 5359 2721 5435 circuittcidantur,
2749 5362 2836 5415 scil
2866 5371 2912 5415 et
2943 5362 3285 5430 prwcitlantur
3306 5381 3324 5417 .'
3352 5372 3513 5435 6pc)"

1915 5433 1995 5504 nisi
2017 5433 2356 5499 ἀςοκὸψοντσιι.
2375 5429 2801 5504 Cbrystotontus,
2819 5443 2889 5498 μιὶ
2911 5429 3340 5504 πίεριτιμνίτθωην
3352 5429 3513 5503 μόνον,

1912 5503 2042 5555 ἀλλὰ
2069 5506 2153 5573 stati
2193 5508 2654 5571 περιχοπτίσοωτιιν.
2689 5501 2754 5555 Ει
2781 5504 2919 5573 apud
2952 5501 3263 5560 Ριίιιιιιείιιιιι
3296 5501 3513 5564 υιιςοιιέ

1915 5587 2069 5627 sem:
2101 5571 2221 5627 Non
2272 5573 2434 5626 solun:
2487 5571 2934 5636 circumciduntur,
2988 5576 3079 5629 sed
3112 5579 3262 5630 etiam
3305 5581 3510 5633 abscin-

1916 5643 2126 5709 duntur,
2153 5645 2199 5698 si
2227 5645 2763 5714 exspoliatiqmembri
2785 5647 3004 5714 pro/icit.
3037 5648 3153 5703 lttc.

1988 5715 2066 5784 (ιι)
2111 5711 2462 5769 Moderantius
2507 5711 2688 5768 Stoici.
2737 5711 2939 5771 S‘cnsiis
2984 5732 3142 5772 ret-os
3185 5735 3304 5774 es.~e
3348 5723 3508 5776 Stoici

1919 5787 2292 5855 pronuntiant;
2336 5785 2645 5853 phantasias
2678 5801 2801 5840 vero
2830 5789 2960 5841 alias
2996 5804 3150 5844 veras
3188 5807 3328 5855 esse,
3375 5795 3509 5848 alias

1920 5858 2097 5931 falsas,
2135 5865 2191 5911 ut
2210 5866 2391 5931 monet
2418 5856 2731 5931 Plutarchus
2761 5873 2876 5927 cap.
2905 5859 2957 5920 9,
2986 5860 3078 5913 lib.
3109 5859 3172 5914 IV
3205 5862 3267 5915 de
3287 5863 3510 5931 placitis.

1921 5929 2181 5998 Epicurus
2211 5929 2548 6000 phantasiam
2576 5942 2790 5984 omnem
2821 5944 3118 6003 sensusque
3142 5929 3333 5991 omnes
3359 5950 3514 5995 veros
