4270 6498
746 375 849 433 679

2116 379 2574 438 TERTULLIANI

3941 386 4060 442 680

744 493 990 564 telligere
1018 493 1098 565 (l)
1127 493 1323 550 sentire
1369 493 1487 550 est?
1540 494 1644 549 Aut
1675 494 1759 565 (2)
1799 493 1925 566 quid
1955 495 2059 551 erit
2102 511 2293 552 sensus
2320 540 2334 562 ,
2367 498 2413 557 A
2444 513 2551 568 quo
2593 498 2766 568 potior
2803 498 3137 556 adfirmatur.
3171 501 3334 556 Tunc“
3351 501 3479 555 mihi
3513 511 3632 570 post
3656 500 4054 560 dilTerentiam.

745 587 847 642 nisi
900 587 1015 657 ejus
1059 588 1132 643 rei
1174 602 1293 657 qua:
1320 589 1550 643 sentitur
1578 588 1880 643 intellectus
1907 589 1929 641 ?
1958 588 2095 654 Quid
2119 589 2223 643 erit
2251 590 2336 643 in-

745 681 1016 748 tellectus,
1048 681 1147 736 nisi
1173 681 1291 750 ejus
1323 681 1399 736 rei
1432 697 1552 752 qnze
1582 681 1893 752 intelligitur
1918 682 2155 736 sensus?
2184 681 2337 737 Unde

745 775 844 829 ista
884 783 1148 830 tormenta
1177 775 1479 830 cruciandm
1509 775 1890 845 simplicitatis,
1921 783 1978 830 et
2003 775 2336 846 suspenden-

744 866 829 922 da!
857 868 1096 922 veritatis
1127 867 1150 920 ?
1181 868 1312 935 Quis
1342 868 1468 922 mihi
1502 867 1776 923 exhibebit
1803 883 2020 923 sensum
2053 885 2156 924 non
2187 870 2340 923 ιιιιεῖ-

751 959 1007 1028 ligentem
1031 960 1172 1029 quod
1206 961 1368 1016 sentit
1393 1002 1408 1027 ,
1428 970 1517 1014 aut
1541 961 1868 1016 intellectum
1895 975 2000 1014 non
2020 961 2336 1016 sentientem

741 1051 884 1120 quod
930 1052 1207 1122 intelligit,
1259 1063 1314 1106 ut
1361 1053 1550 1122 probet
1588 1053 1817 1107 alterum
1869 1054 1984 1107 sine
2033 1051 2113 1122 (3)
2162 1053 2335 1107 altero

742 1145 943 1213 posse?
967 1142 1020 1200 Si
1047 1144 1348 1213 corporalia
1381 1143 1590 1213 quidem
1621 1145 1943 1207 sentiuntur,
1978 1143 2331 1212 incorporalia

742 1253 870 1293 vero
912 1237 1276 1305 intelliguntur
1302 1279 1315 1297 .
1363 1252 1539 1291 rerum
1585 1252 1781 1305 genera
1813 1236 2022 1290 diversa
2048 1245 2193 1298 sunt,
2229 1251 2332 1291 non

742 1328 1005 1385 domicilia
1054 1345 1247 1384 sensus
1291 1339 1345 1384 ct
1372 1330 1695 1392 intellectus,
1728 1330 1777 1384 id
1804 1339 1907 1393 est,
1943 1345 2048 1384 non
2079 1330 2254 1383 anima
2285 1338 2341 1382 et

741 1424 970 1477 animus.
1027 1423 1302 1492 Denique,
1347 1438 1374 1475 a
1412 1439 1518 1492 quo
1547 1424 1854 1478 sentiuntur
1885 1421 2236 1490 eorporalia?
2282 1421 2335 1475 Si

741 1518 809 1572 ab
837 1518 1035 1582 animo,
1065 1532 1192 1583 ergo
1216 1517 1324 1585 jam
1354 1525 1409 1570 et
1431 1515 1696 1570 sensualis
1713 1524 1792 1568 est
1821 1515 2052 1573 animus.
2086 1529 2189 1567 non
2215 1523 2335 1566 tau-

741 1617 853 1664 tum
879 1609 1283 1664 intellectualis;
1317 1623 1437 1661 nam
1461 1607 1586 1661 dum
1615 1606 1882 1676 intelligit,
1912 1606 2070 1660 sentit
2095 1623 2109 1669 ;
2140 1607 2260 1676 quia
2293 1606 2337 1661 si

741 1716 849 1757 non
879 1701 1065 1765 sentit,
1099 1715 1197 1755 nec
1225 1700 1492 1770 intelligit.
1531 1697 1585 1754 Si
1618 1714 1747 1753 vero
1777 1699 1844 1750 ah
1871 1699 2046 1752 anima
2078 1712 2336 1767 corpora-

741 1795 809 1849 lia
842 1794 1172 1858 sentiuntur,
1203 1793 1312 1859 jam
1342 1807 1471 1862 ergo
1500 1790 1878 1846 intellectualis
1906 1800 1989 1845 est
2016 1791 2094 1843 vis
2121 1791 2334 1854 animm,

2443 591 2605 645 etiam
2649 590 2892 658 prtelalio
2942 594 3274 649 retundenda
3315 604 3418 660 εει,
3471 605 3794 663 perventum
3840 594 3920 664 (4)
3952 610 4055 652 us-

2441 698 2544 752 que
2575 683 2640 736 ad
2667 681 2738 754 (c)
2767 684 2992 752 potioris
3023 687 3112 739 Dei
3144 687 3564 755 persuasionem.
3586 685 3665 754 ((1)
3690 685 3793 739 Sed
3815 673 3882 740 de
3904 685 4047 746 Deo.

2441 789 2540 829 suo
2568 791 2778 845 quoque
2809 791 3019 846 eampo,
3053 778 3397 848 experiemur
3422 792 3544 831 cum
3570 777 3858 832 haereticis.
3884 776 4051 830 Nunc

2441 869 2509 923 de
2548 870 2723 922 anima
2756 869 2972 932 titulus,
3023 878 3079 923 ct
3109 869 3379 924 intellectu
3430 883 3534 924 non
3566 869 3824 923 insidiose
3851 867 4051 937 praefe-

2442 961 2611 1016 rendo
2640 960 2806 1016 locus.
2837 960 2969 1015 Nam
2985 960 3087 1016 etsi
3119 963 3320 1031 potiora
3345 971 3471 1016 sunt
3494 975 3614 1030 qua:
3643 959 3920 1014 intellectu
3959 968 4054 1011 at-

2443 1052 2737 1122 tinguntur,
2799 1062 2852 1106 ut
2909 1052 3190 1122 spiritalia,
3218 1068 3375 1122 quam
3402 1067 3521 1121 quze
3549 1065 3733 1111 sensu,
3767 1059 3822 1103 ut
3849 1064 4054 1118 carpo-

2443 1144 2573 1199 ralia
2608 1185 2623 1208 ,
2679 1160 2859 1200 rerum
2912 1145 3016 1199 erit
3067 1144 3348 1214 praelatio,
3405 1142 3780 1197 sublimiormn
3836 1142 4056 1196 scilicet

2441 1236 2700 1291 adversus
2732 1237 3042 1292 humiliores
3073 1277 3088 1298 ,
3136 1251 3241 1290 non
3291 1235 3596 1290 intellectus
3623 1235 3883 1290 adversus
3906 1249 4050 1290 sen-

2443 1341 2580 1381 sum.
2620 1326 2689 1393 (e)
2724 1326 3008 1393 Quomodo
3063 1327 3215 1380 enim
3248 1326 3562 1395 pra-feratur
3590 1327 3769 1381 sensui
3802 1326 4056 1381 intellec-

2443 1430 2527 1473 tus
2553 1461 2566 1483 ,
2593 1437 2620 1471 a
2647 1435 2753 1490 quo
2782 1420 3097 1474 informatur
3135 1418 3200 1472 ad
3230 1419 3590 1490 cognitionem
3613 1420 3902 1474 veritatum
3933 1419 3957 1470 Ρ
3990 1419 4052 1472 Si

2443 1513 2585 1566 enim
2610 1513 2864 1567 veritates
2895 1528 2987 1582 per
3018 1513 3276 1582 imagines
3311 1511 3788 1581 adprehenduntur
3817 1555 3828 1577 ,
3861 1511 3911 1564 id
3959 1521 4058 1566 est

2443 1604 2724 1658 invisibilia
2775 1620 2868 1672 per
2896 1605 3120 1658 visibilia
3159 1613 3473 1666 noscuntur,
3509 1603 3632 1673 quia
3664 1613 3716 1656 et
3743 1601 4055 1672 Apostolus

2445 1701 2598 1754 nobis
2650 1699 2839 1754 scribit
2877 1698 3056 1765 (Rom.
3083 1697 3127 1763 l,
3158 1699 3292 1768 ‘20):
3348 1696 3634 1751 Inrisibifia
3674 1697 3808 1750 enim
3851 1697 3968 1764 ejus
4021 1713 4057 1747 rt

2441 1793 2727 1846 conditione
2756 1793 2935 1846 mundi
2960 1792 3023 1846 de
3048 1792 3411 1862 [actitamcntis
3437 1791 3686 1845 intellecta
3715 1791 3972 1852 visantur;
3995 1799 4057 1843 ct

740 1901 848 1943 non
883 1895 1087 1940 tantum
1133 1883 1436 1939 scnsualis:
1487 1898 1608 1938 nam
1647 1881 1772 1935 dum
1819 1881 2004 1946 sentit,
2047 1880 2292 1951 intelligit
2321 1896 2334 1945 ;
2369 1892 2414 1951 Β
2445 1886 2597 1940 Plato
2626 1885 2926 1940 Itzereticis:
2954 1883 3136 1938 Facies
3160 1884 3492 1946 occultorum,
3525 1901 3582 1937 ea
3608 1899 3721 1952 qua:
3744 1895 4005 1953 apparent
4036 1894 4056 1944 ;

740 1980 863 2050 quia
895 1980 940 2033 si
986 1996 1089 2033 non
1120 1977 1384 2047 intelligit,
1427 1992 1528 2032 nec
1567 1977 1750 2031 sentit.
1783 1974 2038 2039 Proinde,
2069 1991 2226 2045 aquo
2259 1975 2336 2028 itt-

740 2072 1055 2142 telliguntur
1078 2069 1478 2140 incorporalia?
1510 2069 1552 2121 si
1573 2067 1638 2120 ab
1657 2068 1857 2132 animo,
1882 2067 1968 2120 ubi
1998 2068 2098 2122 erit
2118 2068 2294 2120 anima
2314 2068 2337 2118 ’ἔ

740 2165 784 2218 si
812 2164 879 2217 ab
907 2164 1125 2225 anima,
1169 2162 1253 2215 ubi
1301 2161 1404 2216 crit
1444 2160 1699 2214 animus?
1746 2159 1877 2227 Qua:
1923 2160 2064 2214 enim
2113 2159 2333 2226 distant,

739 2258 932 2313 abesse
959 2257 1182 2312 invicem
1215 2256 1431 2316 debent,
1474 2269 1593 2310 cum
1623 2254 1732 2308 suis
1761 2254 2072 2308 muneribus
2103 2268 2333 2322 Operan-

739 2360 848 2405 tur.
905 2348 1121 2402 Putahis
1169 2348 1382 2415 quidem
1425 2345 1615 2399 abesse
1663 2344 1900 2398 animum
1947 2343 2016 2398 ab
2061 2345 2260 2409 anima,
2290 2345 2335 2398 si

738 2442 954 2514 quando
982 2442 1162 2496 animo
1189 2441 1259 2494 ita
1283 2438 1567 2503 al'fieimur,
1603 2448 1658 2492 ιιι
1684 2437 1990 2493 nesciamus
2021 2452 2118 2493 nos
2135 2437 2336 2493 vidisse

738 2536 887 2607 quid,
937 2536 1018 2591 \cl
1050 2535 1286 2601 audisse,
1314 2534 1389 2605 (τι)
1420 2536 1540 2605 quia
1572 2535 1698 2590 alibi
1723 2535 1880 2590 fuerit
1914 2537 2124 2591 aninms
2156 2552 2170 2600 ;
2201 2534 2335 2590 adeo

737 2628 1084 2692 contendam,
1131 2628 1238 2681 imo
1266 2629 1433 2697 ipsam
1463 2629 1699 2682 animam
1731 2644 1831 2684 nec
1855 2629 2076 2692 vidisse,
2111 2645 2209 2684 nec
2236 2645 2333 2683 au-

737 2721 903 2786 disse,
926 2722 1049 2792 quia
1069 2721 1193 2775 alibi
1225 2721 1383 2775 fuerit
1405 2737 1526 2775 cum
1550 2737 1644 2776 sua
1671 2722 1740 2786 vi,
1762 2721 1812 2776 id
1838 2733 1941 2784 est,
1975 2722 2171 2777 animo.
2203 2723 2332 2778 Nam

737 2823 792 2870 et
819 2831 940 2869 cum
969 2814 1227 2869 dementit
1255 2812 1415 2867 homo
1435 2853 1449 2877 ,
1499 2813 1760 2868 dementit
1786 2815 1959 2868 anima
1990 2856 2004 2879 ,
2040 2829 2144 2868 non
2175 2830 2332 2884 pcre-

737 2909 1002 2977 griuantc,
1032 2905 1125 2960 sed
1157 2906 1516 2976 compatiente
1545 2915 1668 2960 tunc
1697 2907 1897 2960 animo.
1931 2905 2004 2975 (ὁ)
2037 2905 2326 2971 Cmterum,

737 3003 929 3055 animae
971 2997 1337 3068 principaliter
1376 3012 1534 3052 casus
1573 3007 1678 3054 est.
1725 2997 1839 3053 lloc
1880 2997 2005 3054 inde
2045 2997 2291 3057 firmatur
2316 3039 2331 3064 ,

737 3090 880 3162 quod
904 3132 918 3156 ,
948 3091 1123 3145 anima
1163 3089 1436 3158 ‘ligress‘a,
1482 3104 1582 3144 nec
1627 3088 1838 3143 animus
1870 3091 1919 3142 in
1950 3089 2165 3146 homine
2187 3092 2332 3146 inve-

738 3185 914 3239 niatur
944 3201 957 3237 :
1009 3184 1079 3236 ita
1128 3182 1274 3235 illam
1305 3181 1503 3251 ubique
1531 3181 1789 3251 sequitur,
1824 3196 1852 3235 a
1884 3197 1985 3251 qua
2018 3198 2116 3238 nec
2146 3183 2199 3238 iu
2229 3183 2332 3239 fine

2441 1990 2489 2034 et
2521 1993 2741 2034 necesse
2758 1987 2842 2034 est
2862 1979 3083 2033 omnino
3103 1979 3244 2033 hunc
3267 1977 3524 2032 mundum
3551 1977 3834 2046 imaginem
3855 1989 4060 2045 quam-

2441 2071 2564 2125 dam
2609 2085 2729 2126 esse
2768 2070 2994 2125 alterius
3032 2070 3279 2139 alicujus.
3343 2069 3425 2141 (5)
3457 2068 3681 2124 Videtur
3735 2069 4057 2124 intellectus

2440 2164 2576 2218 duce
2607 2165 2677 2217 uti
2709 2178 2894 2227 sensu,
2926 2172 2977 2217 et
3001 2173 3241 2224 auctore,
3272 2171 3327 2216 et
3357 2161 3635 2232 principali
3662 2160 4052 2227 fittnlamcnto,

2441 2272 2542 2313 nec
2590 2257 2707 2311 sine
2737 2257 2828 2311 illo
2865 2256 3118 2311 veritates
3145 2271 3303 2324 posse
3329 2255 3563 2324 contingi
3593 2272 3605 2307 :
3640 2253 3916 2323 quomodo
3947 2270 4017 2308 cr
4039 2284 4052 2291 -

2439 2366 2508 2421 go
2539 2350 2715 2420 potior
2742 2351 2845 2405 crit
2894 2366 2959 2404 co
2992 2366 3087 2420 per
3116 2365 3274 2419 quem
3308 2357 3390 2402 est
3418 2390 3432 2413 ,
3461 2362 3566 2418 quo
3587 2357 3732 2418 eget,
3763 2348 3849 2402 cui
3874 2347 4056 2402 debet

2441 2456 2610 2502 telum
2637 2445 2778 2512 quod
2813 2444 3026 2514 attingit
3056 2444 3076 2496 ?
3106 2441 3180 2497 Ita
3213 2454 3499 2511 utrumme
3529 2440 3872 2497 concluditur
3907 2459 3919 2493 :
3946 2457 4054 2495 ne-

2438 2553 2543 2606 que
2594 2534 2987 2605 przef‘crendum
3047 2534 3228 2588 sensui
3283 2532 3665 2596 intellectum;
3722 2547 3814 2602 per
3875 2548 4053 2602 quem

2439 2629 2580 2684 enim
2618 2627 2744 2698 quid
2772 2635 3022 2693 constat,
3078 2627 3302 2681 inferius
3344 2628 3459 2696 ipso
3487 2633 3570 2680 est
3602 2642 3615 2689 ;
3669 2639 3840 2696 neque
3873 2640 4053 2694 sepa-

2438 2720 2665 2777 randum
2693 2735 2722 2774 a
2767 2734 2928 2775 sensu
2961 2739 2973 2772 :
3035 2734 3129 2787 per
3166 2717 3310 2788 quod
3337 2721 3479 2773 enim
3511 2717 3637 2788 quid
3666 2727 3766 2782 est,
3793 2731 3922 2772 cum
3955 2717 4020 2787 ip

2439 2829 2500 2870 80
2531 2824 2632 2870 est.

3034 2905 3259 2964 CAPUT
3294 2904 3435 2960 XIX.

2509 3001 2614 3058 Sed
2659 3016 2725 3056 ne
2767 3001 2840 3054 illi
2887 2999 3104 3070 quidem
3156 2997 3540 3069 pratereundi.
3588 2997 3677 3068 qui
3711 2997 3787 3053 vel
3819 2999 4053 3052 medim

2440 3093 2696 3163 temporis
2740 3092 2959 3148 viduant
3014 3092 3246 3146 animam
3291 3091 3585 3146 intellectu.
3633 3090 3863 3146 Proinde
3889 3092 4054 3145 enim

2438 3187 2578 3240 viam
2626 3193 2872 3239 sternunt
2921 3192 3102 3253 postea
3155 3181 3438 3236 inducendi
3497 3181 3655 3251 ejus,
3698 3178 3838 3235 sicut
3867 3192 3919 3236 et
3959 3183 4057 3253 (ti)

737 3275 1104 3332 subrctnauct.
1145 3273 1277 3328 Cum
1329 3288 1453 3328 vero
1492 3273 1731 3343 sequitur
1775 3284 1828 3329 et
1875 3274 2159 3342 addicitur,
2207 3294 2329 3347 per-
2360 3281 2404 3341 C
2439 3278 2600 3332 animi
2624 3319 2636 3338 .
2669 3293 2697 3330 a
2725 3293 2832 3347 quo
2861 3277 3065 3331 scilicet
3097 3276 3181 3346 (7)
3232 3277 3511 3344 proveniat
3539 3274 3863 3330 intellectus.
3921 3276 4055 3330 Vo-

737 3369 865 3426 indc
920 3368 1223 3423 intellectus
1269 3367 1463 3421 auim:c
1534 3367 1829 3429 addicitur.
1883 3384 2042 3438 quam
2093 3371 2336 3441 sequitur

736 3463 948 3516 animus
989 3461 1074 3515 cui
1125 3459 1391 3514 addicitur
1422 3459 1747 3514 intellectus.
1800 3459 1879 3513 Sit
1906 3476 2049 3515 mine
2079 3471 2132 3516 et
2163 3465 2336 3532 potior

735 3568 897 3608 sensu
927 3553 1252 3613 intellectus.
1283 3560 1336 3605 ct
1365 3551 1537 3621 potior
1561 3552 1804 3622 cognitor
1830 3565 2287 3610 sacramentorum
2315 3574 2329 3612 :

735 3645 1028 3702 dummodo
1054 3656 1108 3724 et
1132 3647 1243 3716 ipse
1267 3646 1479 3716 propria
1511 3647 1590 3701 vis
1619 3647 1834 3711 animr,
1860 3647 1999 3717 quod
2029 3657 2084 3704 et
2117 3664 2330 3718 sensus,

743 3738 879 3796 nihil
932 3753 1048 3794 mea
1086 3738 1332 3801 interest,
1369 3737 1468 3791 nisi
1497 3753 1618 3793 cum
1672 3738 1871 3794 idcirco
1902 3739 2180 3810 praefertur
2208 3758 2333 3797 scn-

735 3832 816 3888 sui
851 3832 1179 3898 intellectus,
1209 3838 1267 3884 ut
1291 3845 1354 3884 ex
1380 3830 1482 3886 hoc
1502 3844 1714 3901 quoque
1731 3832 2028 3901 scparatior
2051 3832 2332 3902 habeatur,

2441 3369 2555 3423 lunt
2594 3369 2868 3423 infantiam
2900 3368 3014 3423 sola
3043 3369 3221 3423 anima
3245 3368 3509 3422 contineri
3536 3408 3552 3433 ,
3581 3382 3682 3437 qua
3711 3377 4060 3422 tantummo-

2439 3459 2708 3527 do-vivat,
2748 3477 2854 3516 non
2882 3471 2941 3516 ut
2970 3462 3171 3532 pariter
3197 3460 3372 3531 sapiat
3405 3477 3418 3524 ;
3451 3461 3578 3531 quia
3621 3475 3720 3516 nec
3747 3463 3929 3516 omnia
3967 3478 4063 3517 εει-

2441 3559 2588 3627 piant
2628 3571 2747 3625 qum
2793 3557 3017 3611 vivant:
3064 3555 3296 3626 denique
3320 3595 3335 3620 ,
3385 3555 3612 3610 arbores
3651 3557 3831 3609 vivere
3862 3597 3878 3619 ,
3937 3571 4063 3611 nec

2442 3661 2616 3706 tamen
2639 3665 2849 3720 sapere,
2879 3650 3173 3706 secundum
3202 3649 3571 3715 Aristmelcm,
3602 3658 3655 3703 et
3684 3648 3728 3702 si
3750 3648 3876 3718 quis
3899 3650 4063 3704 alius

2439 3744 2787 3799 substantiam
2833 3742 3118 3797 animalem
3165 3745 3234 3812 (ι’)
3290 3742 3341 3795 in
3371 3740 3618 3795 universa
3641 3741 4055 3801 communicat,

2439 3851 2559 3908 qua:
2586 3834 2723 3906 apud
2774 3849 2871 3890 nos
2899 3834 2950 3888 in
2981 3834 3199 3891 nomine
3231 3835 3432 3904 privata
3463 3847 3550 3889 res
3576 3841 3660 3889 est
3684 3875 3699 3901 ,
3729 3847 3838 3889 non
3871 3834 4065 3892 modo

1957 3947 2333 4008 LECTIONES
2368 3950 2782 4009 VARIANTES.

910 4104 972 4151 At
996 4099 1149 4154 ltlten.
1177 4105 1320 4151 Pam.

824 4165 874 4229 3)
901 4165 970 4229 lix
993 4165 1101 4214 cod.
1129 4163 1380 4229 Agabartf.

799 4040 872 4159 ιιι
906 4039 1396 4154 Ἇῗ¹ὶιῗιίξῗῖ’·ι›ἷῖῐξίῗ¹²⁰·

800 4167 874 4228 (3)
901 4167 970 4214 Ex
993 4167 1101 4214 cod.
1129 4167 1380 4229 Agabartf.

800 4228 872 4293 (4)
901 4228 1206 4277 l‘erventura
1231 4237 1426 4289 quoque
1449 4222 1598 4276 Seml.
1621 4227 1764 4277 Pam.

2500 4041 2573 4106 (5)
2599 4042 2661 4106 Et
2682 4042 2811 4106 quod
2835 4042 2926 4090 sibi
2949 4041 3067 4093 add.
3107 4041 3257 4090 Frmt.
3282 4041 3410 4103 quod
3429 4041 3519 4092 sibi
3545 4044 3686 4092 Pam.

2510 4099 2566 4152 ’ϐ’
2600 4102 2658 4153 Et
2678 4099 2775 4154 def.
2799 4112 2910 4152 .Inn.
3300 4099 3304 4103 ’

2501 4107 2574 4231 i7i
2592 4166 2674 4216 Sic
2693 4173 2744 4216 ut
2764 4167 2924 4216 anima
2947 4164 3137 4216 scilicet
3157 4167 3304 4216 Fran.

2122 4311 2680 4370 COMMENTARIUS.

813 4400 887 4472 (δ)
922 4401 1055 4469 Quia
1082 4399 1201 4455 alibi
1251 4399 1402 4472 [norit
1432 4399 1651 4472 mutuas.
1684 4397 1799 4472 llnc
1827 4400 2060 4468 pertinet
2087 4417 2148 4455 ex
2175 4412 2325 4471 parte

740 4469 953 4529 ιιιιιιιιι.
987 4472 1226 4539 Gregorii
1260 4470 1414 4541 Nyss.
1450 4471 1540 4524 lib.
1574 4469 1636 4525 IV
1676 4469 1872 4524 Philas.
1913 4486 2033 4540 cap.
2067 4473 2100 4527 5
2128 4491 2138 4526 :
2174 4469 2190 4523 ι
2229 4472 2322 4527 Vel

2429 4403 2514 4458 bis
2562 4413 2736 4457 tamen
2787 4405 3004 4468 copiose
3030 4405 3094 4460 ad
3126 4405 3290 4460 libros
3315 4417 3492 4460 contra
3526 4407 3864 4465 .llarcionem.
3899 4411 4056 4467 Lac.

2503 4474 2582 4544 (ιΙ)
2626 4474 2732 4529 Sed
2758 4475 2820 4527 de
2845 4475 2950 4529 Deo
2978 4493 3069 4530 suo
3098 4493 3297 4546 quoque
3317 4493 3496 4546 campo
3518 4496 3631 4534 cant
3661 4482 3843 4536 liwret.
3871 4483 4063 4538 Vide-

738 4561 858 4600 cum
888 4561 1036 4600 meus
1065 4544 1181 4622 aliis
1213 4542 1458 4622 intendit,
1495 4553 1558 4622 ut
1585 4541 1711 4596 dum
1742 4552 2026 4622 proposuit
2048 4545 2167 4613 quis
2193 4547 2327 4597 ami-
2355 4561 2404 4619 D
2435 4541 2519 4622 tur
2539 4541 2775 4622 indicare
2798 4547 2967 4622 libros
2985 4541 3252 4622 suosiadv.
3277 4541 3612 4622 Marcioucm,
3633 4569 3763 4622 quos
3783 4553 3902 4622 jam
3933 4573 4063 4607 me-

741 4633 860 4672 cum
890 4615 1176 4670 cottveuire
1197 4653 1211 4674 ,
1242 4623 1297 4666 et
1322 4613 1429 4680 jam
1459 4613 1788 4668 allocuturus
1815 4614 2057 4683 praeterit
2087 4631 2230 4680 eum,
2261 4631 2328 4669 eo

739 4688 880 4758 quod
908 4703 1059 4742 meus
1087 4685 1204 4758 aliis
1229 4684 1431 4738 distrah
1452 4696 1555 4737 IIUI'
1578 4725 1593 4749 ,
1641 4700 1810 4753 neque
1852 4683 1939 4738 llic
1965 4696 2044 4740 est
2070 4700 2224 4740 error
2252 4689 2327 4740 vi-

741 4757 855 4820 sus.
885 4759 976 4814 Sed
1007 4757 1359 4810 intellectus.)
1399 4758 1533 4810 Ιίιιι.

816 4828 897 4902 (ιι)
937 4826 1185 4884 Creten-mn
1229 4829 1412 4902 (minae
1457 4827 1807 4902 prioripafiter
1853 4843 2000 4880 casus
2025 4838 2117 4902 cst.
2156 4827 2328 4883 Verba

743 4896 860 4956 lucc
879 4896 946 4955 ex
973 4916 1158 4956 eorum
1181 4899 1441 4952 Sententia
1464 4896 1673 4952 adferre
1703 4897 1932 4962 videtur,
1953 4898 2041 4967 qui
2067 4900 2134 4952 ah
2152 4902 2328 4953 anima

742 4975 975 5027 auiunnn
1003 4970 1412 5038 distinguebant,
1443 4969 1579 5023 sicut
1604 4969 1763 5022 etiam
1792 4969 1876 5024 illa
1904 5011 1918 5033 ,
1967 4971 2105 5039 quod
2157 4974 2331 5025 auium

743 5045 989 5114 digressa,
1019 5051 1122 5097 elc.
1142 5040 1333 5114 Verum
1358 5041 1514 5092 etiam
1536 5039 1662 5114 illud
1689 5052 2058 5110 argumentum
2083 5059 2191 5095 sum
2218 5045 2332 5111 opi-

745 5110 889 5169 nioni
915 5111 1282 5168 acconnnodat
1307 5110 1656 5178 sequentibus
1682 5113 1860 5167 verbis
1883 5130 1898 5166 :
1947 5129 2063 5166 cum
2117 5129 2232 5166 vero
2253 5110 2331 5168 se-

742 5186 934 5255 quitur,
966 5193 1068 5238 etc.
1088 5184 1307 5255 Pam—ﬁ
1324 5182 1519 5255 Anima:
1544 5183 1891 5253 principaliter
1916 5199 2064 5238 casus
2094 5194 2186 5238 est.
2215 5183 2329 5238 Non

747 5253 815 5311 ex
844 5270 1027 5310 eorum
1068 5254 1331 5309 sententia
1364 5253 1637 5324 loquitur,
1669 5255 1756 5324 qui
1789 5255 2025 5308 animum
2053 5256 2120 5309 ab
2151 5257 2329 5309 anima

748 5324 1144 5394 distinguebant
1170 5325 1390 5380 omnino
1415 5366 1431 5390 ,
1476 5337 1532 5378 ut
1575 5326 1776 5389 putavit
1806 5325 2074 5379 Pamelius
2097 5367 2111 5386 .
2141 5325 2234 5380 sed
2266 5343 2330 5381 ex

749 5413 843 5452 sua
875 5395 1132 5452 adversus
1177 5396 1293 5450 illos
1321 5414 1332 5448 :
1370 5411 1490 5449 nam
1533 5396 1706 5449 anima
1740 5397 1987 5450 incolumi
2016 5397 2250 5450 animum
2280 5408 2335 5452 et

745 5479 926 5524 mente
948 5487 977 5520 ιι
1013 5466 1185 5537 perire
1216 5465 1485 5532 dicebant,
1515 5475 1568 5520 et
1599 5480 1755 5534 posse
1784 5466 1976 5520 cadere
2002 5483 2016 5528 ς
2050 5466 2335 5521 Tertullia-

746 5557 846 5596 nus
896 5556 1019 5593 vero
1049 5537 1160 5590 vult
1186 5539 1323 5606 quod
1357 5538 1587 5590 animant
1617 5550 1870 5604 sequatur
1895 5553 2123 5598 animus.
2159 5547 2209 5591 el
2241 5555 2331 5606 peo

746 5621 935 5666 rcunte
963 5611 1137 5663 anima
1157 5618 1209 5661 rt
1233 5608 1474 5671 cadente,
1501 5618 1552 5659 ιιι
1579 5607 2194 5674 priueipaliori,corruat
2213 5620 2334 5664 tunc

745 5684 905 5737 etiam
929 5683 1138 5734 animus
1166 5680 1419 5734 subnixus
1449 5682 1653 5731 animm.
1687 5677 1814 5732 Lac.

818 5754 890 5822 (c)
936 5752 1161 5806 Polioris
1197 5750 1284 5803 Dei
1314 5751 1713 5822 persuasionem.
1765 5749 2080 5822 Perstringit
2107 5749 2332 5822 Marcio-

749 5820 889 5879 nitas
934 5836 985 5877 et
1028 5824 1160 5876 alios
1181 5822 1580 5884 Gnostieoruin,
1628 5820 1716 5887 qui
1761 5820 1938 5888 plures
1968 5821 2101 5873 Deos
2129 5821 2336 5875 confin-

747 5906 955 5968 gentes,
1023 5908 1182 5949 unum
1214 5893 1362 5949 alteri
1394 5890 1786 5964 praeferebant,
1838 5891 2032 5947 bonum
2065 5892 2226 5948 malo.
2262 5894 2335 5950 De

2438 4617 2729 4692 dilabatur,
2774 4621 2862 4692 qui
2887 4617 3332 4692 infra_habentur.
3369 4620 3500 4676 Nam
3530 4617 3734 4692 priuius
3760 4617 3822 4678 et
3843 4641 4062 4680 seenn-

2436 4688 2536 4742 dus
2560 4688 2907 4757 peculiariter
2932 4687 2999 4743 de
3025 4689 3133 4744 Deo
3158 4691 3450 4746 disserunt.
3486 4687 3618 4747 Pal.

2508 4761 2584 4830 (ο)
2628 4759 2894 4826 Quomodo
2940 4761 3071 4813 enim
3113 4765 3418 4830 praeferatur
3457 4766 3648 4820 sensui.
3680 4765 3833 4821 Solet
3859 4769 4062 4823 artiﬁ-

2433 4832 2578 4907 ciose
2609 4831 2968 4885 Tertullianus
3003 4847 3074 4907 ex
3123 4832 3311 4907 fiducia
3341 4834 3538 4904 ingenii
3568 4879 3582 4895 .
3629 4847 3683 4890 ut
3710 4839 4064 4907 persuadeat

2433 4903 2576 4971 quod
2604 4912 2805 4957 rectum
2834 4913 2937 4978 est,
3002 4904 3052 4955 in
3082 4903 3413 4978 contrariam
3437 4915 3491 4960 et
3518 4903 3786 4976 obliquam
3816 4923 4061 4978 partem

2434 4989 2674 5044 vergere.
2709 4984 2767 5049 ut
2791 4976 3126 5049 qui‘curvatn
3156 4974 3630 5049 virgamtlirigunt,
3650 4974 3701 5032 in
3719 4974 4062 5049 oppositum

2436 5054 2684 5116 torquent
2709 5064 2721 5097 :
2759 5047 2828 5098 ita
2857 5045 2940 5099 hic
2971 5061 3282 5116 permquare
3311 5045 3518 5101 videtur
3547 5045 4062 5109 sensuini‘uteltec-

2437 5117 2509 5188 tui
2559 5117 2825 5188 adversus
2865 5132 2958 5171 eos
2984 5119 3132 5188 ,ﬂqui
3185 5119 3407 5188 nimium
3452 5119 3600 5173 illum
3632 5121 4059 5188 deprimebaut.

2438 5186 2577 5240 hunc
2616 5187 2962 5241 extollebant.
2998 5187 3192 5242 Verum
3228 5189 3348 5243 licet
3378 5186 3718 5247 faculuttibus
3745 5191 3797 5245 in
3833 5208 3902 5247 sc
3934 5199 4032 5250 cui

2437 5257 2558 5311 latis
2590 5258 2816 5328 invicem
2847 5299 2864 5323 ,
2909 5259 3086 5312 sensui
3119 5271 3333 5328 prtestet
3365 5259 3668 5316 intellectus
3698 5278 3715 5325 ;
3747 5262 3952 5318 relatis
3989 5269 4063 5321 ad

2439 5327 2928 5397 primant.radiceui
2960 5338 3015 5383 et
3040 5327 3299 5402 originem
3327 5373 3342 5396 ,
3379 5340 3435 5386 ut
3467 5332 3569 5388 hoc
3591 5334 3765 5402 capite
3796 5338 4013 5391 retulit
4045 5381 4061 5400 ,

2439 5411 2623 5454 neutra
2655 5410 2905 5466 prmstat.
2957 5415 3078 5457 cum
3127 5401 3401 5470 utriusque
3447 5403 3566 5457 forts
3613 5401 3671 5459 et
3695 5405 4064 5463 domicilium

2437 5471 2695 5540 originale
2721 5470 2910 5526 eadem
2938 5487 3026 5526 res
3057 5472 3159 5535 sit,
3194 5487 3386 5536 nempe
3441 5476 3616 5529 anima
3648 5493 3660 5528 :
3717 5492 3823 5529 non
3850 5482 4064 5535 anima

2438 5551 2491 5594 et
2534 5543 2735 5596 animus
2762 5552 2818 5595 ut
2844 5559 2930 5598 res
2961 5543 3188 5597 diversa:
3214 5585 3228 5602 .
3260 5545 3332 5597 uti
3361 5547 3618 5600 contrarii
3649 5545 3863 5602 fuerant
3897 5554 4064 5605 arbi-

2443 5615 2592 5692 tra_ti_..
2641 5613 2716 5692 lio
2766 5615 2925 5692 etiam
2981 5613 3168 5669 referri
3225 5627 3447 5692 possunt
3507 5620 3854 5686 probatiOues
3908 5638 4067 5692 quas

2438 5683 3022 5761 subditTertullianus
3048 5727 3062 5750 ,
3119 5694 3174 5738 ut
3216 5683 3518 5740 necessitas
3556 5705 3816 5743 sensuqu
3875 5683 4065 5761 quam

2443 5756 2970 5834 haltethintellcetus,
3019 5768 3391 5834 argumentum
3429 5761 3498 5813 sit
3529 5761 3758 5834 mutatis
3785 5756 4068 5834 priticipii

2441 5834 2495 5880 ct
2522 5825 2828 5901 radicishae
2849 5825 3419 5901 proittdeiaaqualitatis
3461 5831 3704 5901 originis.
3736 5825 3879 5886 Lsc.

2512 5893 2664 5952 CAP.
2703 5893 3015 5969 Xle—(l')
3051 5893 3400 5956 Substantt‘am
3429 5893 3720 5958 aniuiafem.
3767 5905 4066 5963 Substau-
