4270 6498
785 384 886 442 687

2200 380 2663 438 TERTULLIANI

3973 381 4066 438 688

780 502 832 553 in
862 498 1120 553 Placitone
1145 541 1158 566 ,
1188 497 1326 569 quod
1359 497 1549 552 anima:
1577 496 1699 551 hinc
1732 504 1920 551 euntes
1970 495 2078 550 sint
2123 494 2270 560 illuc,
2317 504 2369 549 et
2396 496 2445 555 Α
2477 495 2809 567 Ilermogene
2837 500 2932 569 (c).
2983 497 3267 563 Cll'ICI‘IIIII,
3313 514 3451 569 qua‘,
3479 507 3536 554 ιιι
3565 500 3642 571 (5)
3674 500 3856 555 haberi
3890 501 4068 554 merito

776 592 901 648 inde
931 592 1069 656 Imc;
1104 593 1227 647 item
1260 592 1309 645 in
1336 590 1545 656 Tibure,
1570 590 1709 659 quod
1732 589 1997 660 genimina
2025 588 2106 659 (I)
2137 588 2249 648 Dei.
2274 588 2368 643 de-

778 685 947 755 legata
978 685 1076 739 sibi
1109 685 1411 740 mortalium
1441 683 1682 754 genitura
1702 724 1717 749 ,
1750 692 1971 752 accepto
1998 681 2149 736 initio
2176 680 2367 735 anima:

774 778 1100 845 immortali,
1169 778 1393 833 mortale
1448 778 1497 832 ei
1554 776 2049 846 circnmgelaverint
2122 789 2363 846 corpus:

776 883 886 926 tum
916 871 1055 941 quod
1102 871 1334 927 mundus
1384 869 1470 923 hic
1523 872 1693 940 imago
1740 869 1809 923 sit
1851 868 2069 922 alterius
2119 867 2362 935 alicujus.

769 966 899 1030 Quae
931 964 1109 1019 omnia
1140 975 1196 1018 ut
1240 964 1358 1019 fidei
1406 960 1744 1018 commendet
1773 960 1879 1030 (2),
1917 961 1990 1030 (η)
2033 970 2087 1015 et
2133 961 2364 1015 animam

766 1066 915 1113 retro
948 1058 997 1111 in
1030 1055 1397 1126 superioribus
1426 1070 1544 1109 cum
1591 1052 1701 1108 Deo
1729 1055 1900 1121 egisse
1941 1055 1991 1105 in
2040 1052 2366 1107 commercio

767 1152 1030 1215 idearum,
1055 1159 1103 1205 et
1140 1149 1262 1203 inde
1303 1148 1405 1203 huc
1436 1147 1788 1211 transvenire,
1821 1154 1870 1200 et
1920 1145 2004 1199 hic
2053 1161 2170 1213 qua:
2222 1155 2364 1200 retro

768 1245 907 1299 norit
937 1242 1005 1297 de
1034 1240 1424 1311 exemplaribus
1455 1254 1734 1293 recensere
1760 1280 1773 1302 ,
1825 1253 2019 1291 novum
2069 1236 2357 1292 elaboravit

766 1348 1134 1404 argumentum
1163 1341 1421 1402 “warm;
1455 1339 1735 1400 ἀνειμν-ιςςεις
1769 1374 1781 1395 ,
1862 1330 1910 1383 id
1956 1340 2075 1389 est,
2129 1328 2203 1400 (li)
2253 1329 2361 1385 dis.

762 1432 967 1484 ceutias
1000 1428 1427 1483 reminiscentias
1453 1441 1609 1480 ess-e2
1641 1424 1916 1478 venientes
1943 1424 2084 1477 enim
2112 1423 2234 1477 inde
2258 1423 2361 1477 hnc

761 1522 966 1576 animas
995 1520 1231 1576 oblivisci
1263 1534 1450 1573 eorum
1492 1519 1543 1572 in
1592 1518 1784 1588 quibus
1812 1517 1954 1585 prius
1985 1515 2179 1570 fuerint
2206 1558 2220 1580 ,
2265 1516 2359 1569 de-

762 1616 887 1668 liine
913 1628 977 1667 ex
1008 1611 1090 1666 bis
1128 1610 1425 1664 visibilibns
1449 1608 1662 1664 edoctas
1691 1607 1982 1662 rcciirdari.
2033 1608 2166 1662 Cum
2202 1608 2358 1678 igitur

760 1704 1067 1772 bnjusmodi
1096 1712 1407 1773 argumento
1437 1702 1523 1755 illa
1556 1701 1890 1756 insinuentur
1913 1716 1941 1754 a
1971 1700 2210 1763 Platone,
2237 1717 2356 1771 qua:

762 1797 998 1851 lm-retici
1029 1804 1359 1860 nmtuantnr,
1390 1795 1517 1848 satis
1556 1793 1838 1848 Inereticos
1869 1792 2221 1863 reuerentiam
2248 1835 2262 1859 ,
2309 1794 2351 1847 si

756 1898 1135 1959 argumentum
1173 1888 1406 1943 Platonis
1433 1886 1649 1941 olidam.

1322 1978 1549 2035 CAPUT
1588 1978 1779 2033 XXIV.

857 2075 1035 2130 primo
1074 2074 1287 2144 quidem
1330 2072 1614 2126 oblivionis
1661 2088 1910 2142 eapaeem
1963 2074 2193 2131 animam
2249 2092 2354 2132 non

753 2168 987 2233 trudam,
1059 2166 1180 2235 quia
1245 2172 1442 2219 tantam
1518 2164 1590 2218 illi
1644 2164 1910 2219 concessit
1975 2166 2353 2234 divinitatem,

752 2270 812 2315 nt
875 2262 981 2314 lico
1025 2258 1334 2328 adaequetur
1383 2274 1396 2310 :
1449 2257 1679 2310 innatam
1724 2272 1839 2311 eam
1889 2256 2050 2323 facit,
2103 2259 2244 2329 quod
2303 2269 2357 2315 et

753 2353 927 2407 solum
956 2364 1167 2405 armare
1200 2349 1489 2419 potuissem
1517 2346 1582 2402 ad
1614 2348 1977 2403 testimonium
2010 2350 2181 2420 plena!
2217 2351 2353 2405 divi-

752 2445 936 2500 nitatis
962 2462 973 2496 :
1003 2443 1184 2513 adjicit
1214 2441 1592 2505 immortalem,
1644 2440 2121 2510 incorruptibilem,
2180 2444 2353 2499 incor-

749 2538 1014 2610 poralem,
1067 2535 1189 2603 quia
1246 2534 1346 2589 ltoc
1393 2543 1445 2588 ct
1500 2533 1662 2588 Deum
1714 2532 1961 2598 credidit,
2009 2534 2349 2602 invisibileni,

750 2629 1177 2700 incfligiabilem,
1221 2627 1559 2693 uniformem,
1596 2626 1960 2696 principalem,
2014 2628 2351 2695 rationalem,

750 2720 1191 2779 intellectualem.
1235 2717 1372 2787 Quid
1419 2717 1649 2788 amplius
1691 2719 2050 2787 proscriberet
2092 2721 2346 2787 animam,

752 2819 799 2874 si
845 2833 963 2873 eam
1012 2817 1177 2870 Ileum
1203 2822 1532 2883 nuncuparet
1562 2813 1584 2865 ?
1627 2810 1735 2866 Nos
1759 2821 1935 2866 autem
1967 2813 2053 2882 qui
2080 2814 2209 2868 nibil
2240 2815 2350 2871 Deo

749 2907 1132 2979 appendimus,
1178 2906 1279 2959 lioc
1306 2908 1421 2974 ipso
1449 2903 1678 2957 animam
1711 2902 1865 2973 longe
1896 2902 2028 2957 infra
2062 2905 2223 2958 Deum
2250 2922 2347 2961 ex-

749 2999 1056 3070 pendimus.
1101 2995 1240 3066 quod
1275 3003 1451 3049 natam
1478 3009 1597 3049 eam
1629 2995 1987 3064 agnoscimus,
2019 3010 2080 3050 ac
2108 3012 2204 3066 per
2248 2996 2348 3052 Imc

751 3091 1018 3146 dilutioris
1038 3088 1354 3153 divinitatis,
1379 3095 1432 3143 et
1451 3087 1691 3143 exilinris
1718 3086 1989 3143 fclicitatis
2013 3105 2026 3153 ;
2059 3098 2115 3143 ut
2142 3092 2346 3157 flatum,

751 3200 859 3240 non
888 3195 945 3239 ut
974 3182 1253 3253 spiritum;
1301 3189 1357 3236 et
1395 3180 1440 3233 si
1483 3180 1859 3245 immortalem,
1893 3189 1950 3233 ιιι
1979 3180 2081 3236 hoc
2110 3182 2177 3236 sit
2207 3184 2345 3239 divi-

2476 591 2640 658 possit
2666 606 2729 645 ex
2765 594 3161 660 permipiatione
3201 593 3440 646 omnimn
3484 594 3870 664 proprietatum
3919 595 4061 655 deus,

2474 680 2600 733 nulli
2628 681 2859 749 passioni
2882 683 3207 753 subjaerbit;
3234 685 3303 739 ita
3364 698 3464 740 nec
3488 684 3762 747 oblivioni,
3787 701 3909 739 cinn
3935 694 4066 738 tanta

2471 770 2540 824 sit
2568 772 2757 841 injuria
2788 773 3009 837 oblivio,
3038 785 3238 846 quanta
3270 787 3351 831 est
3380 776 3546 847 gloria
3572 777 3707 847 ejus,
3746 780 3899 848 cujus
3944 778 4069 846 injn-

2472 865 2544 919 ria
2591 875 2692 933 est,
2746 872 3002 923 memoria
3056 868 3138 941 (4)
3195 871 3439 926 scilicet:
3471 887 3629 942 quam
3674 882 3729 926 et
3768 874 3882 941 ipse
3932 873 4070 929 Plato

2469 972 2721 1013 sensuum
2748 971 2801 1015 et
2832 961 3201 1016 intellectuum
3232 963 3481 1030 salutem,
3511 973 3561 1019 et
3607 964 3687 1033 (d)
3728 965 3916 1019 Cicero
3964 966 4084 1019 the--

2468 1064 2685 1104 saurum
2714 1052 2952 1106 omnium
2986 1052 3283 1108 studiorum
3316 1054 3643 1124 prredicavit.
3689 1056 3795 1113 Nec
3838 1058 3939 1110 Ιιυ.·
3963 1060 3981 1126 j
4003 1078 4064 1112 un

2470 1138 2520 1193 in
2550 1138 2766 1195 dubium
2788 1142 3109 1208 deducetur,
3129 1161 3195 1198 an
3218 1154 3325 1199 tam
3352 1145 3529 1201 divina
3557 1148 3737 1202 anima
3761 1150 3983 1204 memori
4002 1166 4067 1203 nn

2468 1232 2702 1301 [nitncrit
2730 1233 3022 1299 amittere;
3053 1235 3143 1289 sed
3175 1251 3240 1291 an
3271 1253 3429 1308 quam
3459 1239 3722 1305 amiserit,
3757 1256 4070 1311 recuperare

2474 1322 2655 1378 denuo
2679 1327 2867 1395 possit.
2902 1326 3032 1393 Qua:
3054 1328 3194 1382 enim
3226 1344 3332 1382 non
3360 1328 3538 1383 debuit
3572 1330 3835 1397 oblivisci,
3865 1334 3909 1385 si
3941 1334 4067 1387 uti'i-

2465 1422 2513 1467 ta
2544 1415 2630 1478 sit,
2662 1417 2843 1471 nescio
2869 1432 2935 1470 an
2983 1419 3153 1472 valeat
3199 1420 3490 1475 recordari.
3531 1421 3606 1476 Ita
3635 1433 3917 1495 utrumque
3946 1443 3975 1478 n
3996 1440 4069 1479 ee

2474 1506 2687 1575 animm,
2717 1524 2822 1564 non
2853 1510 3129 1580 platonicze
3155 1523 3431 1584 eongruct.
3466 1515 3717 1572 Secumlo
3746 1518 3913 1589 gradu
3962 1536 4055 1589 op-

2465 1614 2657 1667 ponam
2698 1620 2710 1654 :
2758 1613 2942 1657 natura
2994 1614 3297 1675 compotem
3344 1608 3573 1661 animam
3634 1610 3763 1665 facis
3829 1611 4065 1668 idearnm

2461 1693 2693 1758 illarum,
2725 1708 2900 1749 annon
2935 1697 2955 1747 ?
2981 1695 3092 1751 Imo
3123 1707 3329 1761 natura,
3364 1698 3556 1769 inquis.
3587 1699 3754 1755 Nemo
3776 1717 3907 1773 ergo
3932 1720 4058 1757 ron-

2470 1786 2626 1840 cedet
2664 1788 2961 1844 naturalem
3001 1789 3278 1843 scientiam
3324 1792 3641 1847 naturalium
3683 1793 3937 1849 excidi-rc
3989 1813 4068 1847 ,η’-

2388 1891 2436 1951 B
2466 1880 2617 1934 tium.
2652 1880 2881 1937 Exeidet
2917 1881 3234 1943 studiorum.
3264 1883 3885 1951 excidetdoclrinarnm,
3914 1888 4066 1942 disi-i-

2465 1973 2748 2042 plinarum,
2801 1974 3011 2030 excidet
3063 1973 3290 2030 fortasse
3335 1985 3389 2030 et
3434 1975 3789 2047 ingeniorum,
3838 1990 3886 2033 et
3936 1980 4062 2035 affe-

2459 2073 2639 2119 ctuum
2668 2083 2681 2120 :
2711 2080 2830 2135 qua:
2856 2073 3061 2121 natura:
3093 2065 3363 2133 videntur,
3388 2081 3495 2123 non
3525 2077 3703 2125 tamen
3730 2079 3855 2125 sunt
3882 2113 3894 2128 .
3922 2074 4061 2140 quia,

2462 2168 2515 2212 ut
2540 2158 2897 2230 praanisimus
2922 2170 2973 2214 et
3001 2175 3098 2230 pro
3126 2160 3281 2227 locis,
3314 2170 3365 2216 ct
3397 2176 3495 2232 pro
3520 2162 3966 2230 institutioailms,
4012 2178 4065 2221 et

2461 2266 2558 2322 pro
2604 2250 2958 2321 corpulentiis
2984 2292 2999 2314 .
3029 2267 3093 2307 ac
3117 2252 3508 2308 valetmlinibns
3528 2296 3543 2319 ,
3573 2265 3626 2309 et
3656 2270 3752 2323 pro
3782 2258 4061 2326 pote~t.ui-

2460 2345 2557 2398 bus
2576 2343 3041 2410 dominatrieibus,
3073 2360 3177 2415 pro
3209 2346 3547 2403 libertatibus
3568 2348 3794 2416 arbitrii,
3823 2366 3889 2405 ex
3922 2354 4061 2406 acci-

2456 2436 2705 2491 dentibus
2746 2446 3012 2492 constant.
3061 2437 3391 2494 Naturalium
3467 2454 3594 2496 vero
3632 2442 3854 2497 scicntia
3902 2459 3971 2498 ne
4014 2444 4060 2499 iu

2458 2529 2641 2585 bestiis
2666 2529 2879 2599 quidem
2906 2529 3105 2587 deficit.
3138 2531 3303 2588 Plane
3329 2532 3675 2589 obliviscetur
3695 2534 3927 2591 feritatis
3956 2537 4055 2601 leo,

2456 2624 2879 2681 mansuetudinis
2908 2625 3208 2682 eruditione
3231 2635 3554 2697 praeventus,
3580 2637 3636 2683 et
3696 2628 3771 2697 (ε)
3802 2643 3928 2684 cum
3958 2639 4063 2683 toto

2454 2718 2972 2790 suggestujubarum
3027 2718 3135 2789 (5).
3189 2718 3438 2774 delicium
3491 2720 3580 2775 fiet
3626 2720 3915 2776 Berenices
3968 2723 4060 2777 ali-

2454 2814 2609 2884 cujus
2650 2814 2850 2884 reginm
2872 2855 2889 2879 ,
2924 2814 3100 2883 lingua
3142 2829 3306 2882 genas
3333 2814 3451 2884 ejus
3475 2814 3829 2881 emaculans;
3881 2832 4062 2870 mures

2464 2906 2690 2963 bestiam
2721 2908 3022 2978 relinquent
3046 2925 3059 2961 :
3088 2909 3310 2964 scientia
3343 2908 3665 2963 naturalium
3693 2910 4057 2979 permanebit.

2453 3000 2565 3055 Non
2585 3000 2936 3057 obliviscetur
2962 3000 3101 3056 idem
3128 3001 3447 3056 naturalium
3475 3001 3810 3072 pabulorum,
3845 3014 4061 3057 natum-

2455 3094 2579 3148 lium
2609 3093 2991 3158 remediorum,
3022 3094 3341 3150 naturalium
3371 3104 3632 3151 terrorum
3662 3112 3677 3161 ;
3722 3097 3826 3151 etsi
3858 3097 3925 3150 dc
3958 3098 4064 3164 pis.

2449 3185 2599 3241 cibus
2624 3226 2641 3249 ,
2683 3187 2780 3240 etsi
2809 3185 2876 3240 de
2906 3185 3163 3256 placentis
3202 3187 3381 3257 regina
3436 3187 3484 3240 ei
3509 3186 3784 3251 obtulerit,
3832 3202 4051 3241 carnem

751 3278 934 3332 uitatis
960 3317 973 3341 ,
1032 3284 1209 3329 tamen
1268 3270 1574 3342 passibilem
1599 3311 1611 3333 ,
1646 3280 1700 3323 ut
1748 3269 1848 3324 hoc
1900 3270 1969 3325 sit
2025 3272 2348 3332 nativitatis:
2377 3284 2421 3346 ρ
2454 3276 2801 3342 desiderabit;
2828 3278 2927 3332 etsi
2960 3277 3027 3347 (f)
3057 3278 3322 3347 languenti
3351 3277 3640 3333 tlteriacam
3662 3282 4053 3351 composuerit,

748 3367 980 3438 ideoque
1015 3374 1069 3420 et
1115 3380 1143 3419 a
1193 3364 1482 3435 prinmrdiu
1527 3362 1931 3419 exorbitationis
1980 3379 2251 3435 capacem,
2294 3378 2349 3425 et

751 3462 877 3519 inde
927 3462 1085 3518 etiam
1134 3458 1419 3518 oblivionis
1472 3458 1706 3513 aflinem.
1766 3456 1907 3513 Satis
1958 3458 2027 3513 de
2080 3460 2181 3514 isto
2225 3477 2346 3517 cum

2451 3370 2659 3427 simiam
2687 3371 2769 3425 leo
2797 3370 3032 3440 requiret
3056 3389 3069 3424 :
3102 3380 3157 3424 et
3181 3369 3225 3424 si
3255 3370 3459 3425 nullum
3498 3370 3576 3425 illi
3604 3371 3930 3426 venabulum
3959 3374 4059 3426 ob-

2455 3461 2705 3529 lirmabit,
2738 3462 2811 3534 (g)
2841 3461 3039 3533 gallum
3053 3469 3229 3518 tamen
3258 3460 3582 3518 formidabit.
3614 3461 3843 3519 Perinde
3870 3473 3926 3519 et
3955 3462 4057 3518 Ιιο-

1982 3593 2357 3656 LECTIONES
2397 3597 2803 3655 VARIANTES.

821 3715 895 3839 ιιι

822 3778 895 3841 (2)
921 3778 1237 3830 Commendat
1259 3778 1381 3821 Par.

820 3842 892 3910 (ὅ)
914 3849 1044 3892 Deus
1072 3836 1152 3888 hic
1176 3835 1296 3887 add.
1332 3835 1485 3883 Fran.

2556 3708 2597 3773 ι)
2624 3710 2874 3773 Memoria
2897 3713 3020 3761 Jun.

2548 3772 2599 3835 5)
2623 3772 2871 3824 Tubarum
2895 3775 3045 3825 I-‘ran.

2110 3940 2672 4004 COMMENTARIUS.

835 4089 913 4157 (a)
940 4086 1003 4141 Et
1025 4083 1246 4157 animum
1273 4085 1406 4133 retro
1401 4077 1482 4157 _i_n
1509 4075 1866 4157 superiqribus.
1898 4074 2009 4157 Non
2034 4079 2179 4147 potui
2222 4080 2364 4137 aliud

763 4146 997 4231 reperire
1060 4156 1113 4209 in
1163 4150 1358 4206 Τὶιιιιεο
1401 4147 1640 4231 Platonis
1698 4146 2152 4231 linc‘pertincns.
2198 4166 2356 4231 quam

767 4217 908 4302 qtiud
939 4229 1081 4284 Deus
1106 4237 1347 4302 summus
1360 4217 1557 4302 opifex,
1575 4218 1869 4302 constituto
1899 4217 2359 4302 universoalivisit

766 4288 971 4358 a'nimas
999 4296 1185 4370 atquali
1226 4308 1345 4370 cum
1400 4288 1673 4370 sideribus
1721 4303 1979 4370 numero,
2028 4293 2357 4370 et.singu_las

764 4372 988 4437 singulis
1017 4359 1344 4437 assignavit,
1388 4370 1443 4416 et
1469 4359 1614 4437 velut
1660 4360 1711 4437 in
1741 4359 2041 4437 vehiculum
2092 4359 2355 4437 impositis

770 4416 1276 4500 ῖιίζῖἰῖὲῖξι’ἷιᾶιῗῖίέάηι
1306 4416 1568 4495 ostendit,
1601 4442 1651 4485 et
1684 4429 1827 4501 leges
1857 4431 2045 4502 fatales
2092 4416 2219 4502 ipsis
2242 4416 2352 4490 (ei:

773 4516 983 4586 posuit,
1012 4509 1262 4586 quodque
1289 4509 1437 4574 origo
1466 4503 1633 4586 prima
1656 4502 1869 4586 quidem
1899 4501 2074 4583 futura
2100 4501 2243 4586 esset
2267 4522 2356 4561 or-

769 4575 945 4644 dinata
971 4575 1072 4635 una
1097 4576 1347 4632 omnibus
1366 4615 1381 4639 ,
1406 4582 1875 4644 oporteretautcm
1906 4575 2047 4641 ipsas
2067 4578 2354 4632 seminatas

768 4643 822 4716 in
851 4654 1052 4725 singula
1092 4645 1461 4708 convenientia
1491 4643 1727 4725 ‘singulis
1774 4645 2117 4725 temporibus
2155 4648 2352 4725 instru-

770 4712 965 4785 menta"
1001 4727 1244 4793 (corpora
1295 4714 1510 4793 nempe)
1539 4712 1899 4793 ,_p_roducerc'
1925 4717 2119 4770 animal
2169 4717 2355 4793 divino

771 4800 935 4857 Cultui
963 4785 1371 4849 deiliti'ssimum.
1405 4785 1539 4859 Quo
1572 4785 1707 4859 libro
1754 4798 1874 4859 cum
1904 4800 2162 4859 nusquam
2194 4788 2352 4859 dicit,

769 4854 991 4925 animum
1018 4864 1096 4918 hic
1120 4877 1231 4933 qua:
1248 4868 1390 4933 retro
1412 4856 1568 4933 _u_orit
1587 4854 1649 4908 de
1674 4854 2043 4933 exemplaribus
2067 4854 2350 4933 ηεαδινγς

772 4942 938 5008 magis
969 4944 1095 5008 puto
1122 4924 1354 5008 isllldﬁt]
1404 4926 1715 5008 Pltgrdonem
1749 4924 1933 4981 referri
1956 4969 1969 4988 .
2005 4930 2166 5008 .eujus
2195 4924 2353 5008 etiam

768 4997 928 5086 pauiu
956 4997 1100 5086 prius
1126 4999 1389 5086 meminit,
1414 4997 1502 5051 ubi
1535 5006 1814 5086 utrumque
1845 4997 2351 5086 reperirem-tul)“.

848 5066 929 5154 ib)
959 5066 1026 5133 id
1047 5088 1118 5131 est
1148 5073 1419 5130 discentia;
1447 5067 1725 5154 remi'i‘risce.
1758 5066 1933 5154 [:ocus
1963 5070 2227 5154 iste-haud
2259 5076 2356 5129 (tu-

771 5136 863 5210 liic‘
889 5136 951 5207 clx
992 5149 1279 5208 I’Im'done,
1316 5157 1419 5195 non
1459 5154 1521 5194 ex
1556 5136 1743 5213 Τίιιιαξο
1786 5140 2017 5213 Platonis
2044 5140 2354 5213 dcsmnptus

772 5209 874 5279 est.
905 5224 994 5278 Sic
1022 5223 1163 5277 enim
1193 5217 1262 5271 ibi
1288 5213 1509 5283 legitur:
1540 5210 1631 5283 sed
1661 5219 1716 5262 et.
1740 5209 2031 5263 secundum
2062 5210 2207 5265 illum
2238 5209 2352 5271 sci--

771 5311 1028 5359 monem,
1061 5292 1231 5360 inquit
1259 5281 1466 5360 Cebes,
1520 5281 1562 5334 si
1610 5293 1769 5360 verus
1818 5289 1901 5360 est
1944 5321 1958 5342 ,
1986 5298 2022 5360 ii
2067 5283 2315 5339 Socrates
2338 5328 2352 5347 ,

772 5349 1026 5432 5,55,";
1045 5349 1349 5430 frequenter
1380 5352 1581 5432 refeire
1609 5349 1747 5432 soles
1770 5390 1783 5409 .
1815 5356 1910 5432 ὄτει-
1934 5355 2048 5417 ἡμῖν
2081 5361 2113 5429 ἡ,
2155 5361 2353 5432 psam;

772 5418 1070 5495 Oti—ngillor‘ﬂ
1101 5418 1411 5496 ἤΙάνίμνησις
1436 5426 1654 5490 τυγχάνει.
1684 5418 1833 5483 οὖσα,
1863 5421 1914 5504 it!
1932 5426 2119 5504 est-tm
2242 5443 2355 5504 vel?

774 5491 903 5566 bum
934 5522 1056 5562 cum
1082 5491 1412 5558 Tertu'lliano
1442 5506 1715 5572 vertamus
1731 5531 1747 5553 .
1776 5491 1911 5558 quod
1946 5493 2360 5572 nobis_discentia

775 5563 905 5636 ἷιῑιέξι
933 5576 1076 5631 aliud
1103 5574 1167 5628 sit
1195 5563 1749 5642 quam‘reminiscentiq
1775 5578 1935 5642 ;_.pr_o
1958 5579 2068 5642 _quo
2089 5564 2359 5642 interpres

773 5630 1012 5707 ﬁlatonis
1039 5630 1219 5706 vertit;
1232 5638 1367 5711 quod
1393 5630 1586 5711 discere
1616 5630 1910 5711 nihil_nliud
1925 5630 1994 5687 sit
2015 5635 2176 5701 nobis,
2206 5630 2357 5709 quam

769 5704 1028 5779 recordari
1051 5732 1069 5770 :
1096 5734 1115 5768 ι
1144 5704 1513 5784 etsecundum
1541 5706 1680 5759 hunc
1698 5704 1958 5784 ,_inquam
1985 5744 1999 5768 ,
2032 5704 2248 5765 necesse
2277 5721 2360 5767 est

772 5774 875 5850 nos
891 5774 949 5847 in
979 5780 1409 5860 priorequodam
1440 5786 1681 5860 tempore
1705 5774 1957 5831 didicisse
1984 5789 2190 5858 eaqua:
2218 5796 2359 5860 nunc

771 5847 1135 5920 recordamur.
1172 5847 1280 5908 Iiuzt
1309 5859 1485 5903 autem
1516 5848 1627 5925 fieri
1663 5861 1765 5899 non
1798 5861 1990 5925 posse_,
2020 5847 2061 5900 si
2091 5864 2191 5901 non
2226 5851 2354 5907 fuis-

885 5931 1079 5989 alicubi
1102 5928 1274 5982 anima
1306 5933 1518 5987 nostra,
1549 5918 1854 5990 priusquam
1880 5917 1932 5971 in
1962 5916 2097 5974 banc
2126 5925 2355 5992 speciem

2470 4085 2766 4157 deveniret.
2810 4103 2827 4136 ι
2863 4085 3020 4157 Atqui
3053 4100 3176 4142 mox
3203 4096 3257 4141 et
3301 4085 3551 4142 Simmias
3592 4086 3821 4157 idipsum
3866 4087 4058 4143 ibidem

2468 4156 2783 4216 confitetur,
2831 4165 2885 4209 et
2922 4158 3101 4211 multis
3150 4158 3443 4213 rationibus
3498 4173 3601 4212 non
3644 4156 3805 4211 modo
3853 4160 4054 4224 Cebes,

2463 4227 2557 4281 sed
2585 4236 2637 4281 et
2665 4225 2910 4281 Socrates
2933 4228 3044 4297 ipse
3069 4228 3373 4297 paradoxon
3404 4228 3504 4282 hoc
3532 4229 3852 4283 cenllrmare
3879 4232 4057 4284 nitun-

2467 4308 2587 4362 tur;
2623 4312 2804 4369 vermn
2833 4298 3044 4369 egregie
3072 4299 3313 4353 confutat
3341 4304 3537 4355 Auctor
3560 4316 3678 4369 cap.
3710 4316 3865 4368 prox.
3916 4301 4055 4355 Pan.

2532 4367 3196 4493 C:\P.liXIV.—(e2;8atis
3225 4371 3287 4453 de
3306 4372 3400 4426 ista
3427 4387 3538 4425 cum
3557 4367 3898 4442 Hermogene.
3917 4375 4060 4427 Altit-

2532 4482 2536 4491 .
2569 4439 2634 4493 ad
2686 4441 2876 4493 librum
2921 4440 2982 4493 de
3048 4441 3382 4493 ensuAmma:
3400 4442 3639 4493 adversus
3664 4441 4054 4493 ΙΙη-ιηοηεηριιι-

2459 4438 2539 4513 dit_
2569 4439 2634 4494 ad
2686 4441 2876 4493 librum
2921 4440 2982 4513 de
3007 4438 3167 4513 Ceam
3187 4441 3382 4497 Anima:
3400 4442 3639 4497 adversus
3664 4438 4055 4513 Hermogenem,

2457 4510 2607 4581 cujus
2630 4514 2917 4581 fragmenta
2947 4511 3225 4567 habentur.
3260 4513 3394 4568 να.

2530 4579 2606 4656 (d)
2647 4579 2819 4656 Cicaip
2848 4583 3135 4636 thesaurum
3155 4585 3377 4637 omnium
3412 4584 3699 4641 studiorum
3732 4585 4053 4656 prwdimrit.

2463 4648 2602 4708 Iib.I
2649 4653 2711 4706 de
2757 4648 2970 4707 Oratore
3012 4665 3163 4708 vocat
3207 4656 3499 4709 thesaurum
3520 4673 3686 4710 rerum
3706 4648 3939 4709 oiimium
3966 4674 4061 4711 mc-

2461 4726 2693 4798 morimn.
2724 4721 3091 4798 Cassiodorus,
3130 4724 3164 4778 ν
3208 4724 3354 4793 Van,
3381 4729 3540 4798 epist.
3594 4726 3686 4792 22,
3734 4736 3791 4783 et
3846 4728 3945 4781 lib.
3999 4730 4059 4784 de

2461 4796 2642 4848 Anium
2666 4810 2783 4865 cap.
2819 4793 2903 4849 12.
2934 4794 3063 4851 Lac.

2534 4866 2608 4937 (c)
2647 4864 2769 4920 Cum
2796 4875 2898 4921 toto
2925 4878 3159 4937 suggestu
3173 4866 3441 4937 jubarum.
3485 4867 3539 4923 Id
3564 4877 3649 4923 est
3674 4882 3796 4923 cum
3827 4880 3945 4925 toto
3974 4886 4055 4927 or-

2462 4947 2583 5011 natu
2617 4956 2631 5011 :_
2662 4937 2880 5011 forsitan
2907 4937 3096 4991 alludit
3127 4940 3192 4992 ad
3220 4940 3429 5011 signum
3465 4941 3688 4997 cmleste
3715 4938 3943 5007 Leonis,
3969 4959 4059 4998 cu-

2454 5007 2541 5078 jus
2570 5008 2632 5061 ail
2681 5008 2902 5063 caudam
2932 5018 3052 5063 sunt
3084 5007 3292 5078 septeni
3318 5013 3485 5066 stella:
3507 5053 3523 5077 ,
3554 5025 3686 5080 quas
3731 5011 3920 5067 crines
3966 5028 4060 5069 seu

2459 5095 2664 5133 cumam
2698 5080 2980 5153 Berenices
3020 5093 3322 5153 nuncupant
3365 5083 3636 5153 astrologi.
3673 5081 3804 5153 Lac.
3829 5112 3905 5122 —
3933 5085 4063 5138 Cum

2459 5160 2564 5203 toto
2591 5161 2825 5220 suggestu
2845 5151 3109 5218 jubnrum.
3143 5150 3391 5206 Deficiunt
3430 5150 3684 5207 Berenice.
3727 5151 3849 5207 Non
3885 5156 4056 5210 semel

2458 5221 2831 5275 adnotavnnus
2850 5235 3155 5291 suggestum
3178 5239 3275 5292 pro
3298 5233 3488 5280 ornatu
3517 5224 3685 5292 accipi
3701 5226 3770 5279 ab
3792 5228 4058 5282 Ani-ture,

2464 5292 2621 5365 Atqui
2637 5293 2777 5365 quod
2797 5293 3107 5365 abalicujns
3121 5292 3408 5365 Berenices
3429 5296 3625 5365 regina:
3642 5299 4063 5353 mansuetudine

2460 5362 2696 5416 eruditus
2723 5364 2807 5418 leo
2844 5364 3093 5418 delicium
3143 5362 3324 5431 fuerit,
3360 5362 3517 5420 tradii.
3543 5364 3793 5420 Elianns
3844 5368 3885 5422 I.
3929 5369 3969 5421 V
3997 5371 4062 5420 de

2459 5433 2797 5507 {lnimaliliua
2839 5450 2888 5489 c.
2908 5434 2999 5489 59.
3020 5435 3369 5507 Additautem
3386 5437 3605 5503 alicuius
3636 5448 3745 5491 tum
3775 5453 3877 5507 pro
3907 5454 4060 5495 more

2458 5502 2712 5576 loquendi
2738 5521 2859 5575 suo,
2886 5516 3001 5562 tum
3046 5504 3192 5578 quod
3218 5508 3399 5578 plures
3416 5502 3533 5580 ejus
3558 5502 4055 5637 nominislfuerim.

3842 5596 3948 5636 au.

3842 5596 3948 5636 ᾺΙ.

2534 5646 2597 5718 (Γ)
2665 5647 2947 5718 Languenti
2996 5650 3271 5707 theriacam
3314 5651 3671 5717 composuerit.
3720 5651 3940 5707 Alludit
3985 5650 4055 5707 ad

2462 5714 2616 5771 Plinii
2642 5714 2918 5793 verbaglib.
2954 5719 3063 5787 VII,
3091 5737 3210 5793 cap.
3237 5722 3327 5779 40.
3359 5741 3380 5775 ι
3415 5714 3811 5791 Ειιτίιιιύἰιιειιι
3858 5722 4057 5778 fastidii

2461 5796 2664 5861 tantum
2691 5791 2872 5852 sentit.
2901 5791 2953 5844 in
2981 5807 3083 5860 qua
3110 5791 3352 5849 medetur
3398 5795 3445 5849 ei
3476 5793 3826 5861 contumelia,
3863 5794 3918 5849 in
3966 5810 4053 5849 ra-

2463 5857 2600 5913 biem
2628 5872 2815 5927 agente
2846 5857 3172 5917 anneiarum
3205 5864 3413 5919 lascivia
3456 5866 3754 5919 siniiarum.
3791 5857 3821 5915 ι’
3845 5866 3984 5921 Plut.

2535 5931 2613 6003 (Β)
2655 5930 2856 5987 Gallum
2888 5944 3050 5989 unum
3076 5934 3385 6007 formiilobu.
3416 5935 3587 5993 Etiam
3625 5936 3727 5994 hoc
3771 5954 3839 5998 ex
3886 5936 4057 5993 Plinio
