4270 6498
194 413 300 475 689

1550 417 1746 474 LIBER
1793 415 1877 472 DE
1918 417 2148 473 ΑΝΙΜΑ.

3387 417 3490 476 690

193 533 323 588 mini
354 535 590 590 ontuium
613 534 833 590 forsitan
863 532 1277 588 obliviosissimo
1300 531 1638 588 iuobliterata
1667 549 1786 600 per-
1823 532 1864 587 Α
1900 535 2176 602 ιιιιὶμσιιιλιιι
2211 533 2506 599 hominum,
2535 549 2640 588 non
2668 543 2721 589 et
2749 535 2860 604 ipse
2886 533 3170 606 aliquando
3195 550 3485 608 prtesagam

194 629 462 682 sevcrabit
513 632 626 684 sola
673 628 894 683 scientia
949 627 1288 690 naturalium,
1339 637 1393 679 ιιι
1443 626 1553 679 sola
1596 624 1795 677 scilicet

193 721 490 784 naturalis;
522 735 728 776 memor
756 734 971 788 semper
1014 719 1367 773 tnanducandi
1411 720 1462 772 iu
1516 720 1713 782 esurie,
1743 729 1795 770 et

191 812 407 866 bibendi
463 813 512 866 iu
556 813 684 877 siti,
709 819 764 866 ct
806 811 978 866 oculis
1022 810 1344 875 videndum,
1374 821 1429 866 et
1457 811 1672 865 auribus
1701 824 1793 862 au-

189 903 445 958 diendum
469 946 482 967 ,
511 914 564 958 et
593 903 808 958 naribus
838 901 1194 966 adorandum,
1227 915 1280 957 et
1321 917 1412 957 ore
1433 901 1781 972 gustamlmn,

187 1006 243 1051 et
270 1013 431 1050 unum
462 995 924 1051 contrectandum.
959 994 1020 1049 lli
1069 1004 1194 1048 sunt
1223 1005 1368 1049 certe
1399 1008 1588 1048 sensus
1614 1035 1626 1056 ,
1658 1006 1792 1061 quos

195 1089 532 1160 phi'osophia
560 1090 825 1159 depretiat
852 1088 1283 1144 intellectualium
1325 1089 1652 1159 prazlatione.
1690 1085 1792 1156 lgi-

196 1191 281 1236 tur
310 1184 355 1235 si
399 1182 659 1236 naturalis
690 1182 910 1236 scientia
938 1181 1264 1236 sensualinm
1311 1189 1618 1250 permanet,
1662 1197 1796 1251 quu-

191 1274 355 1328 modo
384 1274 844 1340 intellectualium,
873 1289 991 1343 qum
1014 1274 1187 1343 potior
1207 1273 1448 1336 habetur,
1486 1273 1793 1328 intercidit?

193 1366 354 1422 Unde
384 1382 524 1421 nunc
554 1367 666 1436 ipsa
695 1365 776 1420 vis
822 1364 1102 1419 oblivionis
1144 1364 1509 1420 antecedentis
1540 1365 1790 1419 recorda-

187 1459 433 1514 tionem?
477 1459 555 1529 (ιι)
609 1458 683 1513 Ex
727 1458 1099 1524 multitudine,
1145 1459 1259 1523 ait,
1317 1467 1462 1528 temp
1485 1459 1593 1513 tris.
1645 1458 1788 1514 Satis

187 1551 573 1620 improspccte.
605 1550 880 1618 Quantitas
906 1550 1047 1606 enim
1079 1551 1334 1620 temporis
1362 1563 1466 1606 nan
1501 1552 1787 1621 pertinebit

185 1645 250 1699 ad
279 1660 400 1698 eam
429 1659 541 1699 rem
567 1659 686 1714 qua:
723 1644 901 1698 inuata
941 1643 1150 1699 dicatur
1175 1686 1189 1708 ,
1219 1659 1282 1700 ac
1310 1659 1404 1714 per
1430 1645 1533 1700 hoc
1579 1646 1790 1715 potissi-

185 1753 334 1792 mum
373 1747 571 1790 a-tcrna
599 1736 869 1792 credatur.
898 1735 1049 1803 Quod
1088 1738 1230 1792 enim
1279 1747 1536 1792 mternum
1564 1747 1664 1801 est,
1721 1753 1788 1792 eo

185 1833 309 1901 quia
335 1839 385 1884 et
418 1832 655 1884 innatum
681 1839 784 1895 est,
817 1845 991 1898 neque
1019 1830 1246 1896 initium,
1275 1847 1447 1901 neque
1475 1832 1633 1886 tinem
1655 1842 1788 1887 tem-

1900 627 2131 679 animam
2177 642 2325 681 suam
2375 629 2554 690 sentit,
2603 637 2692 681 aut
2739 627 2951 693 ominis,
2982 637 3073 682 attt
3119 630 3488 700 periculi,aut

1899 717 2074 785 gaudii
2105 733 2376 787 augurem.
2407 719 2462 772 Si
2488 718 2801 772 divinationi
2847 736 2951 772 non
2981 720 3243 790 obstrepit
3270 735 3484 790 corpus,

1902 825 1998 863 nec
2029 811 2317 872 memoria',
2352 811 2563 879 Opinor,
2597 809 2812 866 oiticiet.
2849 811 2903 865 In
2934 811 3123 866 eodem
3173 821 3318 867 certe
3361 827 3487 866 cor-

1901 918 2046 972 pore,
2081 913 2134 958 et
2165 903 2551 958 obliviscuntur
2577 904 2788 969 animm,
2822 913 2877 960 et
2906 904 3271 960 recordamur.
3301 906 3354 961 Si
3381 922 3484 976 qua

1898 995 2137 1064 corporis
2167 995 2298 1048 ratio
2341 995 2527 1050 incutit
2568 994 2921 1062 oblivionem,
2969 997 3240 1067 quomodo
3269 1006 3486 1051 eontra-

1899 1086 2028 1142 riam
2057 1087 2171 1156 cjus
2200 1086 2443 1141 admittet
2471 1085 2934 1142 recordationem?
2979 1089 3100 1158 quia
3133 1097 3187 1142 et
3225 1089 3334 1158 ipsa
3370 1098 3491 1158 post

1896 1181 2218 1235 oblivionem
2259 1180 2576 1241 recordatio,
2601 1181 2856 1234 memoria
2908 1180 3141 1234 recidiva
3192 1189 3298 1235 est.
3329 1180 3483 1247 Quod

1896 1279 2081 1348 prima:
2123 1279 2394 1334 memoria:
2421 1276 2751 1341 adversatur,
2775 1291 2870 1330 cur
2899 1290 3004 1330 non
3041 1284 3095 1330 et
3119 1275 3365 1330 secunda:
3396 1293 3483 1330 reo

1901 1372 2134 1439 fragatur
2161 1372 2288 1441 (5)?
2348 1370 2646 1434 Postremo,
2683 1369 2771 1440 qui
2800 1370 2968 1439 magis
3016 1369 3490 1424 reminiscerentur

1895 1483 2050 1536 quam
2084 1465 2284 1535 pueruli
2313 1505 2326 1527 ,
2356 1472 2412 1518 ut
2439 1464 2762 1518 recentiores
2789 1462 2998 1526 animm,
3033 1471 3091 1515 ut
3118 1461 3352 1516 nondum
3385 1462 3486 1514 int-

1896 1573 2084 1613 mersze
2111 1557 2418 1612 domesticis
2441 1571 2502 1611 ac
2533 1554 2754 1625 publicis
2797 1553 2962 1617 curis,
2993 1564 3048 1606 ut
3076 1553 3202 1622 ipsis
3232 1553 3360 1606 solis
3387 1552 3484 1606 de-

1893 1650 2016 1705 dita:
2041 1649 2252 1713 studiis,
2301 1662 2524 1717 quorum
2551 1646 2830 1700 discentia.-
2860 1644 3278 1699 reminiscentizn
3312 1642 3444 1698 liuut
3464 1643 3487 1694 Ἰ

1893 1743 2004 1798 1ιιι‹›
2050 1759 2145 1797 cur
2193 1757 2296 1796 non
2327 1758 2390 1796 ex
2420 1755 2572 1811 :equo
2601 1754 2791 1794 ou‘mcs
2837 1737 3202 1800 recordamur,
3252 1752 3373 1793 cum
3421 1751 3484 1790 ex

1891 1850 2045 1905 atquo
2072 1849 2257 1889 omnes
2287 1831 2684 1894 obliviscamur,
2715 1828 2809 1883 sed
2839 1827 3205 1882 tantummodo
3234 1827 3479 1881 Philoso-

188 1921 332 1990 poris
362 1919 714 1987 admittendo,
756 1921 960 1976 nullum
1007 1920 1223 1976 modum
1264 1923 1517 1992 temporis
1546 1925 1780 1992 patitur;
1815 1920 1861 1979 Β
1891 1928 1979 1998 pbi
2007 1929 2029 1980 ?
2058 1927 2132 1981 Ne
2163 1925 2214 1979 hi
2249 1925 2326 1995 (6)
2379 1923 2594 1994 quidem
2642 1935 2848 1975 omnes.
2886 1920 3039 1975 Plato
3087 1919 3290 1974 scilicet
3337 1917 3483 1972 solus

181 2017 267 2070 cui
300 2016 556 2083 temporis
598 2015 785 2070 modus
814 2014 989 2069 nullus
1016 2024 1120 2078 est,
1149 2029 1249 2070 nee
1277 2014 1379 2069 ulla
1421 2016 1782 2071 demntatioue

183 2109 410 2176 tempori
441 2108 521 2177 (ι)
565 2108 766 2172 subest,
812 2121 910 2161 nec
946 2121 1008 2161 ea
1061 2105 1128 2161 de
1179 2106 1514 2162 multitudine
1555 2109 1781 2178 tempori

184 2201 267 2256 vis
295 2212 372 2255 est
425 2201 526 2272 (9.).
577 2202 632 2256 Si
662 2210 868 2270 tempus
899 2201 949 2254 in
976 2214 1166 2256 caussa
1195 2209 1276 2255 est
1323 2201 1626 2266 oblivionis,
1657 2218 1775 2264 cur,

183 2309 250 2348 ex
282 2310 388 2362 qui»
417 2293 590 2348 anima
618 2293 829 2362 corpori
877 2292 1162 2354 inducitur,
1198 2294 1452 2346 memoria
1497 2292 1779 2356 delabitur,

182 2384 338 2453 quasi
369 2383 562 2438 exinde
590 2393 798 2452 tempus
824 2382 999 2437 anima
1022 2383 1303 2449 sustineat,
1335 2398 1454 2452 quae
1478 2385 1591 2437 sine
1619 2384 1782 2438 dubio

184 2473 333 2544 prior
356 2488 602 2543 corpore,
637 2487 742 2527 non
773 2471 870 2526 fuit
889 2474 1072 2542 uzique
1092 2473 1207 2527 sine
1230 2475 1509 2542 tempore?
1541 2472 1780 2544 lugrcssa

184 2580 315 2618 vero
344 2579 557 2634 corpus,
590 2565 838 2619 statimne
859 2564 1210 2627 obliviscitur,
1239 2580 1304 2617 au
1327 2565 1594 2634 aliquanto
1625 2565 1784 2635 post?

184 2657 245 2713 Si
290 2659 503 2723 statim,
536 2667 589 2712 et
617 2673 736 2728 quae
765 2657 870 2713 erit
900 2657 1153 2726 temporis
1199 2657 1430 2712 nondmn
1463 2661 1781 2730 supputandi

186 2751 475 2806 multitudo
504 2752 525 2804 ?
557 2751 774 2806 infantia
811 2750 1036 2806 scilicet.
1067 2748 1125 2804 Si
1149 2751 1433 2820 aliquando
1466 2761 1602 2820 post,
1655 2767 1784 2821 ergo

186 2844 286 2898 illo
327 2846 379 2897 in
425 2844 598 2913 spatio
627 2854 748 2899 ante
779 2854 1017 2912 tempora
1047 2844 1329 2897 oblivionis
1356 2860 1561 2899 memor
1609 2845 1784 2900 adlmc

185 2947 309 3005 aget
354 2937 532 2988 :mima
557 2977 570 2999 ,
619 2945 671 2990 et
717 2935 873 3006 quale
904 2951 1006 3000 est,
1040 2944 1095 2988 ιιι
1125 2943 1308 3002 lostea
1338 2935 1699 3000 obliviscatur,
1732 2948 1784 2992 et

187 3042 378 3081 rursus
431 3036 609 3095 postea
657 3028 1008 3082 reCurdetur?
1050 3027 1274 3096 Quoquo
1314 3035 1490 3082 autem
1547 3039 1786 3098 tempore

187 3117 337 3171 illam
383 3118 584 3172 ob'ivio
628 3118 875 3184 irruerit,
905 3127 1132 3187 quantus
1175 3119 1260 3170 hic
1298 3123 1458 3173 etiam
1507 3119 1787 3175 habebitur

187 3209 384 3264 modus
418 3207 708 3277 temporis?
742 3217 847 3262 tota
877 3209 1068 3279 opinor
1095 3209 1214 3262 vitre
1239 3207 1490 3262 decursio
1523 3212 1649 3263 satis
1680 3226 1783 3265 non

1888 2023 1938 2074 in
1971 2028 2112 2073 tanta
2143 2017 2376 2087 gentium
2405 2014 2572 2086 sylva,
2616 2014 2666 2068 in
2716 2020 2861 2066 lauto
2915 2012 3232 2080 sapientium
3293 2018 3483 2080 prato,

1888 2110 2123 2164 idearum
2152 2118 2206 2164 et
2233 2108 2428 2162 oblitus
2445 2115 2495 2161 et
2518 2105 2827 2160 recordatus
2857 2113 2938 2158 est
2960 2103 3055 2172 (ὁ).
3085 2103 3249 2172 Igitur
3273 2103 3315 2158 si
3345 2102 3489 2156 nullo

1888 2203 2045 2255 tuodo
2092 2200 2336 2255 consistit
2385 2198 2776 2268 argumentatio
2827 2197 2921 2250 ista
2970 2197 3256 2264 pra~cipua,
3314 2205 3481 2248 totum

1889 2293 2015 2348 illud
2045 2294 2242 2363 pariter
2271 2305 2514 2346 eversum
2553 2299 2668 2352 est,
2727 2289 2810 2342 cui
2859 2289 3257 2341 aceonuuodata
3295 2296 3395 2348 est,
3429 2295 3485 2339 ut

1887 2389 2076 2441 anima:
2103 2395 2156 2440 ct
2184 2389 2394 2445 innate,
2418 2392 2471 2436 et
2494 2383 2544 2435 iu
2568 2381 2874 2436 coelestibus
2904 2389 3252 2442 conversatm,
3273 2388 3322 2433 et
3352 2393 3451 2432 eou
3470 2409 3482 2417 ο

1887 2482 2010 2534 scim
2038 2479 2338 2532 divinorum
2367 2477 2492 2541 illic,
2526 2484 2578 2529 ι·ι
2605 2475 2727 2529 inde
2757 2474 2966 2539 delatr,
3001 2483 3052 2528 ct
3080 2473 3164 2527 hic
3191 2472 3482 2527 recordabe

1887 2569 2253 2634 crederentur,
2289 2568 2352 2621 ad
2383 2567 2692 2622 occasiones
2725 2565 2880 2635 plane
2913 2564 3174 2620 lurt'eticis
3221 2563 3481 2618 submini-

1888 2663 2148 2716 Strandas.

2462 2750 2690 2808 CAPUT
2731 2750 2898 2805 XXV.

1959 2844 2075 2899 iam
2109 2858 2248 2898 nunc
2280 2841 2552 2913 regrediar
2599 2843 2661 2897 ad
2716 2857 2957 2897 caussam
3008 2841 3162 2912 hujus
3208 2856 3483 2905 excessus,

1892 2951 1940 2992 ιιι
1978 2939 2196 2993 reddant
2225 2939 2492 3008 quomodo
2519 2938 2709 2991 anim-.r
2745 2953 2809 2992 ex
2839 2953 2938 2990 una
2964 2936 3283 3001 redundent,
3314 2952 3484 3005 quan-

1889 3032 1978 3094 do,
2010 3041 2062 3084 et
2105 3031 2214 3095 ubi,
2247 3040 2302 3084 ct
2333 3046 2434 3100 qua
2463 3030 2667 3083 ratione
2694 3040 2970 3083 sumantur
3006 3045 3016 3080 :
3052 3027 3120 3081 de
3160 3042 3258 3097 qua
3305 3028 3484 3095 Specie

1891 3123 2020 3177 nihil
2051 3121 2230 3184 refert,
2263 3138 2286 3170 τι
2315 3119 2653 3189 ιιΙιι10›οι)Ιιιι,
2682 3136 2748 3173 an
2773 3119 2839 3172 ab
2871 3118 3142 3182 hart'ctico,
3173 3131 3239 3170 an
3267 3131 3294 3169 a
3326 3116 3482 3184 vulgo

1890 3214 2114 3283 quaestio
2137 3222 2399 3265 occurrat.
2423 3209 2569 3264 Nulla
2597 3212 2814 3266 interest
2836 3209 3225 3279 professoribus
3249 3208 3486 3262 veritatis

185 3305 291 3358 erit
339 3303 404 3356 ad
449 3302 792 3356 evertendam
832 3303 913 3370 (3)
947 3302 1256 3356 memoriam
1291 3303 1415 3357 tanti
1441 3313 1564 3358 ante
1592 3317 1783 3374 corpus
1812 3309 1856 3370 C
1889 3309 1954 3361 de
2001 3307 2319 3360 adversariis
2371 3307 2508 3373 ejus,
2567 3306 2796 3359 maxime
2846 3313 2952 3358 tam
2997 3301 3286 3357 audacibus
3324 3318 3484 3372 quam

187 3398 316 3452 :L‘vi.
363 3395 466 3450 Sed
517 3411 703 3449 rursus
746 3394 896 3449 Plato
937 3409 1177 3448 caussam
1224 3399 1462 3450 demutat
1491 3398 1540 3451 in
1569 3413 1782 3468 corpus.

187 3491 354 3558 Quasi
385 3498 437 3542 et
465 3487 565 3542 hoc
593 3487 695 3543 lide
719 3487 958 3558 dignum,
997 3495 1057 3542 ut
1101 3498 1220 3542 nata
1257 3489 1550 3544 substantia
1595 3493 1787 3546 innat:e

187 3582 298 3636 vim
339 3580 660 3650 exstinguat.
690 3578 890 3649 Magnae
933 3590 1110 3634 autem
1152 3588 1207 3634 ct
1253 3580 1430 3634 multa:
1476 3581 1786 3640 dillcrentia:

186 3690 506 3742 corporum,
543 3689 637 3744 pro
662 3674 980 3744 gentilitate,
1022 3689 1118 3742 pro
1147 3675 1526 3743 magnitudine.
1563 3692 1658 3746 pro
1690 3678 1784 3730 ba-

188 3767 452 3832 bitndine,
480 3783 575 3835 pro
603 3775 778 3830 zetate,
805 3781 902 3834 pro
919 3765 1238 3820 valetudine.
1271 3765 1404 3820 Num
1430 3784 1555 3839 ergo
1576 3780 1631 3824 et
1654 3771 1786 3825 obli-

191 3860 416 3914 vionutn
450 3859 526 3929 (Il)
549 3857 861 3912 differentia:
883 3859 1328 3912 :cstimabuntur?
1377 3859 1479 3914 Sed
1512 3861 1787 3917 uniformis

187 3951 397 4005 oblivio
427 3960 546 4008 est:
597 3966 726 4020 ergo
775 3965 876 4004 non
908 3950 1008 4005 erit
1047 3951 1398 4021 corporalitas
1441 3954 1783 4010 multiformis

188 4043 246 4097 iu
281 4057 470 4094 caussa
511 4042 682 4096 exitus
724 4041 1022 4096 uniformis.
1064 4042 1220 4095 Multa
1272 4044 1397 4097 item
1445 4044 1784 4113 documenta,

191 4144 337 4189 teste
391 4135 504 4203 ipso
553 4134 807 4199 Platone,
857 4136 1238 4192 divinationem
1284 4138 1475 4194 anima:
1526 4143 1785 4209 probave-

189 4240 316 4284 runt
404 4245 521 4298 qua:
569 4230 940 4299 proposuimus
985 4230 1092 4298 jam
1147 4231 1486 4302 llermogeni.
1536 4233 1640 4290 Sed
1692 4253 1788 4292 nec

1891 3414 2014 3455 sunt
2043 3401 2212 3470 primo
2252 3400 2334 3453 isti
2375 3402 2462 3469 qui
2499 3409 2819 3466 praesumunt
2853 3397 2924 3467 (ε)
2952 3411 3056 3450 non
3084 3395 3135 3450 in
3166 3406 3317 3449 utero
3351 3411 3482 3449 con-

1891 3494 1994 3563 eipi
2037 3495 2292 3556 animam,
2342 3507 2439 3546 nec
2479 3507 2600 3544 cum
2645 3490 2822 3545 carnis
2867 3489 3174 3559 figulatioue
3215 3488 3486 3556 compingi

1890 3596 2048 3656 atque
2101 3585 2351 3656 produci;
2402 3582 2492 3638 sed
2527 3583 2606 3650 (7)
2635 3581 2802 3636 effuso
2847 3582 2958 3650 jam
3001 3591 3150 3651 partu
3177 3623 3191 3644 ,
3246 3581 3482 3635 nondum

1894 3678 2010 3732 vivo
2054 3678 2234 3730 infanti
2269 3677 2348 3746 (ά)
2375 3675 2708 3730 extrinsecus
2761 3673 3029 3742 imprimi:
3074 3683 3326 3728 ueterum
3351 3713 3366 3736 ,
3399 3687 3482 3727 se-

1896 3787 2013 3825 men
2053 3787 2112 3824 es
2165 3769 2449 3831 concubitu
2494 3765 2840 3821 muliebribus
2886 3765 3017 3819 locis
3066 3774 3480 3835 sequestratntn,

1893 3873 2144 3934 motuque
2168 3862 2390 3916 naturali
2419 3869 2716 3928 vegetatum
2743 3857 3214 3928 cotnpiugttesccre
3241 3858 3289 3910 in
3313 3856 3484 3911 solam

1893 3959 2240 4014 substantiam
2273 3955 2475 4017 carnis;
2505 3968 2621 4007 eam
2650 3952 2867 4016 editam,
2912 3961 2964 4006 et
2994 3951 3060 4006 de
3090 3951 3222 4005 uteri
3273 3950 3487 4004 fornace

1895 4051 2202 4113 fumantem,
2238 4059 2291 4102 et
2317 4046 2497 4100 calore
2529 4045 2779 4111 solutam,
2824 4052 2880 4097 ut
2916 4041 3112 4097 ferrum
3143 4041 3385 4111 ignitum,
3436 4051 3490 4096 et

1896 4147 2091 4201 ibidem
2118 4142 2318 4212 frigida:
2346 4140 2676 4202 immersam,
2703 4139 2770 4192 ita
2798 4137 2938 4192 aeris
2960 4137 3133 4205 rigore
3155 4151 3482 4204 percussam,

1893 4249 1945 4293 et
1974 4240 2077 4292 vim
2106 4234 2388 4290 animalem
2420 4247 2626 4301 rapere,
2653 4240 2707 4285 et
2755 4232 2823 4300 (e)
2869 4229 3107 4285 vocalem
3135 4244 3325 4285 sonum
3363 4229 3487 4284 red-

1442 4349 1820 4410 LECTIONES
1862 4352 2269 4411 VARIANTES.

287 4458 335 4522 ι)
359 4456 773 4522 iljemporis‘Pam,
800 4455 949 4508 then.

287 4461 306 4506 ι
359 4461 615 4519 Temporis
631 4461 773 4508 Pam.
800 4461 949 4508 theu.

192 4585 200 4592 '
257 4461 335 4584 iii
358 4519 462 4592 δρα
485 4514 658 4592 eadem
678 4519 984 4592 multitudine
1008 4524 1240 4584 temporis
1274 4524 1346 4571 vis
1366 4531 1442 4574 est
1469 4527 1605 4575 Pam.
1635 4525 1785 4578 then.

189 4585 240 4632 in
268 4581 584 4631 multitudine
609 4583 710 4631 Lat.

258 4645 334 4708 (5)
360 4643 661 4694 Vertendam
682 4646 822 4694 Pam.
851 4641 999 4694 Itheu.
1023 4646 1175 4695 Semt.
1203 4645 1398 4698 Oberth.

1820 4636 1868 4694 Ι)

1960 4468 2028 4587 ξε)
2066 4466 2373 4518 Oblivionem
2407 4471 2564 4515 Venet.
2591 4462 2831 4514 mendose.

1982 4529 2034 4587 ο)
2061 4529 2354 4587 Refragetur
2380 4527 2528 4580 then.
2550 4529 2690 4576 Pam.

2060 4529 2354 4604 {tetra-genu
2380 4527 2528 4580 then.
2550 4529 2690 4576 Pam.

1959 4593 2033 4654 (ιι)
2060 4593 2160 4642 Nec
2185 4594 2218 4641 it
2253 4593 2355 4640 Lat.

1960 4655 2033 4717 (7)
2062 4655 2119 4705 Et
2143 4655 2262 4705 add.
2293 4657 2432 4704 Pam.
2460 4650 2609 4702 Rhea.

1581 4755 2142 4818 COMMENTARIUS.

192 4864 436 4940 ibidem:
471 4879 490 4914 ι
538 4863 713 4934 Atque
763 4861 886 4940 hoc,
920 4864 1110 4940 inquit,
1163 4868 1286 4933 tale,
1331 4880 1543 4940 tamque
1589 4887 1789 4930 sarvum

191 4934 417 5012 animal,
456 4943 692 4988 rotarum
716 4935 874 5012 orbes
901 4934 1228 4996 circumacti.
1263 4934 1555 5009 currusque
1584 4946 1789 5012 inanes,

190 5017 250 5061 et
289 5005 703 5085 gallinaceorum
743 5007 941 5069 cristze,
969 5020 1264 5078 cautusque
1303 5005 1656 5085 etiam'magis
1687 5005 1792 5071 ter:

192 5087 344 5133 rent.
395 5095 413 5126 ι
462 5076 596 5132 Pu.

273 5149 358 5220 (a)
398 5146 479 5200 Ex
509 5145 851 5220 multitudine,
884 5149 976 5215 ait,
1001 5153 1254 5218 temporis.
1286 5153 1486 5209 Alludit
1515 5158 1579 5210 ad
1631 5159 1791 5213 verba

191 5217 293 5275 illa
343 5219 580 5272 Platonis
626 5221 676 5272 iu
725 5217 984 5274 Pliwdoue
1014 5237 1031 5275 :
1060 5241 1077 5274 ‹
1104 5217 1310 5278 Nonne
1355 5228 1652 5281 recordatio
1687 5240 1791 5290 est,

193 5290 440 5344 maxime
493 5290 578 5344 ubi
623 5290 791 5368 alicui
830 5292 1081 5368 acciderit
1125 5294 1263 5348 circa
1293 5295 1409 5360 illa,
1449 5315 1670 5363 quorum
1704 5316 1795 5368 per

192 5372 444 5439 tempus...
463 5371 513 5414 et
549 5378 627 5439 _eo
653 5359 793 5429 quod
837 5361 928 5415 diu
975 5380 1076 5439 non
1124 5359 1504 5439 conSpexit?)
1553 5385 1647 5436 pro
1691 5359 1797 5439 quo

194 5431 472 5507 transtulit
518 5434 754 5507 _Auc_tor,
785 5449 849 5507 ea;
893 5434 1214 5488 multitudine
1266 5431 1564 5507 temporis.‘
1601 5431 1795 5494 Verum

193 5503 373 5579 etiarn
388 5502 530 5579 istud
575 5502 795 5579 pulchre
813 5503 1022 5579 ﬁni-tor
1045 5507 1255 5567 refutat.
1281 5523 1346 5562 ex
1369 5502 1434 5562 eo
1475 5509 1614 5579 quod
1645 5512 1796 5565 inna-

196 5585 309 5629 tam
337 5572 493 5646 Plato
525 5572 757 5646 animam
795 5574 1027 5640 dixerit;
1051 5585 1105 5632 et
1137 5579 1359 5646 proinde
1383 5572 1660 5645 aeternam,
1688 5583 1803 5638 sine

197 5644 461 5710 temporis
489 5646 656 5699 initio.
679 5644 815 5699 Pnt.

275 5716 359 5787 (li)
400 5714 640 5770 Idcarum
678 5725 724 5769 et
760 5715 942 5770 oblitus
966 5727 1013 5770 et
1037 5719 1328 5774 recordatus
1377 5733 1465 5776 est.
1515 5723 1687 5779 Locus
1725 5733 1809 5780 est

197 5788 254 5842 in
287 5784 562 5866 Platone,
601 5788 689 5856 qui
713 5857 722 5866 ο
747 5787 951 5855 primus
993 5788 1242 5866 idearum
1278 5795 1480 5848 somnia
1533 5797 1583 5850 in
1631 5796 1803 5850 lucem

199 5857 418 5935 emisit,
449 5858 652 5935 scripto
676 5857 794 5926 ejus
822 5863 1115 5935 argumenti
1143 5861 1370 5930 dialogo,
1400 5881 1557 5935 quem
1592 5867 1804 5921 Parme-

201 5927 378 5981 nidem
407 5927 699 6002 inscripsit,
742 5941 792 5984 et
823 5928 1248 6000 frequentissima
1278 5927 1401 5990 alibi
1419 5927 1607 5994 earnm
1651 5955 1801 5994 men-

1901 4878 2042 4932 tione
2070 4878 2280 4947 iujeeta,
2323 4875 2768 4945 quemadmodum
2811 4873 2969 4927 etiam
3016 4886 3172 4941 supra
3211 4873 3489 4929 adnotavi-

1900 4963 2035 5004 mus.
2078 4949 2213 5003 Pan.

1967 5019 2117 5072 CAP.
2152 5017 2469 5082 XXV.—(c)
2516 5016 2630 5070 Non
2664 5017 2713 5069 in
2737 5027 2874 5070 utero
2899 5017 3093 5086 concipi
3121 5017 3362 5080 animam,
3387 5027 3497 5070 etc.

1898 5090 2092 5145 Stoicis
2122 5091 2301 5143 tribuit
2331 5091 2465 5142 hanc
2489 5090 2792 5156 opinionem
2825 5087 3210 5142 Tertullianns:
3240 5099 3293 5140 at
3321 5087 3500 5142 lEtius

1901 5161 2136 5229 adjnngit
2164 5161 2448 5228 Diogenem
2480 5171 2528 5211 et
2558 5159 2959 5226 llernmphilutn
2979 5201 2992 5222 ,
3021 5158 3126 5212 into
3149 5168 3201 5213 et
3229 5158 3496 5228 Empedo-

1901 5232 2037 5286 clem
2071 5233 2162 5285 lib.
2189 5232 2250 5283 (ιθ
2277 5231 2394 5285 hist.
2431 5231 2798 5298 plnlosOpltica.
2843 5229 2972 5283 Lac.

1973 5302 2052 5372 (tl)
2097 5302 2422 5355 Extrinsecus
2452 5301 2689 5367 imprimi.
2722 5299 3135 5372 Lucretiustlib.
3163 5299 3249 5364 Ill,
3281 5315 3345 5353 ex
3370 5315 3494 5354 scn-

1904 5369 2062 5427 tentia
2109 5374 2407 5427 Stoicorum
2429 5415 2442 5433 ,
2474 5386 2609 5442 quos
2651 5386 2770 5424 mox
2800 5369 2994 5439 allegat
3019 5371 3376 5425 Tertullianus
3405 5387 3501 5440 pro

1906 5445 2005 5499 hoc
2029 5446 2219 5513 placito
2245 5463 2258 5498 :

2034 5557 2172 5614 Quod
2194 5559 2231 5604 si
2257 5556 2381 5605 forte
2408 5563 2548 5616 putas
2573 5555 2881 5604 extrinsecus
2907 5555 3193 5602 insinuatam

2033 5620 2335 5669 Permanare
2355 5621 2560 5668 animam
2587 5617 2727 5666 nobis
2751 5629 2836 5678 per
2858 5617 3080 5664 membra
3103 5620 3284 5665 solere.

1911 5727 2205 5783 Utebantur
2229 5742 2358 5781 voce
2388 5726 2639 5796 imprimi,
2689 5725 2768 5778 vel
2813 5725 3094 5786 insinuari,
3147 5739 3213 5796 ne
3265 5724 3506 5782 dicerent

1911 5799 2144 5869 animam
2176 5799 2325 5852 nasci
2377 5798 2640 5869 (Lactant.
2673 5797 2763 5869 lib.
2792 5796 2878 5861 lll,
2901 5812 3022 5869 cap.
3058 5796 3176 5862 18).
3199 5795 3331 5869 Lac:

1981 5872 2055 5938 (e)
2101 5868 2162 5922 Et
2187 5867 2406 5922 vocalem
2435 5885 2611 5922 sonum
2640 5867 2865 5921 reddere.
2899 5867 3154 5920 Pntarnnt
3195 5867 3356 5932 aliqui
3385 5867 3501 5919 ani-

1913 5957 2051 5996 mam
2081 5984 2093 6000 ,
2145 5942 2474 5997 deturbatum
2515 5941 2720 5994 etelesti
2763 5939 3062 6003 domicilio,
3112 5949 3234 5992 tttuc
3280 5939 3506 6008 Cmpisse
