4270 6498
213 422 314 478 693

1660 422 1858 478 LIBER
1902 423 1989 480 DE
2031 426 2262 484 ΛΝΙΜΑ.

3395 436 3498 493 694

210 542 502 612 Scipiones.
535 545 684 610 Quod
708 545 752 598 si
780 548 868 616 qni
892 586 906 611 ,
939 543 1015 616 (ιι)
1045 554 1103 600 ut
1130 544 1298 607 Plato,
1334 544 1552 614 perinde
1582 557 1684 597 non
1709 558 1794 612 pu-
1830 544 1883 602 Λ
1911 544 2105 602 hassct.
2140 548 2207 602 At
2235 563 2355 604 eum
2389 558 2570 619 partus
2599 551 2853 621 aperitur,
2887 560 2941 608 et
2981 566 3236 608 numerus
3266 553 3486 625 inspici-

213 646 286 690 tat
332 638 462 696 duas
510 640 714 694 animas
744 642 795 694 in
839 655 1000 694 unum
1031 641 1337 705 convenire,
1380 639 1518 692 sit'ttt
1555 652 1652 692 nec
1681 653 1800 692 cor-

216 745 364 800 pora,
401 749 500 800 ego
534 733 608 787 illi
641 749 744 788 n0n
795 734 952 788 modo
979 734 1111 788 duas
1140 735 1344 788 animos
1371 735 1420 787 in
1464 749 1623 786 unum
1667 748 1795 785 cou-

209 833 385 891 gestas
438 825 814 890 ostendissent,
869 827 1006 879 Sicut
1051 835 1105 880 cl
1157 841 1380 893 Corpora
1441 827 1488 879 in
1564 825 1795 887 fmlilttls,

209 930 395 969 verum
426 925 479 968 rt
525 916 626 970 alia
675 918 834 970 multa
863 933 982 969 eum
1023 916 1198 970 anima
1243 928 1512 979 eouserta,
1541 915 1799 968 thrmonis

208 1009 436 1072 Scilicet,
496 1025 594 1062 uec
649 1011 823 1071 unius,
857 1021 906 1062 ut
960 1010 1010 1062 in
1060 1011 1280 1064 Socrate
1331 1011 1479 1077 ipso;
1522 1024 1704 1060 verum
1747 1017 1800 1061 et

207 1101 496 1168 septenarii
546 1101 786 1169 spiritus,
843 1111 896 1154 ιιι
941 1101 991 1154 in
1043 1100 1384 1170 Magdalena;
1429 1109 1484 1153 et
1523 1100 1796 1170 legionarii

206 1191 440 1255 muneri,
497 1200 552 1243 ut
600 1192 652 1244 in
697 1191 990 1256 Geraseno,
1044 1209 1148 1259 quo
1198 1191 1404 1246 facilius
1453 1193 1625 1244 anima
1675 1207 1796 1246 eum

201 1283 379 1336 anima
428 1293 740 1338 conseretur
785 1283 864 1354 (l)
893 1300 954 1338 ex
987 1285 1239 1338 societate
1269 1283 1598 1347 substantia,
1640 1299 1796 1352 quam

202 1374 429 1442 spiritus
471 1391 696 1443 nequam
742 1390 806 1430 ex
853 1375 1159 1429 diversitate
1205 1385 1425 1428 natura'.
1471 1376 1534 1428 At
1566 1375 1702 1429 idem
1745 1375 1795 1428 in

201 1476 358 1520 sexto
389 1464 604 1536 Legum,
640 1481 864 1520 monens
907 1481 1096 1520 cavere
1140 1482 1205 1519 ne
1250 1465 1454 1518 vitiatio
1479 1466 1700 1519 seminis
1730 1480 1794 1520 ex

203 1558 380 1628 aliqua
426 1558 628 1612 vilitate
673 1559 989 1613 concubitus
1031 1558 1204 1612 labem
1248 1558 1460 1626 corpori
1507 1570 1559 1611 et
1605 1559 1795 1613 anima:

199 1659 475 1718 supiarrt,
511 1651 692 1705 nescio
717 1652 784 1705 dc
827 1652 1062 1719 pristinis
1105 1650 1182 1720 (2)
1239 1650 1428 1721 magis,
1475 1667 1541 1704 an
1589 1650 1656 1705 de
1700 1653 1794 1706 ista

198 1742 467 1796 sententia
518 1744 616 1797 sibi
666 1743 944 1797 excident.
995 1740 1241 1797 Ostendit.
1287 1743 1432 1796 enim
1464 1743 1695 1795 animam
1729 1741 1797 1796 de

196 1837 408 1890 semine
454 1835 652 1898 induci,
704 1834 843 1904 quod
888 1836 1060 1889 Curari
1112 1843 1314 1900 monet,
1364 1850 1466 1888 non
1510 1833 1577 1887 de
1629 1833 1796 1899 prima

1906 647 2074 700 tur,et
2089 651 2377 708 auguratus
2402 642 2823 711 recognoscitur,
2851 652 2997 712 pttto,
3027 645 3135 712 jam
3165 659 3268 699 non
3294 646 3488 699 auium

1902 732 2235 786 solummodo
2268 735 2878 803 probanturinfantium,
2908 737 3002 791 sed
3047 747 3101 790 et
3145 753 3355 808 pugnm.
3393 739 3491 791 lle-

1905 823 2169 877 tinebatur
2195 826 2280 894 qtti
2303 835 2635 894 przeveuerat
2665 829 2809 881 nasci
2839 843 2864 880 a
2895 839 3191 896 praevento,
3228 846 3327 885 nec
3355 830 3481 884 dum

1906 915 2112 982 plenius
2156 914 2320 976 edito,
2377 924 2579 969 tanttnn
2625 933 2782 971 manu
2833 920 3064 973 nato.Et
3118 921 3160 972 si
3212 921 3323 988 ipse
3375 922 3491 975 ani-

1904 1022 2041 1058 mam
2073 1006 2141 1075 (i)
2169 1008 2233 1058 de
2266 1008 2431 1075 prima
2467 1007 2791 1076 aspiratione
2835 1007 2912 1081 (5)
2953 1010 3166 1078 potahat
3222 1011 3490 1081 platonieo

1906 1112 2075 1158 more,
2106 1107 2197 1150 aut
2227 1097 2304 1168 (g)
2339 1098 2406 1153 de
2432 1100 2571 1152 aeris
2609 1101 2786 1170 rigOre
2821 1103 3070 1171 carpebat
3094 1103 3257 1156 stoica
3291 1102 3483 1166 forma,

1904 1188 2028 1254 quid
2062 1187 2150 1242 ille
2179 1190 2267 1258 qui
2291 1191 2722 1259 exspecmbatur,
2761 1193 2848 1261 qui
2878 1194 3052 1248 adhuc
3103 1194 3243 1248 intus
3283 1194 3490 1250 detine-

1905 1281 2058 1336 batur
2083 1292 2131 1335 et
2165 1281 2291 1334 foris
2314 1282 2424 1351 jam
2452 1282 2763 1338 detinebat?
2788 1284 3029 1338 Nondum
3063 1287 3254 1355 opinor
3281 1288 3491 1357 Spiraus

1905 1377 2136 1446 plantam
2166 1375 2342 1430 fratris
2373 1377 2661 1444 invaserat,
2690 1381 2848 1434 etiam
2892 1396 3030 1434 tunie
3067 1383 3249 1436 calens
3297 1394 3490 1448 matre,

1902 1483 1960 1523 se
1992 1469 2224 1539 priorem
2257 1468 2500 1540 prodisse
2540 1471 2810 1537 cupiebat.
2844 1471 2888 1525 0
2936 1473 3190 1527 infantem
3233 1483 3286 1528 et
3325 1489 3492 1529 temu-

1904 1560 2030 1624 luni,
2062 1571 2118 1614 et
2144 1561 2396 1624 validum.
2430 1569 2485 1615 et
2523 1561 2647 1614 olim
2678 1565 3108 1618 contentiosmn!
3152 1564 3323 1620 Credo
3367 1567 3491 1636 quia

1903 1652 2098 1705 vivum.
2134 1652 2210 1724 (It)
2241 1653 2434 1722 Aspice
2466 1650 2617 1722 (Luc.
2653 1651 2706 1722 I)
2733 1655 2893 1708 etiam
2938 1654 3236 1724 singulares
3265 1673 3494 1726 concep-

1904 1752 2008 1808 tus,
2056 1754 2108 1797 et
2155 1743 2368 1812 quidem
2416 1746 2855 1812 monstrosiorcs,
2909 1747 3110 1802 sterilis
3148 1757 3203 1801 et
3249 1749 3490 1820 virginis,

1902 1850 2021 1903 quae
2069 1837 2148 1889 vel
2197 1834 2297 1890 hoc
2329 1837 2444 1904 ipso
2492 1836 2832 1907 imper-factos
2880 1839 3041 1894 edere
3071 1842 3366 1909 potuissent
3396 1857 3493 1912 pro

196 1930 528 1996 aSpiratione
578 1931 864 1984 nascentis.
927 1929 1097 1993 Unde,
1159 1944 1256 1982 oro
1310 1939 1380 1992 te,
1441 1927 2173 1988 similitudineReversione
2222 1937 2442 1992 naturae,
2497 1941 2554 1984 ut
2605 1931 2768 1985 altera
2836 1934 3023 1986 semini
3099 1933 3176 2003 (6)
3229 1935 3436 2004 stupida
3472 1978 3486 2002 ,

195 2021 393 2073 anitum
422 2034 633 2088 quoque
665 2021 974 2087 parentibus
1005 2019 1071 2073 de
1122 2020 1348 2088 ingeniis
1381 2017 1794 2087 respondemus,

197 2113 492 2169 scentulum
518 2112 792 2167 Cleanlltis
827 2113 1214 2177 testimonium,
1263 2114 1304 2166 si
1353 2128 1457 2166 ttou
1508 2127 1572 2166 es
1603 2113 1796 2166 animae

197 2207 406 2262 semine
456 2206 770 2261 edueimur?
816 2207 922 2261 Cur
965 2217 1139 2260 autem
1191 2214 1243 2259 et
1293 2216 1500 2258 veteres
1544 2205 1796 2275 astrologi

196 2302 499 2370 genituram
533 2301 769 2356 hominis
798 2301 864 2353 ab
894 2301 1043 2353 initio
1070 2309 1359 2370 conceptus
1386 2299 1722 2368 digere-bant,
1751 2299 1794 2352 si

200 2408 308 2445 tt0o
341 2394 535 2448 exinde
580 2405 632 2448 et
658 2399 832 2447 anima
879 2403 981 2458 εει,
1015 2393 1077 2447 ad
1108 2410 1262 2461 quam
1317 2409 1469 2461 teque
1502 2392 1728 2461 pertinet
1754 2391 1797 2446 si

200 2488 330 2557 quid
361 2499 441 2542 est
474 2489 630 2542 flatus
674 2490 793 2556 (5)?

773 2580 996 2636 CAPUT
1037 2580 1227 2636 XXVI.

278 2673 383 2727 Sed
410 2675 582 2728 onmis
608 2674 939 2744 iumqualitas
968 2679 1244 2730 sententia:
1269 2676 1513 2729 humanae
1539 2690 1706 2745 usque
1734 2673 1800 2730 ad

208 2767 306 2821 Dei
343 2769 596 2822 terminos
626 2767 700 2839 (ὁ)
734 2787 746 2821 :
778 2770 827 2820 in
860 2777 1069 2822 ttOslrns
1090 2770 1197 2838 jam
1229 2770 1396 2824 lineas
1439 2769 1659 2840 gradum
1687 2768 1799 2824 col-

205 2860 390 2930 ligam,
447 2872 503 2914 ιιι
563 2860 704 2929 quod
753 2860 1092 2928 Philosophis
1144 2861 1470 2932 Medicisque
1525 2864 1798 2933 respondi,

207 2949 516 3005 Christiano
566 2952 804 3019 probem.
839 2952 912 3021 (ε)
949 2951 1019 3004 De
1068 2961 1179 3015 tuo,
1228 2952 1412 3019 frater,
1459 2954 1802 3008 fnmlamento

209 3043 369 3096 fidem
397 3042 594 3096 :rdilica
625 3042 706 3115 (4)
739 3062 750 3096 :
786 3043 862 3114 (tt)
895 3044 1085 3114 Aspice
1151 3045 1388 3100 viventes
1439 3055 1616 3101 nteros
1643 3061 1800 3102 sane-

209 3134 538 3188 tissimarutn
567 3135 927 3201 foenunarum,
954 3152 1050 3191 nec
1079 3137 1238 3191 modo
1267 3138 1533 3209 spirantes
1553 3138 1661 3208 jam
1695 3138 1802 3192 illic

209 3224 465 3290 infantes,
516 3242 697 3280 vermn
736 3228 896 3280 etiam
927 3229 1327 3296 prophetantes.
1354 3230 1426 3298 (e)
1458 3229 1598 3285 Ecce
1624 3228 1799 3302 (Gem,

1903 2019 2070 2074 altera
2103 2021 2315 2074 intacta.
2361 2020 2609 2084 Docebat,
2663 2022 2706 2076 si
2755 2022 2908 2079 forte.
2954 2026 3067 2078 sine
3097 2026 3270 2079 anima
3313 2028 3486 2092 nasci,

1903 2113 1992 2184 qui
2035 2112 2243 2169 fuerant
2285 2131 2388 2168 non
2423 2116 2522 2170 rite
2552 2116 2830 2185 concepti;
2866 2119 2957 2172 sed
3000 2129 3052 2171 et
3084 2119 3153 2172 illi
3198 2121 3404 2180 vivunt.
3440 2121 3490 2174 in

1903 2222 2000 2262 suo
2022 2208 2246 2276 quisque
2287 2215 2457 2261 utero.
2505 2207 2722 2262 Exultat.
2751 2207 3048 2273 Elizabcth,
3093 2209 3326 2264 Joannes
3353 2211 3496 2264 intus

1905 2300 2187 2368 impulerat
2243 2314 2256 2350 :
2313 2299 2580 2368 glorificat
2646 2301 2926 2356 Dominum
2989 2302 3173 2368 Maria,
3248 2304 3496 2358 Christus

1905 2392 2046 2445 intus
2099 2392 2435 2447 instituerat.
2465 2395 2779 2463 Agnoscunt
2832 2405 3030 2450 matres
3083 2409 3210 2449 suos
3266 2396 3490 2451 invicem

1906 2487 2083 2548 foetus,
2115 2485 2308 2556 agnita!
2341 2496 2524 2540 mutuo
2574 2487 2640 2541 ah
2670 2487 2797 2556 ipsis
2826 2487 3011 2558 utique
3043 2488 3367 2551 viventibus,
3401 2490 3492 2559 qui

1906 2590 2010 2630 non
2045 2589 2247 2631 tantum
2290 2578 2483 2632 animae
2521 2589 2696 2646 erant,
2731 2594 2915 2634 verum
2943 2591 2994 2634 et
3022 2580 3260 2650 spiritus.
3292 2582 3356 2654 (i)
3403 2580 3494 2635 Sic

1905 2680 1961 2726 et
1980 2669 2046 2724 ad
2089 2670 2407 2727 Hieremiam
2443 2672 2574 2740 lrgis
2605 2673 2695 2727 Dei
2737 2687 2921 2726 vocem
2946 2673 3182 2745 (Jerem.,
3217 2675 3271 2744 I)
3299 2692 3312 2726 :
3342 2673 3497 2728 Prius

1905 2780 2055 2832 quam
2096 2773 2142 2817 te
2166 2764 2217 2817 in
2248 2773 2387 2817 utero
2419 2765 2676 2833 ﬁngerent,
2711 2767 2824 2818 novi
2875 2777 2938 2820 te.
2975 2766 3027 2819 Si
3056 2767 3134 2839 (7)
3172 2769 3321 2837 fingit
3349 2768 3491 2821 Deus

1908 2855 1958 2910 iu
1992 2866 2164 2918 utero,
2194 2864 2247 2910 et
2283 2855 2430 2909 afllat
2479 2868 2546 2910 ex
2582 2855 2850 2924 primordii
2884 2855 3052 2912 forma
3100 2856 3252 2924 (Gen.
3299 2858 3352 2927 I)
3382 2876 3393 2910 :
3432 2857 3497 2910 Et

1907 2947 2055 3016 ﬁnxit
2102 2945 2243 3000 Deus
2291 2947 2565 3012 hominem,
2618 2956 2663 3000 et
2701 2947 2841 3016 ﬂavit
2890 2949 2942 3001 in
2983 2964 3094 3002 eum
3122 2949 3304 3018 ﬂatum
3345 2951 3496 3012 vitta;

1908 3055 2005 3094 nec
2053 3048 2231 3093 nosset
2275 3049 2451 3091 autem
2506 3037 2774 3092 hominem
2832 3039 2972 3093 Deus
3031 3041 3081 3092 in
3138 3050 3289 3094 utero
3323 3082 3337 3104 ,
3397 3042 3494 3094 nisi

1909 3141 2073 3187 totum
2100 3150 2112 3185 :
2145 3129 2213 3184 Et
2241 3131 2539 3202 priusquam
2568 3130 2728 3184 exiret
2758 3131 2821 3185 de
2860 3132 3026 3195 vulva,
3060 3131 3370 3198 sancti/icavi
3399 3143 3445 3184 te
3474 3147 3492 3184 :

1907 3233 1963 3279 et
1987 3232 2253 3278 mortuum
2280 3221 2455 3276 adhuc
2479 3221 2711 3292 corpus?
2737 3220 2931 3292 Utique
2959 3237 3324 3293 nequaquam;
3359 3221 3494 3276 Deus

209 3315 386 3387 XXV)
419 3318 622 3370 \‘iscrm
658 3319 911 3371 Rebeccae
942 3319 1326 3388 inquietantur,
1356 3331 1410 3375 et
1439 3322 1593 3390 longe
1622 3323 1794 3376 adhuc
1822 3315 1866 3378 C

1549 3336 1593 3390 ge
1622 3323 1794 3376 adhuc
1822 3315 1866 3378 C
1899 3317 2041 3372 enim
2072 3314 2271 3385 (Matt,
2300 3313 2469 3384 XXII)
2496 3314 2739 3376 vivorum,
2774 3331 2872 3368 non
2902 3324 3235 3369 mortuorum.

210 3420 420 3478 partus,
468 3418 520 3461 et
548 3408 688 3462 acris
728 3409 904 3461 nullus
934 3410 1209 3478 impulsus.
1236 3408 1371 3466 Ecce
1413 3411 1607 3482 duplex
1639 3413 1798 3469 fretus

211 3501 264 3554 in
299 3501 434 3553 locis
467 3501 651 3553 matris
682 3503 1090 3562 tumultuantur,
1121 3510 1175 3555 et
1216 3517 1475 3572 nusquam
1502 3503 1677 3558 adhuc
1707 3518 1800 3573 po.

212 3595 324 3665 puli
381 3596 510 3648 duo.
567 3595 881 3651 Portentosa
933 3597 1150 3652 forsitan
1199 3597 1488 3665 petulantia
1543 3598 1801 3665 infantiae,

209 3699 340 3742 ante
382 3690 639 3743 certantis
684 3705 842 3759 qttam
888 3691 1141 3756 viventis,
1189 3699 1313 3745 ante
1359 3692 1616 3746 animosa:
1645 3707 1803 3762 quam

210 3781 486 3844 aninmtm,
538 3782 581 3834 si
637 3780 1005 3836 tantummodo
1043 3792 1266 3837 matrem
1313 3783 1664 3839 sulisultando
1700 3795 1811 3842 tur-

2458 3405 2684 3463 CAPUT
2724 3406 2938 3463 XXVII.

1975 3498 2254 3568 Quomodo
2293 3502 2450 3571 igitur
2500 3501 2696 3556 animal
2725 3502 3081 3572 conceptum?
3109 3501 3337 3556 simulae
3367 3516 3496 3557 con-

1909 3594 2031 3648 flata
2090 3593 2362 3664 utriusque
2415 3593 2710 3648 subStautia
2761 3595 3002 3664 corporis
3057 3596 3374 3664 animmque,
3433 3611 3500 3648 au

1912 3689 2074 3742 altera
2102 3701 2283 3743 earum
2336 3686 2704 3754 praecedente?
2754 3688 2862 3742 imo
2905 3689 2972 3759 (j)
3032 3689 3189 3743 simul
3229 3688 3415 3742 ambas
3450 3701 3501 3740 ιιι

1914 3781 2159 3852 concipi,
2213 3787 2268 3835 et
2318 3779 2544 3846 confici,
2598 3790 2650 3837 et
2709 3781 2891 3851 perﬁci
2937 3781 3198 3849 dicimus,
3256 3783 3390 3837 sicut
3444 3792 3507 3838 et

1446 3919 1827 3979 LECTIONES
1862 3915 2274 3976 VARIANTES.

278 4034 354 4096 (ι)
388 4035 687 4096 Ceuseretnr
731 4029 881 4086 Seml.
909 4033 1058 4085 Rhea.
1084 4031 1275 4084 Oberth.
1303 4033 1410 4085 cad.
1437 4033 1616 4086 Ursini.

277 4095 352 4158 (2)
385 4099 590 4147 l’rtstina
613 4095 764 4149 Rhea.
787 4100 928 4147 Pam

277 4159 354 4219 (ὅ)
379 4161 543 4210 Status
564 4161 673 4211 cod.
713 4161 898 4209 Wouw.

281 4219 356 4290 (4)
383 4223 632 4274 Aidificem
656 4225 793 4274 Ptan.
818 4219 966 4272 Rhea.
993 4222 1187 4284 Gagmr.

1999 4033 2028 4081 δ
2075 4030 2347 4092 Spiratione
2369 4031 2506 4078 Pam.
2534 4025 2685 4080 Rhea.

1976 4031 2048 4156 (6)
2073 4092 2291 4156 Seminis
2309 4093 2451 4140 Pam.
2480 4092 2629 4156 Fran.

1998 4092 2048 4144 6)
2073 4092 2286 4142 Seminis
2309 4093 2451 4140 Pam.
2480 4092 2629 4141 Fran.

1971 4152 2044 4218 (‘7)
2089 4159 2226 4204 Forte
2255 4155 2342 4214 sic,
2367 4166 2458 4217 pro
2480 4155 2538 4214 si,
2559 4152 2829 4218 legendum.
2855 4155 2980 4203 Had.

1531 4324 2082 4384 COMMENTARIUS.

212 4469 588 4593 cebailiturpqni
618 4482 760 4524 caeso
789 4469 972 4523 matris
1002 4474 1154 4522 utero
1193 4467 1571 4534 nascebantur,
1605 4476 1661 4520 ut
1687 4466 1802 4522 Sci-

215 4557 331 4593 DIO.
385 4556 440 4593 JF.
513 4556 563 4593 ιι.

256 4543 331 4596 io.
365 4541 440 4596 LF.
472 4541 563 4593 Pa.

215 4557 490 4682 putari-III
513 4557 697 4676 Iliada,
731 4611 938 4680 perinde
961 4626 1060 4663 non
1090 4619 1250 4680 putat,
1283 4619 1386 4664 etc.
1419 4608 1640 4682 Unicam
1672 4609 1799 4682 sim-

259 4680 524 4749 li‘eemqne
551 4683 781 4735 animam
811 4683 1001 4750 cuique
1028 4683 1236 4749 corpori
1287 4682 1479 4738 inesse.
1511 4680 1810 4733 affirmabat

263 4698 524 4749 lucemque
551 4698 781 4735 annuam
811 4698 1001 4750 cuique
1028 4698 1236 4749 COf'pOl‘l
1287 4698 1479 4738 messe.
1511 4698 1810 4733 aturmanat

213 4698 398 4816 Blato,
428 4768 598 4821 neque
629 4752 760 4806 duas
789 4754 841 4806 in
872 4752 1057 4806 eodem
1106 4752 1263 4805 simul
1309 4751 1522 4805 homine
1567 4750 1814 4805 admitte-

217 4825 334 4879 bat.
362 4824 660 4890 Chrysippo
691 4822 819 4877 illud
850 4823 1030 4876 tribuit
1056 4821 1281 4878 Tertull.
1315 4823 1580 4890 superius.
1611 4828 1687 4876 LE
1716 4822 1808 4876 Pa.

295 4894 381 4948 C:\
395 4894 450 4948 P.
478 4891 669 4948 XXVI.
702 4924 772 4934 —
802 4893 817 4955 (
827 4891 881 4962 1))
924 4892 1029 4947 Sed
1073 4893 1234 4946 omnis
1278 4893 1594 4959 imrqaalitas
1621 4904 1812 4946 senten-

217 4968 313 5021 tia:
342 4969 576 5018 humana:
617 4982 772 5034 usque
816 4965 882 5016 ad
915 4963 1006 5016 Dei
1053 4966 1308 5018 terminos.
1366 4965 1524 5029 Quasi
1566 4964 1810 5017 diceret:

217 5038 333 5092 Sed
365 5037 556 5089 fuerint
585 5035 891 5106 ina-quales,
925 5037 1136 5088 incerta:
1166 5046 1219 5087 et
1250 5037 1610 5088 inconstantes
1638 5035 1812 5086 homi-

220 5123 356 5162 num
389 5107 458 5160 dc
487 5106 660 5160 anima
690 5109 966 5161 sententiae
996 5120 1162 5175 usque
1189 5106 1253 5159 ad
1282 5106 1456 5158 divina
1490 5106 1812 5161 testimonia.

1555 5176 1672 5231 th.

302 5247 380 5318 (c)
426 5247 500 5301 De
541 5257 625 5302 tuo
675 5251 830 5318 frater
876 5247 1203 5315 fundamento
1248 5247 1397 5318 fidem
1438 5247 1659 5314 aediﬁca.
1698 5245 1814 5318 Iam

217 5319 518 5388 alloquitur
547 5317 892 5373 chrisuantnn
922 5361 936 5383 ,
978 5319 1129 5388 cujus
1161 5317 1558 5372 fundamentum
1590 5317 1819 5385 appellat

217 5392 450 5446 Snt'l'ﬂm
479 5389 840 5458 Scripturam;
891 5391 976 5443 cui
1025 5405 1120 5458 pro
1167 5388 1509 5444 fundamento
1535 5389 1814 5443 Sacrarum

218 5460 628 5524 Scripturarum
661 5461 960 5514 testimonia
995 5461 1247 5530 suggerit.
1276 5459 1394 5514 th.

304 5531 388 5602 (ιι)
429 5531 609 5601 Aspice
635 5532 845 5584 viventes
871 5528 1331 5602 ttteros.VGalenus
1374 5545 1584 5599 quoque
1627 5528 1816 5602 eadem

222 5601 554 5675 prebatioue
582 5612 950 5675 argumentum
980 5603 1141 5675 capit,
1180 5601 1274 5675 sed
1304 5603 1436 5655 intra
1477 5615 1599 5675 suas
1628 5601 1816 5675 lineas,

219 5671 295 5730 ex
331 5673 568 5744 profanis
595 5671 854 5742 exemplis
875 5672 1198 5726 confirmans
1228 5673 1409 5744 Icelum
1441 5673 1731 5744 animatum
1766 5671 1817 5724 iu

220 5743 412 5804 utero.
442 5743 575 5797 libro
604 5759 761 5813 quem
792 5744 1023 5814 scripsit,
1055 5744 1132 5797 An
1159 5743 1350 5796 animal
1377 5745 1440 5796 sit
1467 5743 1604 5813 quod
1634 5743 1685 5796 in
1714 5751 1820 5796 ute-

219 5835 288 5870 ro
316 5826 410 5868 est.
448 5816 576 5868 l..\c.

310 5883 390 5957 (e)
414 5884 779 5957 _lt‘cce_piscera
807 5878 1066 5957 fiebeccw.
1102 5885 1229 5940 Late
1272 5885 1610 5955 prosequitur
1650 5883 1818 5938 histo~

221 5954 370 6015 riam
397 5955 533 6012 Gen.
567 5954 684 6022 XX,
710 5957 776 6012 de
805 5956 1043 6013 Rebecca
1074 5971 1128 6012 et
1155 5954 1362 6013 duobus
1384 5957 1499 6027 ejus
1542 5957 1683 6022 tiliis,
1712 5965 1820 6010 tum

1830 4573 1883 4632 D

1914 4463 2163 4534 inputem,
2190 4472 2296 4516 tum
2328 4463 2578 4534 iupartu,
2605 4463 2692 4532 qui
2724 4463 2822 4517 nisi
2859 4463 2963 4528 jam
3007 4463 3224 4519 animati
3261 4478 3364 4518 non
3399 4478 3499 4534 p0-

1913 4533 2139 4586 tuisscnt
2168 4548 2365 4601 pugnas
2394 4532 2512 4587 illas
2534 4534 2816 4588 intentare.
2844 4535 2979 4589 Plut.

1984 4604 2046 4673 (f)
2088 4603 2164 4657 De
2213 4604 2378 4664 prima
2419 4605 2741 4675 aspiratione
2787 4606 2992 4675 putabat
3041 4606 3296 4673 platonico
3338 4621 3497 4661 more.

1919 4676 2020 4746 Alii
2072 4676 2320 4743 portabat.
2371 4674 2570 4729 Alludit
2615 4675 2681 4729 ad
2725 4674 2863 4730 dicta
2917 4679 3089 4745 capite
3135 4677 3364 4746 praeced.
3412 4678 3500 4731 ubi

1916 4744 2122 4800 Platoni
2151 4745 2432 4815 imputavit
2456 4746 2687 4800 animam
2736 4748 2963 4817 primutn
2996 4744 3145 4802 trahi
3180 4747 3496 4871 spiratione.

3285 4834 3369 4871 ac.

3285 4834 3369 4871 AC.

1990 4888 2068 4956 (gl
2115 4885 2192 4942 De
2235 4888 2367 4942 aeris
2391 4888 2556 4958 rigore
2599 4888 2835 4956 carpebat
2883 4889 3040 4943 stoica
3084 4893 3270 4958 forma.
3329 4888 3501 4942 Etiam

1916 4959 2098 5026 recipit
2150 4975 2233 5021 ea,
2287 4975 2404 5029 qtae
2453 4960 2711 5028 superiori
2761 4961 2994 5028 capitulo
3039 4960 3244 5014 Stoicis
3294 4959 3502 5022 tribuit,

1919 5042 2034 5098 pou
2068 5040 2244 5084 natum
2278 5045 2496 5101 puerum
2529 5044 2715 5098 rapere
2750 5035 2980 5085 annnam
3020 5032 3162 5085 aeris
3208 5031 3387 5101 rigore
3417 5045 3504 5085 re-

1918 5115 2248 5168 percussum.
2283 5099 2412 5155 Lac.

1992 5170 2070 5241 (Ιι)
2105 5171 2312 5242 Aspice
2365 5172 2514 5225 etiam
2565 5171 2847 5241 singulares
2899 5181 3185 5242 conceptus.
3222 5171 3510 5242 (Similiter

1918 5240 2078 5296 etiam
2105 5240 2186 5296 hic
2217 5251 2506 5314 Conceptus
2536 5240 2758 5314 Joannis
2807 5240 3060 5314 Baptism
3098 5253 3153 5296 ct
3200 5241 3413 5306 Christi,
3450 5251 3508 5297 et

1921 5323 2154 5364 mutuam
2187 5311 2526 5382 agitationem
2573 5312 2852 5367 infantium
2882 5311 3074 5370 'aduue
3122 5314 3174 5367 in
3223 5323 3394 5378 utero,
3439 5313 3508 5369 de

1919 5383 2110 5451 quibus
2139 5381 2324 5448 Iuleas,
2359 5381 2400 5436 II
2430 5398 2480 5438 c.
2513 5384 2647 5439 Plut.

1992 5453 2058 5524 (i)
2108 5451 2198 5508 Sic
2246 5466 2292 5508 et
2338 5454 2407 5507 ad
2457 5452 2787 5518 Hieremiam,
2844 5465 2949 5509 etc.
3007 5455 3085 5509 Ad
3137 5454 3378 5524 ejusdem
3431 5453 3514 5524 rei

1921 5523 2430 5594 comprobationem,
2452 5528 2611 5581 etiam
2641 5526 2921 5581 Hieremiae
2944 5523 3215 5596 propheta:
3235 5541 3300 5580 ex
3331 5540 3449 5595 cap.
3484 5523 3504 5578 Ι

1925 5597 2282 5650 testimonium
2333 5597 2522 5660 adfert,
2575 5597 2806 5664 idipsum
2844 5595 3127 5653 eculei-ens
3169 5611 3288 5652 cum
3327 5596 3513 5664 saepis-

1923 5665 2056 5719 sime
2084 5667 2244 5721 eitato
2271 5667 2388 5721 loco
2416 5668 2610 5723 Cenes.
2639 5665 2680 5720 ῐ.
2714 5668 2848 5722 Pu.

2001 5737 2154 5792 CAP.
2187 5737 2399 5793 XXVII.
2418 5769 2484 5778 —
2513 5741 2574 5808 (j)
2625 5737 2793 5794 Simul
2821 5738 2994 5792 ambas
3018 5751 3062 5793 et
3089 5737 3285 5808 concipi
3311 5747 3357 5789 et
3386 5753 3512 5791 con-

1929 5816 2035 5884 ﬁci.
2083 5821 2216 5884 etcL
2242 5810 2597 5884 llie___pleoius
2635 5817 2686 5865 et
2708 5825 2844 5884 _cap.
2873 5810 2941 5865 56
2971 5809 3319 5884 paradosuu‘r
3350 5823 3508 5884 suum

1923 5878 2147 5942 effundit
2176 5881 2555 5947 Tertulliauus,
2584 5881 2722 5950 quod
2742 5897 2924 5949 supra,
2957 5878 3077 5950 cap.
3117 5878 3151 5935 9
3178 5891 3230 5934 et
3254 5878 3345 5941 22.
3379 5878 3515 5934 iusi-

1927 5963 2182 6012 nuaverat
2223 5951 2291 6008 de
2314 5952 2690 6023 propagatione
2733 5953 3031 6007 animarum
3063 5950 3220 6006 simul
3267 5965 3389 6006 cum
3426 5966 3520 6005 se-
