4250 6494
198 427 304 483 697

720 534 948 591 CAPUT
1003 531 1243 589 XXVIII.

275 631 408 699 Quis
452 629 527 699 (η)
573 629 663 683 ille
709 644 850 683 nunc
879 638 1030 683 vetns
1074 641 1254 682 sermo
1303 623 1441 695 apud
1487 622 1800 677 memoriam

207 725 448 779 Platonis
475 722 543 776 de
569 723 865 776 animarum
897 720 1174 791 reciproco
1208 719 1475 779 discursu,
1507 712 1646 783 quod
1681 712 1803 765 hinc

209 818 477 869 aln'ltltlcs
504 822 630 868 cant
671 813 815 873 illnc,
849 822 901 866 et
934 824 1119 865 rursus
1149 809 1252 863 huc
1273 809 1485 862 veniant
1524 816 1578 860 et
1604 806 1801 866 vivant,

210 918 264 959 t'l
310 907 506 961 dehinc
536 922 566 959 e
597 905 701 957 vita
744 905 959 968 abeant,
989 916 1173 956 rursus
1210 916 1275 955 ex
1308 901 1532 955 mortuis
1557 896 1697 953 effici
1730 896 1802 949 vi-

210 1000 348 1053 vos?
380 997 785 1070 Pythagoricus,
831 1007 885 1049 ut
914 996 1117 1057 volunt,
1151 993 1280 1063 quin
1333 1001 1389 1046 et
1441 988 1520 1061 (ι)
1569 988 1805 1050 divinus,

210 1100 267 1143 nt
287 1090 360 1157 (ὑ)
382 1088 607 1142 Albinus
627 1087 919 1150 existimat,
938 1095 1029 1139 aut
1046 1082 1528 1141 Mercuriiforsitan
1547 1077 1803 1151 Egyptii.

212 1182 320 1234 Sed
353 1181 527 1234 nullus
555 1193 733 1234 sermo
764 1179 995 1242 divinus,
1029 1178 1129 1233 nisi
1165 1178 1255 1232 Dei
1302 1177 1482 1240 unius,
1524 1188 1630 1243 quo
1674 1172 1808 1226 Pro-

213 1277 421 1341 pltclm,
478 1288 586 1341 quo
635 1272 899 1341 Apostoli,
956 1286 1065 1341 quo
1108 1269 1223 1338 ipse
1268 1266 1516 1322 Christus
1560 1264 1807 1319 intonuit.

213 1364 384 1418 Multo
416 1366 496 1433 (ιτ)
523 1364 791 1434 antiquior
816 1363 1024 1433 Moyses
1050 1361 1209 1416 etiam
1241 1358 1494 1425 Saturno,
1530 1355 1812 1427 nongentis

213 1471 243 1509 c
268 1458 344 1510 rei
372 1473 431 1509 er
460 1456 634 1520 annis,
677 1454 871 1510 nedum
903 1452 1282 1523 pronepotibus
1309 1450 1457 1519 ejus;
1488 1457 1635 1503 certe
1673 1447 1811 1501 divi-

214 1548 338 1601 nior
365 1547 555 1612 multo,
590 1548 675 1615 qui
706 1547 967 1601 decursus
1003 1543 1218 1614 generis
1249 1540 1463 1596 humani
1500 1539 1568 1593 ab
1593 1538 1815 1593 exordio

214 1641 402 1693 tnumli
446 1654 657 1710 quoque
704 1639 781 1707 (2)
854 1654 947 1707 per
1009 1636 1245 1706 singulas
1302 1634 1603 1688 nativitates
1640 1632 1813 1685 nomi.

216 1734 384 1786 natim
434 1731 881 1800 temporatimque
908 1729 1149 1798 digessit,
1184 1731 1315 1783 satis
1359 1727 1591 1796 probans
1618 1724 1815 1778 divini-

220 1833 386 1877 tati-tn
419 1822 599 1892 operis
628 1838 696 1877 ex
721 1822 1053 1876 divinatione
1075 1822 1240 1875 vocis.
1272 1820 1353 1889 (tl)
1376 1818 1433 1875 Si
1457 1834 1584 1873 vero
1605 1818 1817 1873 Samius

1587 409 1790 468 LIBER
1834 409 1919 466 DE
1960 407 2119 465 ΛΝΙΜ
2132 408 2193 464 Α.

1832 524 1875 584 Α
1910 524 2120 589 f-t’sum,
2152 522 2466 592 antiquitate
2502 532 2855 589 generosum;
2888 515 3069 587 quidni
3109 514 3319 579 falsum,
3348 512 3499 581 cujus

3391 395 3496 453 698

1907 618 2267 672 testimoniqu
2300 630 2525 685 .qnoque
2554 630 2617 667 ex
2650 614 2780 665 falso
2808 612 2926 664 est?
2951 607 3233 676 Quomodo
3274 604 3491 660 credant

1908 725 2011 764 non
2056 708 2267 763 mentiri
2313 705 2695 778 Pythagoram,
2726 702 2813 771 qui
2858 702 3114 756 mentitur
3153 706 3209 752 ttt
3248 696 3501 752 credam?

1906 799 2184 866 Quomodo
2210 798 2336 853 mihi
2370 794 2712 867 persuadebit
2768 790 3091 849 Ethalidcm
3153 791 3257 861 (5),
3310 798 3364 844 et
3395 788 3501 842 liu-

1910 891 2192 961 phorbum,
2213 889 2538 960 ethrrhum
2557 888 2894 956 piscatorem,
2926 893 2980 939 et
3019 878 3501 950 Hermotimttmt'l)

1910 1001 1968 1040 se
1999 995 2142 1039 retro
2166 993 2289 1037 ante
2319 983 2333 1034 l
2360 980 2670 1053 ytbagoram
2705 978 2892 1041 fuisse,
2923 985 2981 1031 ut
3006 973 3323 1045 persuadeat
3350 973 3500 1026 vivos

1909 1094 1971 1134 ev
1992 1093 2095 1132 met
2112 1077 2214 1132 tuis
2236 1074 2395 1139 eflici,
2418 1074 2506 1144 qui
2524 1078 2711 1127 iterum
2733 1086 2791 1125 se
2823 1070 3177 1142 Pythagoram
3223 1064 3505 1137 pejeravit?

1910 1170 2120 1238 Quanto
2145 1169 2287 1224 enim
2312 1166 2642 1222 credibilius-
2663 1165 2775 1234 ipse
2795 1180 2859 1217 ex
2887 1162 3177 1230 semetipso
3219 1160 3381 1213 semel
3427 1159 3506 1228 (Si)

1913 1260 2140 1316 redisset
2187 1260 2240 1313 in
2286 1259 2471 1319 vitam,
2519 1271 2676 1325 quam
2725 1254 2922 1309 totiens
2970 1253 3107 1307 alius
3144 1263 3303 1321 atque
3349 1249 3503 1313 alius,

1916 1360 2061 1407 tanto
2093 1360 2146 1405 et
2176 1351 2227 1405 in
2262 1348 2569 1403 durioribus
2609 1345 2809 1410 fefellit,
2841 1344 2929 1415 qui
2971 1342 3221 1398 molliora
3253 1341 3509 1395 mentitus

1914 1455 2016 1501 est.
2050 1444 2123 1515 (ε)
2166 1442 2271 1499 Sed
2312 1443 2558 1513 clypeum
2591 1438 2861 1508 Euphorbi
2908 1437 3035 1491 olint
3066 1434 3281 1503 Delphis
3308 1448 3504 1488 conse-

1914 1546 2119 1590 cratum
2150 1534 2476 1604 recognovit,
2508 1542 2563 1587 et
2587 1546 2740 1585 suum
2767 1530 2921 1594 dixit,
2952 1537 3006 1584 et
3045 1527 3112 1583 de
3138 1528 3306 1597 signis
3346 1525 3509 1595 vulgo

1918 1627 2109 1697 ignotis
2142 1624 2404 1696 probavit.
2437 1623 2659 1691 Respice
2687 1621 2754 1675 ad
2784 1620 3083 1691 hypogeum
3130 1619 3283 1687 ejus,
3314 1616 3383 1688 (Ῑ)
3436 1625 3511 1682 ct,

1916 1721 1960 1773 si
2002 1718 2163 1786 capit,
2214 1716 2394 1771 crede.
2430 1714 2560 1769 Nam
2588 1714 2677 1783 qui
2706 1714 2861 1767 talem
2892 1720 3226 1766 commentus
3255 1718 3337 1764 est
3376 1716 3515 1763 stro-

1921 1812 2103 1881 pham,
2137 1826 2257 1863 cum
2290 1808 2480 1878 injuria
2500 1807 2655 1861 bona:
2681 1803 3020 1869 valetudinis,
3043 1819 3164 1857 cum
3191 1800 3374 1856 fraude
3397 1800 3517 1854 vitae

216 1915 473 1984 Sophisla
504 1914 709 1967 I’latoni
741 1925 929 1969 auctor
965 1922 1051 1968 est,
1088 1913 1389 1966 animarum
1429 1912 1495 1965 de
1525 1910 1817 1964 recidivam
1846 1915 1894 1975 Β
1922 1901 2202 1971 septennio
2248 1901 2575 1954 excruciata:
2612 1898 2746 1951 infra
2794 1906 2989 1950 terram
3040 1893 3237 1959 inedia,
3286 1892 3515 1963 ignavia,

219 2008 507 2064 revolubili
534 2023 747 2077 semper
772 2022 835 2062 ex
867 2008 1069 2061 alterna
1096 2014 1427 2059 mortuorum
1449 2014 1608 2075 atque
1635 2003 1817 2057 viven-

220 2104 353 2156 tium
398 2100 735 2164 suﬂ'ectione,
788 2110 937 2155 certe
983 2098 1071 2153 ille
1101 2096 1455 2168 Pythagoras,
1498 2097 1598 2150 etsi
1643 2095 1817 2149 bonus

220 2206 439 2257 cetera,
485 2206 659 2250 tamen
710 2205 767 2248 ut
817 2193 956 2249 hanc
996 2192 1315 2247 sententiam
1340 2198 1665 2253 exstrueret,
1713 2204 1817 2241 non

223 2288 364 2354 turpi
402 2286 581 2352 modo,
612 2302 795 2341 verum
835 2286 996 2342 etiam
1030 2285 1316 2339 temerario
1354 2283 1635 2337 mendacio
1674 2282 1821 2335 incu-

223 2377 357 2431 buit.
386 2378 659 2448 Cognosce
681 2379 769 2446 qui
797 2378 991 2440 neseis,
1016 2387 1069 2431 et
1094 2376 1252 2431 crede
1274 2376 1571 2429 nobiscum.
1597 2373 1819 2428 Mortem

224 2471 464 2533 simulat,
492 2471 839 2525 subterraneo
862 2470 1052 2532 latitat,
1082 2469 1328 2538 septenui
1354 2482 1414 2522 se
1435 2469 1543 2522 illic
1572 2469 1820 2536 patientia

225 2560 469 2626 damnat,
495 2562 695 2615 interea
728 2576 846 2629 qua:
893 2561 960 2615 de
990 2560 1219 2630 posteris
1260 2558 1526 2613 defunctis
1566 2557 1631 2611 ad
1662 2556 1819 2611 fidem

228 2669 410 2707 rerum
439 2664 579 2708 esset
606 2654 892 2715 relaturus,
923 2654 991 2706 ab
1032 2653 1186 2706 unica
1231 2651 1443 2706 conscia
1485 2661 1538 2705 et
1579 2650 1821 2705 min’stra

226 2755 403 2799 matre
431 2746 706 2815 cognoscit
732 2766 745 2801 ;
774 2756 829 2800 ut
857 2746 985 2799 satis
1009 2743 1110 2798 sibi
1137 2744 1281 2799 visus
1309 2754 1387 2797 est
1436 2742 1822 2810 corpulentiam

226 2838 580 2907 interpolasse
616 2836 681 2891 ad
735 2852 947 2891 omnem
980 2835 1174 2889 mortui
1209 2835 1404 2889 veteris
1432 2835 1728 2896 horrorem,
1756 2833 1823 2886 de

223 2930 402 3001 adytis
441 2928 663 2983 fallacia:
704 2928 953 2995 emergit,
985 2936 1040 2979 ut
1070 2925 1137 2979 ab
1178 2926 1358 2979 inferis
1391 2923 1647 2979 redditus.
1694 2923 1824 2989 Quis

223 3039 335 3079 non
366 3022 614 3078 crederet
639 3022 920 3086 revixisse,
953 3035 1113 3089 quem
1142 3017 1445 3073 crediderat
1474 3017 1693 3071 obisse?
1723 3032 1819 3069 an-

221 3118 383 3172 diens
423 3116 718 3186 pnesertim
762 3115 829 3168 ab
858 3130 924 3169 eo
947 3129 1065 3184 qua:
1092 3114 1160 3168 de
1202 3112 1428 3182 posteris
1458 3112 1681 3166 mortuis
1723 3110 1821 3165 nisi

221 3209 366 3279 apud
398 3209 595 3265 inferos
640 3224 745 3264 non
781 3207 1055 3263 videretur
1095 3220 1423 3277 cognoscere
1457 3206 1712 3275 potuisse,
1746 3205 1823 3259 sic

1926 1995 2110 2049 umbra
2139 2012 2154 2058 ;
2183 1994 2266 2047 cui
2301 1994 2429 2045 tanti
2464 1992 2559 2045 fuit
2591 1989 2856 2044 fastidium
2884 1987 3043 2051 coeli;
3071 2003 3228 2055 quam
3275 1999 3380 2039 non
3422 1997 3517 2036 ac.

1920 2084 2143 2141 cesserit
2186 2081 2572 2139 temeritatem?
2598 2081 2766 2146 Quam
2798 2096 2902 2134 non
2949 2079 3232 2134 tentavcrit
3275 2075 3506 2131 curiosi-

1923 2187 2105 2240 tatem,
2158 2186 2211 2230 ut
2253 2176 2318 2229 ad
2366 2184 2541 2229 notam
2584 2174 2752 2244 clypei
2801 2174 2941 2226 illius
2990 2169 3333 2241 perveniret?
3378 2166 3517 2234 Quid

1923 2280 2125 2335 autem,
2160 2272 2202 2325 si
2234 2271 2284 2324 in
2315 2269 2551 2324 historiis
2576 2266 2843 2338 aliquibus
2872 2264 3253 2321 occultioribus
3282 2260 3519 2331 reperit?

1923 2364 2071 2433 quid,
2113 2366 2157 2418 si
2204 2362 2425 2418 defecta:
2462 2362 2571 2431 jam
2604 2360 2906 2415 traditionis
2952 2357 3272 2428 superstites
3313 2354 3519 2424 aliquas

1922 2458 2079 2513 fama:
2116 2454 2325 2511 aurulas
2368 2454 2583 2509 hausit?
2622 2453 2769 2522 quid,
2810 2453 2852 2506 si
2898 2452 2965 2504 ab
2991 2450 3189 2505 :editno
3237 2445 3517 2513 redempta

1924 2552 2060 2608 clam
2084 2549 2412 2620 inspectione
2437 2546 2718 2616 cognovit?
2740 2544 2947 2600 Scimus
2968 2544 3128 2597 ctiant
3149 2540 3334 2608 magia:
3359 2537 3519 2591 licere

1924 2642 2262 2716 explorandis
2287 2640 2512 2695 occultis
2540 2640 2617 2709 (g)
2651 2654 2745 2707 per
2773 2636 3122 2696 eatabolicos,
3155 2633 3234 2703 (Ii)
3264 2640 3314 2685 et
3361 2644 3517 2700 parc-

1924 2740 2071 2802 dros,
2096 2748 2149 2793 et
2171 2736 2485 2808 pythonicos
2511 2733 2749 2801 spiritus.
2777 2730 2889 2784 Non
2913 2730 3053 2783 enim
3078 2739 3126 2782 et
3152 2723 3514 2794 Pherecydes,

1928 2831 2240 2901 Pythagora:
2266 2826 2537 2896 magister,
2568 2825 2650 2879 his
2680 2824 2859 2877 forsan
2890 2822 3093 2875 artibus
3119 2816 3415 2881 divinabat,
3446 2830 3512 2869 ne

1924 2922 2097 2978 dicam
2142 2918 2475 2976 somniabat?
2517 2916 2655 2984 Quid
2690 2918 2733 2970 si
2768 2914 2908 2971 idem
2948 2914 3159 2967 daemon
3201 2911 3251 2965 in
3282 2910 3371 2964 illo
3400 2908 3516 2970 fuit,

1927 3019 2015 3090 qui
2043 3029 2097 3073 et
2124 3017 2174 3070 in
2204 3012 2494 3081 Euphorbo
2516 3026 2604 3065 res
2624 3009 2897 3079 sanguinis
2918 3007 3117 3076 geSsit?
3144 3005 3402 3072 Denique,
3427 3001 3516 3070 qui

1926 3125 1984 3165 se
2031 3107 2373 3177 Euphorbum
2422 3119 2487 3157 ex
2538 3111 2851 3172 argumento
2894 3100 3068 3170 clypel
3109 3096 3376 3166 probarat,
3423 3108 3519 3147 cur

1929 3201 2195 3257 neminem
2213 3197 2253 3251 Τ
2261 3196 2565 3265 rojanorttm
2581 3192 3005 3249 commilitomnn
3020 3204 3169 3258 mque
3188 3186 3518 3255 recognovit?

222 3317 289 3355 ex
326 3303 551 3356 Illttrluis
577 3303 727 3357 vivos
748 3300 883 3355 effici
912 3300 1092 3354 senior
1121 3313 1301 3353 sermo
1330 3308 1431 3351 est.
1473 3297 1609 3363 Quid
1650 3299 1816 3362 enim,
1847 3302 1890 3363 ρ
1924 3294 2056 3349 Nam
2086 3302 2140 3347 ct
2162 3290 2237 3346 illi
2263 3289 2372 3359 jam
2401 3289 2737 3352 revixissent,
2761 3285 2804 3339 si
2833 3285 2936 3338 vivi
2966 3298 3031 3337 ex
3062 3281 3283 3336 mortuis
3308 3278 3515 3334 fierent.

219 3395 266 3447 si
318 3402 371 3447 et
416 3393 632 3462 junior?
679 3392 863 3462 Neque
913 3391 1107 3444 veritas
1153 3388 1422 3443 desiderat
1468 3398 1819 3451 vetustatem,

220 3499 401 3556 neque
429 3484 767 3540 mendacium
796 3482 996 3537 devitat
1025 3480 1410 3536 novellitatem.
1457 3479 1640 3534 'I‘eneo
1666 3478 1824 3548 plane

2541 3380 2770 3437 CAPUT
2804 3376 2994 3434 XXIX.

2002 3480 2237 3533 Murtnos
2260 3477 2327 3547 (ἱ)
2349 3474 2563 3546 quidem
2592 3490 2654 3530 ex
2686 3475 2817 3527 vivis
2838 3471 2975 3527 effici
3006 3475 3238 3533 constat,
3270 3480 3374 3520 non
3398 3463 3518 3519 idco

1476 3590 1857 3649 LECTIONES
1894 3589 2307 3648 VARIAN'I‘ES.

291 3713 361 3781 (ι)
389 3714 594 3781 Quidam
616 3714 759 3781 1’_am.
779 3710 929 3764 then.

283 3777 357 3839 t2)
384 3778 612 3839 Quosque
638 3777 758 3824 Jun-

286 3784 337 3836 [2
384 3784 612 3839 Quosque
638 3784 758 3824 Jun.

286 3784 359 3905 (δῖ
386 3838 699 3902 Ephaclidem
721 3835 888 3889 Paris.
914 3834 1016 3886 alii.

2011 3704 2058 3767 ι)
2084 3703 2403 3767 Hermippum
2428 3706 2570 3753 Pam.

2011 3706 2036 3753 ι
2084 3704 2403 3767 Hermippum
2428 3706 2570 3753 Pam.

1985 3704 2058 3832 isi
2084 3766 2252 3816 Semel
2275 3767 2425 3818 omitt.
2456 3770 2599 3818 Pam.

1563 3938 2116 3999 COMMENTARIUS.

296 4057 449 4115 CAP.
485 4055 721 4113 XXVIII.
754 4054 828 4127 (τι)
858 4056 982 4122 Qui:
1020 4056 1109 4127 ille
1134 4070 1265 4108 nunc
1316 4061 1450 4108 vetus
1480 4070 1647 4127 sermo
1675 4054 1813 4125 apud

216 4146 517 4185 memoriam
560 4125 816 4181 Platonis.
846 4127 935 4181 Sic
971 4127 1039 4181 ait
1082 4126 1331 4179 Socrates
1356 4125 1492 4193 aptnl
1536 4125 1812 4179 Platonem

217 4202 275 4257 in
312 4200 609 4253 l’ltwdone:
639 4207 844 4260 Παλαιὸς
892 4208 973 4264 μὶν
1002 4198 1076 4251 οὖν
1116 4204 1213 4253 ἔτι-ί
1253 4222 1324 4258 τις
1380 4201 1403 4248 ὁ
1444 4200 1570 4265 λόγος
1602 4200 1726 4259 ita,
1759 4197 1811 4250 οὖ

216 4278 525 4340 μεμνημᾶθα,
557 4278 615 4332 ὡς
653 4272 770 4324 εἰσὶν
808 4276 925 4323 ἔνθεν
948 4273 995 4321 δὲ
1024 4272 1304 4337 ἀρικᾶμιινκι
1334 4271 1447 4326 ἑλεῖ,
1474 4278 1556 4319 καί
1596 4272 1737 4320 πάλιν
1769 4290 1818 4336 ’μ

216 4348 353 4413 acia/:9
391 4349 686 4413 ἀριχαῦντιι,
717 4344 797 4394 κ”ὶ
824 4352 1054 4410 γίγνηται
1084 4347 1131 4392 ὰ
1152 4357 1237 4393 τίὲν
1262 4346 1529 4395 τεθνεώτων.
1556 4348 1659 4391 CIC.
1697 4338 1811 4392 th.

296 4408 374 4481 (lt)
415 4411 482 4467 Ut
514 4413 725 4465 Albinus
766 4408 1035 4463 existimat.
1082 4409 1255 4463 Albini
1303 4408 1558 4481 Plat0u_ici
1604 4408 1816 4481 libellus

220 4479 526 4553 Isagogicus
565 4484 615 4536 in
662 4481 900 4553 Platonis
932 4481 1185 4553 Dialogus
1204 4488 1376 4553 exstat
1398 4480 1449 4532 in
1482 4479 1813 4553 Bibliotheca

216 4549 860 4627 RegiaIEthassiodoi-us
875 4561 1088 4605 senator
1107 4549 1289 4627 Albini
1300 4549 1370 4627 de
1401 4550 1597 4627 musica
1618 4551 1813 4627 librum
1840 4567 1892 4627 Ι)

214 4642 280 4680 se
305 4618 367 4679 in
408 4623 723 4678 bibliotheca
756 4622 941 4676 [lenne
983 4631 1107 4675 ante
1149 4618 1402 4690 gentilcm
1449 4620 1808 4675 incursionem

214 4696 471 4751 habuisse
500 4701 903 4749 commemorat.
933 4691 1050 4747 RIG.

295 4766 372 4837 (ρ)
409 4764 583 4837 Multo
596 4764 849 4837 antiquior
872 4761 1074 4837 Moyses
1102 4762 1248 4837 etiam
1273 4760 1524 4837 Saturno,
1551 4762 1814 4837 nongentis

213 4830 420 4892 circiter
440 4852 527 4888 an.
554 4835 609 4890 Si
632 4830 750 4903 quis
771 4830 1077 4887 consideret
1107 4832 1244 4902 quod
1273 4830 1430 4885 habet
1456 4832 1816 4903 Tertttltiattus

215 4908 443 4976 Apolog.
490 4921 539 4962 c.
577 4902 663 4969 l9,
716 4919 818 4959 non
866 4903 1327 4976 mirabiturgquod
1376 4904 1459 4976 hic
1502 4902 1681 4976 Mosen
1721 4902 1817 4976 Sa-

222 4972 523 5032 ttirno'900
556 4977 767 5031 circiter
795 4977 948 5029 annis
977 4974 1327 5044 antiquiorem
1370 4973 1541 5044 dicat;
1572 4972 1641 5026 ibi
1672 4972 1813 5025 enim

215 5049 406 5112 habet,
440 5047 615 5101 Mosen
645 5048 782 5101 mille
804 5047 1002 5100 circiter
1028 5043 1116 5098 an.
1143 5044 1337 5099 cludent
1367 5043 1562 5098 Priami
1591 5053 1817 5096 mtteccs-

219 5122 370 5175 εἰπε.
404 5117 535 5172 Nam
566 5118 637 5171 ttti
659 5119 768 5185 jam
791 5118 918 5171 olim
946 5116 1197 5185 reSpoudi
1227 5114 1290 5168 ad
1319 5114 1596 5181 epistolam
1630 5116 1729 5168 hac
1750 5114 1816 5169 de

213 5208 281 5245 re
318 5189 588 5244 Francisci
622 5184 858 5243 Baldnini
903 5188 940 5242 I.
973 5184 1051 5242 C.
1083 5186 1330 5247 Eusebio,
1374 5184 1533 5249 Beda,
1566 5199 1629 5238 ae
1678 5185 1814 5239 lter-

214 5277 419 5317 manno
449 5261 733 5315 Contracto
776 5258 1022 5322 testibus,
1069 5272 1172 5311 noo
1218 5256 1315 5310 nisi
1367 5256 1474 5310 150
1511 5256 1661 5309 annis
1689 5266 1813 5310 ante

213 5331 412 5388 [Bucar
434 5332 484 5384 in
509 5331 712 5385 Italiam
732 5330 1020 5384 adventum
1046 5326 1304 5383 Saturnus
1325 5341 1577 5395 regnasse
1599 5325 1810 5392 legitur.

212 5405 275 5458 Si
321 5404 501 5473 itaque
527 5401 671 5473 mille
713 5417 803 5454 an.
839 5400 1041 5473 cladem
1078 5397 1273 5473 Priami
1289 5398 1612 5473 antecessit,
1641 5397 1815 5473 Moses

213 5467 456 5529 Saturno
500 5470 738 5540 profecto
786 5472 1054 5541 antiquior
1118 5478 1200 5524 est
1247 5467 1352 5523 900
1381 5468 1593 5522 circiter
1635 5469 1810 5541 annis.

210 5546 344 5600 Scio
385 5542 601 5614 quidem
641 5540 1080 5614 quosdam’alios
1129 5542 1179 5594 in
1207 5541 1309 5594 alia
1351 5553 1471 5594 esse
1511 5540 1809 5602 sententia;

214 5612 415 5670 verum
445 5630 474 5667 a
512 5612 745 5682 Iosepho
772 5614 885 5668 haec
913 5613 1204 5682 sumpsisse
1230 5620 1470 5666 nostrum
1513 5618 1807 5677 auctorem,

211 5685 592 5755 adnotavimus
624 5686 674 5738 in
705 5686 920 5755 Apolog.
955 5684 1090 5738 ΡΑιι.

293 5754 376 5826 (d)
417 5756 478 5810 Si
521 5771 637 5808 vero
668 5752 886 5809 sum;
913 5752 1404 5826 sophista.gSamiu5
1430 5752 1699 5826 epitheton
1723 5761 1813 5826 est

214 5822 538 5897 Pythagora
563 5840 592 5880 a
622 5826 783 5882 Santo
810 5822 1342 5897 insula,ubiclaruit,
1366 5833 1419 5878 ct
1442 5823 1675 5897 Italicam
1704 5822 1809 5877 dis-

213 5894 470 5971 ciplinam
512 5898 803 5968 asportavit
848 5897 901 5953 in
950 5896 1209 5953 Graeciam
1235 5895 1477 5950 alteram.
1509 5894 1809 5965 Sophistam

1916 4070 2042 4110 vero
2068 4056 2299 4109 nominat
2324 4055 2468 4108 illum
2501 4053 2725 4111 fortasse
2762 4069 2865 4109 non
2906 4062 3242 4121 contemptus
3283 4067 3511 4117 caussa;

1932 4142 2052 4179 nam
2102 4143 2221 4180 mox
2272 4126 2680 4180 honorifici-nter
2728 4127 2870 4180 illum
2914 4127 3163 4196 appellat,
3210 4124 3517 4190 bonumque

1920 4196 2041 4249 dicit
2064 4216 2074 4249 :
2101 4198 2335 4250 auditum
2359 4197 2497 4250 enim
2518 4199 2757 4265 sapitist
2778 4212 2969 4251 nomen
2995 4213 3096 4249 nott
3124 4211 3336 4264 semper
3358 4196 3515 4260 malt‘,

1920 4268 2013 4321 sed
2063 4269 2323 4321 interdum
2367 4278 2423 4323 ut
2452 4268 2840 4337 significaretur
2868 4266 3142 4322 excellens
3171 4267 3249 4319 vir
3276 4265 3513 4335 ingenio,

1920 4347 1973 4392 et
2011 4340 2435 4407 sitpientiSsimus
2480 4341 2703 4407 quisque.
2736 4347 3100 4405 :quapmptcr
3128 4339 3355 4405 primum
3394 4351 3517 4388 om-

1922 4410 2065 4462 nium
2088 4410 2411 4479 appellatum
2430 4410 2681 4465 Solonem
2706 4408 2996 4479 sophistam
3020 4410 3205 4463 scribit
3234 4408 3511 4532 lslqerates.

3323 4493 3406 4532 ac.

3323 4493 3406 4532 AC.

1995 4551 2072 4619 (te)
2120 4552 2225 4605 Sed
2262 4552 2493 4621 clypeum
2555 4550 2835 4621 Enphorbi.
2886 4552 3087 4607 Praeter
3131 4550 3417 4617 Diogenem
3459 4557 3516 4603 et

1922 4621 2278 4686 Lactantinm,
2332 4622 2486 4687 hujus
2529 4623 2688 4677 etiam
2737 4622 3030 4677 meminere
3080 4621 3410 4676 Jamhliebus
3458 4627 3517 4674 et

1921 4692 2289 4757 Philostratus,
2314 4704 2367 4747 ct
2389 4697 2589 4747 Auctor
2617 4708 2780 4761 smpe,
2806 4707 2855 4747 c.
2897 4694 2988 4755 5t,
3038 4692 3127 4747 ubi
3156 4694 3267 4746 lucc
3296 4692 3512 4761 refutat,

1918 4772 2108 4832 eteap.
2140 4764 2230 4823 ὄις
2254 4778 2370 4832 cap.
2404 4766 2428 4818 I
2464 4764 2526 4817 de
2552 4760 2755 4818 Return
2814 4766 2999 4816 carnis.
3032 4760 3513 4817 Peculiariusltanc

1921 4833 2150 4905 fabulam
2182 4834 2463 4900 descripsit
2486 4833 2629 4888 Max.
2658 4834 2852 4905 Tyrius
2878 4849 3124 4889 sermone
3152 4834 3243 4888 28.
3271 4833 3398 4888 Lac.

1993 4904 2061 4975 (Υ)
2096 4903 2160 4957 Et
2188 4906 2231 4958 si
2261 4906 2419 4973 capit,
2465 4905 2629 4959 crede.
2663 4903 2773 4959 Hoc
2820 4914 2934 4960 est:
2981 4904 3036 4960 Si
3081 4909 3226 4974 capit
3267 4904 3510 4967 credere,

1918 4975 2097 5030 crede.
2132 4975 2368 5045 Eleganti
2401 4976 2675 5031 reticentia
2708 4976 2935 5030 alterum
2966 4976 3238 5029 subduxit.
3270 4975 3389 5031 Βιο.

1989 5046 2066 5113 (g)
2101 5044 2199 5099 Per
2226 5044 2547 5100 cambolicos.
2590 5046 2778 5101 Docuit
2817 5062 2901 5101 me
2930 5046 3325 5101 eruditissimus
3364 5044 3505 5100 Tur-

1922 5118 2095 5171 nebus
2125 5119 2174 5170 in
2206 5118 2407 5188 advers.
2432 5114 2764 5172 Catabolicos
2792 5118 3150 5188 inauspicatos
3179 5118 3366 5187 genios
3392 5131 3513 5172 esse

1918 5196 1979 5259 et_
1999 5188 2247 5259 infames,
2278 5187 2363 5259 qu_i
2392 5187 2643 5243 fanaticos
2672 5187 3012 5259 prosternunt
3038 5199 3198 5259 atque
3223 5188 3288 5242 ad
3317 5199 3510 5244 terram

1917 5256 2191 5326 adfligunt.
2230 5256 2305 5311 ιε
2337 5257 2434 5311 Pn.

1991 5330 2070 5397 (h)
2098 5328 2157 5380 Et
2176 5331 2445 5402 μῖξαι-οξ.
2471 5329 2766 5402 Daemones,
2794 5330 2881 5402 qui
2912 5341 3169 5400 perpetuo
3190 5331 3513 5402 eomitantur

1916 5399 2145 5473 aliquos.
2175 5397 2358 5473 Talem
2413 5399 2592 5473 habuit
2647 5397 2829 5457 Simon
2886 5397 3087 5473 Magos.
3118 5402 3193 5456 Ls
3222 5402 3316 5473 Pu.
3352 5430 3418 5441 —-
3451 5400 3512 5453 Et

1918 5468 2252 5541 Pythonicos.
2306 5470 2573 5593 Pythones
2624 5486 2715 5526 seu
2762 5468 3145 5545 ἰῃαστρᾷιῦθους
3173 5516 3188 5541 ,
3215 5490 3242 5525 ιι
3269 5471 3514 5528 daemone

1918 5548 2216 5593 correptos.
2247 5540 2322 5593 Le
2376 5545 2447 5593 ἠ.

1918 5540 2216 5600 currentes.
2247 5540 2322 5594 Le
2353 5540 2447 5594 l’n.

1985 5609 2137 5685 CAP.
2168 5610 2364 5685 XXIX.
2390 5610 2539 5680 ——(i)
2564 5611 3075 5685 Mortuosqnidemex
3090 5615 3209 5670 vivis
3237 5613 3361 5683 e/ﬁci
3387 5629 3512 5667 con-

1915 5691 2031 5752 stat.
2074 5682 2130 5736 lu
2164 5684 2263 5737 ltoc
2293 5698 2391 5752 cap
2439 5682 2840 5752 argumentatur
2865 5686 3123 5740 adversus
3155 5688 3167 5739 l
3197 5682 3425 5739 latonem
3456 5687 3508 5740 in

1922 5751 2201 5826 Plawdonc,
2223 5751 2373 5824 cujus
2397 5751 2825 5826 conSequcntiam
2845 5756 2929 5811 hic
2953 5772 3108 5826 negat
3128 5755 3507 5810 Tertullianus.

1918 5824 2071 5879 Plato
2100 5826 2244 5880 enim
2277 5825 2530 5895 arguebat
2559 5824 2795 5881 mortuos
2841 5844 2904 5881 ex
2933 5824 3063 5881 vivis
3090 5827 3252 5888 eflici,
3285 5841 3412 5895 ergo
3456 5834 3510 5881 ct

1916 5912 1982 5952 ex
2025 5898 2246 5953 mortuis
2279 5898 2425 5952 vivos
2449 5897 2597 5967 juxta
2629 5899 2864 5970 regulam
2892 5899 3332 5971 philosophorum
3370 5911 3505 5951 con-
