4250 6494
739 393 843 452 699

2158 399 2617 456 TERTULLIANI

3922 406 4037 460 700

739 528 1065 575 tamencch
1086 520 1308 576 mortuis
1326 521 1492 576 vivos.
1522 521 1602 574 Ab
1625 521 1776 576 initio
1792 522 1955 586 cnint,
1981 520 2082 574 \'i\i
2106 521 2326 590 priores;
2361 521 2404 577 Α
2437 518 2760 586 abut-igiims,
2785 517 2864 572 tel
2892 517 3031 588 vagi,
3061 518 3138 570 vel
3170 527 3430 581 extorres,
3463 517 3544 572 vel
3575 518 3793 588 gloriosi
3822 522 4031 591 quiqu.-

738 613 877 666 unde
907 614 974 666 ab
1006 613 1158 666 initio
1185 628 1334 681 teque
1375 613 1566 666 mortui
1601 613 1944 683 posteriores,
1979 627 2082 665 non
2113 612 2322 664 aliunde

737 721 893 776 quam
923 721 985 759 ex
1021 706 1172 760 vivis.
1206 705 1280 759 Illi
1311 705 1609 760 habuerunt
1642 705 1781 759 unde
1825 707 1998 774 potius
2027 705 2320 767 orirentur,

735 796 861 850 dttut
891 814 956 850 nc
987 812 1050 851 ex
1083 797 1340 861 mortuis;
1377 798 1460 850 isti
1505 811 1609 850 non
1653 797 1945 851 habuerunt
1991 797 2128 849 unde
2158 797 2323 864 magis

735 887 1144 954 deducerentur,
1171 889 1268 942 nisi
1295 904 1357 943 ex
1381 889 1531 942 vivis.
1558 887 1724 959 Igitur
1749 891 1790 943 si
1821 891 1886 942 ab
1915 891 2062 942 initio
2086 889 2186 942 vivi
2217 905 2321 942 tton

736 997 801 1036 ex
846 981 1090 1048 mortuis,
1135 997 1230 1035 cur
1274 994 1455 1050 pestea
1501 998 1566 1035 ex
1613 983 1871 1036 mortuis?
1921 982 2193 1034 Delecerat
2237 980 2324 1034 ille

737 1072 1060 1142 quicumque
1103 1083 1183 1127 est
1212 1073 1402 1144 origini
1432 1072 1583 1126 fons?
1613 1075 1693 1125 An
1740 1072 1920 1126 formae
1955 1071 2236 1141 νωιιίιυίιῖ
2273 1081 2327 1125 et

735 1163 1007 1232 quomodo
1053 1164 1103 1218 in
1136 1165 1358 1218 mortuis
1402 1165 1545 1219 salva
1592 1165 1710 1218 est?
1756 1164 1866 1218 Non
1899 1167 2018 1233 quia
2062 1164 2128 1217 ab
2174 1163 2325 1217 initio

737 1256 930 1310 mortui
962 1272 1026 1311 ex
1061 1257 1214 1321 vivis,
1257 1257 1455 1311 idcirco
1484 1271 1695 1326 semper
1737 1272 1802 1312 ex
1835 1258 2006 1308 vivis?
2040 1257 2143 1308 Aut
2182 1257 2322 1309 enim

737 1349 788 1404 in
822 1359 1042 1420 utraque
1076 1361 1224 1419 parte
1270 1351 1492 1405 formam
1539 1351 1669 1404 initii
1705 1359 2118 1419 perseverasset,
2152 1361 2242 1403 aut
2274 1351 2324 1402 in

738 1451 960 1512 utraque
1009 1451 1284 1496 mutasset.
1336 1442 1392 1497 Si
1429 1443 1574 1496 vivos
1603 1458 1670 1497 ex
1715 1443 1936 1496 mortuis
1979 1452 2161 1511 postea
2213 1441 2325 1494 lieri

736 1544 1068 1604 oportuerat,
1105 1535 1324 1604 proinde
1348 1545 1621 1606 oporteret
1647 1537 1806 1589 etiam
1839 1551 1940 1588 non
1988 1551 2050 1589 cx
2082 1533 2212 1587 \ivis
2241 1534 2319 1586 et

739 1627 822 1682 [lci
852 1637 1111 1682 mortuos.
1146 1629 1198 1682 Si
1248 1645 1350 1682 non
1397 1645 1704 1699 pet-asquare
1743 1629 1961 1682 deberet
2010 1628 2138 1682 lides
2171 1629 2323 1680 insti-

740 1718 991 1784 tutionis,
1042 1733 1147 1773 non
1205 1735 1586 1790 usquequaque
1628 1722 1891 1774 contraria
1931 1736 1992 1774 ex
2045 1718 2326 1773 centu-ariis

739 1810 1016 1865 reformari
1044 1811 1327 1866 alternam.
1363 1812 1428 1866 Et
1460 1828 1555 1867 nos
1585 1814 1726 1867 enim
1757 1827 2084 1882 opponemus
2111 1821 2326 1864 eontra.

2427 620 2688 678 occiipant
2720 619 2909 677 terras,
2939 619 2996 665 ut
3025 611 3236 682 Scytha'
3265 610 3540 666 Parthicas
3590 612 3693 685 (2),
3745 622 3804 668 ut
3854 617 4017 685 Amy-

2426 702 2522 755 clm
2580 705 2656 774 (5)
2701 703 3085 773 Peloponesttm
3115 746 3130 769 ,
3174 713 3229 758 ut
3289 705 3644 761 Athenienses
3720 707 3920 774 Asiam,
3972 719 4034 762 ut

2431 795 2666 866 Phryges
2693 795 2924 860 Italiam,
2969 805 3022 850 ut
3063 797 3344 852 Phoenices
3383 797 3638 864 Africam,
3673 798 3744 870 (ὁ)
3775 799 3898 853 dum
3929 817 4028 854 so-

2430 885 2613 941 lenucs
2643 889 2804 942 etiam
2835 888 3210 958 migrationes,
3240 904 3371 959 quas
3423 895 3650 953 ἀποικίης
3707 890 3784 960 (4)
3835 895 4029 960 appel-

2430 980 2554 1042 lant,
2585 979 2812 1034 consilio
2841 981 3196 1035 exonerandas
3227 982 3614 1051 popularitatis,
3651 984 3701 1035 in
3728 983 3863 1038 alios
3890 985 4033 1038 fines

2428 1074 2674 1127 examina
2733 1075 2906 1144 gentis
2975 1085 3239 1130 eructant.
3313 1075 3444 1130 Nam
3490 1086 3544 1131 et
3582 1077 3886 1148 aborigines
3946 1081 4030 1148 (5)

2431 1181 2568 1219 nunc
2595 1167 2644 1219 iit
2671 1168 2778 1221 suis
2801 1167 3019 1221 sedibus
3049 1178 3385 1238 permanent,
3417 1178 3469 1223 et
3496 1169 3618 1224 alibi
3648 1170 3876 1239 amplius
3897 1187 4034 1241 gen-

2431 1257 2672 1310 tilitatem
2715 1257 3132 1313 l'teneraverunt.
3179 1260 3335 1314 Certe
3378 1259 3594 1330 quidem
3626 1262 3741 1331 ipse
3785 1261 3933 1316 orbis
3979 1263 4032 1315 in

2433 1359 2676 1416 proniptu
2715 1359 2817 1413 est,
2851 1350 3044 1403 cultior
3083 1350 3151 1404 de
3191 1350 3298 1417 die,
3341 1361 3395 1406 et
3423 1353 3732 1407 instructior
3775 1353 4031 1422 pristino.

2430 1438 2616 1492 Omnia
2661 1439 2770 1508 jam
2816 1442 3014 1510 pervia,
3072 1443 3251 1496 omnia
3300 1453 3446 1506 nota,
3493 1445 3671 1498 omnia
3721 1446 4030 1514 negatiosa;

2431 1531 2749 1586 Solitudines
2784 1535 3014 1586 lamosas
3045 1543 3190 1588 retro
3217 1533 3364 1589 fundi
3396 1537 3748 1592 amantissimi
3778 1537 4035 1591 oblitera-

2431 1631 2649 1686 verunt;
2685 1623 2860 1687 sylvas
2891 1639 3016 1678 arva
3042 1624 3394 1690 domuerunt;
3423 1626 3561 1681 feras
3588 1641 3782 1698 pecora
3812 1630 4032 1696 lugave-

2433 1725 2579 1780 runt;
2611 1731 2787 1772 areu-.c
2810 1726 3085 1780 seruntur,
3134 1733 3260 1771 saxa
3302 1729 3622 1790 panguntur,
3659 1719 3877 1790 paludes
3923 1721 4025 1774 eli-

2430 1817 2693 1876 quatitur;
2743 1817 2901 1862 tanta:
2945 1809 3102 1863 urbes
3165 1810 3270 1875 iam
3331 1809 3455 1881 (6),
3495 1823 3706 1880 quantzc
3746 1829 3848 1865 non
3891 1827 4038 1866 casa:

740 1902 957 1956 lielales
1001 1902 1108 1956 nati
1138 1912 1193 1958 et
1236 1903 1424 1966 innati,
1471 1905 1787 1958 visualiiaiis
1825 1914 1876 1957 οι
1920 1905 2206 1966 οιιεείειοιῑς,
2238 1904 2322 1970 jn-
2357 1917 2401 1974 Β
2430 1899 2718 1968 quondam.
2741 1899 2857 1954 tam
2877 1915 2974 1955 nec
2996 1901 3184 1955 insula:
3206 1901 3446 1967 horrent,
3467 1919 3565 1959 nec
3585 1905 4036 1976 seopuliterreut;

741 2003 911 2047 vetita:
931 2003 986 2048 et
1013 2004 1265 2060 senectae,
1295 1997 1568 2064 sapientia:
1591 2007 1645 2050 et
1679 1997 2015 2065 insipientia};
2038 2011 2132 2049 nec
2153 2007 2324 2051 tanien

743 2083 861 2138 ideo
891 2085 1128 2139 innatum
1157 2085 1222 2140 de
1263 2097 1385 2142 nato
1415 2089 1715 2158 provenire,
1747 2091 1869 2157 quia
1911 2092 2233 2143 contrarium
2265 2107 2327 2143 ex

741 2177 1008 2230 contrario
1048 2175 1169 2240 ﬁat;
1209 2193 1307 2232 nec
1333 2180 1689 2233 visualitateiu
1735 2181 1924 2233 iterum
1963 2195 2024 2232 ex
2071 2181 2328 2242 czrcitate,

741 2269 861 2338 quia
912 2267 979 2322 de
1029 2269 1328 2324 visualitate
1377 2271 1589 2324 catcitas
1633 2269 1868 2332 accidat;
1927 2285 2022 2323 nec
2058 2273 2327 2336 juventam

743 2374 927 2413 rursus
949 2359 1016 2413 de
1036 2369 1247 2414 senecta
1278 2361 1615 2425 reviviscere,
1642 2365 1760 2430 quia
1785 2377 1849 2414 ex
1871 2361 2086 2429 juventa
2117 2372 2329 2414 senecta

745 2462 1065 2515 marcescat;
1101 2467 1199 2507 nec
1229 2453 1584 2523 insipientiam
1617 2469 1681 2508 ex
1720 2455 1977 2522 sapientia
2010 2454 2188 2507 denuo
2229 2454 2329 2506 oli-

744 2543 912 2606 tuadi,
944 2544 1065 2612 quia
1103 2559 1168 2598 ex
1217 2545 1516 2613 insipientia
1544 2546 1798 2613 Sapientia
1831 2554 2072 2598 acualur.
2124 2544 2248 2597 lla'c
2277 2555 2326 2598 cl

744 2635 967 2689 Albinus
997 2635 1200 2689 Platoni
1231 2650 1327 2690 suo
1354 2637 1575 2700 veritus,
1610 2637 1876 2689 subtiliter
1900 2636 2092 2703 quaerit
2117 2620 2337 2688 contra:

744 2728 994 2782 rietatttm
1039 2742 1234 2796 genera
1273 2728 1631 2795 distinguere:
1676 2729 1823 2796 quasi
1856 2746 1956 2780 non
1987 2738 2040 2781 et
2081 2729 2194 2782 lucc
2227 2739 2330 2782 tam

746 2818 990 2872 absolute
1021 2819 1072 2872 in
1101 2819 1566 2874 contrarietatibus
1595 2822 1763 2888 posita
1805 2820 1931 2882 sint,
1975 2836 2132 2890 quam
2163 2831 2216 2873 et
2247 2820 2331 2874 illa

745 2927 862 2981 qure
903 2911 968 2966 ad
996 2916 1309 2968 sententiam
1344 2914 1581 2984 magistri
1623 2919 1702 2968 sui
1743 2915 2141 2984 interpretatur,
2173 2917 2329 2967 vitam

745 3003 863 3059 dico
894 3014 945 3059 et
975 3015 1235 3070 mortem;
1278 3021 1376 3061 nec
1421 3017 1598 3061 tamen
1628 3023 1690 3060 ex
1721 3015 1891 3061 morte
1924 3009 2026 3059 vita
2059 3006 2328 3069 reddatur,

745 3097 867 3168 quia
893 3112 959 3152 ex
992 3100 1096 3151 vita
1128 3113 1271 3152 mors
1297 3099 1586 3153 deteratur.

1311 3191 1536 3248 CAPUT
1577 3193 1748 3248 XXX.

2436 1994 2628 2061 ttliiqtte
2667 1993 2880 2054 domus,
2925 1995 3119 2064 ubique
3169 1997 3412 2065 populus,
3463 1997 3660 2068 tibique
3702 2000 4034 2068 respttbliCa,

2437 2083 2632 2153 ubique
2665 2085 2790 2138 vita.
2841 2083 3118 2140 Summum
3161 2089 3526 2142 testimonittm
3573 2089 3886 2159 frequentia:
3931 2090 4036 2142 hn-

2437 2191 2628 2237 manze,
2691 2178 2904 2230 onerosi
2935 2192 3119 2230 smnus
3159 2178 3397 2246 mundo,
3430 2180 3514 2234 vix
3569 2181 3722 2235 nobis
3765 2177 4035 2236 elementa

2435 2267 2722 2330 subiciunt,
2751 2277 2806 2320 et
2836 2268 3184 2322 necessitates
3219 2271 3502 2334 aretiores,
3527 2281 3580 2324 et
3619 2273 3853 2338 querela:
3892 2276 4035 2339 apud

2435 2374 2644 2420 omnes,
2681 2359 2803 2411 dum
2851 2359 2960 2428 jam
3010 2376 3107 2414 nos
3152 2371 3341 2416 natura
3387 2378 3490 2416 non
3535 2365 3779 2418 sustinet.
3827 2365 4033 2420 Reveia

2438 2448 2574 2514 lues,
2607 2459 2660 2503 et
2708 2449 2889 2515 fames,
2941 2462 2993 2505 et
3024 2452 3182 2515 bella,
3215 2463 3270 2506 et
3299 2455 3578 2524 voragines
3603 2455 3901 2520 civitatum,
3940 2474 4036 2525 pro

2437 2541 2674 2595 remedio
2728 2541 3054 2611 deputanda,
3107 2558 3356 2616 tanquam
3405 2556 3623 2602 tonsura
3688 2549 4035 2604 inolesccntis

2435 2636 2645 2704 generis
2676 2636 2926 2700 immani;
2956 2647 3009 2690 et
3037 2646 3212 2692 tamen
3241 2653 3362 2692 cum
3385 2640 3645 2708 ejusmodi
3673 2657 3894 2697 secures
3922 2661 4033 2695 ina-

2437 2729 2632 2780 ximam
2666 2729 2966 2782 mortalium
2997 2729 3100 2782 vim
3133 2730 3300 2784 semel
3343 2731 3572 2795 credant,
3620 2747 3893 2802 nunquam
3949 2751 4033 2788 re-

2437 2824 2768 2878 stitutionem
2823 2824 2938 2891 ejus
2985 2823 3053 2894 (c)
3104 2826 3256 2879 vivos
3276 2840 3340 2879 ex
3387 2825 3611 2880 mortuis
3659 2827 4028 2884 reducentem.

2439 2918 2516 2989 (ιι)
2558 2927 2673 2986 post
2727 2917 2867 2970 mille
2905 2929 3094 2979 annos.
3135 2915 3299 2970 semel
3348 2916 3494 2970 orbis
3537 2916 3772 2987 expavit.
3824 2917 3892 2971 Et
3933 2919 4032 2969 llttt‘

2437 3011 2579 3064 enim
2609 3009 2860 3063 sensibile
2888 3007 3102 3062 fecisset
3129 3023 3280 3077 mqua
3309 3009 3387 3062 vis
3410 3009 3713 3063 omissionis
3736 3020 3790 3064 et
3817 3011 4034 3064 restitn-

2439 3104 2616 3168 tionis,
2638 3102 2681 3155 si
2710 3101 2812 3155 vivi
2837 3115 2901 3155 cx
2932 3099 3157 3154 mortuis
3175 3099 3494 3156 ﬁerent.Cur
3511 3111 3687 3156 autem
3705 3102 3854 3156 mille
3879 3106 4033 3167 annis

2439 3205 2578 3263 pOSI,
2625 3203 2680 3248 et
2727 3209 2831 3246 non
2875 3196 3076 3259 szatim,
3107 3207 3170 3247 ex
3220 3192 3443 3248 mortuis
3483 3193 3624 3247 vivi?
3664 3208 3785 3248 cum
3833 3194 3880 3247 si
3929 3211 4033 3247 non

818 3283 954 3351 Quid
980 3292 1155 3338 autem
1177 3285 1241 3339 ad
1267 3297 1456 3341 ca-tera
1481 3285 1943 3356 respondebimus?
1965 3287 2142 3340 Primo
2166 3287 2327 3347 enim,
2359 3303 2404 3363 ρ
2438 3287 2612 3341 statim
2657 3294 2972 3354 supparetur
3008 3284 3148 3355 quod
3175 3296 3425 3353 erogatur
3483 3284 3581 3356 (7).
3637 3285 3688 3339 in
3740 3294 3909 3339 totum
3940 3286 4032 3338 ab-

747 3374 791 3429 si
834 3390 898 3429 ex
942 3378 1164 3430 mortuis
1195 3377 1318 3442 vivi,
1360 3379 1498 3433 sicut
1529 3380 1721 3433 mortui
1767 3395 1830 3432 ex
1862 3381 2012 3442 vivis,
2046 3395 2180 3432 unus
2220 3393 2335 3431 oni-

749 3467 876 3520 nino
903 3477 955 3519 et
988 3467 1127 3522 idem
1159 3485 1411 3524 numerus
1444 3486 1656 3539 semper
1685 3471 1924 3526 liwsissi-t
1954 3472 2213 3532 omnium,
2248 3471 2335 3525 ille

748 3559 951 3613 scilicet
981 3575 1232 3617 numerus
1262 3563 1351 3632 qui
1386 3565 1584 3633 primas
1615 3565 1775 3618 vitain
1807 3565 2096 3630 introisset,
2131 3566 2335 3634 priores

751 3653 894 3706 cnim
924 3655 1146 3707 mortuis
1173 3654 1298 3718 vivi,
1331 3655 1523 3710 deliine
1565 3658 1757 3708 mortui
1798 3673 1859 3710 cx
1893 3659 2045 3721 vivis,
2074 3668 2125 3710 et
2154 3673 2337 3711 rursus

751 3757 815 3796 ex
846 3744 1066 3797 mortuis
1102 3745 1226 3799 vivi.
1272 3747 1340 3799 Et
1377 3746 1502 3800 dum
1540 3746 1641 3800 hoc
1673 3762 1882 3816 semper
1919 3765 1983 3802 ex
2014 3748 2221 3814 iisdem,
2267 3747 2337 3801 ita

753 3833 972 3887 totidem
1023 3850 1234 3905 semper
1276 3837 1366 3905 qui
1411 3852 1475 3891 ex
1527 3837 1745 3902 iisdem;
1795 3854 1966 3906 neque
2021 3841 2200 3907 plures
2247 3849 2338 3892 aut

751 3927 1030 3995 pauciores
1059 3930 1340 3994 exissent,
1389 3946 1545 3998 quam
1615 3932 1848 3987 redirent
1901 3933 2000 4003 (t).
2039 3934 2341 3987 Invenimus

753 4027 929 4072 autem
955 4020 1091 4089 apud
1114 4025 1527 4076 Commentarios
1547 4023 1706 4078 etiam
1735 4023 2082 4079 humanarum
2110 4026 2338 4094 antiqui-

755 4119 938 4175 tatum,
971 4111 1220 4182 paulatim
1248 4113 1535 4168 humanum
1557 4129 1725 4185 genus
1747 4117 2090 4186 exuberaSse,
2116 4117 2189 4190 (a)
2214 4116 2340 4171 dum

2440 3379 2576 3433 smni
2622 3378 2968 3448 periclitetur,
3006 3377 3363 3446 prtevenienle
3409 3378 3802 3432 restitutionem
3847 3377 4034 3432 defec-

2441 3469 2604 3534 tione,
2629 3472 2748 3539 quia
2770 3484 2867 3522 nec
2896 3469 3153 3538 pariasset
3171 3477 3504 3522 commeatus
3526 3467 3614 3523 hic
3631 3468 3758 3522 vita!
3781 3470 4036 3523 milliaria

2441 3563 2687 3630 tempori,
2736 3563 2891 3631 longe
2941 3561 3146 3615 scilicet
3195 3560 3432 3626 brevior,
3477 3569 3533 3616 et
3579 3559 3781 3616 idcirco
3831 3561 4040 3616 facilior

2441 3663 2562 3706 ante
2589 3653 2825 3722 extingui
2855 3667 3014 3721 quain
3043 3651 3381 3705 redaccendi.
3412 3651 3574 3722 Igitur
3596 3668 3716 3722 qua:
3748 3651 3850 3708 hoc
3877 3654 4038 3708 modo

2443 3744 2819 3810 intercidisset,
2861 3743 2906 3797 si
2939 3744 3041 3796 vivi
3068 3758 3134 3797 ex
3161 3743 3387 3798 mortuis
3417 3743 3627 3806 ﬁerent,
3657 3746 3876 3813 quando
3931 3760 4035 3798 non

2442 3837 2728 3902 intercidit,
2761 3851 2865 3890 non
2892 3835 2993 3890 erit
3013 3834 3336 3889 credendum
3364 3836 3512 3890 vivos
3540 3850 3608 3891 ex
3635 3837 3862 3892 mortuis
3888 3837 4027 3892 ﬂeri.

3005 3925 3232 3983 CAPUT
3271 3926 3466 3982 XXXI.

2513 4018 2628 4074 Jam
2675 4034 2802 4073 vero
2846 4019 2890 4072 si
2937 4033 3001 4072 ex
3055 4019 3279 4072 mortuis
3323 4018 3448 4085 vivi,
3497 4018 3680 4090 utique
3727 4019 3925 4092 singuli
3977 4035 4038 4074 ex

2446 4113 2690 4183 singulis.
2719 4110 3061 4182 Singulorum
3088 4125 3216 4180 ergo
3241 4125 3528 4181 corporum
3553 4110 3783 4178 animas,
3830 4121 3890 4167 ut
3928 4112 4039 4166 sin-

1948 4257 2236 4314 LECTION
2245 4256 2326 4312 ES
2363 4251 2780 4311 VARIANTES.

845 4366 891 4432 t)
916 4368 1177 4421 Redissent
1197 4370 1263 4421 al.

845 4369 891 4432 1)
916 4369 1177 4421 Redissent
1197 4370 1263 4421 at.

841 4435 869 4479 2
921 4432 1190 4482 Parthicam
1223 4435 1408 4486 Wouw.
1436 4436 1694 4487 Parthiam.
1731 4435 1813 4487 tib.
1845 4434 2026 4488 Ursini.

841 4497 871 4543 5
915 4495 1109 4544 Amada:
1143 4496 1327 4548 Wouw.
1355 4501 1620 4550 semenidaa
1645 4503 1763 4550 Jun.

820 4559 868 4618 (t
918 4573 1109 4616 armata;
1133 4561 1276 4608 Pam.
1299 4557 1448 4612 then.

841 4495 891 4550 5)
915 4495 1109 4544 Amada:
1143 4496 1327 4548 Wouw.
1355 4501 1620 4550 semenidaa
1645 4503 1763 4550 Jun.

820 4557 890 4618 (t)
918 4573 1109 4616 Μιτουιίις
1133 4561 1276 4608 Pam.
1299 4557 1448 4612 then.

2531 4428 2582 4481 6i
2607 4428 2713 4479 Jam
2736 4428 2887 4481 omitt.
2911 4432 3055 4480 Pam.
3083 4428 3235 4480 Rhen.

2533 4491 2583 4558 7')
2609 4493 2870 4557 Erogatum
2894 4495 3037 4543 Pam.
3064 4491 3215 4544 then.

2529 4371 2558 4418 ὅ
2603 4368 2832 4431 Origines
2856 4369 2997 4416 Pam.
3017 4364 3166 4418 Rhea.

2531 4369 2582 4500 6i
2607 4431 2713 4479 Jam
2736 4428 2887 4481 omitt.
2911 4432 3055 4480 Pam.
3083 4428 3166 4480 Rhl

2507 4370 2583 4560 i7)
2609 4493 2870 4557 Erogatum
2894 4495 3037 4543 Pam.
3064 4491 3166 4544 Rite

2369 4530 2422 4589 D

2108 4663 2664 4724 COMMENTARIUS.

763 4817 977 4860 trartttm
1001 4821 1061 4859 ex
1085 4807 1348 4861 contrario
1371 4807 1503 4861 ﬁeri.
1528 4808 1698 4877 Quod,
1726 4808 2014 4864 tiniversim
2043 4815 2338 4876 acceptum,

759 4877 1092 4932 cvidentilms
1122 4879 1382 4946 exemplis
1414 4878 1607 4933 refutat
1631 4889 1834 4934 auctor.
1872 4881 2000 4934 Litc.

831 4947 1456 5020 CAP.XXX.—(a)Dum
1480 4951 1762 5020 aborigincs
1787 4951 1862 5004 vel
1886 4952 1997 5020 vagi
2026 4949 2101 5002 vel
2122 4959 2344 5002 extorres

762 5020 839 5072 vel
860 5018 1066 5087 gloriosi
1093 5021 1274 5086 quique
1303 5032 1546 5085 occupant
1578 5018 1754 5075 terras.
1789 5018 1998 5076 Scimus
2039 5022 2343 5086 aborigines

762 5089 1470 5163 (1101ανῦτθχοόγας,ίγχωρίθυς.
1503 5092 1709 5148 Scimus
1743 5108 1952 5163 quoque
1992 5108 2094 5163 non
2129 5105 2248 5142 raro
2292 5091 2343 5163 iit

764 5161 1203 5231 veteribus-libris
1223 5166 1496 5230 scriptum,
1525 5163 1584 5216 ab
1605 5165 1814 5231 origine,
1843 5161 1927 5218 ubi
1949 5162 2168 5216 omnino
2189 5161 2345 5214 scribi

767 5231 969 5303 debuit,
1000 5230 1304 5303 oborigines,
1342 5249 1446 5303 quo
1488 5233 1648 5288 modo
1681 5230 1763 5288 hic
1790 5237 1948 5288 etiam
1979 5250 2041 5286 ex
2074 5232 2210 5284 libro
2244 5231 2344 5303 Ur:

766 5302 868 5356 sini
892 5301 1105 5374 quidam
1137 5301 1433 5374 leguntfct
1462 5305 1562 5372 legi
1597 5321 1750 5374 posse
1790 5321 1895 5359 non
1929 5317 2198 5373 negamus.
2244 5301 2347 5355 Sed

767 5372 1137 5445 cttnrferrihet
1167 5373 1421 5441 explicari
1452 5372 1730 5429 commode
1760 5386 1918 5445 queat
1943 5372 2079 5444 quod
2115 5375 2164 5425 in
2196 5383 2347 5445 vetn-

769 5442 1113 5516 stissiinoillo
1134 5445 1420 5512 exemplari
1443 5442 2010 5516 Agobardine—legitur,
2044 5445 2106 5498 ab
2135 5443 2348 5516 origine,

769 5515 869 5570 hoc
899 5523 1000 5574 est,
1032 5519 1128 5567 ἀπό
1166 5513 1514 5585 inanimum,
1542 5535 1644 5571 nun
1668 5513 1986 5570 arbitra—mur
2005 5513 2350 5585 quaerendum

769 5601 886 5641 esse
911 5585 1108 5656 aliquid
1132 5584 1445 5639 abstrusius.
1473 5589 1588 5642 th.
1617 5619 1684 5628 —
1708 5587 1836 5640 Dum
1859 5589 2158 5656 aborigincs.
2186 5584 2347 5652 Vagis

771 5658 990 5726 opponit
1041 5655 1375 5726 aborigines;
1424 5675 1590 5726 quare
1649 5674 1749 5712 non
1808 5655 2052 5725 intelligit
2101 5663 2348 5723 anttquos

772 5723 935 5778 ltalim
951 5724 1175 5800 populos
1194 5726 1407 5781 Latinos
1428 5723 1713 5795 dictos,<cd
1732 5731 1817 5800 qui
1838 5746 1864 5781 a
1883 5723 2081 5781 Grzneis
2104 5727 2350 5800 dicuntur

773 5802 1050 5872 etii-ozdipoi,
1086 5797 1197 5872 sive
1222 5806 1578 5872 προτερογσνεὶς,
1624 5797 1762 5857 δῆθ’
1791 5809 2025 5870 ἰγχωριιιι,
2078 5807 2137 5852 ut
2170 5799 2354 5872 Alllitltl‘

779 5870 1090 5943 Ambrosius
1137 5867 1508 5943 inﬁnitatem,
1533 5890 1721 5943 nempe
1769 5867 1920 5942 primi
1967 5870 2354 5943 progenitores,

782 5949 834 5991 et
855 5940 1086 5996 cultores
1131 5941 1338 5995 urbium
1369 5953 1422 5998 et
1444 5938 1703 6014 indigena:
1723 5987 1736 6006 ,
1767 5938 1856 6014 qui
1879 5938 2182 6012 aberigines
2205 5938 2353 6003 dicti,

2444 4805 2590 4874 quasi
2619 4802 2818 4874 absque
2842 4801 3049 4874 origine
3072 4800 3369 4874 aliena._l)e
3388 4799 3581 4868 quibus
3595 4796 3840 4868 Thucyd.
3870 4799 3961 4854 lib.
3996 4800 4040 4863 l,

2449 4869 3115 4945 Dionysiusllalica'rnass.
3149 4872 3238 4926 lib.
3268 4869 3326 4945 l._
3343 4871 3474 4945 Lac.

2519 4941 2599 5011 (bi
2629 4943 2874 4996 Saleium
2903 4943 3249 5013 migrationes.
3289 4942 3636 4997 Coloniarum
3659 4941 4041 5013 deductioncs,

2447 5017 2539 5070 sed
2569 5015 2836 5076 s-iletmes,
2863 5011 3093 5074 hoc’est,
3121 5029 3238 5084 qua:
3261 5029 3326 5067 ex
3355 5013 3674 5068 solennitate
3703 5011 3906 5067 ﬁebant
3949 5028 4037 5067 seu

2449 5087 2549 5140 lata
2583 5087 2695 5153 lege
2728 5085 2952 5150 publica,
2993 5098 3087 5138 seu
3120 5083 3185 5138 ex
3231 5083 3478 5138 mandato
3532 5084 3900 5153 imperatoris.
3948 5099 4045 5136 non

2451 5167 2628 5211 autem
2659 5156 2892 5208 colonias
2915 5171 3030 5221 qua:
3062 5153 3299 5218 fortuito,
3331 5170 3396 5208 ex
3428 5170 3577 5218 casu,
3606 5156 3720 5209 sive
3748 5153 4044 5222 cupiditate

2453 5229 2732 5291 victorum,
2759 5228 2959 5295 absque
2984 5226 3304 5280 authoritate
3325 5225 3450 5289 alia,
3482 5225 3690 5296 rituque
3698 5226 4042 5349 ltlieciessario.

3745 5311 3774 5348 ε
3855 5311 3910 5349 a.

3745 5311 3774 5348 Ε
3808 5311 3910 5349 γε.

2527 5368 2601 5438 (c)
2645 5367 2790 5421 Vivo:
2829 5384 2895 5438 re;
2939 5369 3149 5420 mortuis
3190 5369 3510 5438 reducentem
3547 5374 3661 5438 post
3685 5366 3831 5419 inille
3871 5383 4048 5421 anites.

2455 5436 2800 5507 Eo‘respexit
2822 5437 3088 5504 Manilius,
3119 5442 3333 5492 Astron.
3364 5437 3403 5502 l,
3435 5436 3556 5491 cum
3587 5436 3682 5502 ait,

2549 5531 2668 5579 Sive
2694 5529 2967 5587 individuis,
2993 5531 3041 5578 in
3067 5530 3194 5577 idem
3217 5529 3432 5577 reditura
3453 5565 3466 5585 ,
3492 5527 3650 5576 soluta

2543 5593 2800 5653 Principiis
2823 5599 2993 5640 natura
3016 5598 3180 5640 manet
3205 5599 3310 5653 post
3333 5591 3508 5639 secula
3533 5587 3688 5653 mille.
3714 5587 3825 5640 R10.

2526 5657 2608 5724 (tl)
2656 5652 2778 5706 Petit
2824 5653 2962 5706 mille
2999 5670 3179 5706 annos.
3224 5652 3449 5724 Adiudit
3490 5652 3558 5705 ad
3606 5652 3749 5705 mille
3789 5665 4050 5724 annorum

2457 5721 2598 5789 iter,
2627 5725 2765 5794 quod
2810 5725 2958 5778 l’lato
3000 5734 3241 5778 recenset
3273 5733 3393 5791 post
3439 5723 3790 5794 hancrvitam,
3837 5723 3966 5777 dial.
4012 5721 4050 5775 Χ

2459 5799 2521 5851 de
2552 5793 2745 5865 Repeto.
2779 5805 2833 5849 et
2877 5797 2926 5848 itt
2959 5794 3199 5860 Pluedro,
3242 5808 3378 5864 quos
3406 5809 3526 5848 cum
3575 5793 3663 5847 hic
3690 5803 3946 5865 tanqiiam
3981 5795 4054 5846 la-

2463 5863 2837 5922 bulas'refutat
2874 5870 3088 5925 Auctor,
3121 5863 3310 5919 mirum
3353 5873 3436 5935 cst
3474 5863 3744 5934 quomodo
3775 5875 3959 5935 postea
4005 5867 4052 5916 in

2465 5939 2880 5994 Milleuariorum
2918 5937 3223 6008 paradoxon
3261 5934 3524 5992 inciderit.
3561 5935 3696 5989 ΡΑ..
