4250 6494
204 427 303 484 701

1538 414 1737 472 LIBI-ZR
1783 412 1869 469 DE
1911 414 2142 471 ANIMA.

3409 422 3512 477 702

205 544 359 610 gulzts
411 541 465 596 in
509 538 715 609 singula
761 551 986 607 corpora
1036 535 1230 591 reverti
1270 543 1595 604 aportnerat.
1645 535 1807 587 Porro
1836 532 1886 591 Λ
1921 532 2280 589 llermotimus
2309 536 2585 607 (dﬂabam
2610 538 2891 608 quoqueiu
2917 538 3121 607 pabulis
3142 538 3515 594 communibus

209 638 252 688 si
284 649 330 689 et
367 635 503 687 binae
534 643 587 688 et
615 632 768 687 trina:
798 642 852 685 et
892 630 1069 697 quina:
1116 643 1286 699 usque
1330 642 1437 682 uno
1484 636 1635 681 utero
1664 642 1812 680 resu-

212 739 455 791 mnntnr,
487 741 592 781 non
626 735 782 781 erunt
808 741 870 779 ex
900 724 1129 778 mortuis
1158 722 1261 776 vivi
1291 762 1305 787 ,
1336 722 1457 790 quia
1489 737 1592 775 non
1627 721 1818 789 singuli

210 836 275 875 ex
311 819 557 889 singulis.
590 817 655 872 Et
682 818 785 873 hoc
827 826 1005 871 autem
1052 815 1211 869 modo
1240 813 1317 883 (a)
1346 812 1620 883 primordii
1655 814 1819 865 forma

211 914 536 979 simulatur,
562 926 683 966 eum
720 919 773 965 et
802 924 944 964 nunc
974 909 1155 979 plures
1189 902 1381 960 anima:
1417 906 1482 959 de
1518 920 1617 958 una
1649 904 1822 974 profe-

216 1020 430 1062 runtur.
466 1006 617 1071 Item,
668 1020 788 1059 cum
845 1002 987 1057 varia
1014 1011 1171 1057 {etate
1200 1000 1459 1057 decedant
1486 1001 1698 1063 animm,
1727 1014 1823 1053 cur

212 1115 320 1154 una
370 1096 749 1153 revertuntur?
786 1109 974 1149 omnes
1010 1094 1152 1148 enim
1192 1094 1259 1147 ab
1312 1091 1527 1146 infantia
1574 1090 1821 1144 imbuun-

214 1199 323 1246 tur.
374 1191 453 1263 (I)
502 1190 671 1256 Quale
727 1195 810 1242 est
886 1196 1063 1241 autem
1149 1195 1207 1240 ιιι
1294 1200 1454 1240 senex
1517 1184 1820 1247 defunctus,

222 1283 399 1338 infans
432 1280 768 1337 revertatur?
796 1280 839 1333 si
862 1278 1126 1333 decrescit
1155 1277 1283 1331 foris
1308 1279 1483 1331 anitna
1518 1276 1822 1346 retrograda

218 1383 403 1438 :ctale,
438 1379 635 1441 quanto
668 1370 838 1440 magis
863 1377 979 1423 erat
1011 1379 1067 1423 ut
1102 1369 1435 1438 progressior
1466 1376 1825 1420 reverteretur

223 1465 376 1520 mille
425 1473 545 1533 post
586 1463 778 1517 annis?
806 1460 965 1517 Certe
994 1460 1076 1513 vel
1104 1469 1373 1514 cowtanea
1400 1475 1511 1513 sum
1542 1461 1745 1525 mortis,
1770 1468 1827 1513 ut

220 1572 395 1610 arvum
428 1555 567 1626 quod
609 1554 914 1623 reliquisset
941 1594 954 1615 ,
986 1552 1179 1606 iterum
1229 1554 1541 1619 recepisset.
1590 1550 1694 1606 Sed
1725 1552 1823 1605 etsi

218 1647 427 1702 ett-dem
475 1661 693 1714 semper
739 1644 1184 1705 revolvi-rentur,
1231 1642 1354 1697 licet
1397 1658 1499 1698 non
1540 1658 1822 1711 corporum

220 1756 441 1809 quoque
488 1739 685 1792 formas
733 1736 950 1791 easdem
982 1778 997 1801 ,
1048 1745 1223 1789 tamen
1270 1735 1353 1790 vel
1395 1736 1724 1804 ingeniormn
1774 1744 1827 1789 et

219 1830 522 1884 studiorum
542 1839 594 1884 et
615 1827 977 1883 aill‘eCtionum
1000 1828 1250 1897 pristinas
1272 1828 1625 1897 proprietates
1643 1842 1823 1881 secum

1928 626 2195 690 iuruerat;
2232 628 2563 699 Pythagoras
2588 644 2714 683 vero
2742 629 2811 699 (e)
2843 645 2908 684 ue
2939 645 3032 699 per
3063 629 3259 685 fabalia
3298 630 3513 701 quidem

1928 718 2308 773 transeundum
2352 719 2625 788 discipulis
2665 720 2774 774 suis
2807 720 3040 775 tradidit.
3069 720 3349 789 Quomodo
3387 738 3519 791 ergo

1925 810 2127 865 ea‘dem
2158 812 2347 870 anima:
2377 822 2760 882 recuperantur
2783 855 2797 877 ,
2832 829 2950 884 (Illa!)
2992 828 3090 868 nec
3126 815 3389 884 ingeniis,
3422 829 3519 869 ιιιό

1926 907 2180 961 institutis
2203 907 2334 977 jam.
2364 923 2460 963 nec
2489 908 2712 961 victibus
2737 908 2939 963 ozedem
2972 907 3372 975 probabuntur?
3400 908 3516 962 Jam

1928 1014 2101 1065 nunc,
2132 999 2198 1053 de
2245 1009 2391 1054 tanto
2420 998 2641 1054 Graeciae
2678 1014 2842 1054 censu
2888 1008 3116 1068 quatuor
3149 999 3283 1053 solte
3326 999 3519 1054 anima:

1927 1102 2297 1146 recensentur.
2319 1091 2425 1147 Sed
2450 1101 2500 1145 et
2523 1090 2644 1159 quid
2671 1092 2851 1161 utique
2867 1090 2935 1145 de
2961 1090 3078 1145 solo
3095 1090 3314 1145 Crtecizn
3329 1105 3517 1158 censu,

1928 1196 1983 1239 ut
2016 1200 2121 1239 non
2148 1201 2210 1238 ex
2237 1187 2379 1239 omni
2412 1196 2591 1256 gente,
2616 1201 2680 1239 ex
2707 1186 2851 1239 omni
2876 1193 3031 1239 (etate
3062 1199 3124 1239 ac
3152 1184 3429 1255 dignitate,
3455 1201 3518 1239 ex

1926 1278 2071 1333 omni
2105 1278 2337 1348 denique
2377 1294 2507 1333 sexu
2533 1320 2547 1341 ,
2592 1288 2643 1332 et
2686 1288 3063 1346 μετεμψνχώσεις
3090 1286 3523 1346 μετενςωματὼσεις

1927 1369 2169 1440 quotidie
2193 1370 2419 1423 existant
2449 1411 2463 1434 ,
2498 1386 2595 1424 cur
2634 1370 2779 1425 solus
2812 1371 3139 1441 Pythagoras
3169 1369 3331 1423 alium
3364 1382 3523 1434 atque

1927 1460 2085 1513 alium
2118 1474 2176 1513 se
2203 1469 2577 1529 recognoscat,
2610 1476 2713 1514 non
2745 1470 2799 1515 et
2825 1461 2962 1530 ego?
2990 1469 3078 1513 aut
3108 1460 3151 1514 si
3187 1459 3521 1530 privilegium

1928 1552 2371 1622 philosophorum
2400 1562 2505 1615 est,
2533 1562 2585 1606 et
2614 1553 2794 1621 utique
2816 1567 3136 1623 grarcornm,
3159 1552 3311 1623 quasi
3342 1568 3444 1606 non
3470 1563 3525 1607 et

1928 1644 2133 1716 scytha-
2166 1655 2218 1699 et
2258 1645 2366 1699 indi
2406 1644 2880 1713 philosophentur,
2906 1660 3003 1700 cur
3025 1645 3294 1700 neminem
3347 1660 3405 1700 se
3443 1646 3521 1718 (4)

1929 1748 2076 1792 retro
2109 1739 2354 1792 meminit
2384 1737 2679 1807 Epicurus,
2711 1742 2978 1792 neminem
3014 1738 3379 1808 Chrysippus,
3423 1756 3519 1793 ne-

1931 1831 2129 1885 tnincm
2159 1830 2304 1884 Zeno
2328 1871 2342 1894 ,
2379 1846 2444 1884 ne
2487 1831 2600 1895 ipse
2626 1830 2839 1900 quidem
2887 1832 3066 1895 Plato,
3100 1845 3257 1900 quem
3304 1831 3521 1887 fet‘sitau

224 1924 433 1976 referre
453 1921 741 1983 deberent;
769 1919 1018 1988 quoniam
1043 1928 1243 1973 temere
1260 1918 1461 1971 caedem
1479 1917 1822 1983 haberentur,
1855 1922 1904 1982 B
1932 1923 2211 1979 Nestorem
2239 1925 2653 1979 crcdidisscmns
2673 1966 2687 1989 ,
2718 1924 2787 1979 ob
2814 1925 2967 1979 mella
3012 1923 3273 1980 facundia:
3288 1925 3312 1979 ’ἓ

221 2023 474 2066 carentes
503 2013 566 2066 iis
589 2027 683 2081 per
712 2027 829 2079 qua:
852 2010 1054 2064 eazdem
1086 2010 1458 2079 probarentur.
1489 2009 1639 2064 Unde
1666 2010 1823 2073 scias,

224 2106 406 2173 inquis
433 2147 445 2171 ,
475 2120 541 2159 an
584 2107 652 2159 ita
684 2104 898 2174 quidem
931 2103 1019 2157 ﬁat
1043 2104 1251 2157 occulte
1272 2144 1285 2165 ,
1315 2102 1407 2157 sed
1448 2102 1682 2156 Conditio
1712 2103 1828 2157 mil-

222 2199 364 2253 Iiarii
390 2199 488 2251 arvi
514 2196 778 2251 interimat
805 2195 1107 2249 facultatem
1135 2194 1471 2256 rceensendl,
1493 2196 1612 2264 quia
1637 2196 1828 2263 ignota:

226 2289 326 2343 tibi
382 2290 463 2360 (Ξ)
510 2288 896 2343 revertuntur?
929 2287 1125 2356 Atquin
1179 2288 1418 2342 scionon
1446 2286 1515 2340 ita
1540 2287 1674 2351 fieri,
1704 2302 1825 2341 cum

225 2381 627 2451 Pythagoran»,
659 2380 1005 2450 Euphorbum
1053 2378 1181 2432 mihi
1223 2381 1466 2448 opponis.
1515 2380 1653 2433 Ecce
1684 2382 1825 2433 enim

226 2470 579 2539 Euphorbum
638 2472 923 2525 militarem
989 2477 1045 2523 et
1113 2469 1359 2523 bellicam
1423 2472 1652 2525 animam
1698 2477 1829 2527 satis

224 2572 441 2617 constat
463 2564 544 2616 vel
577 2562 643 2616 de
672 2563 785 2632 ipsa
812 2562 977 2630 gloria
1016 2562 1325 2632 clypeorum
1353 2574 1824 2630 Consecratorum;

231 2653 593 2723 Pythagoram
619 2668 747 2707 vero
772 2662 877 2707 tam
907 2653 1135 2707 residem
1163 2664 1215 2707 et
1246 2654 1533 2719 imbellem,
1565 2669 1619 2709 ut
1648 2658 1827 2725 przrlia

225 2758 356 2801 ttmc
382 2746 602 2802 Grmcia:
627 2749 819 2812 vitans,
850 2747 1015 2802 Itali:e
1045 2748 1288 2803 maluerit
1319 2749 1549 2817 quietem
1569 2792 1581 2809 ,
1612 2767 1829 2819 geome-

224 2841 379 2893 trica:
406 2852 454 2893 et
486 2841 789 2909 astrologia:
817 2850 868 2893 ct
896 2840 1113 2893 musica:
1134 2839 1359 2893 devotus
1380 2880 1395 2905 ,
1421 2841 1627 2895 alienus
1649 2843 1827 2896 studio

223 2942 281 2985 et
310 2931 521 2985 adfectu
552 2931 847 3001 Euphorbi.
883 2930 956 3001 (b)
972 2930 1076 2985 Sed
1104 2940 1158 2984 et
1188 2930 1424 3000 Pyrrhus
1459 2932 1547 2986 ille
1577 2933 1825 2989 fallendis

222 3024 463 3093 piscibus
489 3024 713 3094 agebat;
756 3024 827 3094 (c)
872 3024 1203 3095 Pythagoras
1234 3034 1420 3078 contra
1451 3041 1551 3080 nec
1579 3028 1821 3097 edend;s,

2485 2018 2566 2072 CA
2579 2016 2711 2073 PU'I‘
2753 2016 2967 2072 XXXII.

2003 2107 2108 2162 Sed
2136 2123 2279 2163 enim
2303 2106 2371 2179 (f)
2397 2107 2780 2177 Empedocles,
2824 2108 2944 2178 quia
2974 2123 3034 2164 sc
3060 2108 3218 2163 deum
3249 2108 3522 2175 delirarat,

1933 2198 2153 2260 idcirco,
2171 2201 2382 2270 opinor,
2402 2200 2717 2270 dedignatus
2743 2201 2974 2271 aliquem
3002 2216 3061 2256 se
3093 2201 3315 2256 heroum
3345 2217 3528 2257 recor-

1931 2294 2046 2349 dari
2076 2294 2184 2365 :(g)
2222 2294 2494 2347 'I‘bautnus
2518 2305 2570 2348 ct
2595 2296 2752 2363 piscis
2775 2295 2866 2358 fui,
2893 2296 3081 2365 inquit,
3106 2309 3202 2347 cur
3227 2310 3334 2349 non
3359 2296 3526 2365 magis

1932 2397 1979 2438 ct
2010 2401 2166 2455 pepo,
2189 2397 2292 2438 tam
2318 2386 2567 2453 insulsu=,
2593 2386 2670 2457 (lt)
2694 2394 2747 2439 et
2771 2386 3122 2448 chamaeleon,
3145 2396 3248 2441 tam
3277 2385 3527 2441 inﬂatus?

1932 2478 2095 2533 Plane
2127 2490 2182 2532 ut
2214 2480 2394 2547 piscis,
2426 2494 2492 2532 tte
2516 2480 2693 2547 aliqua
2717 2478 2983 2545 sepultura
3004 2478 3304 2533 conditiore
3344 2488 3525 2547 putes-

1932 2582 2079 2628 ceret
2108 2571 2209 2643 (ἴὶ),
2233 2587 2407 2626 assunt
2430 2587 2487 2626 se
2524 2571 2726 2633 maluit,
2752 2571 2802 2624 in
2831 2569 3085 2625 Aﬂthnatn
3114 2570 3522 2641 praecipitando.

1933 2667 2108 2735 Atque
2133 2663 2325 2718 exinde
2356 2664 2406 2717 in
2439 2664 2530 2718 illo
2586 2662 2729 2717 finita
2781 2664 2849 2717 sit
2906 2665 3373 2718 metensomatosis
3401 2705 3417 2729 ,
3472 2672 3527 2716 ut

1934 2759 2115 2812 :estiva
2150 2772 2302 2811 emaa
2338 2767 2456 2826 post
2480 2772 2681 2810 assum.
2714 2755 2942 2811 Perinde
2968 2757 3126 2826 igitur
3152 2767 3205 2810 et
3234 2755 3320 2810 hic
3365 2753 3524 2809 dimi-

1930 2867 2113 2905 cemus
2135 2866 2352 2906 necesse
2396 2850 2751 2903 cstadversus
2785 2850 3229 2915 portentosiorem
3262 2864 3523 2918 pra'snm-

1932 2947 2187 3015 ptionem,
2222 2946 2418 2999 bestias
2466 2959 2532 2998 ex
2563 2943 2888 3008 hominibus,
2908 2951 2963 2997 et
2985 2941 3229 2996 homines
3249 2956 3313 2997 ex
3339 2940 3525 2995 bcsuis

1929 3037 2796 3095 revolrentem.Viderintthamni.
2824 3036 2884 3106 (i)
2903 3033 3109 3089 Licebit
3133 3041 3187 3087 et
3211 3032 3401 3101 raptim
3420 3031 3522 3104 (6),

225 3125 285 3166 ut
328 3115 647 3169 animalibus
688 3115 982 3170 abSIineus.
1052 3114 1351 3170 Ethalides
1417 3117 1495 3185 (5)
1546 3128 1723 3175 autem
1764 3122 1891 3184 etC
1926 3147 1993 3188 ne
2018 3132 2130 3201 plus
2153 3130 2328 3185 ridere
2354 3145 2511 3201 quam
2529 3128 3010 3197 docerecogamur.
3032 3126 3263 3181 Dicimus
3288 3125 3521 3180 animam

1438 3231 1823 3300 LECTIONES
1860 3246 2272 3303 VARIANTES.

290 3344 361 3407 (Ι)
383 3344 486 3403 Qua
510 3344 665 3407 infans
690 3351 967 3392 revertatur
985 3340 1103 3392 add.
1132 3344 1275 3391 Pam.
1309 3341 1459 3394 thcn.
1491 3346 1591 3395 Lat.
1615 3354 1827 3401 reverti-

224 3403 310 3457 tur
331 3403 453 3455 Jtm.
480 3403 677 3456 mavult.

293 3467 363 3534 (ᾖ)
393 3470 494 3534 Qua
522 3472 741 3534 ignorata
765 3473 815 3517 et
840 3468 905 3517 ibi
928 3470 1071 3517 Pam.
1094 3464 1247 3519 Rhen.

292 3530 364 3591 (ὅ)
394 3530 651 3591 Epital‘tdes
673 3533 793 3581 Par.

292 3535 344 3587 (5
395 3535 623 3591 Ειοιιθιιάυ

292 3535 364 3658 (ti
391 3592 449 3643 Et
474 3590 623 3643 Sentt.

1970 3356 2079 3466 [(5)
2106 3358 2396 3409 l‘atesceret
2441 3358 2682 3408 Womrcr.
2718 3356 2928 3405 conditio
2953 3361 3296 3420 reputesceret
3332 3354 3523 3407 Pamcl.

1987 3433 2080 3466 te".

1929 3422 2288 3547 miiii'Lap-ttbi
2316 3486 2458 3533 Pam.
2484 3484 2636 3536 Rhea.
2660 3485 2800 3533 Pam.
2827 3481 2939 3545 lapti
2973 3478 3139 3533 Paris.
3169 3481 3287 3532 licet
3309 3482 3385 3532 bis
3409 3482 3525 3531 elati

1928 3544 2030 3597 Lat.
2061 3555 2113 3596 et.
2135 3546 2288 3597 latinae
2314 3548 2436 3597 Jun.

2020 3584 2030 3594 .
2061 3561 2113 3596 et.
2135 3561 2288 3610 lappa:
2314 3561 2436 3597 Jun.

1578 3702 2138 3773 COMMENTARIUS.

299 3819 453 3875 CAP.
488 3816 679 3873 xxx],
700 3848 768 3856 _
795 3817 872 3888 (τι)
896 3814 1175 3888 Primordii
1202 3816 1370 3888 forma
1402 3817 1707 3885 sinqnlatnr.
1738 3821 1827 3877 Sic

221 3888 390 3944 Itahet
430 3890 707 3957 exetnplar
732 3885 998 3958 Agobardi
1031 3903 1041 3937 ε
1073 3885 1203 3949 luto,
1232 3886 1418 3953 inquit,
1455 3904 1572 3941 vera
1606 3889 1824 3946 humani

222 3961 506 4030 primordii
556 3961 722 4013 forma
772 3958 1086 4028 singulatur,
1117 3972 1238 4009 cum
1277 3965 1500 4030 etnune
1528 3974 1593 4012 ex
1634 3979 1738 4015 uno
1770 3974 1827 4019 et

222 4028 484 4102 singulari
516 4031 731 4087 homine
761 4030 941 4100 plures
968 4037 1310 4102 generantur.
1345 4028 1457 4083 lIoc
1502 4030 1662 4085 modo
1711 4034 1825 4088 sin-

224 4098 485 4171 gularitas
522 4103 735 4156 humani
762 4098 1053 4171 primordii
1106 4098 1359 4161 fervatur,
1418 4116 1538 4155 cum
1587 4112 1641 4157 et
1686 4120 1826 4160 nunc

223 4169 410 4243 plures
434 4176 623 4226 anima:
652 4172 719 4226 de
746 4169 845 4225 una
880 4169 1240 4243 proferun_tur.
1272 4171 1405 4243 Ath.

302 4245 381 4315 (b)
418 4246 522 4315 Sed
573 4253 617 4297 et
662 4242 895 4315 Pyrrha:
934 4240 1051 4315 ille.
1108 4240 1229 4296 Fuit
1270 4240 1506 4315 Pyrrhus
1531 4284 1546 4307 ,
1580 4260 1735 4313 quem
1766 4259 1826 4301 se

222 4310 391 4441 gulam
419 4314 584 4439 tulisse
606 4310 807 4383 pridem
833 4310 1161 4382 Pythagoras
1186 4310 1562 4379 mentiebatur,
1594 4310 1827 4384 piscator

264 4402 296 4441 e
323 4402 421 4441 IIIS.
504 4402 589 4441 AC.

264 4387 421 4441 eIitIs.
459 4387 589 4441 Lac.

300 4458 375 4527 (ε)
412 4456 733 4527 Pythagoras
749 4466 922 4509 contra
944 4471 1034 4527 nec
1057 4452 1400 4507 edendisﬁur
1419 4454 1486 4527 ab
1506 4455 1824 4527 animalibus

223 4525 524 4598 absuneret
549 4528 875 4598 Pythagoras
897 4568 910 4590 ,
952 4526 1075 4579 alibi
1111 4539 1361 4598 caussam
1394 4525 1569 4580 reddit
1601 4528 1819 4593 Auctor,

1932 3834 2296 3911 obrui.rSolus
2316 3840 2526 3911 Myllias
2562 3847 2787 3911 captus,
2813 3847 2865 3893 et
2892 3835 2977 3911 ad
2999 3846 3280 3911 tyrannum
3313 3836 3521 3901 ductus,

1932 3922 2036 3959 non
2062 3910 2281 3963 minoris
2304 3908 2915 3978 fortitudinisspecimen
2948 3908 3094 3963 dedit
3120 3926 3133 3961 :
3158 3923 3279 3962 nam
3307 3919 3525 3977 rogatus

1930 3993 1957 4030 ιι
1993 3979 2365 4049 Dimtysio,eur
2388 3982 2516 4036 socii
2546 3977 2829 4034 maluerint
2858 3981 3011 4044 mori,
3038 3994 3193 4049 quam
3223 3977 3370 4034 fabas
3390 3994 3523 4033 Cott-

1930 4051 2164 4114 culcare,
2199 4052 2475 4121 respondit
2512 4067 2525 4103 :
2564 4051 2649 4105 Illi
2675 4052 2877 4120 quidmt
2919 4050 3262 4121 substiterunt,
3295 4066 3357 4103 ne
3381 4052 3526 4118 fabas

1930 4120 2321 4188 conculcarent;
2359 4139 2449 4190 ego
2496 4123 2661 4190 potius
2707 4132 2915 4177 mortem
2953 4120 3165 4192 elegero,
3199 4137 3349 4190 quam
3370 4121 3523 4191 Imjas

1931 4192 2018 4244 tibi
2050 4210 2283 4248 caussam
2309 4210 2581 4263 exponam,
2609 4210 2760 4261 quam
2805 4194 2865 4247 ob
2908 4210 3013 4245 rem
3046 4192 3188 4263 fabas
3226 4192 3526 4247 concalcare

1932 4263 2168 4335 nolimus.
2205 4264 2380 4333 Ipsum
2409 4280 2621 4335 quoque
2652 4264 3032 4335 Pythagoram,
3066 4272 3122 4315 ut
3150 4263 3335 4335 scribit
3363 4264 3522 4317 etiam

1928 4331 2139 4393 Snidas.
2158 4331 2281 4390 cum
2306 4331 2517 4391 incensi
2539 4331 3163 4403 domo'persequereutur
3179 4349 3298 4387 eum
3319 4332 3520 4400 hostes,

1929 4404 2015 4486 phi
2046 4404 2110 4486 ad
2152 4422 2397 4486 campum
2424 4407 2579 4462 'fabis
2607 4408 2872 4460 consitura
2898 4405 3130 4461 venisset
3156 4446 3169 4467 ,
3201 4404 3440 4459 constitit
3468 4415 3525 4459 et

1922 4479 2195 4545 jugulatus
2214 4490 2314 4533 est.
2359 4479 2487 4534 Lac.

1999 4549 2159 4605 (IAP.
2187 4549 2400 4604 XXXII.
2423 4580 2494 4590 ——
2516 4550 2579 4619 (f)
2612 4546 2963 4619 Empedodes.
3003 4546 3124 4617 quia
3142 4562 3196 4599 se
3214 4545 3363 4619 deum
3388 4546 3520 4619 deli-

222 4597 497 4667 Apologet.
522 4640 538 4664 ,
647 4594 763 4685 48'
805 4596 884 4685 .~\I’Ie
925 4602 1055 4667 forte
1083 4594 1340 4685 bubulam
1393 4598 1503 4685 quis
1551 4598 1822 4685 t‘lel‘al-i-quo

1930 4594 2089 4674 ra
2096 4594 2111 4603 '
2119 4594 2228 4675 licili
2285 4594 2334 4674 ui
2390 4594 2448 4675 ct
2476 4594 2597 4674 Ιιὸιίι
2813 4594 2942 4685 ῖίίὶιῖἶ
3252 4594 3521 4672 itis

225 4686 536 4738 proavosuo
558 4671 778 4722 obsonet.
827 4668 937 4720 Iluc
983 4668 1213 4738 pertinet
1251 4668 1410 4720 etiam
1445 4669 1569 4721 illud
1605 4669 1660 4722 II.
1700 4672 1821 4724 llic-

226 4735 440 4811 i'onymi
465 4782 479 4803 ,
507 4740 604 4811 _|ib.
651 4738 687 4792 11
731 4738 851 4791 adv.
897 4738 1072 4794 Jovin.
1107 4757 1117 4788 ;
1155 4735 1219 4788 Et
1251 4738 1469 4805 probabo
1496 4756 1593 4792 non
1630 4738 1819 4811 Empe-

222 4808 389 4864 doclis
418 4820 463 4863 et
498 4808 803 4880 Pythagora:
846 4826 937 4862 nos
984 4811 1166 4877 dogma
1212 4810 1415 4881 sectari,
1458 4812 1565 4877 qui,
1619 4808 1821 4881 propter

221 4888 603 4950 μετεμψῦχωυν,
649 4897 795 4933 onme
819 4881 953 4949 quod
976 4888 1201 4950 movetur
1217 4887 1263 4932 et
1294 4880 1406 4933 vivit
1439 4882 1687 4934 alendum
1714 4880 1820 4935 nun

221 4949 429 5021 putant.
471 4952 621 5020 Quod
643 4951 970 5017 Lactantius,
996 4952 1085 5005 lib.
1121 4949 1186 5004 111
1212 4990 1225 5014 ,
1252 4965 1301 5004 c.
1334 4952 1418 5015 I9,
1453 4952 1632 5007 mitius
1657 4954 1822 5008 inter-

223 5035 485 5093 pretantur.
513 5025 646 5077 Pun.

302 5096 385 5165 (d)
416 5093 607 5147 Fabam
648 5110 844 5161 quoque
885 5093 939 5146 in
980 5090 1195 5160 pabulis.
1253 5090 1391 5158 Quid
1441 5093 1619 5165 notius
1661 5110 1818 5163 quam

223 5163 553 5238 prmceplum
574 5166 887 5238 Pythagorm
905 5170 1095 5238 κυάμῳ)
1114 5168 1320 5230 ἀπέχου,
1345 5181 1375 5213 ιι
1397 5163 1526 5238 fabis
1550 5164 1816 5219 abstineto.

223 5182 553 5238 ρτωρεριιιιιι
575 5182 887 5290 ι’]ιιιιιιζιιτςυ
905 5182 1095 5231 κυᾱμω)
1114 5182 1320 5230 ατξχου,
1345 5182 1375 5213 tt
1397 5182 1526 5233 [avis
1550 5182 1816 5219 αυδιιιιειο.

221 5238 557 5295 Jamblieuns
581 5238 594 5291 i
654 5236 838 5290 scribit
857 5236 1176 5304 prohibitum
1193 5243 1396 5304 propter
1407 5236 1591 5288 multas
1611 5252 1820 5291 caussas

220 5320 332 5362 tum
361 5327 551 5370 sacras,
588 5319 694 5361 tum
724 5305 983 5361 naturales
1003 5348 1017 5369 ,
1049 5315 1093 5358 et
1129 5305 1197 5356 ad
1235 5305 1459 5358 animum
1490 5308 1817 5375 pertinentes,

222 5383 423 5449 quibus
446 5390 692 5434 auctores
727 5386 850 5449 sunt
886 5378 1049 5449 pleni.
1103 5375 1233 5430 Lac.

300 5451 377 5522 (θ)
413 5449 495 5505 Ne
524 5466 612 5519 per
638 5448 828 5515 fobalia
856 5447 1060 5522 quidem
1092 5447 1456 5500 trameundmn
1484 5448 1610 5501 disc.
1642 5447 1817 5522 Etiam

222 5518 367 5579 cum
401 5518 713 5576 discrimine
758 5521 877 5573 vita:
930 5519 1271 5572 observatum
1318 5530 1643 5589 pr:eceptum
1686 5518 1817 5574 illud

223 5594 550 5667 Pythagora:
587 5599 776 5667 τευάμρτι
811 5602 882 5667 ps
907 5592 1428 5667 OtWéVItt,-ttefttba$
1464 5592 1819 5667 «(unguendae

223 5660 359 5726 esse,
383 5664 568 5716 Scribit
591 5661 949 5723 Jamblicbus,
976 5677 1093 5729 cap.
1120 5660 1207 5721 51,
1235 5661 1320 5713 ubi
1349 5672 1525 5713 narrat
1555 5660 1815 5728 quosdam

224 5732 881 5809 Pythgagortediscipulos
929 5731 1188 5809 fugientes
1236 5731 1432 5809 milites
1460 5730 1692 5809 Dionysii
1737 5741 1817 5801 ty-

223 5801 385 5864 ra'nui
417 5801 666 5858 incidisse
692 5818 818 5858 casu
842 5804 892 5855 in
936 5801 1121 5855 t'abalia
1141 5840 1156 5865 ,
1186 5803 1272 5869 qui
1302 5801 1501 5855 decreti
1526 5816 1812 5866 memores,

226 5891 279 5934 et
338 5875 465 5930 illud
515 5875 711 5927 violare
762 5871 1379 5937 nolentes,snhstitere,
1435 5873 1651 5927 minime
1696 5874 1813 5928 ausi

230 5952 465 6005 transire
493 5960 586 6016 per
608 5944 792 6000 fabalia
811 5984 827 6009 ,
858 5943 953 5999 sed
986 5943 1162 6014 potius
1181 5941 1457 6012 elegerunt
1485 5945 1734 6001 trucidari
1756 5953 1811 6000 et

1925 4690 2180 4757 demiror,
2202 4693 2536 4759 tﬁziiltetliielis
2556 4693 2697 4745 enim
2718 4688 2803 4743 hie
2821 4690 3049 4744 refertur
3071 4702 3254 4742 versus
3280 4705 3293 4741 :

2171 4777 2321 4823 Xaipu'
2346 4777 2411 4824 ὶτὼ
2433 4770 2475 4812 δὶ
2498 4773 2575 4824 ὒμϊν
2601 4774 2677 4817 Otia;
2700 4767 2885 4824 ἄμϐροτος
2909 4771 2973 4808 οὖι
2996 4771 3050 4808 ττι.
3072 4770 3197 4824 huc;
3215 4799 3226 4815 ,

2172 4789 2307 4823 λαιριτ
2346 4789 2411 4824 qu
2433 4789 2475 4812 οι
2546 4789 2575 4810 ιν
2601 4789 2677 4817 tuo;
2700 4789 2777 4820 qua
2825 4789 2885 4816 to;
2909 4789 2973 4808 ουι
2996 4789 3050 4808 ιτι.
3072 4789 3197 4818 om“;
3215 4799 3226 4815 ,

1925 4820 2027 4876 hoc
2059 4832 2140 4877 est
2163 4842 2176 4877 :
2206 4824 2424 4883 Salvete,
2452 4789 2587 4876 voviiis
2608 4824 2743 4877 enim
2760 4789 2883 4877 iens
2905 4837 3020 4875 sunt
3062 4821 3364 4875 immortalis
3384 4860 3398 4885 ,
3429 4837 3518 4875 nec

1923 4895 2145 4962 amplius
2190 4896 2359 4948 homo.
2405 4895 2478 4949 LE
2520 4894 2620 4948 Ριι.

1996 4966 2074 5033 (g)
2104 4964 2367 5018 Thaumas
2408 4978 2453 5019 et
2505 4966 2656 5033 piscis
2683 4965 2776 5035 fui.
2824 4963 2944 5033 Ipse
3003 4962 3160 5030 igitur
3184 4963 3323 5033 apud
3356 4963 3520 5018 Athe-

1923 5052 2124 5102 naeum,
2155 5038 2246 5090 lib.
2281 5036 2416 5099 VIII,
2447 5048 2499 5090 et
2529 5034 2690 5104 apud
2716 5035 2983 5089 Laertium
3015 5034 3090 5087 ait
3121 5052 3135 5087 :

2173 5129 2253 5188 ἠδη
2277 5141 2343 5191 γὰρ
2365 5143 2449 5179 ποτ’
2486 5143 2552 5191 ἰτὼ
2584 5127 2734 5189 ﬂuidam
2769 5140 2877 5191 ιοὺξη
2902 5153 2943 5177 τι
2966 5140 3071 5190 κόρος
3089 5153 3145 5184 τι,

2168 5206 2313 5253 θάμνος
2346 5205 2381 5241 τ’
2406 5205 2528 5248 eum;
2553 5216 2607 5247 τι,
2638 5204 2699 5239 aut
2716 5205 2763 5239 ιὶν
2786 5202 2847 5239 ἁλὶ
2872 5201 3023 5247 illato;
3057 5203 3167 5253 ἰχθὺς.

1920 5274 2178 5329 Chalcidii
2199 5276 2521 5339 versionem,
2548 5273 2804 5327 ltrictenus
2824 5272 2961 5326 fmde
2993 5283 3319 5343 corruptam,
3354 5274 3516 5328 resti-

1923 5347 1997 5400 tui
2027 5345 2224 5399 debere
2269 5347 2593 5399 arbitramur
2616 5346 2666 5397 iu
2692 5345 2832 5398 hunc
2859 5344 3073 5399 modum
3112 5362 3123 5396 :

2014 5437 2234 5501 Natnque
2258 5451 2353 5499 ego
2370 5436 2652 5501 jamdudum
2668 5437 2777 5501 _vixi
2806 5450 2928 5501 puer
2955 5443 3005 5486 et
3026 5435 3177 5486 solida
3196 5437 3342 5487 arbos
3362 5474 3375 5497 ,

2014 5498 2233 5560 Ales,'et
2255 5498 2318 5549 ei
2344 5498 2485 5548 undis
2508 5498 2702 5559 animal,
2729 5505 2831 5548 tum
2856 5500 3012 5548 lactea
3040 5501 3195 5561 virgo.

1923 5584 1977 5637 lu
2006 5586 2301 5652 posteriore
2323 5592 2500 5637 autem
2528 5600 2681 5636 versu
2708 5581 2957 5653 Cyriltus,
2992 5583 3082 5636 lib.
3110 5582 3226 5637 Vlll
3256 5583 3520 5638 adversus

1919 5654 2050 5711 JIII.,
2087 5657 2279 5723 legisse
2303 5655 2508 5707 videtur
2537 5678 2615 5708 χιιι
2654 5658 2720 5707 εἰν
2740 5659 2819 5706 ἁλὶ
2858 5658 3083 5723 patiamu-
3110 5661 3261 5722 ἱχῖὺς.
3295 5655 3369 5709 LE
3413 5656 3513 5709 ΡΒ.

1994 5727 2080 5795 (lt)
2106 5726 2169 5780 Et
2209 5725 2516 5780 cluunulcon
2555 5736 2657 5777 tam
2704 5726 2931 5793 inﬂatus.
2985 5726 3324 5794 Empedoclis
3363 5741 3516 5779 arro-

1919 5798 2155 5868 gantium
2184 5808 2232 5853 et
2261 5808 2478 5868 τρκγικόν
2516 5800 2654 5869 τύῖον
2694 5796 2935 5866 plerique
2968 5807 3211 5921 veteruip
3238 5806 3513 5921 «patvere.

3216 5884 3246 5921 ε
3319 5884 3369 5921 ιι.

3216 5884 3246 5922 Ε
3271 5884 3369 5921 Ιή.

1991 5938 2058 6009 (i)
2087 5936 2276 5992 Licebit
2305 5948 2350 5993 et
2390 5939 2596 5994 raptim.
2633 5938 2744 5995 Hoc
2769 5948 2855 5997 est
2881 5958 2891 5993 :
2918 5938 3164 5995 Sufﬁciet
3187 5940 3364 5995 obiter
3392 5953 3514 6009 per-
