4250 6494
712 372 817 429 703

2119 376 2577 435 TERTULIJANI

3887 382 4009 439 704

715 490 998 546 humanam
1041 491 1189 546 nullo
1238 491 1396 547 modo
1435 491 1486 548 in
1542 491 1741 548 chtias
1797 505 1953 562 posse
1999 492 2294 558 transferri,
2328 495 2373 552 Λ
2407 493 2676 548 insultabit
2723 495 2772 549 in
2821 497 3032 566 aquila,
3062 506 3153 552 aut
3194 497 3327 551 mari
3366 504 3548 565 postea
3593 495 3882 552 desultabit
3952 499 4010 550 iu

713 585 923 637 etiamsi
969 585 1260 638 sccmulum
1304 583 1653 654 philosophos
1687 601 1749 638 ex
1795 585 2142 640 clementitiis
2169 586 2295 636 sub-

713 678 922 730 stantiis
944 687 1273 731 censeretur.
1306 677 1433 732 Sive
1455 679 1594 732 enim
1620 679 1754 747 ignis
1781 679 1980 742 anima,
2002 679 2114 732 sive
2138 693 2294 744 aqua,

715 769 829 822 sive
859 771 1095 838 sanguis,
1125 771 1236 823 sive
1268 772 1486 840 Spiritus
1509 813 1523 836 ,
1553 773 1670 826 sive
1697 786 1807 836 aer,
1841 772 1952 824 sive
1985 771 2179 832 lumen,
2214 785 2301 824 re-

713 860 951 929 cogitare
967 860 1223 914 debemus
1247 863 1510 916 contraria
1528 879 1751 933 quaeque
1776 863 1996 934 singulis
2019 865 2299 933 speciebus

714 952 960 1006 animalia
1011 971 1021 1006 :
1068 953 1173 1021 igni
1225 956 1437 1024 quidem
1489 971 1549 1010 ea
1605 972 1724 1026 qu:e
1768 958 1979 1025 rigent,
2026 957 2293 1019 eolubros.

714 1045 1014 1112 stelliones,
1044 1047 1444 1113 salaunuulras;
1477 1050 1648 1120 ctjam
1674 1065 2023 1120 quzecnmque
2043 1049 2110 1104 de
2129 1067 2298 1105 aemu-

718 1136 769 1190 lo
814 1138 1172 1206 producentur
1198 1145 1502 1202 elemento,
1536 1141 1602 1195 de
1646 1157 1781 1212 aqua
1813 1142 2048 1203 scilicet,
2082 1143 2300 1212 perinde

715 1231 1001 1295 contraria,
1033 1234 1212 1302 utique
1237 1234 1316 1304 (Ι)
1369 1234 1478 1297 illa,
1537 1251 1656 1304 qua:
1711 1234 1857 1288 arida
1886 1246 1938 1289 et
1969 1236 2248 1290 exsuccida
2284 1256 2294 1290 :

714 1324 946 1394 denique
999 1325 1325 1380 siccitatibus
1378 1327 1610 1397 gaudent
1660 1328 1919 1392 locustar,
1972 1330 2295 1398 papiunculi,

714 1415 1147 1472 cluuna-leontes.
1192 1418 1318 1472 Item
1361 1421 1626 1474 contraria
1655 1420 1895 1490 sanguini
1923 1461 1938 1486 ,
1972 1436 2090 1490 qua:
2118 1432 2302 1478 carent

719 1523 946 1577 purpura
1007 1510 1162 1579 ejus,
1211 1511 1494 1575 cochleas,
1549 1513 1873 1567 vermiculos
1933 1523 1987 1567 et
2043 1515 2298 1584 majorem

717 1599 941 1668 piscium
971 1613 1212 1655 censum.
1241 1601 1458 1670 Spiritui
1489 1620 1614 1656 vero
1643 1605 1930 1665 contraria,
1958 1620 2076 1673 qum
2097 1605 2301 1673 spirare

717 1707 821 1745 non
845 1692 1112 1757 videntur,
1132 1697 1366 1750 carentia
1391 1695 1730 1766 pulmonibus
1751 1707 1798 1751 et
1824 1698 2053 1758 arteriis.
2076 1698 2298 1764 culices,

718 1781 962 1837 formicas
987 1827 1001 1848 ,
1032 1785 1232 1853 tineas,
1265 1797 1319 1840 et
1354 1787 1452 1840 hoc
1475 1803 1642 1856 genus
1677 1788 1967 1842 minutalia.
2017 1788 2146 1844 Item
2191 1791 2299 1844 aeri

2403 592 2674 658 anguilla?
2713 593 2991 658 Quomodo
3025 595 3147 646 item
3189 592 3395 661 pabulis
3423 591 3728 646 liberalibus
3757 602 3808 646 et
3853 592 4011 646 deli—

2402 687 2534 740 catis
2573 695 2732 755 atqnc
2800 687 2880 757 ('5)
2937 685 3138 738 curatis
3175 683 3433 747 educata,
3472 696 3576 736 non
3623 683 3744 736 dico
3789 682 4011 751 paleas,

2403 780 2495 832 sed
2525 779 2704 848 spinas
2730 821 2745 843 ,
2787 786 2841 832 et
2884 787 3124 846 agrestes
3166 775 3549 831 amaritudines
3596 775 3898 841 frondium,
3950 785 4018 830 et

2405 870 2600 925 bestias
2641 869 3097 939 sterquiliniornm
3125 910 3138 933 ,
3179 869 3442 924 vermium
3476 869 3548 936 (τ)
3590 869 3749 922 etiam
3786 882 4016 922 venena

2403 962 2712 1026 rnminabit,
2736 962 2780 1016 si
2803 963 2856 1015 in
2877 976 3091 1032 capram
3115 961 3405 1021 transierit,
3430 961 3514 1014 vel
3547 961 3596 1014 in
3621 961 3964 1015 coturnicem
3997 976 4013 1010 :

2404 1053 2511 1122 imo
2547 1062 2600 1106 et
2637 1053 3008 1107 cadaverinam
3038 1094 3053 1117 ,
3093 1053 3200 1105 imo
3242 1061 3296 1106 et
3334 1051 3655 1116 humanam,
3687 1052 3764 1106 sui
3807 1051 4018 1121 utique

2404 1161 2612 1200 memor
2640 1147 2690 1200 in
2723 1160 2847 1199 urso
2883 1154 2936 1198 et
2976 1146 3169 1200 leone?
3215 1143 3304 1200 Sic
3345 1153 3402 1200 et
3448 1153 3641 1198 ezetera
3694 1145 3758 1198 ad
3801 1147 4015 1199 incon-

2402 1241 2700 1308 gruentiam
2755 1237 2964 1307 rediges
3003 1239 3108 1310 (tl,
3167 1253 3232 1292 ne
3272 1239 3492 1308 singulis
3549 1239 3858 1308 perorandis
3888 1239 4016 1292 im-

2405 1346 2697 1386 moremur.
2759 1330 2926 1399 Ipsius
2967 1331 3161 1386 animre
3199 1330 3445 1386 humanm
3485 1331 3725 1400 quisquis
3775 1330 4014 1395 modus,

2403 1437 2752 1492 qumcumque
2773 1437 3042 1487 mensura,
3067 1421 3191 1491 quid
3216 1421 3370 1477 faciet
3394 1423 3444 1476 iu
3469 1421 3814 1490 amplioribus
3835 1422 4018 1490 longe

2406 1517 2489 1570 vel
2534 1515 2907 1569 minutioribus
2946 1514 3301 1569 animalibus?
3350 1514 3582 1568 Neces~e
3638 1524 3718 1567 est
3755 1513 3898 1566 enim
3949 1523 4017 1567 et

2404 1621 2599 1677 corpus
2642 1622 2801 1662 Omne
2849 1607 3021 1661 anima
3071 1606 3363 1674 compleri,
3407 1615 3460 1659 ct
3506 1605 3736 1659 animam
3775 1618 4016 1657 onmem

2405 1717 2630 1768 corpore
2657 1701 2872 1755 obduci.
2907 1701 2986 1771 (ά)
3039 1698 3319 1767 Quomodo
3360 1713 3488 1768 ergo
3539 1698 3712 1751 anima
3760 1696 4018 1751 hominis

2405 1793 2694 1861 coinplebit
2738 1791 3111 1861 elephantum?
3165 1791 3435 1861 quomodo
3461 1791 3583 1845 item
3615 1790 3916 1845 abducetur
3954 1791 4016 1844 in

717 1875 1024 1940 contraria,
1065 1892 1182 1945 qum
1221 1891 1434 1947 semper
1488 1877 1894 1932 subterraneum
1939 1887 1991 1932 et
2036 1881 2302 1949 subaqua-
2334 1887 2380 1946 B
2409 1885 2613 1941 culice?
2653 1884 2706 1938 Si
2759 1893 2962 1937 tantum
3003 1881 3319 1937 extendetur
3353 1891 3443 1935 aut
3488 1881 3831 1934 contrahetur
3885 1880 4014 1948 (5),

719 1981 878 2019 ncmn
909 1967 1159 2032 viventia,
1184 1980 1367 2023 carent
1399 1971 1587 2024 haustu
1625 1971 1758 2039 ejus.
1792 1971 1898 2026 Res
1929 1973 2117 2041 magis,
2145 1989 2302 2043 quam

719 2058 935 2111 nomina
980 2061 1196 2114 noveris
1239 2061 1340 2131 (‘2).
1398 2061 1523 2117 Item
1592 2066 1859 2118 contraria
1899 2065 2080 2119 lumini
2116 2108 2129 2128 ,
2185 2084 2303 2135 qu:e

718 2166 857 2206 casea
915 2155 963 2207 iu
1018 2163 1182 2209 totum
1211 2199 1225 2222 ,
1277 2159 1354 2212 vel
1394 2160 1522 2212 solis
1568 2161 1802 2215 tenebris
1857 2160 2054 2216 habent
2099 2161 2301 2226 ocuIOs,

720 2244 912 2311 ῑειΙΙὶειε.
950 2245 1024 2316 (o)
1051 2250 1451 2317 vesperugines,
1489 2261 1727 2305 noctuas.
1762 2253 1914 2315 Ila-c,
1949 2263 2003 2305 ιιι
2043 2268 2109 2304 ex
2140 2269 2302 2320 appa-

722 2339 959 2391 rentibus
998 2350 1050 2391 et
1088 2340 1381 2393 manifestis
1408 2343 1716 2396 Substautiis
1742 2344 1982 2397 doceam.
2017 2346 2303 2411 Czrlernr,

721 2430 764 2483 si
797 2439 851 2484 et
879 2441 1085 2485 atomos
1111 2434 1320 2503 Epicuri
1352 2445 1608 2496 tenerem,
1638 2447 1689 2490 et
1717 2453 1966 2492 numeros
1995 2438 2307 2508 Pythagora:

723 2521 980 2584 viderem.
1012 2535 1066 2578 ct
1096 2526 1237 2578 ideas
1268 2527 1500 2582 Platonis
1523 2528 1871 2593 offenderem,
1905 2541 1957 2583 et
1984 2531 2308 2584 t'lllClCClllRS

723 2616 1026 2670 Aristotelis
1048 2632 1386 2688 occuparem,
1411 2621 1698 2674 invenirem
1723 2623 1830 2675 fors
1854 2622 1935 2674 his
1956 2636 2164 2690 quoque
2190 2637 2310 2691 Spr-

724 2706 906 2760 (‘ichus
942 2709 1222 2772 animalia,
1251 2727 1368 2779 qua:
1409 2713 1623 2765 nomine
1654 2713 2047 2766 Ct'mlrarietatis
2077 2729 2313 2782 oppone-

725 2814 856 2852 rem.
877 2801 1153 2854 (.‘outendo
1174 2804 1337 2867 cuitu,
1359 2819 1420 2858 ex
1450 2819 1783 2874 quacumque
1810 2805 2103 2859 substantia
2128 2822 2310 2874 supra-

725 2891 865 2945 dicta
893 2893 1218 2947 cornstitisset
1253 2894 1477 2949 hutnrina
1515 2899 1730 2960 anima,
1773 2913 1876 2951 non
1919 2899 2152 2966 potuisse
2192 2914 2311 2952 eam

727 2983 779 3038 iu
812 2995 916 3038 tam
945 2990 1210 3042 contraria
1254 2990 1535 3060 unicuique
1585 2993 1895 3046 substantia:
1933 2993 2180 3046 animalia
2225 3009 2311 3048 rc-

728 3076 968 3141 form-tri,
1001 3091 1051 3132 et
1079 3097 1298 3134 censum
1334 3083 1412 3136 eis
1441 3082 1507 3136 de
1544 3099 1638 3138 sua
1673 3085 2018 3140 translatione
2045 3086 2310 3150 conferre,

727 3187 758 3226 a
786 3174 975 3242 quibus
1005 3175 1212 3229 excludi
1242 3191 1304 3232 ac
1344 3179 1519 3246 reSpui
1558 3179 1725 3248 magis
1755 3178 2008 3244 haberet,
2036 3195 2192 3248 quam
2221 3180 2315 3232 ad-

2411 1977 2648 2046 profecto
2692 1975 3095 2044 periclitabitur.
3137 1974 3201 2028 Et
3244 1972 3364 2027 idea
3393 1972 3616 2042 adjicio,
3648 1974 3688 2026 si
3732 1971 3870 2025 nulla
3909 1987 4017 2025 ης

2411 2071 2553 2123 tione
2583 2085 2749 2138 capax
2781 2079 2862 2122 est
2892 2067 3195 2136 hujusmodi
3229 2066 3591 2120 translationis
3627 2067 3678 2118 iu
3722 2064 4018 2128 animalia,

2411 2178 2508 2215 nec
2535 2161 2763 2214 modulis
2790 2175 3094 2228 corporum,
3127 2173 3226 2212 nec
3250 2159 3460 2212 caneris
3487 2168 3690 2211 natum
3719 2173 3828 2210 sum
3858 2157 4018 2225 legi-

2414 2255 2510 2306 bus
2531 2252 3151 2322 adatquantia,nmnquid
3176 2266 3303 2320 ergo
3321 2249 3684 2304 dcmutabitur
3704 2248 4019 2302 secundum

2410 2363 2509 2415 qua
2539 2347 2692 2399 itales
2721 2362 2974 2409 generum
3000 2386 3012 2409 ,
3043 2354 3097 2396 ct
3143 2344 3302 2397 vitam
3337 2357 3523 2396 eorum
3555 2341 3872 2395 contrariam
3904 2341 4024 2392 hu-

2413 2452 2583 2490 mame
2631 2437 2749 2489 \ilil‘.
2770 2478 2784 2499 ,
2819 2435 2952 2490 facta
2986 2445 3034 2488 et
3069 2435 3181 2503 ipsa
3211 2435 3476 2487 contraria
3506 2433 3746 2484 humanm
3773 2446 3867 2500 per
3898 2431 4020 2485 de-

2413 2530 2801 2584 mutationcm?
2849 2529 3134 2583 Enimvero
3159 2530 3202 2581 si
3230 2526 3648 2581 demutationetn
3680 2527 3820 2594 capit
3843 2524 4024 2577 amit-

2415 2632 2534 2676 tens
2563 2623 2702 2691 quod
2734 2620 2850 2683 fuit,
2889 2634 2994 2673 non
3014 2620 3114 2673 erit
3142 2634 3260 2688 qua!
3289 2619 3417 2680 fuit;
3445 2627 3499 2670 et
3525 2619 3568 2670 si
3597 2631 3714 2684 qua:
3744 2617 3858 2680 fuit,
3893 2631 4022 2669 non

2413 2717 2534 2775 erit.
2593 2714 2765 2768 Sttltlla
2811 2722 2892 2766 est
2942 2710 3444 2773 meleusomatosis,
3497 2725 3601 2762 non
3649 2707 4024 2761 adscribenda

2417 2806 2619 2859 scilicet
2665 2805 2712 2858 ci
2761 2805 2988 2866 animm,
3036 2817 3154 2869 qua:
3201 2802 3242 2854 si
3287 2799 3684 2861 dcmutabitur,
3725 2813 3831 2852 non
3873 2801 4022 2852 erit.

2419 2895 2559 2951 Illius
2589 2897 2728 2950 enim
2758 2894 3225 2948 meteusomatosis
3250 2891 3477 2954 dicetur,
3508 2905 3854 2959 τιυίιτοιιιιιίιυο
3881 2906 4026 2943 eam

2419 2991 2471 3043 in
2502 2998 2756 3043 suostatu
2786 2987 3150 3056 permaneudo
3179 2994 3468 3054 pateretur.
3504 2984 3671 3053 Igitur
3695 2985 3738 3037 si
3765 2998 3862 3038 nec
3888 3000 4030 3037 mu-

2421 3083 2516 3135 tari
2552 3089 2746 3149 potest,
2781 3094 2846 3132 uc
2883 3095 2988 3134 non
3020 3079 3088 3130 sit
3117 3079 3259 3146 ipsa,
3291 3092 3389 3131 nec
3418 3091 3733 3144 permanere
3762 3075 3813 3128 in
3840 3085 4028 3139 statu,

2419 3177 2539 3244 quia
2571 3172 2836 3227 contraria
2869 3187 2972 3224 non
3003 3171 3177 3238 capit,
3209 3183 3394 3239 quzero
3421 3168 3596 3221 adlmc
3635 3183 3874 3222 caussam
3904 3168 4027 3222 alio

730 3265 864 3318 mitti
886 3274 939 3320 et
958 3269 1106 3337 capi;
1138 3269 1351 3322 nomine
1375 3268 1530 3337 hujus
1554 3271 1735 3338 prima:
1757 3272 2166 3336 contrarietatis,
2194 3289 2311 3341 qua:
2342 3276 2386 3337 ρ
2420 3282 2576 3334 quam
2610 3263 2710 3318 fide
2737 3264 2950 3332 dignam
2983 3261 3286 3331 huiusmodi
3327 3260 3712 3314 translationis.
3743 3257 3873 3312 Nam
3907 3262 4031 3315 etsi

730 3357 1041 3412 substantivi
1095 3371 1265 3414 status
1316 3361 1677 3415 diversitatem
1731 3364 2052 3430 committit,
2098 3374 2222 3418 tune
2267 3376 2321 3419 et

731 3448 950 3518 reliqua:
980 3468 1073 3521 per
1097 3463 1510 3519 consequentem
1541 3455 1784 3508 ordinem
1805 3470 2063 3526 cujusque
2091 3466 2316 3511 naturam

733 3541 864 3596 Nam
909 3553 962 3597 et
1011 3545 1164 3601 sedes
1215 3548 1350 3601 alias
1399 3548 1624 3602 luuuana
1667 3550 1842 3603 anima
1886 3552 2070 3605 sortita
2111 3563 2225 3615 est,
2267 3563 2320 3605 et

734 3635 923 3700 victus,
953 3646 1005 3690 et
1033 3639 1337 3700 instructus,
1369 3650 1422 3693 et
1448 3656 1654 3706 sensus,
1686 3651 1739 3696 et
1770 3641 2014 3708 affectus,
2046 3654 2098 3698 ct
2127 3659 2320 3698 concu-

735 3725 906 3792 bitus,
941 3739 993 3782 et
1027 3728 1217 3789 fmlus:
1258 3731 1382 3783 item
1427 3734 1666 3799 ingenia;
1715 3743 1826 3787 tum
1868 3749 2028 3804 opera
2054 3776 2068 3798 ,
2107 3737 2318 3804 gaudia,

737 3817 914 3878 taedia,
946 3819 1091 3883 vitia,
1121 3820 1421 3888 cupidines,
1454 3823 1777 3892 voluptates,
1807 3827 2140 3882 valetudines
2161 3870 2175 3892 ,
2211 3845 2320 3883 mc-

737 3908 971 3972 dicinas;
1028 3927 1152 3966 suos
1203 3925 1504 3980 postremo,
1549 3927 1603 3970 et
1637 3918 1756 3971 vita:
1809 3919 2030 3984 modos,
2063 3930 2116 3973 et
2151 3923 2324 3976 exitus

737 4002 943 4055 mortis.
978 4003 1053 4072 (ὁ)
1099 4003 1378 4071 Quomodo
1437 4008 1595 4076 igitur
1643 4009 1730 4062 illa
1782 4013 1958 4065 anima
2005 4028 2124 4081 quae
2166 4014 2324 4066 terris

739 4093 1054 4159 inhazrebat,
1086 4097 1285 4150 nullius
1313 4100 1689 4158 sublimitatis.
1724 4102 1921 4156 nullius
1948 4103 2326 4172 proiunditatis

739 4187 998 4256 intrepida
1027 4231 1039 4251 ,
1069 4203 1292 4242 ascensu
1332 4191 1491 4244 etiam
1534 4193 1795 4246 scalarmn
1837 4192 2157 4264 fatigabilis,
2189 4196 2321 4248 sub-

741 4295 920 4335 mcrsu
965 4281 1123 4335 etiam
1168 4282 1490 4350 piscinarum
1538 4285 1962 4354 strangulabilis,
1997 4288 2107 4343 aeri
2142 4299 2324 4356 postea

2422 3358 2636 3426 quidam
2661 3356 2905 3408 homines
2929 3354 3112 3407 bestiis
3138 3353 3514 3422 adaequamur,
3544 3366 3641 3420 pro
3669 3350 4035 3420 qualitatibus

2425 3459 2714 3512 Inormu,et
2734 3447 3147 3517 iugeniorum,et
3167 3444 3620 3512 adfectuum,quia
3643 3453 3692 3497 et
3718 3443 3852 3496 Dens
3875 3460 3888 3496 :
3917 3444 4036 3498 As-

2421 3543 2669 3596 rimilutus
2701 3551 2790 3603 est,
2817 3541 3004 3610 inquit,
3031 3539 3179 3591 ltomo
3198 3537 3627 3591 irrationabilibtu
3647 3537 3886 3607 juuteutis
3914 3538 4034 3604 (e);

2425 3653 2529 3692 non
2555 3636 2674 3690 ideo
2699 3636 2842 3688 milvi
2871 3649 2935 3687 ex
2960 3633 3240 3702 rapacibus
3271 3631 3416 3695 fient,
3442 3640 3495 3686 et
3514 3645 3674 3684 canes
3694 3645 3757 3684 ex
3778 3632 4034 3700 spurcis,

2425 3741 2479 3785 et
2508 3731 2778 3800 panthcr:e
2804 3744 2869 3782 ex
2897 3727 3125 3792 acerbis,
3149 3735 3241 3779 aut
3268 3739 3396 3780 oves
3422 3739 3485 3782 ex
3511 3723 3711 3792 probis,
3741 3732 3795 3778 et
3825 3723 4001 3778 hirun
4023 3753 4037 3763 -

2426 3822 2578 3876 dines
2611 3836 2677 3875 ex
2718 3820 2944 3888 garrulis
2965 3861 2980 3881 ,
3009 3827 3062 3870 et
3091 3816 3352 3870 colmubze
3381 3831 3446 3870 ex
3492 3814 3728 3884 pudicis;
3761 3813 3832 3885 (Ῑ)
3862 3817 4040 3884 quasi

2427 3915 2614 3970 eadem
2662 3912 2956 3968 substantia
2997 3912 3188 3964 animm
3243 3909 3440 3978 ubique
3485 3915 3727 3961 naturam
3770 3920 3934 3960 suam
3983 3910 4042 3962 in

2429 4007 2738 4060 animalium
2781 4003 3195 4074 proprietatibus
3236 4009 3463 4070 repetat.
3520 3997 3676 4053 Aliud
3717 4007 3797 4053 est
3838 4008 4044 4054 autem

2429 4099 2753 4163 substantia,
2796 4095 2935 4149 aliud
2975 4106 3166 4148 natura
3203 4092 3534 4147 substantiae.
3567 4089 3839 4161 Siquidem
3887 4091 4042 4146 sub-

2429 4191 2624 4244 smntia
2671 4190 2878 4259 pr0pria
2907 4197 2990 4243 est
3029 4188 3101 4241 rei
3138 4186 3393 4256 CIIjtlStlIle
3419 4225 3434 4250 ,
3470 4195 3657 4239 natura
3687 4198 3814 4236 vero
3843 4192 4048 4252 potest

2432 4299 2551 4341 esse
2591 4283 2912 4339 communis.
2954 4283 3174 4351 Suscipe
3230 4279 3557 4350 exemplum.
3598 4278 3913 4334 Substantia
3951 4289 4048 4333 est

1968 4399 2348 4457 LECTIONES
2390 4397 2802 4455 VARIAN'IES.

807 4511 877 4574 (Ι)
909 4511 1054 4574 Aqnze
1077 4519 1186 4561 Jun.

829 4571 879 4625 2i
905 4571 1130 4624 Neverim
1156 4571 1320 4625 Puris.
1349 4573 1510 4625 Geten.
1537 4577 1657 4624 Juu.

830 4641 881 4701 5)
908 4639 1059 4699 Aqua:
1089 4639 1236 4687 qu.

2355 4513 2405 4572 Ι)
2514 4510 2566 4573 Α)
2599 4509 2790 4571 Redige
2809 4508 2958 4559 Rhea.
2983 4505 3132 4558 Seml.
3157 4503 3354 4557 Oberth.

2494 4511 2570 4638 i5)
2593 4572 2960 4622 Extenderetur
2983 4576 3063 4619 aut
3087 4569 3354 4619 contrahert

2593 4562 2960 4622 Extenderetur
2983 4576 3063 4619 aut
3087 4569 3460 4619 contraheretur
3483 4568 3621 4618 Pam
3657 4562 3808 4618 llltat.

2127 4749 2684 4807 COMMENTARIUS.

747 4861 1051 4916 strinxisse.
1088 4863 1291 4916 Etenim
1323 4871 1430 4918 tam
1461 4863 1680 4919 ridicula
1707 4875 1850 4931 sunt,
1884 4873 1940 4918 ut
1962 4863 2041 4918 vel
2077 4863 2126 4916 in
2158 4874 2326 4918 trans-

747 4943 1149 5004 cursutantum
1204 4934 1430 4988 iudicata
1479 4936 1608 4990 satis
1657 4935 1979 4989 refellantur.
2031 4934 2120 4990 Sic
2171 4937 2331 5004 igitur

749 5003 1150 5057 emendavimns
1179 5005 1320 5074 quod
1350 5007 1502 5071 vulgo
1543 5007 1814 5075 legebatur
1849 5026 1858 5057 :
1897 5005 2083 5058 Licebit
2113 5017 2159 5061 et
2188 5003 2333 5072 (apu-

751 5076 843 5127 1Ιοὶ.
893 5075 948 5128 In
1003 5076 1185 5130 codice
1237 5077 1501 5146 Agobardi
1559 5078 1749 5148 legitur
1791 5118 1800 5130 .
1848 5077 2030 5130 Licebit
2083 5089 2126 5129 et
2181 5079 2326 5147 tupti.

2029 5149 2150 5204 Rto.

827 5217 912 5290 (:i)‘
952 5215 1330 5290 I'esperuigiues.
1380 5217 1492 5272 Hoc
1544 5217 2127 5290 estNVespertiliones,
2173 5221 2260 5289 qui
2301 5238 2330 5275 a

758 5287 1004 5342 Lucifero
1033 5303 1126 5341 seu
1161 5287 1519 5359 Vesperugine
1549 5289 1702 5343 stella
1747 5287 1966 5343 veneris
2008 5287 2202 5344 nomen
2242 5291 2338 5345 ha-

758 5360 1007 5431 buerunt,
1030 5374 1094 5412 eo
1116 5360 1253 5428 quod
1278 5363 1454 5431 caveis
1476 5361 1586 5414 suis
1613 5376 1715 5431 non
1742 5361 2003 5415 excedere
2032 5362 2338 5431 priusquam

757 5430 908 5482 stella
941 5429 1025 5482 illa
1047 5439 1302 5498 appareat
1327 5430 1481 5497 vulgo
1507 5430 1813 5486 credantur.
1844 5431 1919 5486 Le
1947 5429 2047 5486 Pu.

832 5501 912 5570 (b)
948 5499 1209 5565 Quomodo
1235 5501 1386 5570 igitur
1415 5501 1526 5565 iltu,
1561 5511 1663 5556 etc.
1718 5503 1792 5556 Ex
1826 5504 2080 5556 varietate
2102 5504 2341 5557 ciborum

757 5569 1105 5646 demonstrat,
1135 5569 1598 5646 transiuutatioues
1621 5575 1917 5628 animarum
1946 5584 1999 5629 et
2021 5583 2342 5646 metempsy-

758 5642 950 5694 choses
971 5641 1094 5711 fieri
1123 5655 1226 5694 non
1253 5657 1428 5711 posse.
1459 5644 1534 5697 LE
1568 5644 1664 5697 Pu.

829 5715 903 5784 (e)
939 5710 1103 5764 ltitiam
1133 5710 1320 5784 uenena
1348 5717 1640 5769 rumiuabit.
1693 5715 1814 5770 Ideo
1845 5714 1981 5770 forte
2005 5759 2020 5782 ,
2053 5717 2174 5784 quia
2202 5717 2337 5771 serio

758 5781 834 5836 bit
862 5783 1083 5847 I'linius,
1116 5782 1203 5836 lib.
1237 5783 1304 5851 Χ,
1333 5799 1380 5839 c.
1410 5785 1483 5840 25
1515 5805 1525 5838 :
1558 5787 1872 5842 Cotnruiccs
1897 5781 2101 5911 vleucgo
2123 5789 2313 5842 nutriri

1965 5875 1996 5911 ε
2073 5875 2124 5911 u.

1965 5875 1996 5913 ε
2029 5858 2124 5912 Pu.

2503 4864 2583 4932 (d)
2601 4863 2861 4928 Quomodo
2882 4876 3001 4930 ergo
3025 4860 3197 4912 animo
3223 4856 3441 4910 hominis
3483 4857 3752 4921 complebit
3777 4857 4052 4925 elephan-

2433 4936 2580 4989 tum?
2639 4933 3013 4989 Difficultatem
3067 4937 3600 4984 metemsomatoseos
3659 4944 3729 4984 ex
3784 4932 4053 4996 corporis

2434 5007 2795 5076 inzequalitate
2812 5012 2866 5057 et
2886 4999 3341 5076 disconvenientia
3366 4999 3865 5076 argnitZQnonlodo
3886 5002 4053 5056 enim

2405 5079 2521 5148 qui
2551 5068 2866 5148 elephantus
2891 5072 2989 5126 fuit
3011 5072 3162 5148 culex
3195 5085 3315 5148 esse
3347 5069 3582 5148 poterit?
3639 5068 3714 5148 με
3737 5068 3839 5148 Pu.

2511 5147 2587 5218 (e)
2621 5140 2940 5218 Assiuulotus
2983 5153 3054 5196 est
3085 5183 3098 5203 ,
3135 5141 3326 5218 inquit,
3360 5140 3512 5192 homo
3540 5141 3922 5218 irrationalibus
3947 5144 4054 5218 juf

2438 5210 2639 5271 mentis.
2663 5216 2850 5269 (ἶτωοο
2873 5223 2954 5268 est
2979 5219 3212 5281 ὡμςιώθη,
3248 5210 3438 5264 Noster
3467 5223 3642 5267 autem
3672 5213 3947 5280 interpres
3980 5215 4054 5269 ad

2442 5290 2664 5343 verbum
2697 5287 2871 5354 potius
2899 5285 3168 5354 transtulit
3193 5282 3548 5350 insipientibus
3575 5325 3587 5345 ,
3620 5299 3777 5354 quam
3813 5285 4053 5348 Auctor,

2440 5353 2820 5412 irrationalibus
2853 5373 2870 5410 :
2898 5370 3017 5409 nam
3044 5353 3230 5409 Graece
3251 5361 3333 5408 est
3359 5368 3453 5415 τοῖς
3481 5359 3715 5415 ἀνοτξτοις.
3750 5353 3891 5408 Pu.

2515 5429 2578 5503 (Γ)
2629 5429 2786 5494 Ωιι(ιεί
2825 5429 3000 5503 eodem
3041 5424 3343 5503 ⁸ειιὺιιιζηςὶα
3391 5424 3600 5477 anitum.
3635 5423 3848 5503 -Utrum
3882 5425 4057 5480 Plato

2447 5494 2934 5556 tnetensomatosim
2977 5494 3378 5550 substantialem
3427 5495 3711 5560 statuerit,
3739 5511 3806 5547 an
3835 5504 4058 5550 tantum

2447 5572 2724 5636 moralem,
2756 5571 2820 5623 lis
2848 5577 2948 5622 est.
3005 5566 3305 5621 Defendunt
3333 5565 3482 5636 illum
3530 5564 3770 5634 plerique
3819 5566 4061 5634 platoni-

2445 5657 2651 5702 corum.
2687 5635 2742 5694 ut
2782 5649 2985 5694 tantum
3034 5637 3289 5691 moralem
3323 5635 3673 5705 intelligeret;
3705 5636 3801 5691 sed
3829 5648 4061 5690 contra-

2443 5715 2580 5767 rium
2613 5712 2854 5781 pluribus
2880 5719 3104 5781 conatur
3146 5708 3394 5781 evincere
3432 5706 3679 5781 Crispus,
3713 5707 3924 5781 distrib.
3958 5707 4059 5772 III,

2442 5784 2536 5838 lib.
2568 5777 2626 5847 1,’
2643 5783 2861 5836 omnino
2910 5778 3172 5834 videndus
3203 5796 3214 5831 :
3247 5777 3336 5847 qui
3370 5785 3548 5847 tamen
3576 5819 3590 5842 ,
3648 5779 3773 5834 licet
3822 5778 4062 5834 damnet

2445 5846 2742 5917 Platonem,
2766 5851 3001 5907 defendit
3031 5846 3404 5920 Pvthagoram.
3436 5846 3569 5902 Lac.
