4250 6494
729 398 829 448 707

2178 391 2636 450 TERTULHANI

3946 396 4055 454 708

727 504 825 560 sibi
858 502 926 558 de
959 502 1197 573 pistrinis
1220 510 1274 557 ct
1303 502 1562 574 aquilegis
1598 504 1730 559 rotis
1775 504 2182 576 gratulabuntur
2227 506 2328 576 (α),
2360 507 2408 567 Λ
2440 509 2689 577 pr.rmia;
2718 522 2839 562 cum
2886 506 2933 562 si
2980 507 3122 576 quod
3149 508 3410 581 judicium
3456 509 3664 566 animas
3696 521 3899 577 manet,
3931 524 4056 581 gra-

727 596 770 649 si
802 596 1170 658 metallorum,
1204 605 1258 651 et
1298 597 1719 667 ergastulorum,
1749 607 1803 652 et
1828 612 2051 665 cperunt
2094 598 2335 669 publico-

726 704 867 751 rum,
914 688 1256 758 ipsorumque
1287 703 1592 755 carcerum,
1629 690 1750 744 licet
1790 691 2123 758 otiosorum,
2155 706 2334 746 recor-

726 781 940 834 dentur.
975 780 1201 835 Perinde
1239 783 1328 850 qui
1380 783 1584 852 integre
1625 783 1816 837 morati
1841 784 2340 841 commcndavcrint

723 871 888 943 judici
923 872 1108 937 vitam,
1140 888 1323 941 qutcro
1351 873 1565 943 praemia
1592 890 1606 938 ;
1636 874 1730 929 sed
1766 876 1941 944 potius
1969 876 2179 930 invenio
2206 890 2336 945 sup-

729 967 908 1038 plicia.
966 966 1227 1021 Nimirum
1278 982 1468 1036 magna
1523 982 1729 1021 merces
1782 967 1935 1022 leonis
1984 969 2035 1021 iu
2091 969 2339 1023 animalia

726 1073 1074 1129 qumcumque
1104 1057 1346 1112 I'CSllllli?
1382 1058 1579 1113 Pavnm
1612 1074 1668 1113 se
1688 1058 2209 1115 metninitllomcrus
2238 1060 2337 1130 (ὁ),

729 1147 901 1204 Ennio
921 1150 1241 1213 somniante;
1272 1147 1366 1203 sed
1390 1150 1559 1218 poetis
1582 1165 1680 1205 nec
1720 1150 2063 1220 vigilantibus
2101 1150 2337 1216 credam,

730 1241 850 1297 Etsi
894 1241 1287 1312 pulcherrimus
1319 1257 1504 1311 pavus,
1536 1251 1715 1312 etquo
1738 1242 1868 1297 velit
1907 1242 2088 1298 colore
2112 1242 2344 1298 cultissio

728 1355 882 1405 mus;
937 1338 1032 1393 sed
1067 1346 1242 1392 tacent
1293 1336 1601 1408 pinn:c(l),
1654 1336 1747 1391 sed
1801 1336 2047 1405 displicet
2100 1352 2236 1402 vos;
2286 1351 2340 1395 et

729 1443 903 1504 poetae
943 1429 1070 1484 nihil
1119 1428 1263 1483 aliud
1307 1444 1464 1500 quam
1514 1437 1733 1482 cantare
1787 1428 2013 1481 malunt.
2051 1428 2341 1481 Damnatus

729 1535 809 1580 est
840 1523 995 1594 igitur
1024 1522 1283 1577 llomerus
1305 1522 1355 1575 in
1382 1536 1596 1589 pavum,
1631 1535 1735 1573 non
1770 1519 2083 1574 honoratus.
2119 1520 2247 1575 Plus
2271 1520 2339 1577 de

730 1618 912 1674 s:rculi
943 1616 1378 1672 remuneratione
1412 1614 1698 1685 gaudebit,
1730 1623 1881 1682 pater
1911 1614 2121 1669 habitus
2146 1614 2341 1670 libera-

728 1710 857 1765 lium
907 1708 1331 1777 disciplinarum,
1372 1715 1428 1760 ut
1467 1707 1617 1761 malit
1662 1708 1815 1761 famze
1855 1722 1965 1761 sua!
2000 1717 2335 1773 ornamenta,

729 1817 888 1872 quam
929 1800 1111 1855 cauda:
1141 1798 1242 1871 (2).
1270 1800 1380 1869 Age
1412 1814 1573 1864 nunc,
1604 1809 1659 1852 ut
1692 1809 1861 1867 poeta:
1893 1799 1944 1852 in
1977 1814 2140 1868 pavos
2171 1799 2253 1853 vel
2286 1800 2336 1853 in

2444 602 2557 656 vius
2597 601 2791 657 debeat
2818 600 2967 657 credi
3000 600 3052 656 in
3105 600 3478 672 dispunctione
3505 603 3647 667 vitas,
3677 619 3836 672 quam
3868 604 3921 657 in
3953 602 4056 656 ad-

2442 692 2878 747 Ininislralione:
2927 694 3049 763 quia
3111 693 3241 749 nihil
3291 694 3520 764 plenius.
3571 710 3728 763 quam
3781 693 3924 764 quod
3958 709 4056 748 ex-

2443 785 2697 848 tremius;
2730 783 2862 837 nihil
2918 794 3097 839 autem
3150 785 3379 855 plenius,
3413 799 3570 856 quam
3605 786 3746 856 quod
3792 785 4054 840 divinius.

2446 877 2583 931 Deus
2628 876 2808 947 itaque
2856 876 3120 945 judicabit
3167 877 3378 946 plenius
3410 878 3507 947 (c),
3562 879 3684 948 quia
3731 877 4053 942 extremius,

2442 983 2537 1038 per
2565 970 2894 1022 sententiam
2937 976 3193 1024 :cternam
3223 979 3329 1025 tam
3361 970 3608 1039 supplicii
3637 985 3797 1040 quam
3830 967 4057 1038 refrigeo

2444 1062 2530 1126 rii,
2563 1076 2661 1117 nec
2689 1062 2741 1115 in
2774 1062 2992 1125 bestias,
3033 1062 3126 1117 sed
3173 1062 3224 1116 in
3255 1078 3347 1119 sua
3390 1077 3616 1133 corpora
3660 1062 4057 1119 revertentibus

2442 1154 2725 1208 animabus
2761 1172 2772 1205 :
2801 1166 2855 1209 et
2877 1152 2980 1208 hoc
3009 1155 3199 1221 semel,
3232 1164 3287 1210 et
3319 1156 3369 1209 in
3401 1170 3522 1209 eum
3552 1154 3693 1210 diem
3716 1170 3879 1225 quem
3906 1154 4058 1209 solus

2444 1245 2604 1301 Pater
2637 1247 2803 1312 novit,
2835 1255 2892 1301 ut
2931 1246 3159 1316 pendula
3190 1248 3565 1317 expectatione
3592 1246 3903 1301 sollicitudo
3935 1246 4057 1301 fidei

2444 1339 2731 1408 probetur;
2763 1353 2980 1405 semper
3000 1338 3142 1394 diem
3170 1338 3488 1403 observans,
3513 1340 3639 1393 dum
3669 1354 3888 1409 semper
3908 1339 4057 1410 igno-

2444 1439 2560 1497 rat;
2586 1429 2826 1500 quotidie
2856 1429 3071 1496 timens,
3104 1429 3247 1499 quod
3272 1430 3513 1499 quotidie
3537 1440 3738 1501 sperat.

2983 1522 3212 1578 CAPUT
3252 1522 3496 1578 XXXIV.

2514 1616 2664 1671 Nulla
2712 1615 2930 1685 quidem
2984 1615 3040 1671 in
3088 1614 3169 1687 (7)
3233 1615 3555 1671 hodiernum
3612 1616 3903 1671 dementiae
3955 1616 4054 1671 hu-

2439 1711 2674 1779 jusmodi
2720 1712 2988 1765 sententia
3031 1711 3207 1779 erupit
3251 1711 3351 1763 sub
3382 1711 3597 1765 nomine
3630 1711 3907 1770 lneretico,
3938 1727 4056 1780 qua:

2444 1801 2705 1856 lmmanas
2733 1802 2941 1856 animas
2968 1802 3194 1872 relingat
3224 1803 3274 1854 in
3322 1803 3541 1857 lscst<a<.
3587 1801 3692 1856 Sed
3748 1805 4054 1857 necessarie

739 1907 938 1965 cycnos
967 1899 1258 1955 transeant,
1292 1891 1335 1945 si
1364 1891 1445 1945 vel
1489 1892 1671 1963 cycnis
1696 1892 1887 1945 decora
1911 1906 2007 1947 vov
2046 1900 2161 1955 est;
2195 1890 2336 1961 quod
2368 1904 2415 1963 Β
2445 1893 2582 1949 hanc
2611 1909 2825 1965 quoque
2854 1896 3088 1965 speciem
3120 1895 3401 1950 intulimus
3428 1907 3479 1951 et
3505 1897 3859 1964 exclusimus,
3886 1907 3942 1951 ut
3968 1911 4055 1950 sn-

729 1988 924 2043 animal
968 1986 1156 2041 inducs
1196 1986 1311 2038 viro
1353 1984 1499 2053 justo
1538 1984 1706 2039 IEaco
1752 1983 1847 2054 (5),
1901 2000 2059 2055 quam
2111 1984 2334 2039 bestiam

731 2082 952 2150 integra:
1002 2080 1234 2135 hemina:
1268 2078 1499 2132 Didoni?
1543 2093 1701 2147 quam
1732 2077 2003 2132 volucrem
2056 2079 2333 2146 patientia,

730 2192 763 2247 q
787 2191 886 2227 nun
922 2170 1179 2243 pecudem
1207 2170 1583 2235 sanctimonia,
1609 2185 1766 2239 quem
1801 2170 2002 2238 piscem
2031 2170 2333 2224 innocentia

729 2270 1060 2325 sortientur?
1088 2266 1277 2324 Omnia
1328 2268 1520 2320 famula
1558 2275 1681 2320 sunt
1719 2265 1966 2330 hominis,
1989 2266 2165 2319 omnia
2207 2268 2333 2319 sub.

723 2365 888 2436 jecta,
920 2364 1097 2418 omnia
1130 2362 1451 2432 mancipata.
1487 2359 1541 2415 Si
1573 2360 1697 2430 quid
1747 2359 1936 2413 horum
1986 2359 2196 2413 futurus
2226 2368 2329 2424 est,

728 2458 1095 2513 detninoratur
1123 2455 1223 2527 (4).
1256 2454 1371 2508 lllic
1400 2454 1506 2516 ille,
1556 2453 1640 2507 cui
1674 2453 1742 2507 ob
1773 2453 1958 2505 merita
1988 2450 2113 2505 vitte
2142 2451 2332 2521 imagi-

731 2566 846 2612 nes,
879 2557 1089 2609 statuat,
1124 2556 1174 2600 et
1226 2546 1381 2609 tituli,
1422 2546 1652 2598 honores
1684 2544 1918 2611 publici,
1951 2544 2220 2614 privilegia
2248 2559 2333 2598 re-

731 2641 1072 2711 peinluutur?
1102 2640 1186 2694 cui
1219 2639 1388 2699 curia,
1420 2639 1503 2691 eui
1556 2636 1781 2707 populos
1824 2634 2090 2706 sulfragiis
2136 2636 2329 2690 imum-

727 2734 840 2790 l.it?
868 2733 912 2789 0
948 2732 1146 2803 judicia
1191 2732 1368 2785 divina
1414 2739 1531 2800 post
1570 2711 1799 2783 mortem
1832 2726 2078 2781 humanis
2111 2726 2332 2782 menda-

727 2828 872 2882 ciora
904 2825 1007 2895 (5).
1048 2823 1471 2894 conteinptibilia
1526 2822 1593 2876 de
1650 2822 1846 2892 pretiis,
1905 2819 2209 2876 fastidibilia
2264 2820 2331 2875 de

728 2919 937 2991 gratiis,
968 2934 1086 2988 quae
1111 2931 1208 2973 nec
1231 2915 1445 2987 pessimi
1468 2923 1729 2979 metuant,
1750 2927 1847 2967 nec
1864 2914 2052 2981 Optimi
2085 2914 2335 2982 cupiant;

731 3016 797 3070 ad
829 3029 947 3084 quae
999 3011 1081 3084 (6)
1117 3014 1284 3083 magis
1315 3010 1554 3072 scelesti,
1589 3023 1747 3079 quam
1780 3008 1947 3063 sancti
1977 3010 2176 3077 quique
2209 3023 2336 3077 pru-

734 3108 992 3179 perabunt
1023 3125 1036 3162 :
1064 3107 1158 3171 illi,
1191 3117 1245 3162 ut
1267 3105 1530 3176 justitiam
1550 3102 1731 3159 szcculi
1755 3102 1913 3157 citius
1937 3103 2200 3167 evadant;
2228 3104 2336 3175 isti,

730 3213 787 3257 ut
836 3202 1038 3257 tardius
1084 3216 1203 3255 eam
1234 3198 1479 3269 capiant?
1535 3197 1701 3263 Bene,
1730 3196 2057 3267 philosOphi,
2089 3195 2297 3253 docetis
2318 3239 2333 3264 ,

731 3295 930 3351 utiliter
953 3293 1209 3357 suadetis,
1262 3291 1463 3348 leviora
1520 3299 1640 3361 post
1686 3301 1915 3345 mortem
1960 3290 2216 3360 supplicia
2250 3291 2333 3347 vel

2446 1988 2745 2057 purioribus
2784 1987 3168 2050 coharentem,
3201 2002 3309 2058 quo
3356 1988 3576 2057 perinde
3602 1989 3654 2043 in
3700 2004 3839 2059 pavo
3873 2000 4051 2043 retun-

2442 2085 2661 2140 :lerctur
2689 2083 2973 2147 llumcrns,
3010 2084 3150 2139 sicut
3178 2085 3229 2137 in
3259 2082 3562 2155 Pythagora
3587 2083 3950 2153 Euphorbus;
3974 2095 4052 2137 at-

2439 2193 2541 2245 «μω
2574 2177 2641 2229 ita
2669 2178 2766 2230 hac
2792 2175 2954 2230 etiam
2982 2174 3435 2246 metempsycbosi
3456 2176 3571 2230 sive
3600 2176 4050 2231 nietensomatosi

2438 2285 2773 2340 repercussa,
2803 2268 2892 2323 illa
2921 2284 3110 2323 rursus
3145 2268 3447 2323 mederetur
3495 2284 3614 2339 qua:
3643 2268 3849 2338 aliquid
3881 2268 4050 2322 hatre-

2438 2363 2557 2418 ticis
2583 2361 3023 2416 subministravit.
3048 2359 3181 2415 Nam
3200 2370 3255 2415 et
3276 2360 3463 2416 Simon
3488 2361 3773 2414 samaritcs
3813 2361 3868 2413 in
3899 2361 4045 2414 Actis

2435 2453 2819 2522 Apostolorum
2850 2452 3162 2522 redemptor
3185 2451 3419 2521 Spiritus
3445 2451 3653 2517 Sancti,
3700 2461 4047 2521 posteaquam

2434 2546 2716 2601 damnatus
2741 2544 2811 2599 ab
2841 2545 2957 2614 ipso
2982 2559 3101 2598 cum
3131 2544 3355 2614 pecunia
3388 2559 3481 2597 sua
3514 2544 3568 2598 in
3613 2542 3694 2614 (8)
3751 2544 4044 2608 interitura,

2434 2643 2635 2698 frustra
2682 2636 2829 2692 ﬂevit
2861 2635 2943 2710 (ά)
2988 2651 3287 2692 conversus
3318 2636 3384 2690 ad
3415 2636 3658 2691 veritatis
3690 2636 4046 2706 expugnatio-

2437 2747 2581 2797 nem,
2615 2732 2765 2801 quasi
2797 2744 2894 2801 pro
2940 2729 3136 2785 solatio
3180 2729 3427 2795 ultionis,
3486 2728 3648 2783 fultus
3696 2726 3865 2783 etiam
3918 2728 4045 2781 artis

2437 2840 2549 2879 suze
2580 2824 2803 2889 viribus,
2834 2822 2900 2877 ad
2932 2822 3230 2892 pnestigias
3256 2823 3470 2876 virtutis
3494 2821 3725 2890 alicujus
3774 2820 4043 2875 llelenam

2441 2920 2727 2991 quamdam
2776 2920 2967 2988 tyriam
2997 2918 3065 2974 de
3096 2919 3215 2974 loco
3246 2918 3483 2973 libidinis
3514 2916 3834 2988 publica:(e)
3860 2915 4043 2971 eadem

2444 3016 2667 3085 pecunia
2693 3012 2943 3080 redemit,
2972 3013 3187 3084 dignam
3220 3013 3322 3069 sibi
3378 3012 3681 3068 mercedem
3723 3026 3824 3082 pro
3848 3010 4046 3081 Spiritu

2442 3108 2640 3164 Sancto
2664 3105 2757 3180 (f).
2794 3106 2940 3162 Etse
2967 3106 3185 3177 quidem
3236 3106 3388 3161 finxit
3429 3105 3507 3177 (9)
3528 3121 3799 3161 summum
3820 3116 4044 3175 patrem,

2443 3200 2587 3254 illam
2622 3214 2749 3254 vero
2771 3198 3115 3268 injectionem
3132 3214 3283 3253 suam
3303 3199 3530 3269 primam
3548 3198 3649 3271 (g),
3667 3214 3771 3268 qua
3790 3198 4047 3268 injecerat

2442 3294 2663 3365 angelos
2688 3302 2742 3347 et
2769 3292 3121 3365 archangclos
3145 3294 3419 3349 condere:
3451 3293 3610 3363 hujus
3638 3306 3757 3349 eam
3788 3292 4046 3363 propositi

1984 3400 2360 3460 LECTIONES
2390 3403 2806 3460 VARIANTES.

795 3498 867 3621 ὃ)
893 3500 1078 3576 Penda:
1100 3497 1211 3566 Rig.
1240 3501 1365 3579 Ven.

850 3566 868 3621 )
893 3563 1076 3614 Gaudta
1099 3561 1253 3615 Rhea.
1276 3563 1365 3612 Sen

819 3557 868 3629 2)
893 3563 1076 3629 (jaudia
1099 3557 1253 3615 Rlien.
1270 3560 1428 3629 _Seml_.
1445 3558 1669 3629 gaudeat
1692 3560 1835 3629 Pagi.
1866 3557 2021 3629 Frgn.

817 3620 869 3685 3')
897 3625 1080 3676 Deloco
1105 3630 1226 3677 Par.
1252 3625 1409 3685 dejoci
1439 3622 1541 3685 Lat.
1568 3620 1739 3685 dejoce
1760 3620 2077 3685 Pinanrqn.

821 3678 869 3749 ll
897 3687 1224 3738 Diminoratur
1245 3678 1388 3749 1_’a'm.
1414 3683 1567 3749 RJten.
1587 3681 1697 3749 ﬂig.
1723 3690 1842 3749 ἰέη.
1881 3680 2036 3732 Seml.
2065 3678 2261 3733 Oberth.

819 3741 870 3803 si
893 3750 1187 3802 Meudiciora
1208 3747 1362 3802 Rhen.
1387 3746 1538 3799 Semt.
1570 3741 1764 3798 Obérth.

2362 3499 2406 3561 C
2502 3493 2580 3617 (ϐ)
2608 3495 2772 3559 Atque
2795 3496 2950 3545 Fran.

2526 3558 2577 3617 7)
2607 3560 2677 3609 Ad
2704 3561 2850 3608 Pam.
2878 3555 2950 3610 Rh

2526 3555 2577 3610 7i
2607 3555 2850 3609 Ad'Pam.
2878 3555 3032 3610 Rhea.

2500 3620 2573 3679 (8)
2600 3620 2655 3670 In
2680 3620 2830 3671 omiu.
2853 3622 3004 3671 Frau.

2502 3564 2553 3617 (7
2607 3564 2677 3609 Ad
2704 3564 2850 3608 Pam.
2878 3564 3032 3610 Rhea.

2500 3622 2552 3679 (8
2600 3620 2655 3670 In
2680 3620 2830 3671 omiu.
2853 3622 3004 3671 Frau.

2499 3564 2577 3749 (9i
2600 3683 2764 3746 Fingit
2785 3681 2938 3737 Rhen.
2964 3682 3115 3733 Seml.

2100 3826 2289 3883 COMM
2300 3826 2668 3884 ENTARIUS.

803 3934 881 4000 (a)
929 3928 1188 4001 Aquilegis
1256 3923 1718 4001 rotis.__1umenta_,
1752 3922 1921 3987 muli,
1965 3930 2024 4001 et-
2052 3921 2204 4001 asini‘
2235 3921 2325 4001 qni

733 3990 881 4059 hisce
911 3990 1171 4057 machinis
1192 3995 1469 4054 volvendis
1490 3993 1908 4062 occupabantur.
1948 3993 1993 4047 si
2026 3990 2326 4061 quatido’in

736 4075 980 4131 homines
1026 4070 1217 4126 mutari
1267 4066 1569 4136 contigerit.
1622 4064 1688 4119 de
1729 4080 1823 4119 sua
1864 4064 1961 4119 sibi
2012 4064 2328 4136 Conditione

731 4145 1169 4216 gratulabuntur;
1198 4135 1470 4216 vertendis
1492 4138 1655 4216 enini
1680 4135 1827 4192 hisce
1852 4136 1984 4216 rotis
2001 4215 2005 4216 ν
2023 4148 2139 4216 non
2177 4135 2324 4189 insu-

732 4207 953 4273 dabunt.
987 4214 1263 4269 Vitruvius
1287 4212 1403 4278 illas
1429 4208 1719 4271 describit;
1748 4215 1901 4261 erant
1924 4207 2323 4278 auteminstru-

734 4297 913 4344 menta
941 4302 1056 4357 qua:
1085 4285 1264 4357 situlis
1288 4294 1339 4357 et
1368 4276 1507 4357 vasis
1536 4279 2074 4357 quihusdamaquam
2106 4276 2323 4332 haurie-

733 4361 884 4420 bant.
905 4349 1067 4424 atque
1092 4354 1469 4424 effundebant.
1487 4352 1569 4424 Ls;
1590 4349 1686 4404 Pn.

735 4463 738 4467 ι
806 4419 887 4503 (b)
943 4419 1139 4503 Panum
1163 4442 1231 4503 _se
1269 4422 1492 4503 meminit
1527 4421 1794 4503 Homerus.
1823 4419 1991 4472 Ennio
2016 4419 2322 4473 somniante.

734 4491 1018 4558 Perierunt
1046 4499 1130 4552 illa
1162 4497 1315 4552 Ennii
1348 4494 1508 4549 verba
1540 4494 1733 4562 quibus
1760 4491 1813 4544 in
1838 4504 2034 4562 pavoni
2051 4502 2323 4562 mutatum

2509 3920 2588 3994 (ρ)
2621 3920 2872 3976 Helenam
2926 3920 3203 3985 quamdam
3234 3921 3418 3992 tyriam
3443 3922 3506 3976 de
3541 3920 3654 3976 loco
3701 3921 3929 3977 libidinis
3954 3939 4048 3989 pu-

2489 3995 2595 4045 iere.
2622 3994 2877 4045 Irenteus.
2902 3991 2993 4045 lib.
3016 3990 3058 4045 Ι.
3087 4008 3207 4045 can.
3225 3991 3319 4045 20.
3338 3994 3717 4045 uumstuariam
3738 3994 3897 4045 dixit-
3921 3994 4044 4045 Rm.

2432 3991 2595 4048 bliere.
2622 3994 2877 4057 Irenteus,
2902 3991 2993 4046 lib.
3016 3991 3058 4058 l,
3087 4008 3207 4060 cap.
3225 3991 3319 4059 ευ,
3338 3994 3717 4063 qurestuariam
3738 3994 3897 4055 dixit.
3921 3994 4044 4050 th.

2432 4095 2503 4107 -—
2533 4064 2782 4119 Helenam
2822 4064 3109 4135 quamdam
3120 4064 3331 4135 tyriam.
3363 4064 3495 4119 Tum
3530 4064 3638 4130 hic,
3670 4076 3781 4120 tum
3806 4082 3927 4135 cap.
3962 4082 4050 4120 se-

2428 4138 2641 4204 quenti,
2675 4136 2915 4191 Helenen
2938 4135 3068 4207 _sive
3095 4133 3349 4207 Helenam
3376 4137 3724 4207 retinuimus,
3756 4133 4048 4207 lum—quod

2428 4208 2613 4263 Simon
2631 4208 2718 4261 ille
2736 4221 2923 4275 magus
2937 4205 3073 4259 hanc
3095 4204 3339 4260 eamdem
3367 4205 3534 4261 fuisse
3555 4208 3759 4262 diceret
3780 4204 4046 4262 Helenam

2431 4280 2692 4355 t_roj_anam
2744 4277 2911 4339 illam,
2971 4285 3080 4355 tum
3123 4275 3267 4355 quod
3314 4280 3476 4355 etiam
3530 4280 3609 4332 sic
3662 4278 3971 4355 appe|_le_t_ur
4017 4296 4047 4333 a

2430 4350 2489 4404 Β.
2515 4346 2997 4419 'Justinoniartyge
3031 4346 3271 4419 Apolog.
3312 4347 3374 4412 ll,
3410 4357 3465 4402 ct
3486 4358 3606 4413 post
3625 4346 3749 4403 eum
3780 4351 3851 4402 ab
3876 4350 4047 4404 Euse-

2431 4423 2517 4475 bio
2543 4436 2714 4487 graeco
2743 4417 2882 4472 flisl.
2905 4417 3083 4491 Eccl.,
3115 4417 3296 4480 libyll,
3324 4436 3440 4491 cap.
3482 4420 3691 4491 Huscu
3716 4421 3808 4479 15;
3836 4420 3895 4475 Β.
3930 4420 4050 4476 Hic-

2431 4506 2666 4563 ronym.,
2717 4491 2866 4557 epist.
2899 4491 2966 4542 ad
2999 4489 3395 4563 Ctesiphontem
3426 4492 3543 4563 adt}.
3571 4489 3773 4563 Pelugﬁ
3808 4491 4042 4563 Epiph.,

733 4574 806 4627 ait
839 4573 1159 4632 Homerum;
1187 4570 1293 4650 d_uo
1333 4576 1457 4635 puto
1488 4559 1888 4650 fuissesmmiiul
1907 4560 2183 4650 Eptiii,”de
2209 4563 2328 4650 qui.-
2354 4589 2406 4649 Ι)
2434 4559 2561 4650 lue-ii.
2596 4563 2683 4626 ‘21,
2713 4561 3051 4650 ιιοιλευιιίίῑιέΙ
3092 4560 3435 4650 Theodore-lo
3496 4559 3976 4644 ΙΙωιτιίΕήζιέΙίΙ).
4002 4563 4041 4627 Ι,

734 4645 833 4700 bus
860 4653 1125 4697 auctores.
1154 4640 1230 4695 Ad
1259 4632 1376 4693 eam
1400 4652 1510 4689 rem
1540 4635 1807 4705 pertinere
1837 4632 1923 4686 illa
1950 4632 2117 4687 Persii
2142 4643 2242 4687 sat.
2270 4633 2325 4700 6,

774 4718 964 4770 utarim
998 4730 1011 4766 :

735 4732 1083 4847 p‘lli‘zgi"?tll)el
1101 4779 1359 4847 hocAEuni,
1386 4786 1635 4842 postquam
1656 4774 1941 4847 destertuit,
1967 4785 2080 4847 esse

828 4833 1108 4903 Simonides,
1135 4845 1334 4907 quintus
1347 4833 1543 4905 pavone
1571 4852 1634 4888 ex
1660 4837 1997 4900 Pythagorico.
2038 4833 2105 4883 Le
2125 4833 2213 4882 Pa.

809 4930 887 5004 (ρ)
916 4930 1054 4985 Deus
1078 4930 1248 4995 itaque
1284 4923 1539 4996 jutlicabit
1593 4920 1828 5004 plenius,-
1867 4919 1985 5004 quia
2036 4917 2324 4970 extremius.

736 4989 997 5060 Nimirum
1026 4989 1361 5054 extremo'ac
1390 4989 1643 5059 supremo
1669 4990 1889 5058 judicio.
1922 4989 2041 5044 lttc.

806 5075 958 5129 CAP.
1013 5068 1256 5127 xxxw.
1324 5096 1395 5106 -
1456 5057 1533 5135 (in
1592 5057 1807 5135 mum
1856 5061 2011 5129 ιιρυίι.
2071 5057 2182 5135 Hoc
2203 5069 2325 5123 est,

737 5146 934 5202 frustra
958 5141 1225 5212 pwnituit.
1256 5131 1473 5194 Etenim
1494 5135 1662 5212 Lucas
1694 5133 1745 5187 iu
1779 5134 1924 5212 actis
1950 5131 2326 5200 Apostolorum

738 5217 899 5272 ll‘atlit
925 5204 1198 5269 Simonem
1258 5212 1416 5265 istum
1448 5206 1751 5260 saniaritani
1782 5204 1908 5255 llit‘il
1936 5220 2014 5253 sui
2056 5213 2202 5254 crrlc
2238 5216 2326 5255 sa-

738 5289 918 5357 crilegi
960 5283 1283 5357 pmuitentia_
1307 5280 1545 5357 ductum,
1580 5277 1890 5357 obsﬁecrassc
1922 5273 2133 5353 l’etrnm
2172 5281 2329 5326 ciete-

738 5345 934 5426 rosqiie
961 5345 1231 5427 apostofos
1272 5352 1322 5405 itt
1356 5348 1706 5427 lizeenvcrba':
1744 5345 2093 5427 Deprecamini
2132 5359 2223 5411 pro
2253 5359 2331 5427 me

739 5414 879 5499 apud
912 5414 1205 5499 Dominum,
1234 5420 1790 5499 ne_q.~:id_honon_qua:
1822 5414 2099 5499 adversum
2144 5414 2329 5499 nte-di.

740 5485 885 5555 a'islis
922 5500 1135 5554 eveniat.
1168 5485 1244 5551 Ac
1285 5485 1351 5549 de
1405 5493 1623 5547 Simone
1656 5489 1828 5542 Lucas
1878 5494 2134 5553 przeturea
2169 5485 2326 5537 nihil.

742 5572 1030 5642 Septimius
1078 5570 1170 5633 ait,
1232 5567 1426 5642 frustra
1458 5578 1588 5642 (illm.
1622 5558 1860 5642 ﬂevisse.
1891 5555 2226 5642 Quodetiani
2258 5555 2327 5642 ita

742 5625 908 5711 accipi
940 5650 1134 5710 potest.
1157 5625 1224 5691 ἰιι
1248 5638 1440 5691 frustra
1472 5632 1685 5711 ﬂevisse
1708 5629 1936 5711 dicatur,
1968 5629 2054 5695 qui
2078 5640 2216 5711 eum

742 5704 901 5770 fidem
941 5704 1282 5768 christianam
1341 5704 1676 5778 accessisset,
1735 5709 1975 5762 testatus,
2027 5707 2095 5778 ⁸ιιι
2142 5704 2330 5778 verisi-

743 5766 870 5842 inile
894 5766 1023 5848 est,
1044 5798 1101 5839 sc
1127 5781 1357 5852 magicas
1378 5786 1524 5831 artes
1550 5774 1775 5845 ejcrarc,
1806 5786 1868 5852 ac
1899 5766 2328 5852 poenitcrcIfran-

743 5837 1295 5927 ἓίἰὲῖιῖι-ριλῖειίιιτιιηιιῖι,⁸
1324 5860 1503 5927 postea
1542 5837 1717 5927 tamen
1745 5841 1818 5927 ad
1850 5837 2063 5899 easdem
2092 5837 2330 5896 fallacias

744 5939 799 5990 ct
828 5913 1145 6003 inqiosturas
1171 5913 1371 5997 perﬁde
1392 5918 1720 5979 revertisset.
1745 5913 1863 5973 ιὶισ.

2433 4643 2487 4688 et
2518 4636 2757 4687 Damase.
2789 4630 2877 4685 lib.
2911 4631 2973 4683 (lc
3005 4630 3200 4684 llwres.
3231 4633 3384 4700 Apud
3415 4634 3532 4687 lrcn
3553 4649 3674 4686 rum
3708 4635 3923 4687 variant
3945 4649 4045 4689 co-

2432 4705 2599 4769 dices,
2655 4718 2976 4773 quamquam
3024 4704 3204 4773 plures
3260 4702 3493 4757 Seleuem
3528 4704 3730 4772 legant,
3764 4704 4045 4773 quomodo

2433 4780 2591 4830 etiam
2610 4771 2683 4829 Β(
2700 4778 2921 4843 August.
2948 4772 3040 4827 lib.
3065 4774 3128 4827 de
3152 4771 3374 4841 "teres,
3400 4771 3645 4829 nurum..-
3668 4771 3923 4830 versione
3947 4790 4044 4829 sua

2436 4847 2669 4908 Eusebii,
2696 4844 2931 4915 Cyrtllus
2957 4844 3172 4906 alietthi,
3202 4857 3250 4899 el
3285 4855 3409 4898 ante
3430 4861 3619 4899 omnes
3648 4846 3746 4898 hes
3792 4847 4048 4902 Clemens

2436 4919 2571 4987 Papa
2604 4918 2654 4971 in
2694 4916 2951 4985 fleccguit.
2989 4915 3074 4968 tibi
3108 4932 3142 4987 a
3189 4918 3309 4969 luna
3348 4932 3465 4984 qtlze
3505 4932 3680 4987 grtecc
3705 4926 3879 4979 σελινη
3909 4919 4047 4973 dici-

2433 4985 2540 5049 tur.
2574 4987 2891 5060 appellatam
2932 4988 3064 5060 vult.
3105 4985 3405 5044 Verisimile
3456 4985 3634 5058 itaque
3674 4998 3757 5042 est
3805 5001 4044 5060 utroque

2434 5057 3008 5128 nomineappt-llatant.
3040 5057 3175 5112 Pan.

2504 5128 2570 5203 (f)
2606 5127 2819 5203 Digitum
2866 5128 2997 5203 sibi_
3018 5128 3314 5203 mercedem.
3371 5127 3462 5184 Sic
3515 5130 3675 5183 etiam
3735 5130 3941 5203 legitur
3990 5132 4043 5203 in

2432 5198 2725 5271 exemplari
2761 5199 2926 5269 Λευὶ).
2958 5198 3307 5271 Enicndatius
3330 5210 3529 5265 tamen,
3565 5211 3621 5253 ut
3660 5198 3878 5269 OpitIDl',
3905 5202 4047 5256 scri~

2434 5270 2605 5336 betur,
2647 5287 2879 5325 mercem.
2908 5270 3150 5336 Dignam,
3174 5271 3363 5340 inquit,
3395 5286 3627 5326 mercem
3661 5272 3897 5327 redemit
3938 5273 4045 5328 sibi

2431 5342 2613 5414 Simon
2658 5342 2912 5414 Helenam
2963 5341 3110 5414 illam
3140 5342 3327 5414 eadem
3362 5343 3585 5410 pecunia
3615 5359 3719 5413 qua
3772 5344 4044 5414 Spiritum

2431 5413 2684 5473 Sanctum
2708 5412 2973 5466 redimere
2996 5412 3257 5466 voluerat.
3282 5412 3401 5469 me.

2506 5483 2584 5552 (ε)
2621 5483 2772 5538 Illam
2821 5498 2936 5535 vero
2977 5482 3296 5547 injectionem
3338 5501 3484 5538 suam
3536 5484 3778 5552 primum.
3830 5485 4046 5540 Clarius

2435 5554 2491 5609 Β.
2523 5555 2765 5611 Justinus
2812 5564 3034 5625 martyr,
3080 5556 3303 5625 primam
3331 5555 3615 5625 quamdam
3658 5563 3900 5611 mentem
3949 5573 4046 5614 seu

2435 5626 2875 5697 intelligentiam;
2911 5624 3049 5697 lreu.
3082 5624 3301 5681 ’mentis
3347 5624 3756 5696 Conceptionem
3807 5637 4044 5683 matrem

2432 5696 2694 5763 omnium,
2724 5712 2820 5769 per
2849 5710 3006 5769 quam
3030 5696 3182 5769 initio
3210 5706 3389 5753 mente
3414 5698 3662 5767 concepit
3692 5698 3930 5769 angelos
3959 5700 4046 5753 fa-

2434 5783 2555 5824 cere
2597 5779 2649 5823 et
2686 5766 3059 5837 archangelos,
3093 5768 3248 5823 sicuti
3303 5769 3537 5824 vicissim
3576 5766 3726 5832 illud,
3761 5766 3877 5837 Ejus
3935 5786 4049 5825 eam

2434 5840 2679 5913 propositi
2705 5848 2985 5911 compotem
3011 5878 3028 5907 ,
3059 5849 3189 5911 etc.,
3226 5838 3352 5899 facit
3388 5840 3453 5897 ad
3491 5839 3633 5899 lren.
3679 5841 4046 5968 iqpellrctum.

3759 5926 3854 5968 ΔΙ.
