4250 6494
781 394 881 451 7η

2191 386 2651 449 TERTULLIANI

3972 397 4077 452 712

793 529 944 573 mora
972 513 1381 571 resurrectionis
1401 526 1657 584 expenso.
1686 510 1822 580 Quid
1854 511 1938 567 his
1983 510 2229 567 sensibus
2280 525 2370 579 ap-
2400 510 2453 570 A
2482 512 2549 561 ita
2578 516 2631 563 et
2651 509 2926 565 transferri
2959 510 3010 565 in
3040 509 3266 568 alterum
3300 520 3524 582 possunt
3557 527 3624 569 ex
3654 513 3749 571 Dei
3778 514 4075 583 voluntate,

787 609 935 665 tius?
973 607 1098 679 quid
1128 609 1209 663 his
1262 606 1789 678 interpretationibus
1835 605 2054 660 verius?
2079 603 2369 667 Caeterum,

782 704 922 775 apud
964 704 1360 773 Carpocratem,
1406 702 1451 758 si
1491 702 1727 756 omnium
1789 699 2084 755 facinorum
2132 697 2363 752 debitrix

784 796 960 850 anima
982 804 1084 859 est,
1113 795 1231 865 quis
1253 796 1357 850 erit
1376 794 1621 849 inimicus
1648 802 1703 849 et
1724 792 2069 848 adversarius
2120 791 2238 859 ejus
2280 790 2365 842 in-

786 873 1135 958 telligeiidus?
1159 885 1351 950 Credo,
1378 900 1530 942 mens
1562 886 1769 947 melior,
1788 900 1909 955 qua:
1932 882 2142 937 illamin
2174 879 2373 951 aliquid

788 978 1109 1034 innocentia:
1131 978 1426 1049 iinpegcrit,
1457 975 1771 1047 adigendam
1803 989 1990 1029 rursus
2014 989 2077 1028 ac
2105 987 2288 1027 rursus
2320 973 2370 1025 in

783 1088 998 1142 corpus,
1027 1071 1199 1126 donec
1221 1072 1271 1125 in
1304 1071 1447 1125 nullo
1464 1086 1553 1125 rea
1582 1068 2015 1141 deprehendatur
2042 1067 2194 1121 bona:
2226 1065 2367 1120 vitm.

789 1164 901 1219 lloe
921 1174 1093 1217 estex
1120 1162 1274 1217 malis
1312 1161 1569 1216 fructilms
1610 1160 1803 1216 bonam
1856 1160 2101 1214 arborem
2150 1157 2372 1226 intelligi

798 1256 898 1328 (ti).
929 1256 977 1310 id
1008 1265 1110 1320 cst,
1141 1272 1203 1310 ex
1225 1255 1467 1323 pessimis
1499 1256 1779 1324 perceptis
1808 1252 2105 1307 doctrinam
2137 1250 2374 1305 veritatis

792 1349 1222 1420 agnosci.Spero
1255 1347 1556 1417 hujusmodi
1610 1346 1893 1401 bmretieos
1947 1346 2113 1401 lleliie
2162 1358 2376 1414 quoque

787 1443 1037 1499 invatlcrc
1059 1442 1387 1511 exemplum,
1422 1451 1669 1511 tanquam
1701 1442 1751 1494 in
1800 1439 2006 1495 Joanne
2060 1440 2137 1492 sic
2194 1434 2273 1508 (I)
2303 1450 2377 1490 re-

788 1535 1117 1604 praesenwi,
1154 1544 1210 1587 ut
1239 1532 1691 1603 tneteinpsycltosi
1723 1532 2086 1600 patrocinelnr
2137 1546 2371 1598 pronun-

788 1626 933 1680 tiatio
963 1624 1041 1695 (‘2)
1077 1624 1280 1678 Domini
1325 1622 1499 1695 (Matt.
1532 1622 1695 1691 XVII)
1740 1640 1751 1673 :
1786 1620 1961 1674 Helius
1992 1624 2107 1692 junt
2139 1621 2286 1686 venit,
2330 1630 2376 1672 et

788 1734 887 1770 non
908 1725 1247 1787 cognoverunt
1272 1732 1403 1768 eum.
1432 1715 1495 1769 Et
1517 1714 1640 1767 alibi
1672 1712 1850 1783 (Matt.
1880 1712 1974 1781 XI)
2001 1731 2011 1765 ε
2060 1712 2124 1765 Et
2151 1714 2195 1766 si
2228 1712 2376 1766 vultis

792 1810 989 1872 audire,
1014 1807 1097 1861 hic
1114 1817 1186 1860 est
1216 1804 1389 1859 Helias
1426 1808 1510 1875 qui
1540 1814 1773 1859 venturus
1794 1816 1886 1857 est.
1934 1802 2195 1873 Numquid
2236 1818 2365 1872 ergo

2480 612 2536 656 ut
2565 601 2763 658 factum
2796 614 2879 659 est
2909 614 3053 661 retro
3080 604 3149 659 de
3174 604 3372 676 Moysis
3394 607 3606 674 spiritu.

3010 697 3235 755 CAPUT
3300 697 3544 753 XXXVI.

2553 786 2607 840 ln
2637 784 2733 841 has
2780 788 3108 857 qnzestiones
3152 789 3297 853 inde,
3331 790 3546 858 opinor.
3575 792 3910 847 excessimus
3931 831 3946 856 ,
3977 809 4081 861 qun

2480 894 2622 935 nunc
2652 882 3028 935 revertendum
3067 889 3166 936 est.
3198 882 3276 951 (ά)
3325 881 3793 939 Constittiersmus
3836 886 4070 938 animam

2481 970 2531 1024 in
2562 972 2698 1038 ipso.
2731 982 2783 1026 et
2807 972 2922 1042 ipso
2938 974 3043 1027 seri
3079 972 3317 1040 homine,
3349 983 3405 1028 et
3434 990 3597 1029 unum
3626 991 3747 1030 esse
3789 992 3819 1030 a
3852 978 4079 1047 primor-

2478 1062 2569 1117 dio
2590 1078 2778 1119 semen
2805 1108 2820 1129 ,
2854 1065 2992 1120 sicut
3019 1074 3072 1120 et
3092 1066 3269 1119 carnis
3297 1067 3349 1119 in
3380 1075 3548 1120 totum
3568 1068 3782 1137 generis
3818 1082 4069 1129 examen,

2492 1156 2567 1224 (el
2601 1165 2817 1227 propter
2845 1158 3068 1213 a‘niulas
3094 1158 3297 1212 scilicet
3324 1158 3604 1227 opiniones
3634 1160 4078 1231 philosophorum

2478 1257 2532 1301 et
2562 1246 2957 1310 hzereticorum.
2986 1259 3040 1304 et
3081 1251 3315 1319 (Dillutn
3356 1267 3659 1307 sermonem
3705 1253 3945 1308 Platonis
3994 1270 4081 1308 ve-

2481 1348 2777 1395 ternosum.
2812 1340 2963 1397 Nune
2992 1342 3235 1397 ordinem
3266 1345 3605 1413 sequentium
3626 1344 3827 1401 exinde
3876 1356 4073 1401 tracta-

2482 1442 2627 1487 tnnm
2657 1434 2904 1489 teximus.
2935 1436 3129 1490 Anima
3154 1437 3204 1490 in
3237 1445 3391 1492 utero
3416 1439 3674 1493 seminata
3728 1441 3931 1509 pariter
3959 1460 4077 1495 cum

2480 1543 2639 1582 carne
2665 1570 2679 1594 ,
2714 1530 2910 1597 pariter
2938 1544 3059 1585 cum
3084 1531 3195 1601 ipsa
3219 1532 3445 1587 sortitur
3473 1542 3527 1588 ct
3563 1548 3757 1588 sexum
3779 1577 3793 1599 ,
3854 1535 3924 1589 ita
3971 1552 4065 1605 p1-

2481 1621 2610 1674 riter
2639 1622 2894 1676 ἰιιοεηιεεεὶ
2924 1637 3085 1677 sexus
3131 1634 3318 1680 neutra
3354 1626 3645 1681 substantia
3699 1638 3964 1682 teneatur.
4012 1628 4067 1683 Si

2480 1715 2619 1769 enim
2640 1714 2691 1769 in
2709 1715 2999 1771 seminibus
3020 1719 3296 1788 utriusque
3314 1717 3463 1775 subst
3481 1720 3573 1774 uiti
3590 1736 3621 1775 e
3643 1721 3876 1792 aliquam
3908 1724 4073 1779 inter-

2482 1806 2798 1876 capedinem
2821 1822 3006 1861 eorum
3035 1819 3329 1878 conceptus
3352 1811 3679 1876 admitteret,
3709 1826 3767 1867 nt
3792 1823 3886 1868 aut
3932 1831 4078 1879 caro,

793 1911 847 1957 et
875 1900 1049 1957 Jlldil‘i
1078 1916 1142 1956 ex
1172 1898 1423 1969 opinione
1448 1898 1788 1969 pythagorica
1815 1896 2166 1951 consulebant
2214 1895 2379 1950 Joan-
2414 1902 2460 1960 Β
2489 1907 2578 1952 aut
2603 1900 2777 1951 anima
2797 1898 2943 1967 prior
2967 1899 3349 1967 seminaretur,
3382 1911 3525 1957 esset
3557 1902 3716 1957 etiam
3744 1917 3909 1959 sexus
3962 1922 4082 1973 pro-

793 2011 914 2051 ncm
941 1993 1119 2065 (Jonn.
1146 1991 1187 2059 I)
1221 1991 1331 2045 :Tu
1376 2008 1426 2044 es
1461 1989 1635 2044 Helias
1655 1990 1677 2042 ’ἒ
1699 2000 1749 2043 et
1778 2006 1880 2042 non
1907 2003 1970 2043 ex
2006 1988 2380 2057 praedicatione

792 2083 1251 2152 divina(.llulacli.
1307 2081 1445 2151 IV):
1498 2080 1562 2134 Et
1590 2098 1700 2134 ecce
1748 2080 1940 2133 mittant
1989 2080 2125 2134 vobis
2178 2078 2380 2133 Heliam

792 2177 1033 2233 tliesbiten
1062 2178 1085 2229 Υ
1137 2176 1389 2232 Sedcnitn
1418 2172 1895 2245 metempsychosis
1921 2172 2130 2227 illorum
2163 2214 2175 2233 ,
2222 2187 2377 2226 reto-

796 2270 937 2325 Catio
965 2278 1047 2323 cst
1072 2269 1263 2321 animm
1290 2265 1608 2336 jampridem
1632 2276 1801 2321 morte
1823 2266 2033 2329 iunctm,
2069 2274 2125 2320 et
2154 2266 2204 2318 in
2236 2266 2377 2320 aliud

789 2378 985 2433 corpus
1007 2363 1228 2416 iteratus.
1266 2359 1340 2429 (ὑ)
1374 2359 1549 2413 Helias
1590 2367 1765 2412 autem
1810 2375 1913 2411 non
1961 2373 2027 2411 ex
2068 2356 2381 2411 decessione

795 2455 937 2519 vitm,
964 2452 1057 2508 sed
1084 2468 1147 2506 ex
1197 2451 1546 2505 translatione
1574 2461 1828 2504 venturus
1861 2458 1943 2503 est
1972 2464 1986 2513 ;
2040 2464 2136 2503 nec
2169 2450 2380 2519 corpori

792 2546 1159 2601 restituendus
1189 2584 1203 2607 ,
1246 2541 1313 2598 de
1342 2556 1447 2612 quo
1490 2556 1593 2595 non
1623 2539 2109 2610 estexcmptusuV
2143 2540 2250 2611 llt'g
2292 2539 2377 2608 ll);

795 2643 888 2694 sed
915 2637 1113 2693 mundo
1138 2636 1465 2701 reddendus,
1494 2634 1561 2689 de
1587 2650 1695 2705 quo
1715 2644 1797 2689 est
1826 2634 2143 2695 translatus;
2172 2648 2277 2688 non
2308 2648 2375 2687 ex

792 2732 1121 2802 postliminio
1172 2730 1312 2792 vitze,
1369 2727 1463 2782 sed
1495 2742 1560 2782 ex
1609 2726 1989 2796 supplemento
2044 2724 2376 2794 preplietim;

792 2825 932 2882 idem
956 2835 1011 2879 et
1037 2826 1151 2883 ipse
1172 2864 1187 2891 ,
1214 2832 1268 2877 et
1292 2822 1371 2875 sui
1405 2820 1636 2874 nominis
1657 2829 1711 2874 et
1739 2819 1819 2873 sui
1840 2818 2087 2871 hctninis.
2120 2818 2223 2873 Sed
2252 2833 2381 2887 quo~

799 2916 961 2973 modo
990 2914 1169 2970 Helias
1190 2910 1563 2981 Joannes(c)?
1595 2909 1772 2964 llabes
1801 2909 1971 2979 angeli
2002 2925 2186 2965 vocem
2224 2909 2377 2977 (an.

801 3009 844 3080 I)
872 3008 932 3063 Et
954 3010 1078 3077 ipse.
1108 3007 1299 3076 inquit,
1335 3004 1579 3075 pra'cedet
1607 3019 1779 3057 coram
1808 3003 1997 3073 p0pulo
2040 3005 2090 3057 in
2116 3006 2293 3059 virtute
2335 3017 2380 3060 et

791 3101 973 3170 spiritu
996 3097 1162 3153 llelia:
1188 3140 1202 3161 ,
1236 3112 1339 3151 non
1368 3096 1616 3150 inanima
1648 3094 1784 3164 ejus,
1847 3109 1945 3150 nec
1972 3095 2022 3148 in
2072 3111 2256 3150 carne.
2291 3097 2381 3152 l|;e

799 3195 944 3251 enim
968 3190 1279 3246 substantite
1299 3190 1381 3243 sui
1404 3187 1661 3257 cujusque
1687 3195 1811 3240 sunt
1849 3185 2099 3240 hominis.
2148 3188 2381 3257 Spiritus

2487 1990 2765 2058 prictalem
2794 1989 2945 2043 alteri
2971 1990 3283 2046 substantia:
3326 1991 3636 2049 adscribere
3669 2010 3765 2063 per
3811 2004 4082 2064 tempora-

2485 2082 2588 2136 lem
2617 2082 3068 2153 intermpedinem
3096 2084 3394 2148 seminum;
3448 2094 3618 2140 utaut
3667 2102 3796 2141 caro
3846 2089 4075 2153 anima,

2486 2184 2573 2229 aut
2644 2175 2819 2228 anima
2873 2174 3017 2228 carni
3074 2175 3398 2241 insculperct
3443 2192 3635 2232 sexum
3688 2180 3989 2248 :quoniam
4030 2192 4080 2234 et

2483 2267 2720 2338 Apelles,
2752 2282 2855 2321 non
2883 2268 3053 2337 pictor
3077 2308 3092 2331 ,
3121 2267 3213 2322 sed
3242 2269 3524 2322 limreticns
3551 2270 3649 2339 (ῃ),
3677 2279 3804 2324 ante
3858 2286 4077 2340 corpora

2483 2360 2815 2415 constituens
2839 2360 3044 2413 animas
3068 2360 3248 2414 viriles
3274 2375 3336 2415 ac
3359 2361 3679 2427 muliebres,
3703 2363 3846 2416 sicut
3866 2364 3936 2417 ab
3968 2364 4076 2417 Phi-

2485 2452 2693 2506 lumena
2712 2449 2915 2516 didicit,
2930 2451 3112 2521 utique
3134 2462 3438 2517 carnem,ut
3463 2454 3837 2523 posteriorem,
3871 2455 3941 2508 ah
3969 2457 4080 2509 ani-

2485 2559 2568 2599 ma
2601 2543 2727 2598 facit
2749 2544 2992 2613 accipere
3020 2558 3222 2599 sexum.
3256 2544 3321 2599 Et
3349 2546 3437 2615 qui
3469 2547 3701 2601 animam
3725 2559 3843 2618 post
3869 2562 4077 2619 partum

2483 2636 2629 2691 carni
2660 2634 3018 2705 snperduennt
3048 2677 3061 2701 ,
3090 2640 3271 2706 utique
3289 2646 3413 2692 ante
3443 2639 3703 2703 formam,
3755 2656 3967 2695 marem
3996 2654 4081 2696 aut

2486 2729 2757 2785 fmminam
2789 2728 2855 2783 de
2867 2743 3029 2783 carne
3055 2745 3241 2783 sexum
3264 2730 3611 2800 pra-judiamt
3635 2735 3852 2788 animze.
3879 2734 4081 2791 Utrius-

2484 2838 2588 2892 que
2604 2831 2777 2876 autem
2796 2822 3107 2876 substantia:
3128 2822 3414 2879 indiscreta
3443 2828 3650 2880 semina
3678 2866 3692 2891 ,
3714 2839 3770 2882 et
3802 2830 3954 2883 unita
3980 2834 4081 2884 suf-

2487 2915 2622 2969 fusio
2651 2929 2837 2969 eorum
2862 2956 2877 2979 ,
2912 2928 3253 2969 communem
3283 2916 3512 2971 subeunt
3555 2920 3771 2988 generis
3801 2931 4076 2987 eventum,

2484 3026 2583 3079 qua
2615 3009 2783 3063 lineas
2809 3007 3520 3079 duxerit(lt),qu:ecumque
3547 3010 3635 3065 illa
3659 3021 3743 3067 est
3768 3012 3909 3067 ratio
3937 3024 4081 3068 natu-

2487 3118 2579 3157 ne.
2607 3102 2764 3157 Certe
2792 3111 2845 3156 et
2872 3100 2957 3156 hic
3003 3115 3063 3155 se
3103 3101 3513 3170 primordiorum
3565 3101 3735 3161 forma
3792 3115 4022 3161 testatur
4059 3149 4071 3170 ,

2488 3208 2609 3248 cum
2662 3194 2929 3247 masculus
2993 3192 3329 3261 temporibus
3382 3192 3672 3264 effingitur.
3737 3195 3895 3251 Prior
3942 3200 4079 3252 enim

791 3303 918 3343 vero
941 3296 993 3340 et
1025 3286 1191 3339 virtus
1220 3284 1554 3339 extrinsecus
1581 3279 1931 3336 conferuntur
1958 3296 2021 3335 ex
2055 3280 2146 3335 Dei
2187 3285 2372 3351 gratia.
2406 3284 2451 3346 C
2488 3290 2652 3342 Adam
2677 3302 2692 3349 ;
2719 3284 2935 3341 foemiua
2963 3284 3238 3355 aliquanto
3251 3287 3421 3341 serius
3449 3305 3464 3343 :
3491 3288 3758 3357 posterior
3783 3290 3930 3345 enim
3953 3290 3996 3345 Ε
4031 3308 4079 3345 a.

2012 3372 2389 3439 LECTIONES
2430 3375 2841 3439 VARIANTES.

852 3474 923 3538 (I)
949 3473 1031 3523 Sic
1052 3470 1202 3523 omitt.
1230 3466 1337 3532 Ilig.
1367 3472 1479 3515 t'en.

2552 3469 2623 3535 (2)
2652 3470 3024 3521 Patrocineutur
3048 3471 3322 3532 precantia
3343 3467 3452 3533 Rig.
3484 3478 3597 3519 Ven.

2131 3566 2686 3631 COMMENTARIUS.

791 3687 896 3728 non
918 3668 1057 3738 quod
1076 3667 1187 3737 ipsa
1214 3662 1396 3738 dilatio
1426 3656 1831 3738 resurrectionis
1868 3658 1980 3738 s_ola
2025 3658 2101 3738 sit_
2120 3662 2373 3738 expiatio,

792 3754 847 3800 et
886 3728 1125 3812 purgatio
1152 3734 1435 3790 venialinm
1462 3732 1736 3811 culparum
1764 3744 1781 3810 ξ
1814 3728 1908 3783 sed
1963 3728 2104 3812 quod
2137 3728 2205 3785 in'
2246 3728 2373 3812 puri-

792 3799 1031 3885 gatoriov,
1096 3820 1377 3878 purgentur
1424 3800 1808 3885 variisnpmuis
1865 3810 1981 3885 post
2027 3799 2374 3885 lmnchitam

797 3870 852 3940 ἱι
882 3870 1162 3951 anteqttam
1196 3870 1567 3951 'rcsnrgaInus.
1590 3870 1853 3924 Cmterum
1882 3872 2374 3951 interpretationem

792 3958 948 4011 istam
972 3944 1379 4007 tei'tttllianicun
1410 3944 1583 3997 facere
1607 3956 1703 4009 pro
1732 3944 2047 4010 purgatione
2070 3945 2371 4000 animarum

794 4036 912 4097 post
943 4024 1077 4078 hanc
1135 4020 1293 4073 vitam
1321 4031 1349 4069 a
1379 4012 1603 4097 modicis
1628 4011 2374 4097 quibuseunqnedelictis,at-

792 4081 898 4167 ἧιιο
925 4095 1043 4149 ideo
1072 4108 1170 4167 pro
1195 4086 1517 4167 purgatorio,
1541 4081 1818 4167 adnotavit
1845 4082 2124 4147 l’anielius,
2154 4086 2371 4154 adjunc-

794 4152 862 4223 tis
906 4166 1023 4221 aliis
1056 4152 1369 4216 t'estiiitotiiis
1394 4158 1448 4212 S.
1481 4155 1750 4225 Cypriani.
1797 4152 1905 4207 Lac
1927 4192 1938 4203 .

866 4238 941 4308 (τι)
969 4234 1078 4288 Hoc
1094 4243 1239 4286 estea:
1269 4228 1426 4308 mulis
1446 4224 1689 4308 fructibus
1719 4224 1897 4308 bonum
1928 4224 2157 4308 arborem
2181 4228 2371 4283 intelli-

794 4295 1327 4380 gi.‘l'r0tiiaest,qua
1352 4298 1488 4378 ridet
1534 4295 2019 4365 interpretationem
2071 4296 2369 4380 llarpocra.

796 4370 897 4441 iis;
929 4388 979 4433 et
1018 4376 1175 4431 etiam
1202 4370 1457 4437 accipitur
1475 4381 1573 4421 vox
1608 4382 1775 4441 spero,
1804 4381 1922 4434 qua:
1952 4370 2189 4441 sequitur
2218 4410 2229 4427 ,
2276 4385 2371 4437 pro

795 4436 978 4512 timeo;
1010 4446 1161 4501 siculi
1192 4436 1350 4512 supra
1382 4455 1486 4493 non
1516 4436 1719 4498 semel;
1757 4448 2017 4512 tanquam
2160 4436 2371 4512 timeret

796 4537 865 4576 ne
897 4508 1077 4590 posset
1124 4508 1445 4582 respondere
1474 4508 1800 4590 argmnentis
1853 4508 2154 4590 Ill'letl-Sllls.
2184 4509 2316 4590 Pint.

867 4577 947 4659 (li)
986 4577 1350 4661 llcliastnttem
1376 4596 1560 4661 nones:
1580 4581 1988 4661 decessionemtc.
2022 4577 2251 4661 l_ren_:‘ens
2276 4582 2365 4635 lib.
2397 4601 2449 4661 Ι)

800 4662 839 4716 γ
1022 4662 1074 4723 7,
1105 4657 1191 4712 ubi
1217 4656 1282 4709 de
1325 4653 1568 4730 paradiso
1592 4649 1857 4730 in_l€den_,
1888 4649 1987 4702 huc
2014 4648 2101 4730 tle”
2126 4650 2235 4730 Elia
2263 4667 2366 4730 __rc-

797 4734 896 4788 l'ert
920 4719 1193 4799 acceptum
1217 4744 1243 4778 a
1277 4719 1599 4799 presbyteris
1630 4720 2018 4799 Apostolorum
2051 4719 2327 4799 discipulis
2352 4764 2368 4790 ,

798 4790 1107 4858 translatum
1139 4813 1257 4851 esse
1280 4790 1329 4849 in
1374 4790 1670 4863 paradisum
1694 4790 1853 4858 jnstis
1880 4791 2182 4863 hominibus
2229 4810 2369 4860 prte-

798 4884 1057 4946 μηῃιιηη,
1091 4872 1141 4924 in
1177 4861 1438 4946 quenticl
1492 4862 1683 4946 Paulus
1717 4861 1987 4946 apostolus
2032 4862 2371 4946 adsportatns

796 4932 997 4999 audivit
1030 4932 1304 4996 sermones
1349 4932 1752 4998 inenarrabiles,
1801 4942 2054 5001 quantum
2084 4935 2148 4987 ad
2194 4949 2291 4988 nos
2320 4935 2370 4988 in

799 5014 1083 5086 prarsenti;
1116 5022 1169 5067 et
1198 5012 1265 5064 ibi
1313 5020 1618 5061 mansurum
1657 5019 1823 5084 usque
1851 5003 1917 5055 ad
1954 5005 2371 5086 consummatio-

800 5075 920 5142 in...
969 5084 1146 5140 S;I?Cllll
1184 5100 1195 5135 :
1230 5083 1426 5134 interea
1458 5090 1759 5131 conservari
1790 5075 2174 5141 incorruptum.
2212 5076 2327 5129 llic.

872 5157 947 5228 (ε)
976 5156 1080 5211 Sed
1106 5151 1355 5228 quomodo
1380 5146 1557 5228 Helias
1574 5144 1841 5228 Joannes?
1868 5146 2125 5228 Similiter
2154 5161 2372 5228 prorsus

798 5214 947 5283 locos
1002 5214 1443 5292 hos'Scripturte
1499 5220 1883 5292 interpretatur
1922 5214 1993 5292 _B_.
2048 5214 2374 5292 Augustinus

799 5298 1028 5355 lTr.XlV
1059 5284 1293 5349 inJoan:
1314 5308 1362 5346 c.
1392 5292 1443 5356 l,
1500 5299 1546 5342 et
1574 5290 1609 5341 ι.
1732 5287 1795 5339 de
1842 5284 2110 5353 Trinitate,
2135 5284 2183 5341 ἒ.
2234 5289 2300 5343 14

798 5372 897 5439 Qui
924 5361 1389 5439 interimnentribi
1413 5361 1538 5439 legit
1565 5356 1710 5419 illud,
1734 5373 1905 5439 coram
1942 5361 2133 5439 populo
2167 5400 2181 5423 ,
2232 5356 2373 5439 quod

798 5429 1013 5495 Atict0i'i
1043 5436 1265 5507 proinde
1294 5433 1559 5507 peculiare
1610 5438 1708 5507 est.
1739 5429 2037 5507 Posteriori
2056 5502 2064 5507 _
2083 5444 2209 5507 vero
2257 5430 2375 5507 l_o_eo

798 5514 957 5566 etiam
988 5498 1368 5577 interpretatur
1389 5502 1626 5577 spiritum
1650 5498 1835 5566 Helice,
1870 5515 1965 5569 pro
1987 5502 2221 5577 spiritum
2261 5500 2376 5577 Alo-

798 5587 888 5646 sei,
911 5584 1049 5635 sient
1077 5572 1161 5633 hic
1184 5583 1401 5634 Auctor,
1434 5575 1520 5643 qui
1552 5589 1652 5646 una
1686 5586 1816 5646 voce
1863 5572 2371 5646 translatinnﬂspiri-

800 5641 906 5707 ιιηῇι
938 5651 1095 5705 Mum-5
1137 5651 1297 5710 dicit,
1338 5662 1403 5700 eo
1438 5641 1577 5713 quod
1623 5644 1818 5697 dicitur
1847 5641 2043 5696 auferri
2086 5658 2115 5696 a
2157 5641 2300 5697 Mose
2324 5650 2379 5695 et

798 5725 912 5778 dari
945 5726 1010 5777 70
1040 5720 1358 5774 senioribus.
1391 5716 1525 5769 Pw.

869 5796 1022 5849 CAP.
1051 5789 1285 5846 XXXVI.
1312 5818 1380 5827 ——
1403 5784 1482 5858 (il)
1504 5784 1932 5858 Constituerantus
1953 5784 2246 5858 anintant_in
2269 5784 2379 5858 ipso

801 5877 847 5919 rt
878 5883 937 5919 cx
960 5868 1067 5934 ipso
1096 5902 1110 5927 ,
1133 5874 1237 5917 etc.
1274 5860 1383 5934 lluc
1405 5854 1557 5934 suum
1587 5856 1912 5934 paradoxum
1939 5858 2123 5934 statuit
2170 5854 2382 5934 Tui-tul:

803 5926 1109 6005 lianus'cap.
1168 5935 1257 5999 23,
1286 5932 1375 5998 “lli,
1418 5930 1505 5998 27,
1550 5930 1637 5983 ubi
1677 5927 1902 5983 asseruit
1937 5926 2168 5981 animam
2220 5927 2379 5980 simul

2483 3684 2604 3724 cum
2633 3682 2795 3722 carne
2825 3667 2875 3719 in
2907 3677 3061 3721 utero
3091 3666 3469 3735 proseminari.
3502 3676 3557 3721 et
3600 3683 3665 3723 ex
3696 3669 3923 3725 traduce
3944 3672 4081 3726 Ada-

2484 3741 2770 3811 miomnes
2794 3736 3028 3811 derivari
3072 3737 3278 3811 animas
3306 3753 3400 3807 per
3437 3753 3621 3794 semen
3647 3780 3661 3794 .
3704 3740 3853 3811 quod
3898 3758 4082 3798 rursus

2482 3811 2535 3866 in
2559 3810 2662 3865 hoc
2691 3809 2863 3878 capite
2891 3808 3137 3861 inculcat.
3164 3807 3297 3863 Lac.

2552 3903 2629 3973 (e)
2658 3899 3116 3973 Proptergemulus
3163 3901 3356 3954 scilicet
3399 3902 3659 3972 opiniones
3710 3903 4007 3973 pltilowpft.
4042 3916 4082 3959 et

2482 3970 2656 4027 haeret.
2689 3970 2819 4040 Cap.
2852 3970 2945 4045 25,
2974 3980 3258 4045 antequam
3278 3970 3440 4045 suam
3457 3970 3779 4027 sententiam
3808 3974 3880 4029 de
3896 3970 4081 4045 prosc-

2484 4044 2774 4115 niinatione
2808 4040 3135 4115 animarum;
3163 4040 3397 4097 ellntiret
3422 4084 3435 4108 ,
3490 4046 3758 4100 recensuit
3802 4040 4084 4115 opiniones

2483 4114 2863 4169 haereticorum
2893 4113 3070 4166 varias
3093 4113 3234 4165 circa
3268 4115 3528 4182 originem
3578 4116 3771 4169 anima:
3817 4113 4080 4171 stimulan-

2482 4186 2635 4249 tinm,
2666 4183 3032 4254 philosophica
3064 4184 3275 4252 placita,
3317 4185 3548 4239 maxime
3571 4186 3859 4255 platonica,
3890 4204 4082 4242 conec-

2476 4256 2655 4311 dentia
2680 4256 2960 4307 animabus
2986 4255 3246 4323 originem
3271 4257 3566 4317 t'tBlelClll.
3592 4257 3677 4311 ubi
3702 4258 3951 4314 ostendit
3982 4259 4081 4313 Va-

2478 4327 2734 4398 lentinum
2758 4367 2770 4385 ,
2806 4326 3174 4398 Saturninum,
3199 4325 3599 4398 Carpocratein,
3646 4328 3893 4398 Apellem
3923 4347 4085 4386 aemu-

2476 4398 2557 4453 los
2581 4440 2596 4463 ,
2617 4408 2670 4453 et
2701 4396 2992 4465 discipulos
3022 4395 3262 4450 Platonis
3292 4395 3477 4453 fuisse.
3508 4396 3638 4453 Lac.

2548 4486 2611 4557 (Γ)
2630 4487 2789 4541 llluin
2831 4504 3110 4542 sermonem
3139 4487 3372 4543 Platonis
3392 4500 3725 4546 veternosum.
3756 4491 3878 4547 Non
3936 4505 4084 4549 vocat

2476 4573 2789 4631 sermonem
2817 4560 3049 4613 Platonis
3077 4570 3441 4631 veternosum,
3466 4563 3608 4631 quod
3638 4562 3843 4617 dixerit
3871 4564 4083 4621 disceu-

2480 4629 2579 4683 tias
2606 4629 3033 4684 reminiscentias
3060 4672 3074 4695 ,
3099 4631 3258 4686 veluti
3282 4629 3553 4700 profectas
3579 4649 3643 4687 ex
3683 4645 3915 4689 veterno
3942 4653 4081 4692 sou:-

2480 4715 2549 4754 no
2579 4742 2593 4765 ,
2619 4700 2713 4773 sed
2740 4700 2986 4773 alludens
3007 4703 3071 4755 ad
3102 4714 3341 4756 veterem
3369 4717 3672 4757 sermonem
3722 4708 3867 4773 apud
3902 4707 4080 4763 Plato-

2482 4786 2603 4846 nem
2622 4772 2688 4846 de
2710 4772 2986 4841 reciproco
3010 4774 3306 4827 animarum
3332 4772 3596 4846 discursu,
3622 4774 3691 4828 de
3712 4772 3825 4845 quo
3846 4792 3979 4846 ear.
3998 4780 4080 4833 ‘28:

2479 4844 2591 4907 quis
2612 4842 2707 4915 ille
2724 4858 2858 4915 nunc
2897 4854 3034 4915 vetus
3081 4859 3245 4915 sermo
3284 4845 3424 4913 apud
3472 4842 3769 4899 memoriam
3825 4842 4081 4915 Platonis,

2478 4921 2584 4969 etc.
2608 4912 2723 4967 Non
2764 4914 2881 4969 sine
2907 4914 3088 4983 lepore
3116 4913 3246 4968 ludit
3269 4912 3532 4970 vacabulo
3557 4957 3571 4980 ,
3606 4926 3661 4969 ut
3681 4921 3940 4974 ostendat
3973 4912 4079 4975 ser;

2482 5000 2694 5039 nionem
2723 4985 2871 5037 illum
2898 4996 3130 5039 veterem
3181 5001 3329 5040 ntere
3357 4986 3624 5041 somnium
3652 5028 3669 5051 ,
3720 4998 3775 5041 et
3827 4993 3952 5047 sine
3982 4993 4081 5046 ulla

2481 5055 2705 5127 cerebro
2726 5071 2867 5117 esse,
2899 5066 2953 5111 et
2988 5071 3141 5127 tuque
3188 5066 3530 5111 veternosum
3561 5071 3681 5113 esse
3698 5075 3761 5112 ac
3817 5072 4077 5117 veterem.

2482 5126 2749 5180 Arnobius
2774 5142 2985 5196 quoque
3016 5126 3358 5183 veternosum
3385 5127 3521 5182 dixit
3549 5144 3644 5198 pro
3675 5138 3887 5254 vellere,
3924 5134 4020 5189 lib.
4046 5134 4078 5187 I.

3772 5218 3868 5254 ac.

3772 5218 3868 5257 AC.

2552 5285 2629 5357 (g)
2655 5286 2857 5357 Apelles
2900 5304 3000 5341 non
3031 5289 3211 5357 pictor,
3241 5290 3328 5344 sed
3354 5290 3637 5345 hereticus.
3672 5300 3895 5355 Ατξλλης
3923 5338 3939 5359 ,
3976 5296 4083 5349 lati.

2485 5374 2554 5413 ne
2608 5359 2822 5427 Apelles
2874 5370 2931 5413 et
2977 5360 3181 5428 Apella.
3239 5361 3582 5417 Horatius....
3634 5360 3824 5417 Credat
3868 5364 4082 5421 Judmu

2483 5428 2691 5508 Apella.
2719 5428 2770 5483 ls
2800 5445 2927 5484 vero
2950 5427 3153 5508 for’tean
3198 5434 3456 5489 recutitus
3476 5474 3491 5499 ,
3511 5435 3646 5508 quia
3686 5434 3903 5503 judaeus
3932 5478 3947 5499 ,
3996 5438 4080 5492 sed

2483 5501 2667 5568 Apella
2697 5514 2929 5570 grzeeum
2963 5501 3435 5574 estextiimgnec
3479 5501 3744 5574 signiﬁcat
3794 5510 4078 5563 recutituni

2484 5581 2839 5663 aut‘verpntnq.
2860 5571 3073 5663 Apelles
3097 5582 3151 5627 et
3172 5572 3379 5663 Apella,
3406 5571 3864 5663 qnghadmmlnm
3894 5579 4081 5663 Pyctcs

2482 5652 2535 5695 et
2563 5643 2721 5702 l’icza,
2783 5643 3076 5766 Pltiophetes
3094 5654 3145 5698 et
3172 5643 3459 5714 Propheta,
3486 5646 3777 5717 Evergelcs
3809 5658 3865 5702 et
3915 5643 4080 5704 Evcr.

2483 5724 2603 5766 aeta
2626 5753 2640 5766 .
2671 5724 2773 5766 etc.
2861 5729 2929 5766 to.

2483 5724 2603 5782 gcta
2626 5753 2640 5776 ,
2671 5724 2773 5766 etc.
2812 5724 2929 5768 tuo.

2557 5782 2641 5853 (lt)
2673 5784 2787 5855 Qua
2831 5783 2989 5855 lineas
3011 5783 3233 5840 duxerit.
3288 5786 3420 5853 Quia
3478 5788 3695 5855 pictoris
3746 5793 4079 5846 mentionem

2489 5855 2645 5930 paulo
2675 5854 2821 5930 prius
2849 5854 2993 5930 fecit,
3018 5856 3179 5930 etiam
3205 5859 3341 5915 hanc
3360 5854 3751 5930 prorerbialem
3787 5863 4074 5918 formulam

2486 5926 2552 5980 ab
2575 5925 2677 5979 illis
2697 5924 3011 5997 desumpsit.
3050 5927 3184 5983 Pint.
