4250 6494
219 418 318 478 721

805 535 1028 592 CAPUT
1068 535 1226 593 XLII.

297 627 368 682 De
414 637 583 683 morte
618 629 726 701 jam
767 640 1032 700 superest,
1075 633 1152 702 (a)
1200 640 1255 686 ut
1297 631 1404 687 illic
1451 633 1670 687 materia
1713 647 1809 702 po-

216 731 334 784 nat,
365 722 438 792 (ὑ)
463 721 550 775 ubi
574 723 685 792 ipsa
713 725 889 778 anima
916 734 1252 779 consummat
1291 742 1305 780 :
1335 740 1654 795 quamquam
1687 725 1811 796 Epi-

211 827 380 868 curus
408 815 612 884 vulgari
645 815 776 870 satis
813 815 1067 886 opinione
1105 817 1310 886 negarit
1347 826 1574 872 mortem
1607 818 1678 872 ad
1712 834 1808 874 nos

213 908 510 975 pertinere.
550 908 730 976 «Quod
759 909 900 964 enim
931 909 1260 973 dissolvitur,
1293 910 1492 979 iuqttit,
1523 925 1683 964 sensu
1714 926 1806 965 ca-

211 1007 331 1063 ret,
361 999 490 1055 nihil
518 1000 586 1055 ad
613 1015 766 1055 nos.»
803 1000 1123 1056 Dissolvitur
1150 1011 1330 1056 autem
1359 1009 1415 1056 et
1439 1009 1587 1056 caret
1617 1017 1804 1064 sensu.

210 1104 322 1143 non
355 1091 465 1160 ipsa
499 1106 664 1158 mors,
696 1092 791 1148 sed
819 1092 999 1156 homo,
1032 1093 1120 1162 qui
1153 1107 1270 1146 eam
1298 1093 1514 1162 patitur.
1545 1094 1612 1147 At
1644 1094 1732 1148 ille
1758 1095 1806 1148 ei

209 1181 363 1238 dedit
392 1185 716 1254 passionem,
744 1185 895 1251 cujus
919 1193 1000 1240 est
1023 1186 1187 1239 actio.
1219 1184 1368 1253 Quod
1393 1185 1437 1240 si
1461 1185 1693 1240 hominis
1723 1195 1808 1241 est

209 1275 322 1343 pati
348 1285 593 1340 mortem,
621 1275 1011 1331 diSsolutricem
1030 1277 1292 1346 corporis,
1316 1286 1372 1331 et
1394 1280 1804 1348 peremptricem

207 1379 442 1431 sensus;
465 1382 623 1437 quam
657 1366 918 1436 ineptum,
944 1378 1002 1422 ttt
1031 1375 1174 1421 tanta
1199 1368 1280 1422 vis
1301 1367 1367 1422 ad
1397 1368 1669 1424 hominem
1698 1388 1804 1427 non

209 1461 488 1525 pertinere
507 1459 744 1515 dicatur!
777 1459 938 1515 Multo
960 1460 1197 1514 coactius
1218 1459 1450 1516 Seneca:
1480 1480 1500 1514 ι
1515 1461 1641 1517 Post
1663 1479 1799 1518 mor-

207 1560 342 1610 tem.
368 1551 462 1615 ait,
487 1551 666 1604 omnia
693 1551 969 1614 liniuntur.
992 1549 1155 1606 etiam
1183 1551 1351 1622 ipsa.»
1388 1552 1499 1607 Hoc
1527 1554 1570 1608 si
1603 1555 1671 1608 ita
1699 1565 1800 1618 est,

199 1641 317 1711 jam
360 1652 415 1696 et
459 1657 602 1697 mors
646 1641 711 1696 ad
756 1643 1102 1712 semetipsam
1146 1643 1468 1713 pertinebit;
1511 1646 1556 1699 si
1594 1655 1648 1700 et
1693 1648 1802 1716 ipsa

205 1732 428 1792 linitur.
460 1749 526 1788 cu
557 1735 723 1804 magis
754 1733 821 1788 ad
854 1731 1124 1789 hominem
1148 1776 1163 1798 ,
1213 1735 1266 1789 in
1304 1750 1412 1804 quo
1457 1736 1595 1791 inter
1625 1739 1802 1792 omnia

204 1824 446 1879 liniendo
468 1867 481 1888 ,
509 1833 563 1879 ct
601 1825 711 1895 ipsa
741 1824 943 1880 linitur.
975 1824 1117 1881 Mors
1147 1825 1278 1880 nihil
1307 1826 1373 1880 ad
1414 1843 1512 1882 nos
1537 1844 1552 1884 :
1593 1846 1720 1898 ergo
1751 1840 1805 1883 et

204 1917 317 1971 vita
351 1916 480 1970 nihil
511 1916 577 1971 ad
610 1931 726 1970 nos.
774 1916 829 1972 Si
874 1917 1017 1972 enim
1049 1932 1156 1987 quo
1180 1917 1526 1973 dissolvimur
1547 1959 1561 1984 ,
1612 1930 1806 1989 prater

202 2023 326 2070 nos.
357 2007 519 2062 etiam
541 2023 647 2078 quo
673 2008 1085 2080 compingimur,
1113 2019 1262 2064 extra
1295 2026 1412 2065 nos.
1442 2008 1496 2065 Si
1528 2011 1803 2083 ademptio

199 2116 399 2155 sensus
431 2099 562 2155 nihil
589 2099 654 2155 ad
679 2115 797 2166 nos,
833 2116 930 2156 nec
958 2100 1173 2171 adoptio
1201 2115 1394 2157 sensus
1428 2103 1709 2173 quicquam
1735 2103 1803 2156 ad

201 2208 324 2249 nos.
376 2193 480 2249 Sed
527 2194 610 2266 (ι)
663 2205 891 2250 mortem
936 2209 1148 2266 quoque
1179 2194 1470 2261 interimat,
1501 2196 1590 2264 qui
1616 2207 1667 2250 et
1691 2197 1804 2250 aui-

201 2305 370 2344 main.
403 2287 474 2358 (ε)
507 2291 547 2344 Α
582 2290 735 2346 nobis
758 2330 773 2357 ,
805 2299 862 2345 ιιι
891 2289 957 2346 de
987 2291 1264 2360 posthuma
1297 2292 1399 2346 vita
1421 2332 1436 2357 ,
1493 2302 1547 2346 et
1597 2291 1679 2366 (2)
1733 2292 1802 2348 de

198 2382 306 2436 alia
337 2381 608 2451 provincia
649 2381 862 2447 animze,
901 2382 971 2437 ita
1012 2382 1078 2436 de
1124 2394 1294 2438 morte
1351 2383 1695 2448 tractabitur,
1739 2386 1803 2439 ad

198 2489 366 2544 quam
393 2474 469 2528 vel
493 2473 590 2544 ipsi
611 2473 961 2544 pertinemus,
981 2474 1027 2530 si
1048 2474 1112 2528 ad
1137 2491 1234 2529 nos
1278 2475 1365 2529 illa
1422 2477 1654 2544 pertinet
1699 2479 1801 2547 (5).

201 2564 448 2636 Denique
468 2605 481 2629 ,
516 2579 612 2621 nec
641 2565 914 2635 speculum
943 2565 1058 2635 ejus
1083 2581 1301 2620 somnus
1323 2607 1338 2632 ,
1369 2568 1539 2621 aliena
1573 2569 1793 2622 materia

203 2665 314 2712 est.

786 2749 1017 2806 CAPUT
1055 2750 1238 2806 XLIII.

283 2842 358 2897 De
387 2857 577 2897 soumo
611 2843 760 2914 prius
787 2842 1155 2910 disputemus;
1186 2855 1336 2915 post,
1377 2855 1602 2902 mortem
1635 2847 1804 2918 quali-

203 2947 293 2992 ter
321 2938 497 2990 anima
529 2936 796 2992 decurrat.
832 2938 913 3007 (Δ)
945 2937 1058 2992 Non
1091 2940 1269 3009 utique
1297 2945 1694 2997 cxtranaturale
1725 2952 1805 2998 est

202 3043 454 3094 somnus,
481 3037 538 3081 ut
559 3029 877 3099 quilntsdatn
911 3029 1239 3100 pliil050pltis
1269 3032 1460 3100 placet,
1489 3049 1609 3088 cum
1633 3051 1695 3089 es
1723 3036 1804 3091 his

206 3135 333 3176 eum
363 3120 618 3190 deputant
646 3121 844 3186 causis,
874 3138 991 3191 qtne
1019 3131 1212 3193 praeter
1244 3133 1486 3178 naturam
1516 3124 1698 3181 haberi
1730 3130 1806 3180 vi-

204 3213 428 3268 dentur.
453 3213 617 3266 Stoici
641 3227 887 3267 somnum
917 3213 1296 3269 resolutionem
1319 3217 1582 3272 sensualis
1610 3217 1804 3289 vigoris

203 3304 516 3369 afﬁrmant,
576 3302 821 3373 Epicurei
864 3305 1284 3360 deminutionem
1331 3307 1551 3378 Spiritus
1594 3311 1803 3366 anima-

206 3397 280 3452 lis
303 3439 314 3454 .
348 3399 419 3466 (ι’)
451 3399 793 3467 AuaXagoras
830 3411 951 3451 cum
984 3397 1312 3468 XenOphane
1354 3400 1801 3467 tlcfetiscentiam,

208 3488 570 3560 Empedocles
586 3499 639 3543 et
654 3488 995 3544 Parmenides
1014 3489 1469 3560 refrigerationem
1489 3510 1503 3558 ;
1527 3494 1598 3565 (ί)
1628 3496 1804 3550 Strato

1535 419 1734 476 LIBER
1781 419 1866 478 DE
1903 420 2139 478 ANIMA.

1840 544 1890 601 Α
1917 538 2337 596 deletisccntiam
2365 553 2484 598 esse
2511 554 2758 598 somnum
2780 585 2794 607 ,
2827 543 3154 599 contrarium
3199 543 3375 613 potius
3403 544 3497 599 de-

3403 425 3508 480 722

1917 631 2252 698 felisccntitn,
2266 648 2424 704 quam
2444 633 2644 690 scilicet
2665 635 2823 690 tollit.
2840 634 3114 706 Siquidem
3134 634 3294 690 homo
3313 650 3504 691 somno

1915 727 2084 795 magis
2115 723 2382 792 relieitur,
2415 741 2572 795 quam
2601 727 2868 798 fatigatur.
2919 727 3084 782 Porro
3104 769 3118 794 ,
3165 742 3263 782 nec
3291 742 3504 797 semper

1914 833 1976 873 ex
2008 816 2312 887 fatigatione
2345 819 2645 891 concipitur
2686 834 2939 885 somnus,
2980 829 3033 874 ct
3079 830 3252 874 tamen
3283 835 3404 875 cum
3435 836 3500 875 ex

1916 909 2003 962 illa
2031 919 2146 974 est,
2191 909 2279 964 illa
2315 910 2424 979 jam
2465 927 2571 966 non
2613 923 2712 966 est.
2760 910 2866 967 Sed
2911 927 3008 965 nec
3044 911 3502 983 rcfrigescentiam

1913 1001 2210 1069 admittam,
2243 1015 2335 1057 aut
2365 1018 2662 1060 ntarcorem
2690 1005 2920 1076 aliquem
2947 1005 3142 1060 caloris
3167 1047 3181 1070 ,
3214 1020 3334 1058 cum
3365 1006 3501 1060 adeo

1912 1107 2135 1163 corpora
2167 1108 2357 1149 somno
2382 1096 2779 1162 cencalescant,
2813 1107 2868 1150 ιιι
2898 1096 3227 1165 dispensatio
3254 1096 3498 1150 ciborum

1915 1200 2009 1254 per
2027 1200 2273 1242 somnum
2300 1203 2404 1243 non
2436 1187 2589 1242 facile
2610 1187 2925 1259 procederet
2949 1188 3126 1243 calore
3152 1187 3498 1257 properabili,

1911 1287 1966 1332 et
1990 1279 2162 1347 rigore
2187 1278 2451 1340 tardabili.
2476 1279 2519 1333 si
2543 1295 2733 1334 somno
2757 1279 3217 1349 rcfrigerarcntur.
3250 1279 3374 1334 Plus
3395 1290 3497 1346 est,

1911 1369 2050 1438 quod
2109 1371 2268 1424 etiam
2327 1372 2491 1426 sudor
2541 1372 2619 1442 (ι)
2649 1371 2962 1442 digestiunis
2998 1372 3272 1426 aestuantis
3305 1380 3388 1426 est
3415 1371 3498 1426 in-

1911 1459 2033 1514 dex.
2061 1461 2318 1531 Denique,
2348 1477 2685 1532 concoquere
2710 1463 2958 1529 dicimur,
2983 1461 3123 1532 quod
3152 1463 3368 1524 caloris,
3394 1480 3498 1517 non

1912 1551 2122 1623 frigoris
2153 1556 2394 1623 operatio
2421 1564 2522 1609 est.
2556 1554 2809 1620 Proinde,
2840 1554 3265 1610 deminutionem
3296 1555 3500 1609 anima-

1912 1645 1976 1700 lis
2005 1646 2244 1715 Spiritus,
2278 1657 2367 1700 aut
2399 1647 2744 1717 indigentiam
2777 1647 3020 1717 spiritus,
3053 1657 3146 1703 aut
3173 1649 3500 1718 segregatio-

1911 1756 2032 1794 nctn
2059 1741 2263 1793 consati
2295 1741 2512 1810 spiritus
2534 1782 2549 1806 ,
2589 1741 2961 1795 immortalitas
2987 1741 3184 1795 anima:
3227 1756 3331 1794 non
3374 1741 3500 1794 sinit

1910 1832 2073 1887 credi.
2099 1830 2174 1902 (ῃ)
2207 1831 2350 1886 Perit
2373 1831 2547 1886 anima
2565 1832 2608 1886 si
2640 1833 2954 1888 minoratur.
2981 1832 3260 1903 Superest,
3280 1832 3323 1885 si
3344 1831 3499 1895 forte,

1909 1940 2030 1978 cum
2063 1923 2276 1989 Stoicis,
2312 1925 2692 1981 resolutiOnem
2724 1925 2989 1981 seusualis
3021 1925 3219 1996 vigoris
3246 1938 3492 1978 sonmum

1911 2017 2334 2072 determincmus
2354 2059 2368 2082 ,
2396 2017 2518 2089 quia
2547 2019 2791 2088 corporis
2831 2018 2998 2072 solius
3027 2019 3260 2088 quietem
3304 2031 3499 2086 procu-

1910 2119 2012 2173 ret,
2043 2126 2150 2164 non
2172 2121 2223 2164 et
2247 2109 2458 2165 animae.
2483 2111 2730 2165 Animam
2760 2111 2901 2165 enim
2933 2121 2986 2164 ιιι
3008 2124 3222 2180 semper
3250 2108 3500 2163 mobilem

1909 2215 1957 2257 ct
1981 2218 2195 2273 semper
2212 2203 2524 2271 exercitam,
2565 2218 2830 2274 nunquam
2875 2203 3149 2257 succidere
3192 2200 3274 2272 (Si)
3315 2201 3500 2270 quieti,

1910 2297 2099 2352 alienae
2123 2297 2330 2352 scilicet
2357 2311 2386 2350 a
2419 2305 2559 2350 statu
2589 2296 3040 2351 immortalitatis:
3077 2295 3211 2348 nihil
3237 2295 3377 2348 enim
3405 2294 3504 2345 im-

1914 2391 2139 2445 mortale
2163 2391 2321 2446 lincut
2346 2391 2524 2462 operis
2545 2392 2626 2445 sui
2651 2391 2915 2455 admittit;
2939 2404 3161 2444 somnus
3182 2400 3355 2443 autem
3381 2389 3501 2441 linis

1911 2496 1992 2540 est
2019 2487 2218 2554 operis.
2255 2485 2491 2555 Denique
2517 2485 2728 2554 corpori
2769 2485 2854 2540 cui
2899 2483 3196 2538 mortalitas
3225 2482 3500 2549 competit,

1910 2579 1958 2632 ci
1987 2577 2086 2632 soli
2109 2577 2260 2646 quies
2288 2575 2447 2631 linem
2470 2577 2646 2645 operis
2671 2576 2936 2630 adulatur.
2963 2575 3061 2642 Qui
3085 2589 3213 2644 ergo
3230 2573 3298 2626 de
3320 2572 3495 2625 somni

1913 2669 2252 2724 uaturalitate
2282 2669 2580 2731 dubitabit,
2632 2669 2790 2725 habet
2835 2668 3046 2737 quidem
3095 2668 3179 2720 dia
3203 2666 3403 2718 cetieos
3449 2665 3499 2717 in

1910 2763 2126 2818 dubium
2157 2762 2486 2818 deducentcs
2518 2771 2682 2817 totam
2714 2760 3030 2815 naturalium
3061 2769 3116 2812 et
3141 2765 3504 2812 estrauatnia-

1912 2855 2037 2909 littttt
2067 2855 2448 2908 discretionem
2475 2895 2489 2919 ,
2537 2863 2593 2906 ιιι
2635 2868 2754 2922 qua:
2788 2851 3055 2921 putaverit
3095 2850 3224 2903 citra
3257 2860 3499 2902 naturam

1909 2962 2045 3009 esse,
2075 2956 2277 3000 natura:
2302 2943 2555 2998 vindicari
2583 2944 2716 2997 sciat.
2748 2957 2926 3012 posse,
2961 2958 2989 2995 a
3010 2956 3114 3010 qua
3146 2940 3212 2992 ita
3241 2953 3360 2992 esse
3387 2951 3502 2989 sor-

1912 3040 2003 3093 tita
2032 3047 2173 3102 sunt,
2207 3048 2260 3090 ιιι
2289 3038 2423 3091 citra
2449 3053 2565 3090 eam
2591 3035 2774 3089 haberi
2801 3034 3096 3098 vidcantur,
3132 3045 3177 3085 et
3208 3033 3388 3100 utique
3411 3040 3504 3084 :tut

1912 3142 2096 3185 natura
2127 3129 2304 3184 omnia
2329 3170 2342 3192 ,
2373 3138 2460 3180 aut
2494 3127 2634 3181 nulla
2668 3136 2875 3180 natura.
2919 3124 3073 3193 Apud
3108 3140 3202 3177 nos
3238 3136 3415 3176 autem
3447 3122 3499 3174 id

1912 3223 2103 3292 poterit
2130 3220 2299 3274 audiri
2323 3261 2335 3280 ,
2366 3217 2506 3288 quod
2540 3219 2628 3272 Dei
2660 3216 3045 3285 contemplatio
3070 3214 3337 3283 suggerit,
3368 3227 3494 3264 aur.-

1910 3315 2038 3368 toris
2088 3314 2323 3367 omnium
2373 3310 2439 3365 de
2484 3309 2677 3379 quibus
2718 3308 2992 3378 quaeritur.
3038 3303 3316 3360 Credimus
3361 3303 3503 3356 enim

1911 3407 1986 3477 (It)
2012 3405 2054 3459 si
2083 3404 2205 3476 quid
2228 3411 2307 3457 est
2327 3412 2533 3465 natura,
2557 3399 2812 3454 rationale
2840 3397 3051 3468 aliquod
3071 3413 3203 3466 opus
3229 3394 3316 3448 Dei
3359 3408 3503 3447 essr.

1912 3498 2100 3560 Porro,
2132 3508 2380 3550 somnum
2412 3493 2548 3546 ratio
2575 3492 2749 3562 prmit,
2786 3500 2890 3543 tant
2921 3496 3124 3557 aptum,
3162 3496 3265 3539 tant
3297 3485 3503 3562 utilem,

208 3583 640 3653 segregationem
671 3583 876 3640 consali
908 3584 1156 3654 spiritus,
1194 3585 1525 3645 Democritus
1557 3588 1803 3659 indigen-
1832 3622 1877 3684 Ο
1914 3599 2018 3644 tam
2048 3587 2431 3650 necessarium,
2460 3583 2847 3654 utahsqueillu
2870 3581 3016 3636 nulla
3043 3579 3219 3634 anima
3239 3561 3502 3641 sufﬁciat;

210 3677 345 3732 tiam
375 3675 594 3747 spiritus
614 3719 629 3742 ,
663 3676 983 3732 Aristoteles
1013 3693 1307 3733 marcorem
1351 3681 1806 3738 circumcordialis

208 3769 430 3824 calet-is.
469 3769 577 3840 ligo
607 3785 692 3824 me
721 3785 989 3839 nunquam
1023 3770 1090 3823 ita
1120 3771 1386 3826 dormisse
1413 3787 1711 3842 prmsumo,
1745 3786 1802 3833 ιιι

210 3875 281 3915 ex
313 3859 393 3916 his
414 3861 614 3932 aliquid
638 3876 946 3932 agnoscam.
975 3860 1158 3934 Neque
1179 3865 1321 3920 enim
1347 3866 1674 3924 credendum
1700 3881 1798 3937 esr,

1913 3692 2268 3738 recreatnrem
2296 3694 2604 3748 corporum,
2629 3676 3108 3746 redintegratnrem
3133 3670 3352 3730 virium.
3381 3681 3477 3738 pro
3498 3695 3506 3704 ·

1908 3779 2144 3834 baturem
2195 3775 2272 3845 (6)
2330 3773 2713 3836 valetudiuum,
2769 3778 3071 3838 paeatorem
3121 3779 3365 3835 operum,
3394 3776 3509 3816 nte-

1911 3870 2090 3926 dicum
2113 3869 2394 3932 laborum;
2424 3865 2508 3920 cui
2541 3864 2779 3936 legitime
2807 3857 3032 3916 fruendo
3062 3856 3180 3913 dies
3209 3854 3373 3921 cedit,
3401 3868 3508 3909 nox

1466 3981 1842 4041 LECTIONES
1879 3984 2295 4041 VARIANTES.

282 4092 298 4156 <
313 4090 355 4162 1)
380 4093 433 4142 Si
460 4101 510 4144 et
533 4095 655 4144 Jun.

283 4155 356 4219 (Ξ)
385 4157 651 4223 Interimat,
675 4156 788 4221 quia
815 4158 1045 4223 etanima
1082 4159 1128 4207 in
1165 4159 1304 4209 nobis
1339 4164 1395 4209 ut
1415 4160 1690 4223 depositum
1717 4163 1803 4213 ha-

213 4219 360 4293 bind,
388 4226 441 4293 ει
457 4228 516 4293 ιιι.
532 4221 670 4293 Pam.
695 4219 904 4293 anellis
927 4229 986 4293 ut;
999 4221 1277 4285 depositum
1301 4223 1442 4284 avita,
1464 4219 1514 4275 et
1534 4221 1616 4276 lib.
1651 4225 1802 4293 Agob.

284 4281 356 4345 (δ’)
387 4281 608 4332 Pertinet
628 4281 778 4333 omitt.
807 4281 914 4349 Rig.
951 4291 1064 4332 Ven.

1974 4100 2045 4163 (ι)
2065 4100 2182 4150 Plus
2205 4107 2284 4163 est
2300 4101 2449 4163 etiam
2469 4114 2480 4147 :
2502 4097 2649 4147 sudor
2673 4094 2780 4159 Ilia.
2808 4104 2921 4145 Ven.

1976 4159 2048 4222 (ὅ)
2075 4162 2354 4212 Suecedere
2379 4159 2529 4212 Rhea.
2554 4163 2695 4209 Pam.

1976 4167 2027 4222 (ὅ
2075 4167 2354 4212 Suecedere
2379 4167 2529 4212 nheri.
2554 4167 2695 4209 Pam.

1976 4167 2048 4292 (ϐξ
2074 4225 2372 4276 Prolatorezn
2393 4222 2466 4275 vel
2491 4227 2853 4286 prorogatorem
2880 4219 2980 4268 Lat.

1585 4396 2141 4455 COMMENTARIUS.

291 4505 426 4579 CAP
469 4505 714 4561 XLII.—
734 4505 812 4579 (a)
843 4505 910 4561 Ut
931 4507 1037 4579 illic
1061 4509 1274 4562 materia
1297 4519 1473 4577 ponat.
1499 4508 1610 4566 IIoc
1631 4520 1732 4577 est,
1764 4520 1821 4566 ut

219 4577 335 4632 illic
361 4577 572 4631 desinat
598 4577 775 4632 sermo
794 4577 900 4637 iste
925 4577 994 4632 de
1022 4580 1220 4634 anima.
1255 4579 1375 4635 IIIo.

296 4648 380 4717 (lt)
412 4645 510 4702 Ubi
536 4649 648 4716 ipsa
675 4649 845 4703 anima
874 4661 1213 4705 consummat.
1251 4649 1347 4707 Ubi
1394 4652 1567 4706 anima
1592 4694 1606 4716 ,
1646 4652 1816 4708 disce-

218 4719 360 4776 dens
390 4735 418 4771 τι
453 4734 701 4792 corpore,
731 4731 881 4774 actus
910 4721 960 4773 in
990 4739 1055 4775 eo
1083 4724 1163 4774 sui
1196 4722 1404 4792 singula
1434 4734 1730 4791 computat,
1765 4736 1818 4778 et

221 4806 491 4845 suntmnn
519 4790 1018 4861 colligitttauquam
1051 4790 1329 4861 pecuniam
1354 4793 1422 4848 de
1447 4790 1626 4849 multis
1649 4797 1818 4849 nomi-

223 4861 386 4916 nilms
411 4860 727 4915 cnnl‘ecuuu.
755 4860 876 4917 th.
1053 4860 1064 4861 ί
1411 4889 1424 4904 υ

298 4929 374 5012 (c)
406 4933 445 4985 Α
464 4931 619 5012 nobis
646 4941 705 5012 ut.
728 4931 794 5012 de
822 4935 1090 5012 post/iunia
1115 4934 1230 5012 vita
1258 4946 1303 4988 et
1334 4936 1397 4990 de
1423 4938 1527 5012 alia
1563 4937 1820 5004 provincia

221 5002 433 5077 quiane.
464 5002 877 5077 ElegantiSsinte
909 5005 985 5058 ait
1011 5006 1321 5072 Septimius,
1352 5022 1380 5060 a
1405 5002 1594 5071 nobis,
1628 5024 1821 5077 nempe

223 5073 572 5148 Christianis,
593 5074 666 5148 ita
684 5073 752 5129 de
773 5086 946 5148 morte
971 5077 1208 5142 tractari,
1239 5088 1489 5147 tauquam
1515 5079 1580 5132 de
1603 5073 1820 5148 posthu-

226 5161 316 5200 tua
348 5144 474 5198 vita.
515 5143 725 5199 Etenim
765 5146 967 5199 scimus
1002 5158 1258 5202 aeternam
1301 5143 1538 5204 manere.
1585 5143 1662 5203 Ad
1701 5166 1819 5206 eam

224 5232 363 5272 VCI‘O
385 5232 415 5269 a
444 5227 617 5271 morte
643 5215 882 5271 transiri.
909 5215 1093 5288 Itaque
1121 5235 1242 5274 esse
1272 5221 1608 5289 posthumam
1637 5221 1818 5276 morti.

1494 5292 1607 5346 IIIG.

305 5357 460 5414 CAP.
480 5355 660 5414 XLIII.
679 5389 748 5399 —
768 5357 845 5430 (ιι)
873 5357 926 5412 Ν
931 5376 995 5412 ou
1018 5361 1186 5430 utique
1202 5364 1580 5417 extrattatttraie
1600 5372 1670 5417 est
1691 5379 1824 5417 som-

227 5447 352 5492 nus,
400 5439 454 5482 ut
497 5429 798 5500 quibusdam
828 5429 1162 5502 philosophis
1204 5433 1390 5502 placet.
1437 5432 1693 5488 Somnum
1741 5436 1826 5489 hic

227 5504 384 5574 juxta
416 5513 657 5574 naturam
682 5515 808 5574 esse
842 5501 1030 5569 probat
1073 5518 1155 5574 ex,
1182 5501 1342 5557 variis
1384 5503 1824 5574 philoSOpborum

230 5570 519 5645 dogmatis.
572 5570 743 5645 Varia:
763 5584 1096 5645 autentsunt
1126 5573 1192 5629 de
1208 5570 1400 5645 causa
1413 5577 1585 5630 somni
1603 5570 1825 5645 epinio.

233 5658 356 5699 nes.
387 5641 656 5698 Videndus
680 5642 914 5699 Galenus
942 5643 994 5697 in
1025 5642 1162 5700 Hist.
1195 5643 1396 5700 Philas.
1429 5655 1482 5702 et
1513 5641 1826 5703 Plutarchus

234 5716 334 5774 lib.
366 5713 435 5767 25
465 5726 516 5767 et
537 5713 628 5778 25,
655 5714 719 5767 de
747 5711 980 5768 Placitia.
1014 5714 1091 5770 LE
1116 5716 1207 5770 Pu.

312 5786 386 5860 (e)
417 5784 748 5860 Auringem:
772 5802 886 5860 eum
911 5783 1230 5860 euopltane
1253 5788 1676 5860 defetisceuliam.
1703 5789 1825 5844 Plu-

235 5855 475 5915 tarchus,
497 5854 694 5930 _|i_h.5l.
712 5871 761 5910 c.
779 5855 874 5930 25‘,
898 5857 962 5908 de
990 5855 1201 5930 magna
1230 5876 1242 5912 :
1277 5878 1294 5909 ι
1313 5854 1656 5930 Anaxagoras
1679 5876 1825 5915 som-

239 5941 368 5984 num
398 5927 639 5982 accidere
668 5935 816 5998 putat
846 5928 1204 5985 lunctionihus
1231 5932 1474 6002 corporis
1501 5927 1519 5986 Ξ
1545 5948 1648 5987 non
1678 5932 1820 5986 enim

1924 4513 2117 4569 animre
2143 4526 2263 4568 esse
2282 4553 2296 4576 ,
2329 4508 2422 4566 sed
2451 4508 2691 4578 corporis
2719 4504 3074 4578 adiectionem
3099 4519 3112 4569 ;
3139 4511 3364 4578 mortem
3388 4515 3510 4556 esse

1925 4586 2116 4638 anima:
2152 4574 2560 4656 divulsionem:
2579 4579 2880 4656 Leucippus
2919 4577 3095 4656 solius
3119 4574 3511 4656 corporisesse

1926 4669 2170 4709 somnum
2197 4672 2210 4706 :
2241 4667 2474 4725 cumque
2502 4653 2584 4725 ob;
2612 4643 2924 4725 tenuitatem
2964 4646 3190 4725 partium
3220 4643 3338 4725 plus
3363 4643 3510 4724 justo

1926 4727 2230 4780 excernitur
2256 4716 2476 4777 aniniati
2507 4722 2723 4783 caloris,
2751 4735 2816 4770 eo
2848 4728 3075 4772 mortem
3108 4716 3244 4769 elliri
3271 4716 3511 4783 corporis

1927 4799 2040 4852 haec
2070 4811 2208 4856 esse.
2242 4811 2345 4848 non
2377 4795 2568 4848 anima-3
2595 4791 2947 4864 adfectiones.
2983 4785 3332 4864 Empedocles
3361 4800 3509 4864 mor-

1927 4877 2032 4922 tem
2060 4882 2178 4921 csse
2202 4855 2374 4936 igneae
2399 4874 2603 4937 natura:
2634 4861 2988 4916 sect-etinnem
3013 4857 3079 4911 ab
3107 4858 3194 4918 iis,
3223 4855 3510 4937 exquibus

1927 4937 2088 4993 homo
2114 4935 2349 4999 coaluit;
2384 4935 2610 5004 ideoque
2637 4945 2975 4987 communem
3008 4943 3126 5008 esse
3158 4935 3351 4981 anima:
3383 4942 3506 5008 eor-

1928 5011 2146 5078 pnrique
2182 5019 2411 5081 inertem
2424 5047 2439 5068 ,
2472 5000 2717 5081 somnum
2745 5011 2920 5057 autem
2967 5000 3213 5081 evenire‘
3242 5000 3514 5081 secretioris

1924 5067 2122 5133 natura
2152 5081 2360 5145 igneam
2400 5067 2612 5131 ltclotat
2643 5078 2778 5127 hanc
2831 5071 3153 5145 sententiam
3189 5067 3506 5122 Aristoteles

1927 5151 2022 5206 Iih.
2053 5151 2114 5202 de
2143 5142 2337 5204 somno
2364 5159 2408 5201 et
2453 5145 2660 5213 Viqilia,
2691 5159 2810 5213 cap.
2843 5144 2897 5198 5.
2934 5142 3061 5197 LAC.

2000 5222 2063 5291 (l)
2088 5221 2261 5275 Strato
2300 5208 2689 5291 segregationeut
2712 5208 2905 5291 causari
2930 5213 3155 5291 spiritus,
3179 5219 3282 5264 etc.
3312 5208 3510 5291 [lorum

1929 5281 2210 5348 imiticmor
2237 5281 2586 5351 Plutarchus;
2633 5285 2944 5360 sed‘eurnm
2972 5281 3153 5360 opinio
3175 5290 3410 5360 cognata
3430 5281 3509 5360 vi.-

1927 5365 2084 5419 detur
2109 5378 2229 5417 esse
2260 5361 2568 5432 Epicureaz,
2613 5356 2770 5432 et_i_lli
2800 5371 2956 5425 quam
2989 5352 3295 5421 Empedocli
3329 5351 3513 5432 tribuit

1928 5434 2246 5489 Plutarchus
2299 5422 2319 5485 ε’
2343 5445 2536 5501 nempe
2559 5422 2830 5484 accidere
2872 5440 3146 5501 sounnnn_
3173 5422 3513 5501 segregatione

1929 5508 2088 5576 ignea:
2117 5515 2330 5558 natura.
2360 5493 2600 5576 Meminit
2631 5509 2809 5576 tamen
2836 5498 3060 5551 alit-runt
3090 5493 3424 5555 Plutarchus,
3457 5500 3516 5546 ut

1930 5568 2249 5632 Klemrennis
2273 5585 2325 5630 et
2357 5568 2789 5645 Diogenis._L.\c.
2941 5636 2972 5645 ﬂ
3336 5634 3346 5645 _
3384 5632 3396 5644 θ

2001 5649 2076 5717 (g)
2110 5646 2248 5699 Peril
2288 5636 2484 5698 uuima'
2500 5642 2544 5696 si
2585 5643 2885 5717 minaretur.
2935 5636 3513 5717 Consatum“spiritum

1930 5704 2090 5787 aliqui
2131 5717 2381 5772 dixerunt
2421 5729 2556 5787 esse
2579 5713 2850 5787 animam;
2905 5723 3068 5776 quare
3110 5707 3153 5760 si
3202 5704 3517 5787 diminuitur

1931 5775 2147 5860 spiritus
2177 5788 2266 5841 ille
2287 5829 2301 5853 ,
2335 5784 2688 5840 minurabitur
2713 5781 2892 5836 anima
2918 5797 2930 5833 :
2965 5793 3130 5848 quare.
3160 5775 3399 5830 mortalis
3425 5789 3504 5829 es-

1930 5859 2321 6001 sellhglgcioquid
2358 5938 2429 5983 est
2467 5936 2679 5993 natura,
2719 5921 2950 5979 rationali
2982 5964 2992 5985 ,
3038 5930 3140 5975 etc.
3193 5917 3518 5981 Lactantius,
