4250 6494
719 414 824 472 7‘25

2100 400 2556 463 TERTUILIANI

3920 399 4027 460 724

722 531 893 600 legem
925 529 1080 595 facit.
1107 527 1359 588 auferens
1386 541 1564 586 rerum
1593 526 1756 584 etiam
1783 524 2042 582 colorem.
2077 523 2227 592 Quod
2259 523 2303 576 si
2337 528 2379 582 Α
2414 552 2530 612 post
2568 540 2724 594 mam
2759 536 2958 608 incol,“
2978 578 2992 603 ,
3025 544 3082 591 ιιι
3105 536 3462 593 “stationem
3495 533 3732 606 ριθειίοω
3758 546 3812 592 ει
3838 543 4020 608 δορυ),

726 625 904 691 \itale.
935 625 1188 691 salutare,
1211 624 1470 678 auxiliare
1491 636 1732 686 somnus,
1757 619 1886 672 nihil
1915 617 2181 686 ejusmodi
2207 633 2308 668 una

725 719 1158 781 rationale.niltil
1185 733 1290 772 non
1314 716 1556 772 naturale
1593 715 1696 788 (1).
1738 716 1825 768 Sic.
1865 725 1917 766 et
1941 711 2129 765 medici
2153 723 2313 762 omne

721 813 1047 866 contrarium
1091 811 1274 874 vitali,
1318 810 1534 864 salutari
1561 850 1575 874 ,
1607 808 1848 861 auxdiari
1875 848 1888 866 .
1934 819 2082 859 extra
2111 815 2314 856 natura:

722 905 968 960 cardines
993 906 1249 974 relegant.
1276 905 1404 957 Nam
1429 912 1483 958 ct
1503 901 1726 957 wtnttlas
1748 915 1937 954 Somno
1959 897 2310 962 valetudines,

727 997 1092 1066 phreneticam
1117 1007 1276 1066 atque
1306 995 1633 1057 cardiacum,
1671 1001 1863 1062 praeter
1894 1001 2137 1046 naturam
2166 990 2312 1059 judi-

719 1089 924 1153 conlo,
970 1089 1267 1143 naturalem
1311 1102 1557 1142 somnum
1593 1085 2112 1155 praejndieaverunt;
2151 1085 2312 1137 etiam

720 1185 771 1236 in
809 1182 1048 1252 lethargo
1081 1199 1186 1234 non
1221 1180 1516 1234 naturalem
1550 1189 1795 1234 notantes
1817 1220 1831 1241 ,
1881 1178 2186 1232 testimonio
2217 1191 2313 1229 na-

724 1277 878 1330 turali
903 1277 1252 1344 respondent,
1275 1291 1394 1330 cum
1419 1275 1471 1329 in
1496 1290 1593 1328 suo
1615 1283 2037 1343 temperamento
2059 1281 2157 1327 est.
2187 1271 2316 1326 0m-

724 1369 807 1422 nis
835 1368 975 1422 enim
1014 1378 1198 1422 natura
1221 1410 1234 1430 ,
1275 1379 1366 1420 aut
1395 1365 1832 1432 del'raudatione,
1875 1373 1968 1419 aut
1997 1364 2316 1418 enortnitale

723 1460 1079 1523 rescinditur,
1131 1460 1458 1529 praprielate
1503 1472 1770 1512 mensura:
1820 1464 2192 1511 conservatur.
2265 1465 2314 1508 ta

725 1553 967 1607 naturale
1006 1552 1108 1607 erit
1147 1561 1331 1617 statu,
1364 1551 1504 1621 quod
1551 1567 1654 1604 non
1696 1549 1939 1604 naturale
1969 1548 2109 1604 cflici
2145 1555 2320 1618 potest

722 1645 950 1700 decessu
975 1646 1055 1699 vel
1082 1659 1328 1701 excessu.
1352 1644 1489 1713 Qitid
1513 1643 1558 1698 si
1580 1653 1633 1699 et
1661 1657 1812 1713 esum
1836 1653 1887 1696 et
1911 1651 2091 1711 potum
2119 1641 2188 1696 de
2217 1657 2314 1695 na-

724 1748 858 1792 turae
886 1738 1122 1793 sortibus
1151 1739 1394 1792 eximus?
1440 1752 1561 1792 nam
1591 1748 1642 1791 et
1671 1711 1724 1790 iri
1770 1737 1852 1790 bis
1892 1735 2116 1806 plurima
2143 1735 2316 1788 somni

729 1838 1081 1897 praeparatum
1111 1828 1189 1901 (2)
1227 1841 1327 1884 est.
1348 1829 1506 1884 Certe
1524 1829 1607 1882 bis
1623 1847 1649 1879 a
1676 1827 1964 1895 primordio
1986 1837 2186 1880 naturae
2210 1843 2319 1882 suae

2418 645 2547 688 tura:
2573 642 2892 701 exspectans
2915 632 3169 696 animam,
3195 629 3347 700 quasi
3376 627 3610 682 nondum
3636 632 3901 684 conlatam
3927 676 3940 696 ,
3968 645 4023 686 ct

2415 727 2562 794 quasi
2589 723 2697 794 jam
2733 732 2996 790 ereptam.
3038 721 3224 774 Sedet
3263 721 3346 772 illa
3390 718 3469 773 sic
3517 720 3748 788 patitur,
3799 734 3849 775 ιιι
3893 727 4020 781 alibi

2415 832 2575 887 agere
2629 817 2900 880 videatur,
2951 814 3378 869 dissimulatiOnc
3431 815 3734 881 prrsentiaa
3785 816 4019 870 futuram

2417 912 2711 967 absentiam
2779 911 3062 971 edisccns;
3125 917 3174 961 et
3244 921 3416 961 tamen
3486 907 3694 961 interitu
3749 911 4018 976 Somniat,

2420 1020 2518 1059 nee
2565 1003 2830 1072 quiescit,
2882 1017 2981 1055 nec
3038 999 3326 1071 ignavi-siit
3386 1001 3646 1058 omnino.
3711 1017 3808 1055 nee
3862 1015 4018 1055 ttaltt-

2419 1111 2533 1150 ram
2615 1092 3032 1148 immortalitatis
3109 1107 3322 1146 servam
3397 1092 3575 1161 sopori
3643 1091 3720 1160 (4)
3781 1092 4016 1149 addicit:

2421 1191 2606 1262 probat
2651 1205 2708 1244 se
2737 1188 2988 1243 mobilem
3020 1202 3273 1254 semper;
3311 1199 3450 1242 terra
3475 1227 3488 1252 ,
3520 1189 3674 1246 mari.
3712 1192 4018 1258 peregrina-

2420 1293 2537 1348 tur,
2597 1283 2925 1354 negotiatur,
2991 1283 3258 1352 agitatur,
3316 1281 3562 1345 laborat,
3619 1283 3790 1346 litdit,
3849 1282 4018 1345 dolet,

2419 1376 2652 1447 gaudet.
2706 1375 2846 1428 licita
2893 1383 3051 1443 atque
3102 1373 3299 1427 inlicita
3353 1375 3722 1442 persequitur:
3783 1374 4022 1428 Ostendit

2419 1467 2559 1538 quod
2601 1467 2718 1521 sine
2750 1480 2978 1533 eorpore
3009 1465 3169 1518 etiam
3217 1464 3505 1532 plurimum
3550 1466 3716 1531 possit
3741 1507 3752 1524 .
3794 1466 3936 1534 quod
3967 1477 4018 1518 et

2421 1561 2532 1613 suis
2560 1559 2816 1612 instructa
2844 1561 2912 1611 sit
2943 1556 3198 1610 membris
3222 1598 3234 1620 ,
3269 1554 3362 1609 sed
3397 1555 3743 1608 nihilominus
3778 1557 3987 1610 necessi
4007 1585 4020 1596 -

2424 1661 2582 1706 tatem
2616 1652 2806 1705 babeat
2840 1665 3023 1704 rursus
3054 1651 3295 1719 corporis
3319 1648 3574 1718 agitandi.
3608 1649 3679 1701 Ita
3708 1665 3828 1703 cum
3858 1651 4024 1719 evigi-

2425 1745 2607 1800 laveril
2637 1759 2852 1809 corpus.
2883 1743 3149 1797 redditum
3177 1739 3370 1794 ofﬁciis
3397 1741 3533 1809 ejus,
3563 1741 4019 1795 resurrectionem

2426 1846 2757 1892 mortuorum
2788 1835 2878 1888 tibi
2911 1832 3160 1887 aflirtuat.
3195 1832 3316 1885 llcec
3339 1833 3438 1885 etit
3465 1831 3657 1892 Somni,
3688 1841 3741 1885 et
3771 1833 3907 1884 ratio
3931 1846 4020 1884 na-

725 1921 888 1976 bomo
912 1921 1143 1976 imbutus
1173 1932 1275 1976 est.
1306 1920 1361 1977 Si
1391 1919 1530 1990 apud
1556 1920 1720 1974 Dcmn
1762 1920 1939 1974 discas
1969 1920 2064 1992 (ιι).
2093 1920 2179 1974 ille
2207 1920 2324 1976 fons
2355 1921 2400 1980 Β
2430 1929 2616 1983 tiu-alis
2642 1970 2652 1990 ,
2696 1937 2750 1981 et
2799 1936 2984 1979 natura
3036 1923 3330 1978 rationalis.
3377 1923 3549 1976 Etiam
3598 1937 3690 1990 per
3737 1924 4019 1992 itttagittem

723 2014 937 2083 generis
963 2013 1296 2080 Adam,aute
1322 2013 1486 2068 ebibit
1511 2027 1956 2084 soporcm,qnam
2003 2014 2132 2066 sitiit
2167 2014 2321 2083 quie-

724 2119 868 2171 tem;
913 2118 1038 2162 ante
1076 2107 1310 2173 dormiit,
1345 2123 1501 2176 quant
1537 2106 1827 2172 laboravit;
1872 2106 2014 2169 imo.
2065 2123 2222 2176 quam
2267 2115 2323 2162 et

723 2202 862 2266 edit;
894 2203 1020 2269 imo,
1047 2218 1203 2273 quam
1227 2214 1275 2260 et
1303 2203 1539 2274 profatus
1569 2215 1685 2268 est;
1712 2212 1767 2258 ut
1787 2203 2000 2259 videant
2023 2203 2318 2259 naturalem

723 2293 952 2350 imlicem
976 2311 1221 2350 somnum
1245 2297 1491 2351 omnibus
1507 2296 1842 2351 naturalibus
1863 2295 2312 2367 principalioretn.

726 2387 857 2441 Inde
878 2387 1192 2444 deducimur
1211 2392 1374 2443 etiam
1399 2390 1680 2459 imaginem
1700 2388 2020 2459 mortisjaui
2043 2399 2168 2444 tunc
2193 2406 2313 2444 eum

723 2495 1028 2536 recensere.
1076 2481 1131 2536 Si
1178 2482 1320 2536 enim
1371 2482 1539 2537 Adam
1585 2483 1652 2538 de
1691 2482 1910 2538 Cbrislo
1956 2482 2177 2553 figuram
2221 2483 2315 2537 da-

724 2572 812 2625 bat
865 2571 982 2644 (ὅ),
1035 2587 1255 2628 somnus
1303 2573 1431 2628 Atlas
1472 2589 1617 2629 mors
1655 2586 1766 2629 erat
1794 2574 1991 2629 Christi
2033 2573 2314 2629 dortnitnri

725 2664 779 2718 in
809 2673 1070 2731 mortem,
1118 2677 1170 2718 nt
1216 2665 1284 2720 de
1328 2665 1520 2735 injuria
1553 2665 1778 2735 perinde
1822 2665 2005 2721 lateris
2043 2666 2158 2736 ejus
2191 2682 2311 2720 vera

726 2766 898 2810 mater
928 2757 1213 2811 viventium
1249 2757 1565 2828 liguraretnr
1595 2756 1857 2812 Ecclesia.
1905 2756 2030 2812 Ideo
2071 2768 2122 2812 et
2163 2773 2312 2812 som-

723 2861 830 2901 nus
861 2855 964 2901 tam
997 2848 1245 2902 salutaris
1266 2889 1277 2911 ,
1322 2858 1425 2902 tam
1456 2849 1733 2903 rationalis
1756 2891 1770 2912 .
1812 2849 1975 2902 etiam
2006 2848 2056 2903 iii
2089 2848 2312 2918 publica:

724 2953 777 2996 et
808 2944 1109 2997 communis
1133 2943 1243 3012 jam
1274 2944 1461 2998 mortis
1491 2943 1761 3012 ellingitnr
1787 2943 2082 3012 exemplar.
2133 2943 2310 2998 Voluit

722 3036 865 3090 enim
901 3035 1070 3101 l‘etts,
1110 3045 1163 3089 et
1200 3035 1331 3091 alias
1371 3036 1513 3091 Iiibil
1549 3035 1665 3090 siue
1694 3036 2089 3107 exemplaribus
2135 3037 2184 3090 iit
2216 3051 2310 3092 Sua

722 3127 1075 3198 dispositione
1103 3128 1320 3183 molitus
1341 3172 1353 3192 ,
1385 3127 1460 3202 (ὁ)
1507 3128 1872 3198 paradigmate
1904 3128 2169 3197 platonico
2203 3130 2311 3198 ple-

725 3221 845 3273 nius
875 3219 1092 3274 Ittnnaui
1121 3220 1203 3274 vel
1233 3220 1461 3275 maxime
1502 3220 1633 3274 iuitii
1666 3235 1728 3273 ac
1770 3219 1890 3274 linis
1927 3221 2094 3275 lineas
2130 3222 2309 3290 quoti-

2427 2024 2633 2086 ntortis,
2679 2021 2838 2075 [idem
2885 2019 3110 2072 initiaris
3133 2060 3146 2078 .
3175 2032 3322 2086 spem
3356 2016 3648 2082 meditaris,
3682 2016 3855 2070 discis
3886 2018 4016 2071 neori

2424 2125 2479 2172 et
2505 2117 2706 2179 vivere,
2737 2113 2902 2167 discis
2930 2111 3151 2182 vigilare
3181 2111 3305 2163 dum
3338 2107 3556 2162 dormis.

2991 2242 3216 2300 CAPUT
3256 2241 3440 2297 XLIV.

2491 2388 2780 2450 Caeterum,
2834 2387 2900 2442 de
2951 2385 3298 2440 Hermolimo.
3348 2385 3558 2447 Anima,
3613 2397 3664 2438 ul
3721 2387 3910 2447 aiunt.
3966 2388 4014 2440 iit

2420 2497 2611 2536 somno
2650 2481 2896 2540 carebat.
2943 2479 3094 2548 quasi
3130 2494 3223 2548 per
3268 2479 3603 2532 cerasi-mem
3639 2481 3875 2532 vacaturi
3912 2483 4007 2531 ho-

2421 2577 2579 2631 minis
2625 2575 2995 2645 proliciseeute
3047 2573 3114 2628 de
3159 2589 3408 2642 corpore.
3465 2572 3608 2627 Uxor
3661 2573 3765 2626 boc
3817 2574 4012 2639 prodit.

2420 2669 2623 2723 Inimici
2655 2668 3009 2720 dormientem
3041 2670 3176 2720 nacti
3207 2681 3302 2735 pro
3331 2664 3584 2718 defuncto
3615 2677 4014 2720 cremaverunt.

2418 2761 2678 2832 “egressa
2709 2761 2884 2813 anima
2918 2757 3138 2817 tardius,
3171 2756 3334 2810 credo
3358 2797 3373 2821 ,
3421 2757 3766 2809 homicidium
3796 2757 3894 2809 sibi
3923 2760 4014 2809 im-

2420 2855 2638 2924 putavit.
2667 2853 2827 2906 (livt-s
2865 2851 3188 2908 Clazomenii
3225 2851 3616 2904 llcrtnotimuut
3651 2852 3854 2920 templo
3883 2867 4007 2903 con-

2416 2947 2676 3003 solantur.
2723 2944 2908 2998 Mulier
2939 2959 3044 2997 nmt
3079 2943 3222 3008 adit,
3255 2943 3324 2994 ob
3358 2951 3537 2996 notam
3585 2946 3789 2996 uxoris.
3839 2946 4011 3009 Quor-

2416 3055 2532 3093 sum
2567 3037 2748 3093 istud?
2791 3037 2868 3091 Ne
2920 3037 3037 3103 quia
3076 3034 3153 3105 (5)
3207 3034 3360 3088 facile
3395 3044 3476 3088 est
3514 3033 3672 3103 vulgo
3703 3037 4010 3088 existimare

2417 3131 2770 3184 secessionem
2793 3129 2871 3200 (ιι)
2898 3127 3086 3180 animat
3115 3141 3234 3180 esse
3270 3141 3511 3178 somnum
3545 3126 3646 3196 (7).
3672 3125 3776 3178 boc
3804 3142 4012 3194 qttuqttt‘.

2419 3223 2613 3277 llermo
2640 3222 2729 3275 imi
2767 3230 3081 3289 argumento
3109 3219 3398 3273 credulitas
3437 3219 3783 3274 subornetur.
3829 3219 4007 3274 Genus

720 3308 812 3363 die
837 3325 997 3380 agere
1023 3311 1335 3376 nobiscum,
1367 3327 1581 3365 manum
1615 3328 1647 3381 p
1672 3313 1894 3382 irrigcns
1923 3312 2042 3366 lidci
2064 3355 2079 3377 ,
2109 3313 2310 3368 facilius
2337 3312 2380 3375 C
2419 3315 2584 3370 fuerat
2627 3315 2888 3384 gravioris
2923 3313 3193 3381 aliquanto
3234 3311 3472 3379 snp'u'is.
3529 3319 3584 3362 ut
3633 3310 3698 3364 de
3748 3312 4010 3365 inenbonc

720 3401 1035 3470 adjuvanth
1067 3418 1162 3473 per
1194 3404 1450 3472 imagines
1478 3413 1532 3458 et
1566 3405 1842 3470 parabolas
1869 3447 1882 3468 ,
1925 3405 2059 3459 sicut
2103 3421 2312 3461 set'uto-

721 3509 868 3555 num,
903 3495 970 3547 ita
1001 3502 1055 3548 et
1086 3510 1282 3548 rerum.
1318 3493 1572 3564 Proponit
1605 3494 1767 3564 igitur
1794 3495 1883 3547 tibi
1914 3511 2109 3564 corpus
2141 3498 2309 3551 amica

724 3587 773 3640 vi
798 3588 1009 3655 soporis
1038 3588 1258 3652 elisum,
1291 3587 1481 3641 blanda
1510 3588 1702 3656 quietis
1726 3589 2044 3643 necessitate
2073 3602 2306 3658 prostra-

722 3691 857 3744 ttnn.
877 3681 1150 3736 immobile
1178 3680 1319 3748 situ,
1351 3680 1506 3753 quale
1536 3690 1662 3736 ante
1689 3682 1846 3736 vitam
1874 3683 2061 3751 jacuit,
2079 3693 2133 3738 et
2159 3685 2313 3749 quale

2420 3409 2763 3479 praesumptio
2791 3417 2893 3472 est,
2929 3406 2999 3477 (ι’)
3044 3405 3127 3459 γ.ι
3159 3405 3474 3457 ialetndiuis
3497 3446 3508 3464 ,
3563 3421 3718 3472 quam
3769 3404 4006 3459 Soranus

2418 3502 2658 3569 opponit,
2706 3499 2998 3554 cxcludens
3041 3497 3380 3558 iuczilioucm,
3427 3507 3518 3550 aut
3551 3497 3654 3550 tale
3696 3497 3823 3566 quid
3860 3498 3965 3550 \ilii
3994 3539 4005 3559 ,

2418 3592 2556 3659 quod
2637 3592 2797 3646 etiam
2871 3589 3240 3659 Epimenidem
3317 3589 3369 3642 iit
3449 3589 3682 3643 falmlant
3751 3590 4004 3660 impegit.

2419 3685 2498 3754 (ιι)
2549 3684 2926 3754 quinquaginta
2959 3682 3034 3752 (8)
3070 3698 3203 3752 pene
3229 3695 3398 3735 annos
3439 3681 3876 3737 somniculosiitn.
3907 3683 4006 3737 Sed

1960 3774 2335 3833 LEC'I‘IUNES
2373 3775 2784 3832 VARIANTES.

782 3868 799 3934 (
811 3865 855 3934 l)
879 3867 1004 3934 §ibil
1030 3882 1124 3916 non
1150 3866 1356 3934 naturali
1373 3867 1504 3918 abest
1521 3880 1552 3917 a
1569 3871 1691 3934 Ifar.
1719 3874 1764 3919 et
1781 3866 1908 3921 aliis.

781 3929 854 3995 (2)
881 3931 1113 3995 Paratum
1137 3933 1274 3981 Pam.
1297 3929 1448 3995 Rhea.
1471 3929 1623 3982 Serui.

779 3990 852 4058 (5)
881 3993 1144 4058 l-‘ignrabat
1167 3997 1322 4058 Pam._
1337 3991 1488 4045 then.
1517 3993 1667 4058 scuti.

781 4055 853 4122 (ι)
877 4055 959 4106 ευ*
977 4059 1078 4106 oris
1098 4059 1241 4107 Pam.
1262 4055 1412 4108 Rhea.
1433 4055 1584 4108 Seml.

2474 3865 2552 3930 (5)
2580 3868 2644 3918 ljt
2666 3869 2777 3930 quia
2799 3880 2895 3915 non
2921 3869 3063 3930 Pani.
3089 3863 3235 3916 illum.
3257 3861 3464 3930 Sentior.
3484 3862 3691 3930 _0bcrtlt.

2475 3925 2546 3990 (ti)
2573 3925 2945 3980 Successionem
2969 3927 3119 3990 Illtett.
3146 3925 3299 3978 Seml.
3329 3926 3524 3979 Obcrllt.

2473 3989 2545 4058 (7)
2571 3994 2820 4058 Somnium
2840 3995 2961 4058 Par.
2985 3989 3092 4058 Rig.
3130 4001 3243 4040 Ven.

2471 4055 2544 4123 (κ)
2562 4056 2832 4117 Sexaginta
2857 4056 2978 4104 Jun.

2061 4140 2620 4197 COMMENTARIUS.

723 4237 953 4296 Diuinar.
988 4238 1159 4294 lustit.
1189 4239 1282 4293 lib.
1309 4236 1362 4301 ἓ,
1390 4252 1508 4306 eap.
1543 4235 1596 4299 9.
1630 4235 1765 4293 hanc
1791 4250 1910 4293 esse
1934 4235 2149 4290 Senecae
2176 4250 2269 4288 seu

722 4312 941 4363 tentiam
974 4321 1196 4367 testatur
1223 4309 1302 4362 bis
1331 4310 1505 4362 verbis
1531 4325 1545 4362 :
1579 4308 1762 4361 Melius
1783 4309 1935 4378 igitur
1962 4306 2176 4365 Seneca.
2200 4323 2302 4358 om-

722 4383 862 4434 nium
892 4384 1163 4435 stoicorum
1194 4381 1539 4443 (acutissimus,
1566 4381 1649 4448 qui
1671 4379 1793 4431 vidit
1817 4378 1891 4430 nil
1919 4378 2063 4429 aliud
2090 4395 2191 4430 esse
2218 4395 2303 4430 tta-

721 4462 907 4516 turum,
932 4471 1081 4523 quam
1099 4452 1277 4505 Deum.
1297 4449 1649 4523 Ergo._iuquit.
1663 4449 1820 4523 Deum
1841 4468 1939 4523 non
1959 4450 2300 4523 laudabimur,

719 4524 804 4575 cui
830 4520 1076 4576 tmturalis
1097 4533 1168 4576 est
1192 4524 1349 4575 virtus
1367 4523 1392 4573 ?
1421 4520 1528 4573 Nec
1554 4523 1683 4574 enim
1713 4521 1854 4572 illuni
1886 4521 2060 4572 didicit
2087 4536 2149 4572 ea:
2175 4521 2301 4572 ullo.

2404 4235 2642 4302 attigisse
2671 4231 2737 4284 de
2770 4231 2901 4284 ilit'iS
2933 4229 3230 4299 platonieis.
3262 4229 3540 4302 Alluciuati
3579 4229 3796 4284 fuerunt
3832 4233 4002 4287 minus

2404 4301 2671 4358 communi
2705 4318 2862 4364 voce;
2894 4313 3067 4354 tamen
3090 4302 3241 4353 divus
3265 4303 3423 4355 etiam
3445 4301 3700 4360 Justinus.
3737 4302 3788 4356 in
3814 4303 4003 4356 Cultor-

2407 4387 2497 4428 lttl.
2546 4375 2613 4427 ad
2637 4373 2864 4436 (ἔνατος,
2900 4373 3102 4424 \‘ttt‘mil
3132 4383 3185 4428 τὶ
3227 4381 3423 4428 ἱκέτην
3451 4393 3538 4428 vim
3567 4384 3816 4441 γινδμξνων
3850 4384 4002 4444 π’ρᾶο

2409 4452 2576 4518 διημί-
2593 4487 2606 4507 ,
2637 4445 2950 4516 singularum
2974 4461 3138 4518 rerum
3166 4461 3278 4518 qua:
3305 4455 3541 4518 creantur
3567 4447 3887 4516 paradigma.
3917 4449 4001 4500 Sic

2409 4514 2569 4571 etiam
2595 4514 2779 4570 eadem
2804 4527 2950 4567 vocat
2977 4514 3032 4568 S.
3057 4515 3360 4597 Dionysius,
3385 4515 3448 4566 de
3464 4516 3623 4597 divin.
3646 4514 3780 4597 noni.
3803 4533 3921 4597 cap.
3944 4518 3995 4580 5,

725 4592 838 4646 lato
868 4594 1230 4656 laudabimus;
1272 4593 1498 4661 quamvis
1538 4594 1667 4644 enim
1697 4591 1946 4643 naturalis
1973 4592 2046 4644 illi
2074 4592 2136 4644 sit
2159 4634 2172 4651 ,
2214 4590 2308 4643 sibi

2417 4607 2500 4644 τῶν
2521 4597 2660 4645 ὄιτᾱιν
2680 4609 2736 4641 π’
2754 4591 3076 4661 priami/.90,
3100 4587 3290 4661 erilium
3312 4587 3684 4661 parm/ignium.
3709 4589 3788 4640 Ab
3809 4589 3997 4642 eodem

722 4664 862 4718 illam
894 4667 1064 4730 ded.t,
1106 4664 1344 4735 quoniam
1374 4661 1510 4716 Deus
1541 4664 1647 4727 ipse
1687 4673 1887 4735 natura,
1910 4673 2000 4715 est.
2046 4665 2306 4727 ριιιιιιὶτιιιι

724 4751 828 4790 non
859 4738 1088 4792 insolens
1115 4732 1199 4789 est
1219 4732 1545 4788 Ter-tulliano
1565 4735 1822 4788 Senecam
1845 4733 2034 4796 citare,
2066 4744 2306 4801 putarem

719 4808 874 4862 facile
901 4809 952 4862 id
979 4824 1042 4862 ex
1074 4809 1276 4861 Seneca
1317 4806 1617 4872 accepisse;
1661 4804 1803 4870 quod
1848 4814 1900 4857 et
1941 4804 2007 4858 de
2035 4803 2308 4857 Lactantio

721 4893 1018 4942 censerem;
1049 4879 1298 4932 nimirum
1331 4877 1379 4928 id
1407 4874 1782 4944 depromptum
1806 4891 1868 4928 ex
1891 4891 2009 4940 eap.
2038 4875 2088 4931 7.
2120 4875 2214 4928 lib.
2243 4873 2306 4927 lV

719 4948 790 5000 de
822 4949 1035 5004 Betu-f.:
1077 4949 1214 5015 Quid
1244 4947 1375 5000 enim
1401 4947 1542 4999 aliud
1567 4957 1637 5000 cst
1669 4958 1883 5013 natura,
1916 4963 2066 5014 quam
2101 4945 2235 4998 Deus
2261 4954 2308 4998 ct

717 5019 888 5073 dicina
918 5023 1046 5074 ratio
1069 5021 1093 5073 7
1123 5019 1200 5074 LE
1225 5017 1321 5072 Pa.

795 5117 868 5179 (ιι)
902 5114 962 5168 Si
990 5113 1130 5184 apud
1151 5111 1524 5184 Deumdiscas.
1553 5110 1626 5163 lix
1650 5111 1812 5184 sacris
1833 5107 2078 5162 videlicet
2107 5108 2308 5178 paginis

721 5185 857 5255 apml
890 5179 1124 5250 .lndacos,
1155 5194 1246 5237 aut
1275 5183 1622 5238 Christianos.
1657 5179 1732 5234 LE
1761 5182 1854 5234 l‘n.

796 5280 873 5348 (b)
911 5277 1273 5347 l’uradigmate
1298 5275 1554 5348 platouico
1591 5273 1808 5348 plenius.
1857 5270 1966 5326 lloc
2006 5273 2196 5326 iterum
2241 5286 2305 5348 ex

727 5343 986 5403 Placitone
1012 5343 1264 5405 Plaiouis.
1291 5343 1430 5414 apud
1458 5359 1614 5412 quem
1639 5344 1908 5414 Socrates.
1943 5359 2034 5412 per
2063 5343 2302 5409 exempla

720 5423 1104 5474 contrariorum
1133 5419 1232 5472 sibi
1263 5413 1490 5472 invicem
1518 5413 1934 5473 SIICCI‘tiClHillm,
1965 5415 2124 5466 vitam
2148 5414 2304 5467 morti

718 5507 1088 5547 successuram
1161 5489 1371 5558 probat.
1417 5484 1834 5558 lita—Fatetur
1887 5485 2175 5558 Pamelillsu
2215 5499 2308 5558 lle-

720 5563 863 5617 scire
927 5578 986 5616 se
1041 5554 1289 5628 adquod
1344 5559 1656 5628 paradigma
1731 5556 2048 5628 platonicum
2109 5554 2306 5628 alludat

718 5635 1113 5697 'l'eitullianus;
1145 5625 1316 5699 neque
1337 5625 1504 5699 magis
1530 5625 1790 5690 eruditus,
1815 5627 1908 5680 sed
1935 5642 2094 5694 sagax
2115 5625 2306 5699 Junius

716 5706 968 5759 aliorsum
996 5719 1107 5757 rem
1133 5697 1576 5764 divertettsfdieit
1604 5713 1698 5767 per
1721 5698 2076 5766 anastropben
2101 5697 2300 5750 dictum

718 5778 1064 5847 paradigutale
1090 5773 1344 5847 platouico
1378 5771 1577 5841 plenius
1595 5810 1622 5847 ,_
1660 5769 1709 5821 id
1750 5779 1862 5833 est,
1914 5771 2116 5847 plenius
2145 5785 2300 5835 quatit

716 5841 820 5901 ulla
863 5841 1232 5900 niatbeniaticet
1276 5841 1768 5903 demonstratione,
1811 5849 1901 5892 aut
1941 5841 2302 5907 paradigmatc

711 5919 894 5977 fecerit
912 5916 1083 5974 Plato.
1106 5915 1267 5972 Miror
1284 5915 1630 5970 sinceriorem
1651 5921 1704 5965 et
1720 5911 1933 5964 obvium
1957 5923 2172 5964 sensum
2195 5927 2298 5966 non

2418 4660 2672 4729 Dionysio
2713 4655 2904 4711 citatur
2950 4657 3200 4711 Clemens
3240 4655 3622 4724 philosophus,
3664 4675 3822 4728 quem
3867 4672 3992 4727 puto

2417 4731 2576 4785 fuisse
2593 4731 2983 4784 S.tilementem
3007 4729 3326 4800 llomannm.
3347 4729 3612 4800 quietiam
3632 4734 3997 4800 τεν-ρνεείγμιτα

2410 4802 2573 4856 dixit:
2606 4816 2771 4872 quare
2795 4813 2984 4872 sensus
3006 4799 3317 4872 Tertulliani
3340 4810 3440 4872 est.
3479 4799 3642 4853 Deum
3672 4799 3788 4851 sine
3819 4799 3997 4854 excut-

2414 4870 2646 4942 plaribus
2668 4872 2798 4925 uiltil
2828 4871 3024 4942 moliri.
3055 4881 3109 4924 et
3139 4870 3238 4942 boc
3263 4871 3474 4942 quidem
3504 4888 3608 4924 non
3641 4887 3803 4925 sensu
3834 4875 3999 4942 pluto-

2413 4941 2564 5008 nieo,
2607 4944 2698 4997 sed
2735 4941 2942 5012 plenius
2991 4953 3041 4996 et
3090 4941 3374 5012 pet-fcinus
3407 4957 3566 5009 quam
3609 4945 3861 5009 epiualus
3904 4945 3998 4998 fuit

2413 5014 2592 5078 l‘lato,
2627 5011 2792 5067 Iletnn
2825 5013 3001 5084 omnia
3024 5012 3206 5084 moliri
3240 5011 3305 5064 de
3336 5013 3444 5064 sols
3472 5013 3604 5066 ldeis
3635 5025 3683 5066 et
3717 5020 3994 5084 exempla-

2410 5085 2574 5140 ribus.
2605 5085 2756 5154 Quod
2784 5086 2834 5138 in
2867 5082 3127 5136 I'luedone
3147 5098 3359 5150 quoque
3387 5097 3633 5137 somnum
3660 5094 3718 5137 et
3761 5082 3992 5149 vigiliam

2409 5158 2529 5209 vita:
2550 5167 2598 5211 et
2624 5153 2777 5211 inorti
2801 5158 3188 5224 comparaverit
3209 5153 3376 5212 Plato.
3399 5169 3582 5223 parum
3603 5155 3763 5209 refert
3790 5156 3855 5209 ad
3882 5173 3992 5212 rem

2409 5236 2745 5296 praesentem.
2775 5226 2900 5281 Lac.

2477 5297 2629 5352 CAP.
2657 5296 2840 5352 XLIV.
2868 5327 2935 5338 —-
3089 5294 3177 5369 ιἐι
3219 5295 3523 5369 ιοιιιφιιιὶιιὶδ
3563 5313 3714 5369 quam
3760 5297 3993 5352 Soranus

2408 5372 2618 5438 apponit
2636 5412 2650 5432 ,
2675 5369 2947 5424 cxcludeus
2972 5366 3287 5440 incubantem.
3312 5366 3520 5440 Etenim
3551 5368 3989 5440 diccbatepilep-

2407 5441 2500 5493 sia:
2529 5441 2867 5495 tentationcin
2900 5456 3039 5494 esse.
3073 5439 3264 5492 (Zmlius
3285 5439 3599 5492 Aurelianus
3629 5440 3709 5493 tit.
3751 5439 3820 5492 de
3851 5439 3992 5494 lucu.

2407 5511 2583 5581 bone:
2612 5509 2707 5564 Est
2730 5522 2894 5563 ("item
2925 5511 3221 5578 supradicta
3277 5511 3446 5577 passio
3473 5511 3733 5581 cpilepsia:
3763 5515 3986 5567 ιριιιηιὶο.

2409 5579 2547 5634 Nam
2573 5583 2708 5649 quod
2729 5598 2883 5650 neque
2923 5586 3063 5647 (laus,
3099 5596 3257 5650 neque
3287 5581 3566 5645 semideus,
3608 5579 3768 5650 neque
3793 5581 3988 5649 Cupido

2405 5654 2490 5718 sit,
2531 5653 2669 5706 libris
2720 5669 3050 5714 turmarum,
3090 5669 3215 5722 quos
3261 5650 3705 5722 xEtiologuutcuos
3755 5653 3985 5708 Soranus

2404 5725 2677 5792 appellavit
2697 5766 2710 5785 ,
2741 5724 3026 5793 plenissime
3043 5724 3327 5790 explicavit.
3361 5722 3479 5778 lito.

2595 5796 2970 5865 Quinquaginta
2999 5811 3125 5867 pene
3148 5810 3327 5867 annos.
3359 5793 3884 5867 Juniussnspicmur
3913 5796 3984 5850 le-

2402 5863 2634 5934 gendum
2664 5863 2946 5936 sexaginta,
2972 5864 3218 5919 videlicet
3241 5863 3306 5918 ad
3363 5865 3739 5919 rotunditatem
3776 5868 3977 5920 numeri

2405 5939 2579 6007 potius
2617 5949 2890 6007 oportere°
2929 5956 2948 5986 ι
2987 5951 3106 5990 nam
3131 5975 3146 6002 ,
3189 5936 3376 6004 inquit,
3405 5951 3593 5990 omnes
3619 5936 3685 5991 de
3709 5936 3860 5990 annis
3909 5938 3976 5992 57
