4250 6494
775 403 879 463 727

2202 402 2668 462 TERTULLIANI

3981 408 4088 468 728

785 531 963 576 autem
985 534 1188 576 crocum
1209 527 1309 576 est.
1341 521 1421 593 (α)
1447 519 1784 582 Aristoteles.
1814 519 2016 590 majore
2047 523 2369 577 sententiam
2403 526 2450 581 Λ
2479 530 2806 591 cognoscunt
2834 540 2844 576 :
2882 520 3128 592 Ephorus
3153 522 3358 580 scribit.
3385 523 3493 580 Sed
3522 533 3576 581 ct
3603 525 3842 599 Dionysii
3874 527 4082 584 Sicilia

789 614 1068 670 mendacio
1123 613 1354 669 reeitans
1382 655 1398 681 ,
1441 614 1682 684 agnoscit
1722 622 1776 666 et
1803 628 1983 666 veram
2019 611 2120 684 (t).
2153 612 2228 682 (ὑ)
2259 613 2377 666 Ί“‹ϊ

786 723 1090 764 messenses
1143 709 1283 762 nu‘la
1337 707 1546 762 somnia
1598 715 1898 772 evacuant,
1953 706 2376 764 imbecillitatem

786 801 1192 870 conjectationis
1233 801 1492 854 incusant.
1533 799 1665 866 Quis
1709 807 1890 852 autem
1936 807 2042 851 tam
2089 810 2378 854 extr-ancus

791 892 1156 958 humanitatis,
1182 901 1237 946 ut
1261 907 1364 945 non
1388 892 1619 960 aliquam
1643 888 1933 960 aliquando
1952 889 2214 944 visionem
2244 889 2376 945 lide-

792 987 894 1039 lem
941 984 1204 1040 senserit?
1247 985 1419 1039 Pauca
1449 985 1515 1038 de
1556 983 1938 1054 insignioribus
1971 983 2336 1053 perstringens
2361 1025 2376 1051 ,

791 1078 1019 1147 l‘Ipieuro
1055 1077 1312 1149 pudorem
1357 1074 1656 1146 imperabo.
1691 1075 1949 1147 Astyages
1977 1073 2256 1130 Medorum
2289 1090 2377 1129 re-

789 1181 1014 1241 gnator,
1052 1169 1194 1240 quod
1227 1170 1348 1224 ﬁli-.e
1378 1168 1654 1224 Mandanm
1691 1167 1868 1224 adhuc
1896 1169 2117 1240 virginis
2145 1171 2380 1224 vesicam

791 1267 844 1320 in
875 1265 1202 1320 diluvionem
1236 1265 1377 1319 Asia:
1401 1265 1617 1320 liuxiSse
1646 1265 1857 1320 somnio
1879 1263 2105 1331 viderit,
2138 1263 2381 1319 llerodo-

794 1371 880 1413 tus
921 1361 1080 1414 refert
1117 1380 1127 1412 :
1171 1362 1298 1415 item
1322 1374 1464 1414 anno
1502 1369 1623 1431 post
1668 1361 1880 1430 nuptias
1907 1361 2024 1430 ejus
2063 1377 2130 1418 ex
2174 1362 2380 1418 hisdem

796 1452 930 1506 locis
963 1453 1121 1505 vitem
1150 1463 1392 1506 exortam
1423 1453 1516 1506 toti
1547 1454 1690 1507 Asia:
1732 1453 2035 1509 ineubasse.
2080 1453 2192 1508 Hoc
2222 1454 2380 1508 etiam

791 1543 1002 1598 Charon
1058 1543 1451 1614 Lampsacenus
1504 1544 1774 1600 Herodoto
1807 1545 1950 1614 prior
1977 1546 2154 1601 tradit.
2185 1546 2285 1615 Qui
2323 1546 2386 1601 li-

795 1636 922 1689 lium
943 1636 1056 1704 ejus
1079 1637 1386 1704 tantOoperi
1411 1637 1738 1707 interpretati
1769 1648 1911 1703 sunt,
1947 1654 2050 1693 non
2081 1638 2380 1704 fefellrunt;

793 1727 1054 1795 siquidem
1089 1729 1269 1782 Asiam
1297 1727 1468 1800 Cyrus
1496 1739 1548 1784 et
1590 1731 1774 1784 mersit
1812 1740 1864 1784 ct
1892 1731 2103 1800 pressit.
2136 1730 2208 1803 (τ)
2260 1732 2385 1788 Phi-

791 1820 962 1888 lippus
1010 1819 1224 1874 M:It'0tItt
1269 1820 1502 1874 ll0lltItllll
1556 1831 1726 1890 pater,
1781 1821 2106 1893 Olympiadis
2147 1825 2224 1892 (tl)
2257 1839 2384 1879 uxo-

2485 616 2820 686 tyraunidcm
2875 619 3139 676 Ilitnerza
3183 622 3428 692 quaedam
3473 627 3761 680 Somniavit
3792 644 3802 678 :
3838 625 4084 680 Ileracli-

2483 707 2578 761 des
2606 709 2857 778 prodidit.
2903 711 2970 767 Et
2997 713 3226 770 Seleuco
3253 732 3478 787 regnum
3513 719 3654 772 Asiae
3697 717 3933 774 Laodice
3964 735 4086 774 nta-

2484 809 2563 854 ter
2605 803 2838 858 nondum
2877 820 2999 860 eum
3046 809 3210 862 enixa
3253 810 3500 879 pr'evidit
3531 828 3542 862 :
3575 811 3888 880 Euphorion
3947 830 4083 882 pro-

2483 892 2735 962 vnlgavit.
2800 894 3157 954 Mithridatem
3218 915 3433 970 quoque
3517 918 3581 956 ex
3652 904 3865 957 soumio
3927 904 4089 958 Ponti

2484 985 3027 1053 potitnmaStrabone
3043 1004 3323 1060 cognosco.
3362 993 3508 1062 (l)Et
3534 993 3827 1049 Baralirem
3852 995 3931 1065 (Ξ)
3970 995 4089 1067 Illy-

2484 1079 2650 1132 ricum
2678 1094 2709 1133 a
2740 1078 2988 1137 Molossis
3019 1097 3186 1154 usque
3236 1084 3602 1142 Macedoniam
3643 1102 3707 1142 ex
3738 1089 3955 1143 somnio
3992 1090 4091 1142 do-

2485 1171 2742 1226 minatum
2771 1173 2840 1228 de
2873 1172 3202 1231 Callisthene
3243 1176 3415 1232 disco.
3465 1177 3739 1235 Noverunt
3773 1190 3828 1236 et
3857 1180 4089 1235 Romani

2485 1266 2727 1320 veritatis
2755 1266 3062 1336 lmjusmodi
3102 1271 3335 1324 somnis.
3371 1270 3800 1328 Rclortnatorem
3833 1274 4088 1342 imperii,

2488 1358 2769 1427 puerulum
2809 1359 2988 1416 adhuc
3014 1371 3067 1416 et
3097 1363 3357 1431 privatum
3385 1363 3484 1417 loci
3515 1407 3529 1430 ,
3583 1376 3635 1420 et
3675 1364 3874 1420 Julium
3919 1365 4090 1420 Octa-

2486 1453 2626 1506 vimn
2653 1461 2879 1518 tantum.
2916 1463 2969 1509 et
2999 1455 3102 1510 sibi
3133 1456 3395 1527 ignotum,
3430 1455 3641 1512 Marcus
3667 1458 3877 1514 Tullius
3895 1459 4012 1528 jam
4037 1470 4093 1513 et

2487 1543 2780 1614 Augustum
2805 1585 2820 1607 ,
2859 1554 2914 1600 et
2945 1545 3181 1600 civilium
3215 1548 3486 1602 turbinum
3517 1549 3848 1618 sepultorem
3891 1549 3963 1603 de
3999 1565 4091 1604 so.

2488 1642 2634 1695 mnio
2669 1650 2865 1705 norat;
2919 1641 3017 1712 (m)
3064 1641 3117 1695 in
3141 1640 3340 1697 Vitellii
3366 1642 3769 1696 commentariis
3806 1642 4089 1696 conditum

2485 1741 2589 1788 est.
2621 1732 2730 1787 Nec
2777 1733 2891 1787 lucc
2922 1733 3032 1788 sola
3065 1733 3275 1803 species
3315 1734 3420 1787 erit
3449 1748 3780 1788 summarmn
3826 1735 4094 1803 praedica-

2489 1827 2595 1880 trix
2629 1836 2975 1897 potestatutn,
3001 1827 3094 1881 sed
3122 1835 3175 1880 et
3206 1826 3564 1895 periculormn
3597 1839 3647 1880 et
3679 1828 4006 1888 exitiorum;
4037 1837 4093 1881 ut

791 1912 866 1966 ris
905 1924 1146 1966 naturam
1179 1913 1490 1983 obsigoasse
1518 1913 1723 1968 viderat
1767 1916 1967 1970 annulo
1997 1935 2010 1968 ι
2045 1916 2130 1972 leo
2168 1926 2283 1972 erat
2311 1918 2382 1971 si-
2415 1916 2458 1975 B
2486 1932 2607 1971 cum
2659 1917 2840 1972 Cmsar
2891 1920 2942 1971 in
2973 1918 3163 1988 pra-lio
3204 1919 3282 1989 (ὅ)
3317 1918 3665 1988 perduellium
3696 1919 3844 1973 Bruti
3875 1930 3931 1974 et
3961 1919 4093 1976 Cas-

790 2021 972 2072 gnum.
1003 2006 1071 2074 (ε)
1103 2007 1413 2060 Crediderat
1444 2011 1755 2076 prreclnsam
1789 2011 2128 2080 genituram,
2161 2009 2230 2083 (ί)
2262 2012 2380 2081 opi-

792 2115 910 2163 nor,
936 2101 1057 2170 quia
1101 2100 1186 2154 leo
1224 2100 1388 2155 semel
1437 2111 1585 2172 pater
1623 2111 1725 2158 est.
1775 2104 1854 2174 (g)
1904 2103 2272 2160 Aristodemus
2301 2106 2380 2161 vel

795 2194 1121 2263 Aristophon
1165 2196 1513 2266 conjectans,
1558 2195 1640 2270 (li)
1667 2198 1774 2251 imo
1815 2198 1942 2252 nihil
1986 2214 2210 2254 vacuum
2237 2199 2382 2255 obsi-

793 2287 978 2354 gnari;
1021 2286 1083 2354 (ι)
1117 2287 1281 2342 lilium
1309 2331 1324 2352 ,
1359 2299 1413 2343 et
1442 2290 1658 2360 quidem
1691 2291 1905 2344 maximi
1936 2292 2164 2362 impetus
2189 2334 2204 2357 ,
2254 2308 2380 2362 por-

796 2378 957 2432 tendi.
986 2379 1062 2450 (Ir)
1095 2380 1455 2438 Alexandrino
1483 2382 1572 2451 qui
1602 2381 1812 2449 sciunt,
1843 2382 2051 2438 leonem
2082 2383 2263 2438 annuli
2297 2399 2381 2439 re-

2486 2011 2550 2064 sii
2573 2009 2828 2080 Philippis
2857 2026 3021 2080 (eger,
3058 2011 3231 2080 majus
3255 2021 3434 2066 tamen
3465 2011 3596 2065 alias
3619 2011 3913 2067 discrimen
3937 2054 3952 2075 ,
3985 2015 4093 2068 Ar-

2488 2105 2607 2160 torii
2633 2103 2840 2158 visione
2860 2144 2875 2167 ,
2920 2103 3180 2158 destituto
3211 2102 3564 2159 tabernaculo
3586 2146 3599 2168 ,
3631 2105 3811 2158 evadit
3842 2122 3856 2158 :
3890 2115 3950 2159 ut
3971 2121 4092 2160 cum

2489 2197 2752 2268 Polycrati
2799 2196 2983 2252 Samio
3030 2195 3135 2250 lilia
3171 2211 3388 2252 erucem
3427 2197 3684 2266 prospicit
3719 2197 3786 2252 de
3828 2198 3968 2252 solis
3997 2215 4096 2253 nn-

2485 2291 2645 2361 gninc
2671 2290 2749 2360 (η)
2780 2288 3068 2344 etlavacro
3096 2287 3366 2358 Jovis(o).
3400 2287 3728 2343 Revelantur
3753 2298 3808 2344 et
3843 2288 4084 2345 honores

2485 2393 2539 2439 et
2561 2384 2769 2453 ingenia
2806 2397 2898 2452 per
2925 2382 3158 2451 quietem
3177 2422 3191 2446 ,
3219 2389 3542 2452 przcstantur
3569 2389 3626 2436 et
3652 2381 3881 2436 medela
3899 2424 3915 2447 ,
3969 2396 4093 2452 pro-

2021 2495 2398 2554 l.ECT|ONES
2442 2496 2830 2552 VARIANTES
2847 2539 2859 2551 .

859 2587 903 2645 (Ι
919 2589 932 2650 )
951 2588 1227 2639 Balaridem
1255 2592 1395 2640 Pam.
1420 2588 1570 2641 Illic».
1596 2589 1746 2641 Seml.

859 2653 930 2716 (2)
958 2652 1182 2702 l'ravlium
1209 2655 1352 2704 I’mu.
1377 2652 1527 2704 Illico.
1549 2651 1701 2705 Seml.
1726 2651 1918 2706 Obrrlli.

2555 2591 2628 2654 (3)
2658 2589 2841 2640 Verum
2868 2592 3010 2639 Pam.
3033 2587 3184 2641 nheri.
3209 2586 3360 2638 Scml.
3384 2584 3578 2639 Obcrth.

2145 2736 2704 2796 COMMENTARIUS.

877 2833 1028 2889 εχιτ.
1063 2831 1245 2888 XLVI.
1278 2863 1348 2873 —
1373 2832 1452 2902 (a)
1489 2831 1781 2886 Aristoteles
1833 2831 2028 2900 nmjore
2082 2833 2379 2884 sententious

798 2907 1081 2959 niemlucio.
1112 2905 1424 2958 Aristoteles
1474 2903 1680 2956 somnia
1736 2903 2051 2972 plerumque
2105 2903 2380 2956 mendacia

797 2986 1037 3032 autumat
1059 3018 1071 3035 .
1105 2977 1201 3029 etsi
1232 2993 1334 3028 non
1367 2989 1598 3044 semper.
1628 2972 1702 3027 Ls:
1737 2972 1830 3026 Pu.

870 3049 948 3118 (b)
978 3046 1368 3111 Telmessenses,
1396 3042 1500 3100 etc.
1551 3042 1732 3118 Cariae
1744 3044 1820 3118 illi
1856 3044 2034 3118 populi
2048 3044 2207 3118 pulla
2240 3057 2385 3097 som-

798 3114 888 3172 nia
917 3114 972 3172 nt
1003 3120 1173 3171 inania
1198 3127 1475 3182 rcsmmnt.
1495 3118 1588 3170 sed
1617 3115 1899 3180 explicant.
1938 3115 2012 3169 LE
2047 3114 2140 3169 Pu.

867 3189 940 3260 (ο)
973 3188 1249 3258 Philippus
1281 3187 1490 3241 Macedo
1511 3230 1524 3251 ,
1550 3186 1776 3260 nondum
1808 3197 1968 3251 pater.
2018 3184 2335 3240 Plutarchus
2367 3204 2379 3240 :

801 3267 972 3330 ὓστίτςῳ
1000 3266 1144 3330 γρόνῳ
1173 3267 1295 3327 μετὰ
1323 3269 1400 3314 τὶν
1427 3267 1597 3326 γέμον.
1633 3257 1751 3311 Ιὶιο.

868 3326 958 3401 (ιι)⁷
982 3326 1170 3386 Πζνονίε
1197 3341 1434 3382 naturam
1465 3331 1758 3401 obsignusse
1781 3326 2344 3401 viderat._Pl_utarchus
2375 3345 2389 3382 :

805 3397 946 3457 Vidit
976 3419 1071 3471 per
1095 3415 1340 3454 somnum
1365 3403 1538 3468 ipsum
1563 3399 1956 3468 imprimentem
1979 3397 2209 3466 sigillum
2240 3411 2392 3452 utero

799 3475 982 3528 uxoris
1011 3473 1180 3526 εΕἷὸη
1204 3480 1314 3542 ϐιαρ
1341 3477 1480 3527 esse,
1513 3473 1824 3526 Inﬁdis-rea.
1859 3473 2093 3539 σῖιρκγῖδθε
2129 3484 2188 3529 iri;
2221 3475 2391 3540 y‘stpi

795 3563 882 3607 τίς
907 3549 1142 3612 γυναικός.
1171 3545 1288 3599 “lc.
1320 3553 1366 3596 et
1399 3543 1529 3598 ΕΜ).

871 3611 947 3688 (e)
977 3613 1278 3688 Crediderot
1302 3613 1932 3688 praelusaimgeuituram.
1978 3611 2088 3665 lloc
2119 3621 2204 3667 est
2229 3653 2242 3676 ,
2273 3620 2386 3666 ste-

800 3683 952 3742 rilem
986 3687 1100 3740 fore
1131 3685 1311 3740 uxoris
1333 3694 1559 3738 uterum.
1595 3683 1710 3737 llic.

873 3757 939 3830 (Γ)
970 3756 1431 3830 ()piuor,_quia_leo
1450 3753 1605 3809 semet
1633 3763 1775 3821 pater
1799 3763 1893 3808 cst.
1921 3753 2161 3830 Pervasit
2189 3753 2388 3830 invul-

803 3825 902 3897 μιιέ
921 3825 1107 3896 "opinio
1136 3826 1264 3881 falsa
1291 3869 1304 3890 ,
1333 3827 1540 3880 leonem
1571 3841 1676 3880 non
1707 3840 1892 3893 parere
1916 3851 1943 3890 ,-
1967 3825 2074 3897 nisi,
2096 3826 2266 3897 semel
2293 3866 2307 3885 .
2337 3834 2392 3879 ct

803 3895 988 3953 inuno.
1032 3901 1160 3964 Quae
1193 3910 1367 3951 tamen
1413 3897 1584 3951 I’altula
1627 3897 1959 3950 adsertorem
1995 3896 2179 3948 habuit
2225 3895 2392 3949 llero-

800 3972 984 4022 ilulttttt
1022 3985 1037 4023 ζ
1068 3974 1266 4033 (11"53:
1286 3982 1350 4038 τᾳ
1374 3980 1490 4038 βίῳ.
1526 3968 1714 4035 inquit.
1743 3979 1890 4038 τίκτῃ(
1917 3974 1962 4018 ἓν
2007 3965 2110 4038 ξ(Βά
2143 3965 2210 4018 ab
2239 3967 2388 4020 Aris-

806 4042 965 4095 totele
986 4041 1259 4094 deridetur
1289 4035 1339 4092 ni
1362 4035 1507 4106 μῦόις
1543 4043 1775 4108 ληρώδης.
1827 4037 1890 4090 Et
1914 4038 1980 4092 ab
2005 4035 2239 4091 llonzero
2269 4038 2388 4104 qni-

804 4113 925 4164 tltfltt
957 4111 1276 4165 describitur
1304 4110 1387 4163 I00
1414 4153 1426 4171 ,
1452 4134 1558 4179 περι
1586 4112 1678 4163 sisi.
1721 4117 1974 4170 rtxirnw,
2005 4120 2058 4162 et
2089 4115 2209 4177 (qua
2229 4116 2272 4162 ἰν
2301 4113 2388 4178 ὕλῃ

806 4203 975 4244 usue.
1012 4182 1116 4236 Nee
1142 4183 1294 4234 facile
1313 4181 1538 4235 dixerim
1560 4179 1874 4249 Septimium
1900 4180 1984 4233 hic
2012 4188 2250 4232 nostrum
2276 4195 2392 4233 sett-

807 4256 942 4308 sissc
986 4269 1105 4307 cum
1156 4253 1310 4322 volgo
1352 4268 1365 4316 ;
1410 4262 1501 4306 aut
1545 4250 2024 4322 carthaginiensrm
2078 4251 2385 4320 ignorasse,

807 4341 927 4391 qua:
969 4325 1128 4390 gctuli
1183 4319 1495 4378 et'nmnidae
1539 4331 1824 4376 venatores
1865 4319 2110 4374 habuere
2139 4335 2385 4390 cumper-

811 4395 1034 4448 tissima.
1077 4394 1228 4459 Quod
1261 4405 1435 4447 autem
1475 4395 1549 4447 ait
1595 4392 1916 4462 Septimius.
1969 4392 2181 4446 leonem
2221 4391 2388 4447 semel

808 4481 929 4519 esse
963 4475 1188 4530 patrem,
1216 4467 1293 4517 sie,
1316 4466 1593 4519 audiamus
1623 4477 1844 4518 necesse
1869 4471 1950 4516 est
1973 4503 1988 4524 .
2017 4477 2081 4516 ex
2115 4479 2213 4517 una
2247 4462 2388 4516 scili-

810 4548 893 4590 t-et
923 4536 1158 4591 immitia.
1210 4535 1316 4589 Νἰςί
1349 4537 1470 4604 quis
1497 4536 1657 4598 velit,
1696 4543 1802 4587 tam
1835 4548 2051 4587 morosu-
2081 4536 2386 4604 nuptiarum

808 4608 1111 4677 cztsligalori
1160 4603 1419 4675 placuisse
1455 4607 1616 4660 etiam
1649 4606 1830 4677 leones
1871 4619 2238 4677 monogamos.
2282 4603 2384 4658 Sed

809 4674 1115 4732 Alexandro
1139 4674 1373 4732 nondum
1400 4678 1555 4747 patri,
1584 4675 1709 4746 quid
1739 4675 1804 4728 ad
1829 4674 2104 4744 prmcliisa:
2126 4677 2386 4747 geniturae

810 4750 1254 4816 signiﬁcationem
1295 4748 1379 4802 leo
1403 4746 1570 4802 Semel
1600 4750 1785 4816 pater?
1828 4763 1947 4799 eum
1978 4761 2076 4799 nec
2099 4746 2266 4800 semel
2295 4762 2386 4813 pa-

811 4831 890 4872 ter
913 4823 994 4873 leo
1025 4819 1146 4878 fiat.
1193 4818 1293 4874 nisi
1317 4819 1528 4873 exclusa
1551 4818 1789 4887 genitura
1818 4859 1832 4875 .
1866 4827 2019 4887 utero
2041 4816 2150 4884 jam
2178 4826 2383 4886 aperto.

817 4892 1063 4944 llieatnns
1090 4891 1282 4959 igitur,
1331 4886 1692 4958 conjecturam
1727 4886 2034 4959 Alexandro
2061 4887 2250 4944 fuisse.
2283 4904 2387 4941 non

813 4957 1443 5030 parituram—conjugem,
1476 4961 1544 5013 ab
1572 4975 1639 5012 eo
1659 4958 1797 5030 quod
1826 4957 2020 5030 animal
2044 4999 2058 5021 ,
2088 4958 2240 5024 cujus
2269 4973 2394 5030 spe-

813 5028 948 5086 ciem
976 5031 1187 5086 viderat
1214 5028 1264 5084 in
1294 5028 1526 5093 sounnis,
1575 5029 1741 5082 semel
1777 5029 1936 5082 edere
1967 5039 2173 5096 partum
2205 5028 2393 5082 cxisti~

816 5114 1007 5156 inetur.
1056 5102 1179 5156 ltari
1215 5111 1392 5156 autem
1419 5111 1546 5156 sunt
1583 5101 1802 5162 leones;
1847 5099 2073 5167 ideoque
2104 5112 2227 5153 raro
2257 5101 2394 5164 rarit

814 5179 899 5226 leo
947 5173 1098 5242 Quod
1132 5182 1308 5227 autem
1341 5174 1400 5226 tit
1438 5185 1584 5242 raro,
1621 5169 1812 5242 vulgus
1851 5169 2015 5223 semel
2058 5170 2108 5222 in
2144 5170 2249 5222 vita
2280 5171 2392 5224 tieri

813 5240 986 5298 dieitJ
1013 5249 1089 5300 Ae
1127 5243 1280 5298 semel
1323 5241 1538 5313 quidem
1585 5240 1816 5295 vicinum
1846 5254 1966 5294 esse
1999 5255 2060 5313 ac
2104 5257 2229 5313 pene
2267 5257 2395 5313 nuu-

814 5332 987 5382 qunm,
1016 5317 1264 5369 observat
1287 5309 1551 5369 Asconius
1571 5327 1585 5371 ;
1604 5326 1774 5382 eoque
1795 5325 1954 5365 sensu
1982 5325 2010 5363 a
2037 5309 2238 5365 Lucilio
2259 5311 2394 5364 scri-

819 5379 986 5450 ptum,
1019 5386 1183 5439 semel
1212 5385 1261 5440 in
1291 5386 1396 5439 vita
1425 5382 1607 5438 risisse
1634 5379 1919 5445 crassum,
1951 5397 2108 5435 avmu
2139 5381 2312 5436 Crassi
2344 5382 2394 5435 in

823 5457 1030 5510 Parthis
1074 5456 1399 5526 interempti.
1440 5453 1592 5522 Quod
1614 5452 1904 5526 _abso|u?eA
1934 5451 2136 5526 Plinius
2189 5451 2394 5526 reddit.

825 5543 1094 5593 nunquam
1121 5522 1322 5582 risisse.
1355 5526 1471 5582 Illo.
1500 5554 1572 5565 —
1601 5522 1797 5592 Opinor
1821 5524 1940 5593 quia
1971 5524 2049 5576 leo
2075 5522 2226 5593 semel
2255 5533 2400 5590 pater

824 5608 918 5652 est.
948 5592 1235 5653 Testautur
1269 5597 1562 5667 scriptores
1587 5595 1808 5667 quidam
1823 5592 2138 5667 opinionem
2178 5592 2396 5667 hancin

826 5669 1030 5735 plebem
1066 5663 1395 5732 incurrisse,
1425 5663 1635 5723 leonem
1658 5664 1919 5734 unguibus
1947 5673 2156 5735 uterum
2185 5663 2289 5735 sibi
2319 5664 2397 5716 la-

821 5733 1006 5794 i-erare
1030 5741 1080 5794 in
1102 5748 1275 5808 partu;
1293 5747 1350 5794 at
1371 5739 1484 5794 lucc
1511 5737 1640 5792 falsa
1663 5733 1844 5790 docuit
1871 5733 2204 5808 Aristoteles.
2230 5733 2396 5788 (Elia.

823 5828 924 5866 nus
971 5812 1054 5864 lih.
1106 5806 1172 5863 IV
1194 5853 1208 5873 ,
1238 5825 1356 5882 cap.
1385 5809 1480 5882 2'5,
1511 5809 1584 5882 ait
1611 5809 1816 5862 leonem
1847 5806 2129 5875 quinquies
2172 5817 2395 5874 parere:

822 5887 1052 5964 pritnnm
1084 5879 1317 5953 quinque
1340 5923 1355 5946 ,
1386 5879 1579 5936 deinde
1605 5888 1833 5964 quatuor
1857 5917 1870 5939 ,
1905 5886 2013 5930 tum
2048 5887 2154 5931 tres
2177 5917 2190 5941 ,
2218 5887 2398 5946 postea

810 5947 975 6026 auos,
1009 5968 1070 6010 ac
1097 5947 1368 6025 postremo
1395 5966 1578 6009 unum.
1611 5947 1687 6005 Le
1717 5947 1810 6004 Pu.

2558 2834 2636 2904 lg)
2693 2833 3033 2887 Aristodemus
3073 2833 3148 2886 vel
3187 2831 3511 2904 Aristophoii.
3559 2829 3710 2893 loto.
3759 2843 3990 2896 neuter,
4031 2834 4097 2904 psi

2499 2901 2770 2958 credimus
2795 2903 3100 2964 Plutarcho.
3128 2905 3220 2957 sed
3253 2901 3583 2966 Aristander,
3611 2911 3757 2956 vates
3777 2913 3833 2955 et
3861 2903 4100 2957 seiunio-

2489 2991 2606 3028 rum
2634 2977 2865 3046 interpre
2889 2991 2914 3028 s
2935 3016 2950 3039 ,
2992 2985 3147 3029 atate
3177 2973 3462 3046 Alexandri
3493 2974 3907 3046 celeberrimus,
3941 2976 4094 3038 enjus

2487 3056 2539 3100 et
2586 3044 2829 3100 volumen
2885 3048 2949 3100 de
2977 3045 3198 3099 Ostentis
3227 3060 3254 3097 a
3286 3044 3456 3098 Plinio
3483 3044 3694 3098 citatur.
3732 3044 3829 3098 llic
3880 3073 3955 3083 —
3982 3046 4097 3098 Ari-

2488 3118 2747 3172 stodemus
2775 3119 2851 3171 vel
2882 3118 3208 3187 ArisIOphou.
3245 3115 3343 3169 llic
3371 3114 3609 3169 comicus
3650 3123 3764 3170 erat
3789 3156 3802 3178 ,
3837 3116 3931 3169 ille
3974 3132 4094 3186 my-

2496 3188 2768 3260 tllnlogus.
2801 3189 2875 3242 Ls
2909 3188 3001 3242 Pu.

2571 3255 2673 3327 (lt)'
2702 3257 2815 3312 lmo
2843 3259 2971 3312 nihil
2997 3274 3208 3311 vectium
3245 3257 3520 3327 obsignari.
3573 3255 3894 3311 Plutarchus
3918 3297 3933 3320 ,
3968 3260 4098 3311 ιῦδξι

2519 3338 2610 3401 γὰρ
2639 3335 3078 3400 inuigilat/igua“
3103 3342 3190 3384 τκῗν
3217 3345 3374 3382 κενῶν.
3405 3328 3524 3383 “to.

2574 3397 2636 3472 (ἱ)
2667 3397 2858 3455 Filium
2882 3405 3050 3469 "mgni
3080 3404 3311 3468 impetus.
3350 3397 3686 3472 Plutarchus,
3723 3402 3876 3452 παῖδα
3917 3403 4088 3467 suspe-

2497 3479 2599 3534 νιδή
2620 3471 2708 3527 νκθὶ
2742 3476 2920 3532 arma;
2957 3475 3112 3526 τνῖδν
3136 3482 3223 3527 vis
3245 3477 3399 3540 ρὺσω.
3437 3471 3553 3526 Iitc.

2569 3545 2652 3611 (li)
2684 3544 3031 3597 Alexandrum
3056 3547 3140 3608 qui
3169 3544 3354 3596 sciunt.
3399 3541 3510 3596 Iloi:
3540 3551 3646 3606 est,
3682 3540 3976 3596 Alexandri
4012 3540 4086 3594 Ilio

2497 3617 2717 3669 storiam
2761 3617 2849 3682 qui
2882 3625 3096 3668 norunt.
3153 3614 3222 3666 Ea
3263 3613 3459 3680 passim
3503 3613 3994 3666 circuinl‘erehatur
4029 3611 4091 3663 ah

2499 3686 2660 3740 variis
2689 3688 2834 3740 varie
2860 3685 3124 3752 descripta
3152 3725 3166 3742 .
3215 3693 3269 3736 et
3311 3682 3504 3735 l'almlis
3544 3684 3745 3737 intexta
3778 3684 4093 3751 plerumque

2497 3757 2849 3811 stultissimis.
2881 3755 3045 3824 Cujus
3074 3754 3258 3808 Lit-inae
3279 3764 3359 3806 est
3383 3752 3478 3806 ills.
3515 3754 3667 3824 liber.
3699 3769 3860 3822 quem
3895 3752 4089 3806 indica-

2499 3829 2571 3880 vit
2596 3827 2944 3951 Casarrlhonus
2991 3825 3195 3895 pridem
3217 3867 3230 3889 ,
3263 3833 3319 3879 et
3355 3825 3488 3878 falso
3511 3823 3860 3878 Callisthenis
3894 3838 4084 3878 nomen

2499 3913 2605 3951 mae
2630 3909 2727 3951 ert.
2811 3914 2876 3951 Ic.

2499 3899 2727 3968 praefert.
2762 3899 2876 3952 llic.

2571 3992 2635 4061 (l)
2669 3989 2731 4044 Et
2759 3989 3040 4044 Burolirent
3073 3988 3340 4057 Illyricum
3378 3989 3612 4043 Molossis
3645 4005 3806 4058 usque
3842 3987 4082 4061 "cceda-

2495 4060 2636 4117 nium
2659 4078 2721 4115 ex
2745 4078 2872 4115 son.
2905 4063 3040 4113 dom.
3078 4063 3201 4115 lla-c
3229 4061 3448 4113 oinnino
3473 4071 3555 4114 est
3584 4063 3847 4129 scriptura
3878 4060 4076 4112 εθὼςίς

2498 4133 2859 4206 Agohardini.
2909 4133 3056 4202 lapsu
3097 4132 3149 4206 in
3193 4131 3426 4206 proclive
3467 4131 3682 4206 voln_lrili
3714 4131 4075 4206 scribentium

2495 4199 2734 4258 Burdient
2766 4199 3073 4269 primo,'aut
3100 4200 3383 4263 Bardirem,
3417 4217 3537 4253 mox
3565 4200 3853 4253 Biradirem
3897 4211 3952 4253 et
3996 4199 4090 4252 Bo-

2494 4277 2724 4329 ralirem.
2769 4272 2917 4329 Unde
2949 4275 3098 4326 lluxit
3119 4273 3258 4342 quod
3285 4272 3335 4325 in
3371 4272 3594 4341 \ttlgalis
3624 4272 3852 4325 habetur
3887 4270 4088 4324 Balari-

2493 4346 2638 4401 tlem.
2696 4344 2935 4399 Frontini
2981 4353 3418 4412 stratagematum
3470 4343 3802 4412 exemplaria
3857 4342 4091 4411 quinque

2493 4426 2806 4471 constanter
2853 4415 3140 4477 exhibent,
3175 4414 3241 4466 ab
3280 4414 3443 4469 Ardic
3475 4413 3653 4484 illyrio
3677 4455 3691 4480 ,
3735 4415 3882 4484 quod
3914 4424 3995 4466 est
4019 4456 4032 4472 .
4061 4428 4084 4463 a

2495 4488 2686 4543 Bardie
2709 4528 2722 4550 ,
2756 4498 2809 4540 et
2839 4487 3080 4555 proxime
3114 4484 3178 4538 ad
3213 4500 3392 4538 verum
3419 4526 3432 4544 .
3469 4483 3707 4555 lla’rilile.
3743 4483 3969 4555 Rectam
4003 4486 4091 4535 Im-

2491 4561 2642 4626 jnsce
2677 4553 2916 4613 vocabuti
2953 4557 3242 4610 editionem
3288 4570 3530 4608 servasse
3585 4553 3832 4608 videntur
3871 4554 4042 4609 Grmci
4069 4595 4083 4620 ,

2414 4632 2468 4693 D
2498 4629 2768 4702 Bardylin.
2825 4627 2983 4702 Unde
3019 4637 3101 4702 est
3129 4626 3289 4702 apud
3313 4627 3624 4702 Ciceronem
3673 4626 3931 4702 Bargulus
3953 4667 3969 4690 ,
4004 4643 4090 4702 pro

2496 4697 3122 4772 Bard'ylis,ricertissii_na
3168 4697 3478 4772 conjectura
3529 4698 3626 4772 viri
3671 4697 3887 4772 eximie
3942 4697 4088 4764 probi

2492 4767 2740 4841 doctique
2773 4771 2984 4825 lleurici
3015 4769 3231 4841 Valesii.
3270 4767 3518 4841 llardylis
3539 4767 3750 4839 illyrius
3780 4783 3846 4821 ex
3877 4767 4088 4820 latrone

2494 4843 2621 4903 dux.
2651 4838 2763 4897 sive
2791 4843 3036 4912 princeps
3066 4840 3366 4912 Illyriorum
3397 4849 3450 4892 et
3476 4838 3850 4895 Molossorum.
3883 4853 4004 4891 cum
4028 4848 4078 4891 et

2496 4911 2813 4968 Macedonas
2838 4923 3144 4975 attentaret,
3169 4927 3197 4963 a
3224 4911 3471 4977 Philippo
3500 4924 3778 4978 repressus
3795 4917 3902 4971 est,
3925 4920 4078 4976 atque

2497 4986 2631 5038 intra
2673 4985 2805 5038 lines
2849 4982 3149 5054 Illyriorum
3187 4983 3476 5054 coercitus.
3528 4984 3727 5034 Auctor
3769 4980 4032 5033 Diodorus
4061 5022 4073 5043 ,

2497 5055 2710 5110 Valesio
2737 5051 3155 5108 nostro'eitatus.
3187 5051 3304 5108 th.

2573 5149 2672 5219 (m)
2699 5146 2764 5201 In
2798 5146 2986 5201 Vitellii
3011 5144 3657 5219 rontmeutariiscomlitum
3676 5154 3770 5196 est.
3793 5141 4044 5219 Citantur
4057 5157 4082 5194 a

2500 5213 2760 5273 Suetonio
2803 5218 3052 5270 nonnulla
3095 5217 3163 5270 de
3204 5223 3362 5285 gente
3390 5214 3601 5268 Vdellia
3628 5257 3642 5276 .
3690 5230 3755 5268 ex
3804 5215 3984 5285 libello
4012 5213 4073 5282 Ο.

2506 5290 2707 5359 Eulogii
2739 5288 2805 5343 ad
2833 5288 2897 5356 Q.
2925 5287 3198 5359 Vitellium
3214 5284 3452 5359 augusti
3475 5284 3979 5359 qttmstorein.__ﬂt_e.

2572 5354 2666 5431 (n)'
2685 5358 2758 5412 De
2781 5354 2902 5414 solis
2927 5358 3168 5431 unguine.
3222 5356 3464 5431 Explicat
3495 5355 3632 5431 istud
3663 5357 3755 5408 lib.
3791 5354 3882 5420 Ill,
3918 5357 4079 5431 llero-

2501 5425 2682 5496 dotus,
2713 5433 2953 5485 scribens
2979 5425 3268 5483 I‘olvcratis
3292 5425 3452 5480 lilium
3475 5427 3673 5481 vidiss'e
3700 5441 3794 5494 per
3817 5429 4081 5480 somnium

2503 5514 2706 5571 patrem
2738 5502 3018 5556 sublimem
3050 5500 3100 5552 in
3129 5513 3275 5562 acre,
3299 5496 3387 5567 qui
3414 5512 3444 5551 a
3468 5498 3583 5571 sole
3604 5505 3954 5571 ungueretur,
3983 5511 4080 5566 quo

2503 5567 2777 5643 prospexit
2826 5573 2876 5626 in
2925 5585 3138 5626 crucem
3179 5579 3357 5623 actum
3402 5569 3530 5623 solis
3572 5567 3766 5624 ardore
3813 5570 4080 5622 exsiccan-

2502 5645 2649 5698 dum.
2683 5644 2816 5698 Pstt.

2577 5734 2651 5805 (ο)
2680 5734 2743 5789 Et
2769 5737 2968 5790 laracro
2992 5733 3155 5788 Joois.
3184 5731 3326 5805 Istud
3353 5731 3598 5805 estquod
3625 5729 3821 5805 ibidem
3847 5729 4083 5805 "ermloo

2508 5800 2594 5860 tus
2619 5800 2762 5860 illam
2793 5807 3090 5860 somniasse
3111 5804 3298 5859 scribit
3323 5844 3337 5866 ,
3381 5800 3524 5871 quod
3551 5813 3704 5874 pater
3723 5800 3918 5874 aVJove
3948 5802 4086 5874 [ινιτ

2506 5887 2674 5944 retur,
2704 5877 2804 5932 hoc
2828 5887 2910 5931 est
2935 5919 2948 5937 .
2976 5875 3167 5946 pluviis
3189 5883 3244 5928 et
3271 5872 3568 5946 imbribus,
3599 5890 3720 5945 qua:
3745 5873 3866 5930 Jovi
3891 5872 4084 5929 ethnici

2508 5949 2831 6016 tribuebant,
2860 5944 3290 6019 perfunderetur.
3319 5944 3454 6002 Pu.
