4250 6494
731 399 827 456 731

2160 421 2616 483 TERTULLIANI

3912 453 4018 511 752

723 512 916 586 bit(a).
947 518 1049 576 Sed
1077 531 1130 578 et
1155 524 1318 584 Stoici
1341 530 1507 586 Deum
1541 531 1745 589 malunt
1790 536 2313 606 providentissimum
2345 549 2389 601 Α
2422 545 2648 610 absistit,
2687 559 2739 602 ut
2773 551 2856 603 vel
2890 551 3283 614 dormientibus
3314 560 3538 633 obrepat
3589 582 3692 638 qua
3742 581 3939 638 potest,
3969 577 4011 624 ςί

725 608 971 638 1......ηηλυ
1002 614 1274 638 :-.-.:.--.2_,
1304 621 1314 638 2
1369 621 1382 634 ο
1428 631 1467 638 ,κ
1621 633 1631 638 ,
1905 629 1914 638 .
1942 629 1970 638 ..
2057 631 2086 638 ..
2132 632 2141 638 .
2275 634 2284 638 -

723 608 972 666 humana:
1001 614 1338 686 institutioni,
1369 621 1508 678 inter
1537 633 1731 680 eictera
1761 629 2005 698 prazsidia
2037 631 2313 686 divinatri-

722 713 843 754 eum
883 705 1078 761 artium
1119 716 1174 764 et
1227 710 1652 784 disciplinarum,
1685 723 1888 774 somnia
1917 739 2130 793 quoque
2163 726 2314 780 nobis

725 793 1000 864 indidisse,
1037 804 1308 871 peculiare
1347 808 1597 864 solatium
1632 815 1887 869 naturalis
1926 819 2151 872 oraenli.
2192 820 2313 875 llaec

722 899 977 955 quantum
1009 893 1073 947 ad
1117 895 1274 950 fidem
1307 901 1636 956 somniorum
1670 920 1696 955 a
1725 905 1880 961 nobis
1921 923 2133 978 quoque
2178 927 2310 966 cou—

723 981 1059 1050 signainlant,
1089 997 1143 1042 et
1176 990 1360 1047 taliter
1415 995 1496 1066 (1)
1532 997 2005 1069 interpretandum
2071 1004 2144 1076 (li)
2179 1007 2309 1062 Nam

720 1071 788 1128 de
841 1079 1074 1134 oraculis
1121 1082 1280 1136 etiam
1329 1088 1572 1155 czeteris,
1628 1093 1769 1160 apud
1824 1110 1941 1163 quae
1997 1113 2154 1152 nemo
2181 1101 2308 1154 dor-

721 1169 891 1235 tnitat,
950 1173 1075 1242 quid
1133 1176 1275 1232 aliud
1332 1185 1828 1252 pronuntiabimus,
1881 1206 2038 1260 quam
2113 1195 2310 1250 darmo-

718 1261 925 1317 ttiacatn
947 1279 1067 1322 esse
1097 1271 1355 1328 rationem
1379 1290 1563 1331 eorum
1591 1281 1896 1344 Spiritnnm.
1927 1290 2015 1355 qni
2045 1289 2154 1356 jant
2183 1299 2307 1347 tunc

721 1351 772 1405 in
803 1353 934 1422 ipsis
967 1358 1269 1416 hominibus
1315 1365 1715 1437 habitaverint,
1754 1375 1834 1428 vel
1893 1377 1973 1447 (‘2)
2022 1385 2309 1438 memorias

717 1459 903 1500 eorum
947 1447 1309 1509 affectaverint
1340 1456 1405 1511 ad
1437 1474 1650 1516 omnem
1677 1467 1893 1521 malitiae
1922 1485 2031 1524 sua:
2061 1488 2304 1543 scenam,

719 1536 773 1592 in
806 1539 901 1594 ista
949 1557 1099 1614 :rquc
1123 1549 1303 1616 specie
1323 1551 1653 1610 divinitatem
1698 1564 2036 1628 mentientes,
2085 1567 2304 1624 eadem-

722 1647 828 1701 que
874 1634 1130 1693 indnSIria
1161 1641 1320 1697 etiam
1356 1661 1448 1713 per
1474 1647 1732 1704 beneficia
1785 1655 2029 1712 fallentes
2087 1663 2306 1718 tncdici-

715 1737 928 1791 narum,
962 1739 1015 1781 et
1043 1729 1490 1802 admonitionum,
1520 1749 1574 1794 et
1607 1747 2138 1817 prtcnuntiationmn,
2182 1771 2300 1824 qtae

714 1818 885 1884 magis
916 1819 1111 1876 laedant
1144 1824 1404 1893 juvaudo,
1435 1832 1560 1886 dum
1591 1849 1686 1903 per
1712 1852 1772 1892 ca
1803 1855 1922 1908 qnze
1963 1844 2189 1913 juvant,
2237 1851 2305 1904 ab

714 1907 1059 1978 inquisitione
1107 1932 1244 1972 verae
1289 1919 1586 1979 divinitatis
1613 1928 1902 1997 abducunt,
1945 1951 2006 1989 ev
2065 1938 2304 1998 insinua-
2336 1939 2380 1998 Β

715 2000 860 2057 tione
889 2002 1057 2061 falsae.
1089 2007 1155 2063 Et
1185 2012 1366 2081 utique
1391 2031 1494 2068 non
1518 2016 1696 2074 clausa
1730 2023 1810 2077 vis
1831 2035 1929 2086 est,
1979 2044 2077 2083 nec
2126 2047 2303 2088 sacra-

714 2093 916 2150 tiornm
943 2100 1401 2160 circumscribitur
1432 2111 1709 2179 terminis;
1752 2132 1881 2187 vaga
1913 2131 1967 2175 et
1998 2125 2294 2191 pervolati-

712 2202 795 2251 ea,
844 2199 898 2243 et
948 2191 1160 2248 interim
1212 2196 1378 2252 libera
1429 2212 1510 2257 est
1543 2219 1558 2258 :
1591 2221 1697 2274 quo
1742 2224 1900 2264 nemo
1951 2211 2296 2285 dubitaverit,

710 2278 901 2336 dooms
923 2299 1135 2354 quoque
1160 2288 1436 2348 daemoniis
1474 2307 1682 2364 patere;
1713 2317 1812 2356 nee
1843 2315 2044 2361 tantum
2098 2310 2150 2363 in
2173 2312 2303 2385 ady-

713 2371 799 2438 tis,
815 2372 908 2429 scd
929 2375 980 2430 in
996 2378 1252 2436 cubiculis
1273 2382 1514 2442 homines
1531 2390 1848 2461 imaginibus
1863 2398 2063 2455 circum
2098 2406 2297 2460 venire.

1260 2478 1489 2537 CAPUT
1542 2483 1747 2541 XLVII.

784 2558 1077 2620 Deliuimus
1116 2570 1258 2623 enim
1281 2586 1308 2624 a
1334 2572 1613 2632 dmntoniis
1657 2581 1940 2648 plurimum
1974 2587 2136 2644 iucuti
2166 2605 2306 2646 som-

711 2650 818 2717 nia,
850 2655 951 2708 etsi
1006 2657 1274 2715 interdum
1336 2680 1460 2720 vera
1508 2679 1561 2723 et
1604 2673 1860 2741 gratiosa,
1916 2678 2032 2745 sed,
2081 2682 2148 2736 de
2197 2700 2300 2754 qua

707 2742 964 2801 industria
983 2747 1536 2820 diximus,all'ectautia
1554 2774 1710 2835 atque
1728 2772 1991 2837 captantia
2051 2742 2303 2844 (c)quau-

709 2847 765 2893 to
814 2843 981 2910 magis
1045 2859 1197 2913 vana,
1256 2860 1310 2904 et
1364 2851 1713 2920 frustratoria.
1773 2870 1826 2915 et
1883 2864 2112 2932 turbida,
2157 2843 2296 2923 ludi-

714 2931 915 2998 hriosa,
969 2946 1022 2990 et
1075 2938 1368 2998 immunda.
1427 2945 1535 3003 Nec
1584 2950 1812 3012 mirum.
1868 2957 1910 3010 si
1936 2973 2122 3012 eorum
2177 2974 2298 3018 sunt

708 3023 990 3094 imagines,
1018 3044 1246 3099 quorum
1303 3046 1358 3089 et
1402 3053 1508 3093 res.
1561 3044 1597 3094 A
1655 3042 1763 3098 Deo
1806 3055 2006 3109 autem.
2064 3053 2301 3120 pollicito

707 3115 913 3171 scilicet
934 3130 986 3173 et
1015 3123 1238 3190 gratiam
1267 3123 1496 3196 Spiritus
1525 3132 1706 3189 Sancti
1738 3138 1788 3190 in
1818 3156 2032 3196 omnem
2057 3115 2294 3213 carnem,

705 3215 760 3261 ct
788 3207 928 3264 sicut
953 3214 1386 3285 prophetaturos,
1414 3222 1484 3278 ita
1506 3235 1560 3280 et
1579 3231 1942 3288 soomiaturos
1969 3253 2156 3295 servos
2173 3254 2299 3295 suos

706 3310 760 3357 et
786 3301 1011 3356 ancillas
1041 3320 1184 3375 suas,
1217 3326 1276 3363 ea
1311 3311 1726 3386 deputabuntur,
1788 3340 1908 3392 qure
1965 3326 2062 3397 ipsi
2114 3333 2298 3400 gratia:
2325 3333 2370 3395 C

705 3399 1180 3469 comparabuntur,
1213 3406 1257 3460 si
1289 3424 1390 3478 qua
1428 3411 1672 3479 honesta,
1708 3431 1926 3488 sancta,
1963 3399 2294 3494 prophetica,

706 3491 1044 3560 revelatoria,
1073 3499 1440 3570 tedificatoria,
1476 3514 1766 3577 vocatoria,
1829 3534 2057 3589 quorum
2105 3523 2299 3580 libera-

706 3582 826 3639 litas
853 3588 1022 3644 soleat
1073 3604 1125 3646 et
1170 3592 1223 3650 in
1265 3598 1515 3665 profanos
1572 3603 1866 3675 destillare,
1910 3611 2110 3670 imbres
2137 3619 2297 3672 etiam

705 3687 759 3733 ct
807 3682 949 3737 Soles
996 3698 1124 3739 suos
1198 3704 1537 3760 pera-quanto
1582 3697 1689 3753 Deo
1732 3700 1890 3770 justis
1941 3715 1995 3761 et
2046 3707 2297 3779 injustis;

705 3771 1034 3842 siquidctnet
1050 3778 1540 3843 Nabuchodonosor
1568 3791 1822 3848 divinitus
1846 3801 2074 3856 somniat
2095 3771 2121 3856 -ε
2147 3803 2229 3876 (tl)
2247 3771 2302 3859 et

704 3867 876 3937 major
923 3884 1058 3938 pene
1110 3875 1190 3929 vis
1243 3877 1514 3935 hominum
1567 3898 1631 3938 ex
1677 3887 1969 3948 visionibus
2011 3894 2177 3952 Deum
2221 3899 2302 3954 di-

705 3973 884 4018 scunt.
915 3965 1061 4021 Sicut
1083 3984 1212 4041 ergo
1240 3969 1476 4042 dignatio
1503 3975 1594 4032 Dei
1625 3987 1680 4033 et
1725 3981 1775 4035 in
1815 3984 2080 4051 ethnicos,
2129 3991 2198 4046 ita
2248 4004 2303 4048 et

707 4059 931 4112 tentatio
977 4057 1097 4114 Mali
1140 4072 1193 4116 et
1239 4063 1290 4118 in
1336 4078 1585 4134 sanctos,
1619 4085 1650 4125 a
1679 4073 1871 4142 quibus
1911 4094 2012 4134 nec
2062 4081 2295 4143 interdiu

2423 638 2764 708 vigilantibus
2795 661 2900 700 non
2931 658 3124 717 potest.
3159 651 3339 709 Tertia
3362 659 3569 728 species
3591 675 3746 717 erunt
3777 667 4008 729 somnia.

2417 748 2534 799 quae
2582 735 2794 791 sibimet
2825 739 2935 808 ipsa
2962 743 3137 796 anima
3188 744 3398 802 videtur
3451 751 3704 810 inducere
3734 771 3801 812 ex
3837 759 4014 813 inten-

2417 829 2560 879 tione
2617 829 3156 890 eiretunStantiarutn.
3222 839 3409 904 Porro,
3466 848 3716 915 quoniam
3765 853 3845 922 (3)
3905 871 4008 908 non

2415 930 2498 973 est
2552 939 2616 975 ex
2667 926 2890 980 arbitrio
2941 933 3212 988 somniare
3262 936 3409 1006 (nam
3443 947 3498 992 et
3530 940 3884 1009 Epicharmus
3940 947 4007 1000 ita

2413 1014 2619 1084 sentit),
2645 1019 2913 1084 quomodo
2935 1022 3043 1091 ipsa
3067 1026 3166 1080 erit
3191 1027 3289 1081 sibi
3312 1045 3499 1086 caussa
3515 1034 3739 1104 alicujus
3756 1040 4012 1095 visionis?

2413 1103 2552 1160 Num
2584 1123 2713 1177 ergo
2743 1109 2860 1166 h:cc
2889 1117 3097 1184 species
3147 1120 3372 1174 naturali
3419 1121 3604 1179 formae
3657 1129 4006 1200 relinquenda

2411 1208 2513 1264 est,
2547 1216 2768 1257 servans
2788 1204 2982 1259 anima:
3011 1209 3171 1262 etiam
3196 1212 3246 1263 in
3269 1214 3461 1268 ecstasi
3487 1231 3573 1271 res
3603 1232 3729 1272 snas
3748 1223 3952 1290 perpeti
3977 1223 3999 1274 ?

2415 1290 2487 1345 Ea
2535 1303 2711 1348 autem
2774 1313 2894 1366 quze
2945 1314 3117 1370 neque
3168 1317 3196 1355 a
3253 1304 3402 1372 Deo,
3461 1325 3688 1378 nequea
3718 1311 4005 1378 daunonio,

2412 1387 2859 1454 nequeabauima
2888 1391 3210 1449 videbuntur
3252 1397 3497 1454 accidere
3550 1399 3655 1473 (4),
3712 1413 3766 1458 et
3817 1416 4010 1472 pra-ter

2413 1478 2744 1545 opinionem,
2790 1490 2844 1534 et
2894 1494 3088 1552 przeter
3142 1487 3661 1560 interpretationem,
3715 1505 3769 1550 ct
3814 1509 4009 1566 pneter

2409 1572 2804 1627 enarrationem
2831 1575 3118 1642 facultatis,
3148 1579 3244 1650 ipsi
3271 1583 3486 1652 proprie
3507 1587 3702 1641 ecstasi
3731 1600 3778 1644 et
3811 1592 4006 1645 rationi

2413 1661 2528 1730 ejus
2557 1665 2966 1733 scparabuntur.

2936 1761 3164 1819 CAPUT
3206 1763 3432 1822 XLVIII.

2482 1871 2723 1927 Certiora
2752 1884 2805 1928 ct
2831 1876 3085 1933 colatiora
3136 1882 3390 1937 somniari
3420 1885 3688 1940 affirmant
3727 1889 3830 1944 sub
3875 1893 4010 1945 exti-

2410 1963 2510 2015 mis
2540 1965 2808 2031 noctiluis,
2832 1970 2982 2037 quasi
3003 1971 3112 2039 jam
3139 1986 3448 2046 emergente
3474 1978 3775 2032 animarum
3798 1982 4003 2050 vigore,

2411 2054 2668 2120 producto
2693 2074 2908 2127 sopore.
2944 2060 3021 2115 Ex
3050 2066 3379 2135 temporibus
3406 2081 3585 2123 autem
3616 2071 3762 2136 anni,
3785 2072 3860 2143 (e)
3893 2090 4010 2128 ver-

2413 2163 2479 2198 no
2537 2149 2704 2218 magis
2753 2151 2965 2217 quieta;
3023 2155 3164 2224 quod
3221 2168 3382 2213 aestas
3411 2160 3918 2224 dissolvatanimas.
3959 2177 4010 2218 ct

2411 2236 2597 2307 livems
2623 2241 3022 2310 quodaunuotlo
3044 2248 3852 2317 obduret,autumnus,tentator
3877 2257 4009 2313 alias

2410 2331 2792 2396 valetudinum,
2850 2338 3025 2391 succis
3077 2355 3355 2408 pomorum
3412 2344 3771 2401 vitiosissimis
3816 2349 4004 2406 diluat.

2409 2419 2535 2476 Item
2563 2437 2625 2476 ex
2660 2424 2823 2492 ipsius
2864 2428 3060 2496 quietis
3103 2432 3243 2495 situ;
3300 2433 3372 2505 (Ι)
3408 2436 3450 2490 si
3500 2452 3675 2507 neque
3721 2441 4007 2510 resupina,

2409 2531 2582 2586 neque
2634 2517 2858 2573 dextero
2908 2519 3074 2577 latere
3119 2523 3427 2591 dccumbat,
3462 2543 3638 2598 neque
3681 2533 3998 2601 conresnpi-

2410 2608 2546 2662 natis
2569 2609 2970 2682 internis,qnasi
2988 2616 3175 2671 refusis
3196 2619 3406 2683 loculis,
3443 2621 3523 2692 (5)
3563 2620 3641 2694 (g)
3683 2624 3842 2678 statio
3880 2639 4006 2680 sen-

2413 2715 2568 2754 suum
2601 2699 2787 2764 ﬂuitet,
2820 2705 2902 2774 (ἡ)
2933 2715 3023 2759 aut
3076 2721 3384 2776 compressa
3418 2710 3617 2780 jccoris
3675 2716 3867 2784 angina
3927 2716 4006 2787 (6)

2412 2791 2477 2844 sit
2512 2792 2726 2847 mentis.
2758 2794 2860 2849 Sed
2891 2795 3006 2851 ll:t'c
3033 2797 3311 2868 ingeniose
3337 2802 3592 2856 aestimari
3620 2805 3819 2874 potius,
3848 2823 4007 2875 quant

2406 2895 2714 2939 constanter
2771 2888 2985 2956 probari
3054 2902 3277 2960 putem,
3347 2895 3446 2949 etsi
3497 2895 3652 2949 Plato
3678 2906 3761 2951 est
3802 2899 3891 2968 qui
3947 2918 4006 2954 ea

2405 2979 2717 3043 :estimavit;
2748 2989 2801 3034 et
2855 2981 3148 3037 fortassean
3195 2999 3322 3040 casn
3368 2988 3682 3056 procedant.
3744 2991 3996 3062 Alioquin

2407 3083 2473 3123 ex
2502 3069 2725 3123 arbitrio
2753 3083 2912 3126 erunt
2955 3073 3186 3140 somnia,
3242 3075 3287 3130 si
3335 3076 3491 3149 dirigi
3545 3090 3816 3150 poterunt.
3876 3082 4004 3138 Nam

2409 3161 2548 3229 quod
2579 3171 2631 3214 et
2659 3162 2726 3216 de
2784 3164 2918 3218 cibis
2967 3165 3360 3235 distinguendis
3401 3171 3481 3224 vel
3536 3171 3857 3242 derogandis
3904 3176 4004 3244 (7),

2415 3271 2555 3309 nunc
2599 3259 2965 3326 pr:t:5nmpli0,
3000 3275 3142 3315 nunc
3170 3263 3480 3331 superstitio
3501 3264 3835 3337 disciplinam
3857 3283 3973 3323 soni

2406 3346 2508 3399 niis
2558 3348 2874 3414 praescribit,
2907 3351 3318 3406 examinandum
3369 3363 3496 3410 est:
3560 3359 3900 3427 superstitio,
3953 3369 4008 3413 nt

2405 3451 2526 3492 Cum
2559 3438 2622 3509 (ὅ)
2652 3440 2788 3510 apttd
2821 3442 3036 3495 oracula
3086 3444 3418 3501 incubaturis
3440 3446 3702 3517 jejunium
3734 3450 4001 3515 indicitur,

2405 3533 2851 3586 utcastimoniam
2886 3533 3135 3589 inducat:
3170 3539 3538 3608 prwsumptio,
3569 3551 3625 3594 ut
3653 3556 3776 3596 cum
3811 3542 4004 3614 Pytha-

2403 3625 2570 3693 gorici
2618 3625 2687 3678 ob
2731 3625 2872 3681 hanc
2922 3641 3137 3697 quoque
3186 3629 3426 3699 speciem
3477 3630 3655 3687 fabam
3718 3647 4000 3704 rcSpnunt,

2406 3731 2692 3770 onerosum
2725 3727 2780 3772 et
2806 3719 3012 3774 inflatni
3053 3719 3330 3790 pabulum.
3363 3724 3562 3793 Atquin
3593 3725 3730 3780 trina
3761 3726 3851 3782 illa
3882 3743 4001 3783 cum

2411 3809 2627 3864 Daniele
2668 3809 2995 3878 fraternitas,
3026 3813 3293 3883 legumine
3321 3814 3438 3870 solo
3465 3819 3725 3882 contenti,
3759 3834 3828 3874 ne
3847 3821 4006 3891 regiis

2408 3898 3148 3968 ferculiscontaminarentur,
3167 3913 3363 3975 praeter
3380 3910 3700 3979 sapientiam
3718 3909 4002 3979 reliquam,

2407 3996 2742 4050 somniorum
2793 3996 3060 4067 praecipue
3101 3999 3332 4069 gratiam
3359 4015 3390 4054 a
3422 4001 3532 4057 Deo
3561 4001 3926 4072 redemerunt,
3955 4016 4008 4061 et

2409 4087 2906 4157 impetrandorum,
2990 4100 3044 4144 et
3116 4090 3576 4148 disserendornm.
3645 4093 3874 4165 Jejuniis
3930 4099 4004 4169 (8)

1944 4193 2323 4260 LECTIONES
2363 4202 2775 4259 VARIANTES.

791 4357 819 4404 2

789 4423 816 4469 5

789 4483 817 4530 ι

765 4545 817 4609 (ὅ

868 4358 938 4406 Ad
961 4359 1081 4409 add.
1105 4361 1256 4411 Fran.
1281 4364 1422 4413 Pam.

864 4420 981 4493 gum
1000 4419 1492 4493 ﬂlwit:_Seiizl_._gnam
1515 4429 1655 4479 Pam.
1682 4441 1776 4493 qna
1802 4439 1890 4482 vet.
1912 4437 2019 4486 cod.
2060 4437 2243 4491 Womv.

766 4287 785 4541 ξ

867 4482 1107 4533 Occidere
1127 4488 1245 4535 Par.
1269 4482 1371 4537 alii.

866 4295 1023 4346 Aliter
1045 4296 1194 4347 Fran.
1219 4301 1361 4349 Pam.

866 4295 1023 4346 Aliter
1045 4296 1194 4347 Fran.
1219 4301 1361 4349 Pam.

868 4358 938 4406 Ad
961 4359 1081 4409 add.
1105 4361 1256 4411 Fran.
1281 4364 1422 4413 Pam.

864 4420 981 4471 Cum
1000 4419 1150 4474 Rhea.
1173 4422 1321 4473 Seml.
1349 4438 1492 4488 quam
1515 4429 1642 4479 Pam

867 4482 1107 4533 Occidere
1127 4488 1245 4535 Par.
1269 4485 1371 4537 alii.

863 4544 1091 4610 Repulsis
1113 4545 1276 4598 localis
1297 4548 1378 4600 lib.
1401 4549 1644 4615 Agobard.

2323 4530 2376 4589 D

2465 4318 2746 4398 {tilium
2767 4314 3130 4398 “§.".‘£'_"“3§€:-
3501 4384 3537 4398 .,
3632 4397 3639 4398 ί
3796 4388 3825 4398 ..

2465 4382 2533 4445 (7)
2565 4379 2872 4451 peciirandis
2897 4381 2998 4446 Itig.
3028 4383 3148 4432 Ven.
3173 4379 3263 4433 hoc
3281 4388 3370 4445 est,
3396 4384 3597 4437 nuuitnc
3622 4388 3873 4451 curandis,
3914 4388 4005 4440 de-

2402 4438 2627 4492 corandis
2648 4438 2751 4493 alii.

2472 4505 2539 4569 (8)
2561 4504 2769 4566 ieiunus
2790 4506 2826 4555 ,1
2831 4518 2909 4555 an.

2059 4675 2623 4736 COMMENTARIUS.

704 4776 1000 4855 Pasipha-ea
1019 4793 1150 4855 uxor
1181 4778 1367 4855 Ali-uois
1392 4779 1564 4836 Crebe
1591 4786 1747 4855 regis.
1787 4787 1920 4844 Pu.

775 4849 854 4921 (τι)
894 4847 1000 4930 θεᾷ
1017 4861 1068 4931 ¹σοι
1094 4849 1255 4904 Stoici
1281 4849 1439 4931 Deum
1460 4847 1676 4931 malunt;
1704 4857 1884 4931 etc.Ut
1918 4861 2162 4931 Epicurei
2194 4880 2287 4920 su-

705 4919 797 4991 pra
831 4919 1141 4998 rejiciebant
1180 4923 1406 4998 omnia,
1447 4924 1570 4998 quia
1595 4924 1844 4998 divinam
1897 4919 2282 4998 providentiam

705 4989 964 5047 tollebant
991 4989 1057 5045 de
1102 4992 1312 5055 medio;
1365 4995 1441 5046 sic.
1467 4989 1658 5050 'Stoici
1685 5014 1716 5052 e
1743 4989 2012 5057 contrario
2061 5009 2283 5060 somniis

703 5061 1016 5137 credebant,
1046 5063 1166 5130 quia
1188 5062 1368 5137 ipsum
1417 5066 1650 5118 divinam
1694 5071 2082 5137 providentiam
2115 5079 2285 5132 ovtol-

704 5134 903 5190 lebant.
935 5131 1081 5207 Hanc
1104 5135 1413 5207 religionem
1439 5131 1739 5207 Stoicorum
1763 5157 1884 5207 erga
1915 5147 2119 5199 somnia
2151 5162 2278 5202 con-

704 5204 920 5258 ﬁrmant
945 5202 1173 5284 Tullius,
1204 5204 1266 5257 de
1292 5204 1460 5284 Dicin;
1486 5206 1639 5261 θεον.
1669 5211 1758 5264 lih.
1795 5202 1918 5277 l,'et
1945 5215 2281 5284 Plutarchus,

703 5275 798 5330 lib.
836 5273 897 5339 γ,
920 5276 992 5344 με
1023 5272 1167 5327 Plac.
1198 5289 1316 5344 cap.
1354 5278 1402 5329 1.
1439 5276 1566 5332 an.

775 5344 858 5418 (b)
907 5342 1042 5397 Nam
1075 5346 1137 5399 de
1170 5342 1560 5427 oraculisctiam
1581 5353 1931 5427 caluis,_ctc.
1970 5355 2111 5427 illine.
2141 5369 2286 5427 patet

705 5425 911 5472 tantum
935 5430 997 5468 ea
1018 5421 1233 5471 oracula
1262 5417 1493 5474 voluisse
1532 5437 1749 5478 narrare
1782 5417 2187 5484 i'l‘ertnllianut'n
2232 5431 2282 5484 in

702 5485 1089 5569 superioribus,
1119 5503 1262 5569 huic
1300 5487 2131 5569 dormientibusrespondebant
2186 5517 2282 5569 per

702 5558 930 5614 somnia.
989 5556 1218 5611 Plurima
1252 5574 1381 5613 vero
1420 5562 1634 5616 oracula
1662 5565 1799 5620 alius
1827 5556 2056 5624 vaticinii
2091 5556 2281 5626 nmine-

704 5642 825 5685 rant
857 5628 1138 5690 Eiusebius,
1170 5626 1419 5685 Clemens
1444 5643 1497 5685 et
1525 5631 1848 5693 Lactantius.
1881 5639 2011 5694 Lac.

771 5699 926 5778 CAP.
958 5696 1542 5778 XLV_Il.ﬁC)_0uttnlo
1581 5708 1742 5778 magis
1759 5725 1906 5763 vana.
1935 5710 1987 5764 ltl
2002 5723 2103 5776 est,
2127 5728 2279 5768 men-

701 5770 874 5837 dacia;
898 5773 1103 5853 tametsi
1129 5773 1193 5826 ad
1216 5770 1500 5830 vanitatem
1517 5770 1952 5853 superstitionum
1971 5770 2151 5839 referri
2169 5800 2285 5853 pos-

702 5851 847 5916 sent,
864 5846 950 5916 qui
968 5842 1276 5912 diligentius
1289 5861 1351 5900 ex
1367 5850 1591 5904 somniis
1608 5862 1892 5916 procurant
1923 5855 2115 5911 futura.
2148 5842 2278 5916 Illic.

774 5912 856 5984 (d)
887 5912 963 5970 Et
965 5915 1147 5994 λυαίου
1178 5935 1331 5994 pane,
1351 5919 1425 5976 vis
1455 5912 1802 5994 hominum_ex
1828 5925 2100 5982 visionibus
2121 5912 2281 5988 ﬁcum

705 5985 922 6041 discunt.
965 5987 1068 6043 Per
1093 5985 1202 6049 visit
1235 6005 1288 6050 et
1321 5993 1582 6051 insomnia
1614 5991 1680 6050 ad
1710 5991 1892 6051 Fidem
1924 5985 2278 6059 Christianam

2396 4808 2672 4852 vocantur.
2720 4796 2838 4853 ηιο.

2463 4868 2616 4922 CAP.
2634 4866 3031 4942 _XLV|Il.—j(e)
3064 4867 3229 4923 Vento
3255 4872 3416 4942 magis
3440 4874 3626 4940 quieta.
3663 4873 3842 4930 Venio
3864 4886 4001 4933 tem-

2394 4954 2525 5006 pore
2554 4940 2870 5009 quietiorem
2920 4940 3034 4994 fieri
3069 4940 3422 5003 animam.‘et
3455 4945 3826 5069 pacatioribus
3851 4963 4003 5005 som-

2394 5012 2497 5064 niis
2527 5013 2788 5066 exerceri.
2823 5011 3038 5064 tradunt
3068 5011 3180 5066 fere
3211 5027 3416 5067 omnes.
3497 5031 3530 5069 ε
3560 5014 3656 5069 Pu.

2392 5012 2497 5064 niis
2527 5013 2788 5066 exerceri.
2823 5011 3038 5064 tradunt
3068 5011 3180 5066 fere
3211 5027 3416 5067 omnes.
3455 5011 3530 5069 LE
3560 5014 3656 5069 Pa.

2463 5081 2630 5154 (DJSi
2661 5098 2834 5154 neque
2864 5085 3124 5150 resupina,
3153 5099 3313 5150 neque
3350 5085 3530 5138 dextro
3581 5088 3746 5140 latere
3783 5089 4000 5154 decum-

2390 5152 2494 5206 bal.
2530 5152 2757 5207 Facilius
2785 5169 3033 5208 somnum
3060 5154 3350 5209 adventare
3371 5154 3561 5210 deittro
3581 5158 3752 5212 latere
3769 5152 3999 5217 decum-

2390 5223 2636 5278 bentihus
2692 5225 3045 5277 observarunt
3092 5222 3414 5294 pltil0§0phi,
3473 5226 3613 5282 unde
3675 5230 3998 5290 Aristotcles

2389 5304 2520 5348 sect.
2557 5293 2614 5358 6,
2648 5295 2818 5360 probi.
2847 5295 2901 5352 5.
2939 5297 3208 5376 proponit,
3236 5311 3332 5349 cur
3353 5311 3482 5383 curn
3505 5297 3699 5383 ἀρετ-ει
3731 5305 4002 5383 corporis

2390 5375 2539 5431 parte
2560 5366 2840 5428 enbamus,
2863 5379 3085 5446 somnus
3120 5366 3279 5421 citius
3304 5370 3528 5454 accedit.
3560 5370 3812 5426 Dormire
3834 5366 3997 5454 etiam

2388 5436 2694 5504 resupinato
2723 5451 2953 5515 cerpore
2985 5439 3159 5490 minus
3190 5452 3377 5515 saturni
3405 5450 3527 5515 est,
3579 5457 3644 5496 ex
3686 5457 3752 5496 eo
3796 5445 3996 5515 quippe

2386 5507 2488 5559 situ
2520 5522 2708 5575 graves
2734 5507 2901 5560 tnorhi
2933 5518 3245 5562 nascuntur.
3297 5509 3371 5563 LE
3404 5509 3503 5565 PII.

2459 5577 2538 5647 (g)
2560 5577 2727 5632 Statio
2748 5595 3006 5654 actionum.
3036 5578 3282 5654 intelligit
3313 5581 3631 5654 priecordia,
3663 5588 3992 5654 πιρεκὲρδιον,

2385 5649 2700 5722 sanguinem
2731 5649 3256 5712 circuutcordialent,
3311 5650 3513 5722 dequo
3555 5649 3739 5721 supra.
3783 5649 3903 5710 Bia.

2462 5717 2545 5790 (li)
2591 5719 2689 5772 Aut
2738 5737 3037 5792 compressa
3079 5722 3285 5787 iecoris.
3330 5717 3435 5777 Sic'
3462 5717 3655 5792 legitur
3708 5727 3758 5778 in
3810 5740 3994 5780 exeat.

2385 5789 2540 5858 plari.
2583 5789 2959 5866 Compressatn
3011 5791 3149 5866 dicit
3191 5807 3285 5859 pro
3339 5789 3779 5866 Compressione,
3813 5806 3866 5850 ut
3902 5811 3995 5866 pro

2386 5859 3258 5947 Ιὶθηξίεςςξοηεξ,Ιῖίξηιὶεδξνιεηιξ.Ιὶιρ.Δ
3332 5935 3344 5946 .
3422 5937 3433 5947 _
3472 5859 3492 5947 ς
3562 5936 3573 5947 .
3881 5938 3892 5947 ⁸

2457 5930 2723 6008 (i)__Apt_rd
2785 5935 2996 6008 oracula
3056 5934 3370 6008 iocabatur“
3413 5936 3661 6008 jejunium
3713 5936 3995 6008 inducitur.

2384 6000 2624 6059 Gentiles
2647 6004 2982 6059 daemonibus
3009 6006 3118 6061 suis
3140 6003 3358 6076 jejuniis
3373 6000 3535 6064 etiam
3558 6007 3830 6063 interdum
3869 6023 3992 6078 gra-
