4250 6494
165 395 270 452 757

1479 394 1681 451 LIBER
1724 393 1809 452 DE
1846 394 2080 452 ANIMA.

3365 395 3468 454 738

166 525 286 565 rum
320 511 372 564 in
404 509 694 580 sepulturis
745 509 998 581 aliquanti
1051 511 1306 580 temporis
1327 510 1567 566 denotat.
1605 511 1770 569 Porro
1797 514 1847 574 Α
1883 511 1953 583 (e)
1986 523 2302 582 rursumque
2328 509 2540 566 condita
2570 523 2720 580 pace,
2754 511 2875 566 situi
2902 526 3000 567 suo
3026 511 3340 570 reddidisse.
3375 511 3470 570 Est

170 609 227 656 et
270 602 411 656 aeris
452 603 680 673 qttalitas
735 603 947 673 corpori
995 601 1068 658 illi
1122 604 1291 673 potuit
1359 604 1520 658 tutela
1579 605 1760 658 fuisse.

167 693 306 759 Quid
335 695 502 759 enim,
530 695 576 750 si
598 695 797 750 aridior
823 711 934 761 aer,
969 704 1025 750 et
1054 695 1226 750 solum
1259 696 1501 750 salsius?
1542 695 1688 766 quid,
1721 696 1764 750 si

166 795 224 840 ct
270 786 438 857 ipsius
481 787 726 856 corporis
768 787 1068 842 substantia
1116 788 1438 843 exsnccior?
1466 787 1613 858 qttid,
1646 788 1688 841 si
1714 797 1768 842 et

166 890 338 945 genus
370 877 558 932 mortis
585 889 710 933 ante
731 879 842 948 jam
865 879 1190 948 corruptela:
1221 879 1472 934 materias
1495 879 1766 949 erugarat?

169 967 388 1039 Ungues
434 980 634 1036 autem,
687 986 810 1027 cum
861 971 1082 1027 exordia
1144 971 1223 1044 (I)
1279 988 1564 1028 nervorum
1618 975 1762 1040 sint,

167 1061 384 1128 merito,
420 1064 600 1118 nervis
625 1062 949 1119 resolutione
987 1064 1270 1133 porrectis,
1303 1066 1682 1134 provectiores,
1713 1075 1768 1122 et

166 1152 436 1222 quotidie.
469 1154 762 1211 deficiente
809 1169 971 1210 carne
1017 1156 1211 1225 expelli
1263 1156 1526 1211 videntur.
1583 1157 1766 1212 Comze

166 1261 383 1318 qucque
408 1248 666 1303 alimenta
695 1249 762 1304 de
790 1248 1040 1315 cerebro,
1069 1249 1212 1320 quod
1236 1251 1544 1320 aliquandiu
1571 1249 1766 1306 durare

167 1349 391 1410 praestat
441 1351 645 1397 secreta
703 1343 953 1398 munitio.
1014 1343 1292 1414 Denique,
1356 1345 1406 1398 in
1464 1345 1765 1401 viventibus

164 1433 329 1488 etiam
361 1433 437 1502 (η)
468 1448 565 1504 pro
609 1434 816 1489 cerebri
864 1433 1131 1502 ubertate,
1179 1434 1261 1490 vel
1290 1435 1457 1490 affluit
1483 1438 1762 1508 capillago,

166 1526 500 1583 vel'deserit.
533 1527 710 1584 Habes
743 1528 1003 1584 medicos.
1034 1526 1141 1584 Sed
1185 1544 1284 1584 nec
1327 1530 1595 1586 modicum
1637 1531 1764 1602 quid

163 1621 362 1676 anima:
399 1621 680 1678 subsidere
715 1623 765 1676 itt
812 1637 1042 1693 corpore
1080 1633 1184 1688 est,
1215 1623 1566 1680 decessurum
1592 1642 1765 1697 quan-

163 1714 344 1785 doque
378 1725 432 1771 et
460 1717 652 1786 ipsum.
683 1730 805 1772 cum
836 1725 1000 1771 totam
1040 1718 1282 1787 corporis
1303 1734 1520 1774 scenam
1554 1729 1765 1792 tempus

77 1854 79 1856 .
163 1807 481 1864 aboleverit.
509 1809 575 1864 Et
602 1810 702 1864 hoc
727 1810 870 1864 enim
900 1811 951 1864 in
982 1811 1236 1881 opinione
1277 1813 1630 1883 quorumdam
1657 1825 1760 1869 est.

1871 616 1926 662 et
1950 607 2052 662 alia
2091 606 2175 679 (4)
2208 605 2398 662 relatio
2436 604 2575 676 apud
2644 615 2876 673 nostros,
2933 606 3001 677 (f)
3031 606 3083 661 in
3132 605 3463 670 ccemeterio,

1870 714 2064 769 corpus
2089 699 2302 770 corpori
2328 698 2476 768 juxta
2507 697 2818 754 collocando
2845 700 3072 767 spatium
3122 714 3338 755 recessu
3388 700 3468 768 (5)

1871 792 2326 848 communicasse.
2346 791 2402 847 Si
2425 800 2479 848 et
2498 791 2638 862 apud
2665 791 2909 846 ethnicos
2936 792 3040 848 tale
3063 791 3189 862 quid
3223 793 3466 854 traditur,

1871 885 2064 954 ubique
2086 885 2227 941 Deus
2256 886 2534 954 petestatis
2553 899 2664 939 sum
2682 885 2831 954 signa
2861 885 3128 954 proponit,
3157 884 3269 938 suis
3298 884 3347 937 in
3376 898 3467 936 so-

1872 976 2078 1044 latium,
2112 977 2384 1032 cxtraneis
2421 976 2473 1030 in
2525 976 2914 1032 testimonium.
2948 975 3111 1044 Hagis
3157 975 3299 1030 enim
3351 991 3468 1031 erc-

1869 1067 1990 1123 dam
2017 1084 2081 1125 ex
2113 1069 2226 1124 Deo
2253 1067 2474 1134 factum,
2506 1083 2667 1140 quam
2697 1083 2764 1123 ex
2797 1068 2918 1125 ullis
2961 1069 3153 1124 anima:
3183 1067 3422 1138 reliquiis
3453 1086 3466 1123 :

1869 1176 1988 1230 quae
2011 1161 2055 1216 si
2085 1161 2345 1227 inessent,
2389 1161 2490 1216 alia
2524 1175 2737 1231 quoque
2779 1160 3016 1216 membra
3060 1161 3388 1225 movissent;
3415 1168 3469 1214 et

1869 1253 1913 1306 si
1946 1269 2135 1308 manus
2165 1262 2392 1320 tantum,
2425 1253 2517 1308 sed
2543 1268 2647 1308 non
2677 1253 2728 1307 in
2747 1269 2990 1308 caussam
3019 1253 3298 1308 orationis.
3333 1252 3463 1307 Cor-

1869 1359 1968 1414 pus
1993 1346 2152 1399 etiam
2186 1345 2314 1400 illud
2348 1361 2452 1400 non
2504 1344 2665 1401 modo
2697 1346 2847 1400 fratri
2876 1346 3154 1410 cessisset,
3187 1361 3368 1401 verum
3412 1353 3469 1400 et

1881 1436 2034 1499 alias,
2083 1441 2375 1493 mutatione
2420 1439 2554 1493 situs
2579 1437 2795 1493 sibimet
2822 1438 2920 1508 ipsi
2969 1437 3334 1510 refrigerasset
3367 1440 3466 1510 (g).

1869 1529 2026 1585 Certe
2061 1531 2200 1586 unde
2246 1532 2386 1587 unde
2413 1531 2494 1604 (6)
2538 1543 2662 1587 sunt
2704 1533 2804 1587 ista
2832 1574 2845 1598 ,
2893 1532 3060 1605 signis
3105 1534 3278 1603 potius
3303 1544 3352 1589 et
3381 1549 3470 1589 os-

1871 1622 2031 1676 tentis
2059 1622 2384 1692 deputanda,
2416 1634 2660 1679 natttram
2693 1624 2869 1680 facere
2910 1641 3015 1680 non
3049 1635 3294 1697 possunt.
3325 1626 3467 1683 Mors

1867 1715 1911 1768 si
1940 1729 2043 1768 non
2068 1715 2233 1770 semel
2280 1724 2388 1771 tota
2433 1726 2540 1783 est,
2571 1731 2676 1772 non
2724 1727 2846 1783 est;
2880 1718 2924 1773 si
2970 1718 3098 1788 quid
3151 1718 3345 1774 anima:
3385 1735 3467 1774 reo

1868 1809 2142 1870 manserit,
2178 1808 2283 1862 vita
2310 1816 2414 1863 est.
2447 1807 2562 1863 Non
2596 1809 2765 1880 magis
2795 1809 2917 1865 vitae
2955 1810 3270 1867 miscebitur
3296 1826 3465 1880 mors,

163 1897 456 1968 PrOpterea
503 1914 603 1955 nec
649 1899 859 1970 ignibus
887 1899 1244 1957 funerandum
1287 1905 1455 1968 aiunt,
1488 1915 1768 1973 parcentes
1798 1908 1845 1968 B
1873 1913 2029 1968 quam
2055 1898 2160 1954 diei
2192 1914 2316 1954 nox.

162 1991 439 2058 superfluo
463 1992 674 2046 animat.
708 1991 822 2046 Alia
865 2001 945 2047 est
976 2003 1152 2048 autem
1182 1996 1316 2050 ratio
1347 1997 1558 2064 pietatis
1585 1997 1761 2063 istius,

164 2099 274 2138 tton
306 2083 544 2156 reliquiis
571 2085 761 2139 animte
793 2085 1082 2151 adulatrix,
1114 2087 1206 2142 sed
1238 2089 1570 2146 crudelitatis
1600 2092 1760 2147 etiam

163 2179 410 2247 corporis
447 2179 664 2233 nomine
694 2179 995 2234 aversatrix
1037 2179 1178 2250 quod
1199 2191 1254 2237 et
1275 2181 1444 2252 ipsum
1468 2181 1628 2238 homo
1657 2199 1760 2238 non

165 2271 351 2341 utique
381 2282 668 2340 mercatur,
720 2273 913 2342 pwnali
984 2275 1131 2329 exitu
1172 2275 1424 2346 impendi.
1458 2275 1760 2346 Ceterum,

164 2363 346 2418 anima
373 2364 729 2432 indivisibilis,
761 2375 818 2420 ut
848 2366 1188 2430 immortalis,
1221 2368 1380 2424 etiam
1419 2379 1644 2425 mortem
1681 2372 1763 2425 in-

165 2457 495 2513 divisibilem
542 2459 706 2529 exigit
755 2459 923 2525 credi,
953 2476 1058 2514 non
1094 2463 1246 2529 quasi
1303 2464 1614 2527 immortali,
1669 2466 1763 2522 sed

163 2552 317 2619 quasi
376 2549 681 2605 indivisibili
721 2551 914 2606 anima:
963 2551 1359 2609 indivisibiliter
1405 2556 1760 2614 accidenlent.

169 2640 450 2697 Dividetur
477 2652 651 2697 autem
677 2657 839 2707 mers,
874 2643 916 2698 si
947 2651 1000 2698 et
1023 2643 1220 2706 anima,
1264 2645 1535 2716 superfluo
1561 2647 1768 2703 scilicet

169 2731 368 2787 anima:
415 2732 734 2804 quandoque
777 2733 1038 2788 morituro
1078 2734 1179 2806 (2).
1224 2734 1298 2789 lla
1358 2739 1529 2806 portio
1578 2740 1767 2794 mortis

167 2840 291 2879 cum
318 2825 511 2880 anima:
538 2826 783 2896 portione
814 2825 1131 2880 remanebit.
1179 2825 1287 2882 Nec
1322 2827 1508 2897 ignoro
1552 2830 1766 2900 aliquod

166 2933 290 2975 esse
316 2919 599 2990 vestigium
629 2919 896 2990 opinionis
938 2920 1110 2975 istius.
1146 2920 1220 2974 De
1258 2937 1378 2976 meo
1414 2922 1596 2977 didici.
1644 2925 1768 2980 Scio

172 3010 450 3066 fozminam
478 3010 762 3082 quamdam
793 3010 871 3081 (b)
901 3011 1242 3066 vernaculam
1287 3013 1564 3080 Ecclesia,
1599 3015 1767 3071 forma

168 3113 224 3158 et
247 3111 408 3158 :ctate
434 3102 634 3173 integra
664 3101 921 3166 functam,
951 3113 1070 3171 post
1100 3101 1314 3158 unicum
1336 3116 1389 3159 et
1412 3105 1570 3160 breve
1594 3109 1770 3162 matri-

173 3193 438 3258 monium,
471 3208 590 3248 cum
638 3193 690 3248 in
725 3207 855 3262 pace
880 3191 1190 3260 dormisset,
1221 3205 1273 3249 et
1319 3207 1564 3250 morante
1592 3197 1769 3251 adltnc

2469 1993 2699 2051 CAPUT
2762 1993 2873 2050 LII.

1941 2084 2055 2141 Hoc
2083 2085 2244 2156 igitur
2267 2099 2402 2156 opus
2431 2087 2638 2151 mortis,
2670 2087 3064 2157 separationem
3100 2089 3279 2144 carnis
3308 2100 3469 2160 atque

1871 2177 2083 2241 animm,
2115 2177 2194 2248 (It)
2226 2177 2460 2249 seposita
2499 2178 2804 2249 qumstione
2844 2178 3077 2234 fatorum
3126 2191 3179 2236 et
3225 2179 3472 2236 fortuito-

1870 2287 2009 2333 rum,
2044 2270 2284 2326 bifariam
2315 2272 2561 2326 distinxit
2589 2271 2853 2327 humanus
2875 2271 3138 2338 adfectus,
3173 2273 3225 2328 in
3255 2274 3470 2330 ordina-

1873 2365 2007 2418 riam
2039 2373 2093 2419 et
2134 2363 2614 2419 extraordinariam
2660 2364 2886 2419 formam
2921 2382 2934 2418 :
2977 2365 3304 2421 ordiuariam
3348 2367 3470 2436 qni-

1869 2454 1989 2511 dem
2039 2465 2242 2510 naturze
2280 2454 2543 2525 deputans
2589 2456 2812 2527 placidae
2836 2457 3092 2528 cujusque
3130 2459 3338 2522 mortis;
3378 2476 3471 2515 ex-

1871 2545 2278 2601 traordinariam
2305 2563 2432 2602 vero
2484 2559 2677 2617 pt':eter
2706 2561 2951 2605 naturam
2972 2549 3221 2620 judicans
3249 2551 3471 2607 violenti

1869 2637 2126 2709 cujusque
2176 2637 2316 2692 finis.
2369 2638 2466 2705 Qui
2512 2649 2690 2695 autem
2723 2642 3012 2710 primordia
3059 2641 3291 2698 Itominis
3321 2644 3472 2697 novi-

1872 2745 2012 2796 mus,
2035 2730 2296 2786 audenter
2333 2731 2780 2799 detertninamtts,
2826 2742 3054 2789 mortem
3104 2751 3208 2788 non
3261 2750 3327 2790 ex
3381 2753 3473 2789 na-

1874 2834 1989 2878 tura
2018 2833 2254 2879 secutam
2285 2824 2575 2892 hominem,
2623 2826 2718 2880 sed
2765 2842 2830 2881 ex
2876 2827 3055 2897 culpa.
3087 2845 3154 2883 tte
3195 2829 3308 2899 ipsa
3349 2829 3472 2900 qui-

1877 2916 1999 2971 dem
2032 2917 2259 2970 naturali
2298 2935 2311 2971 :
2344 2916 2499 2972 facile
2525 2925 2702 2972 autem
2736 2918 2978 2988 usurpari
3011 2927 3211 2974 natura:
3239 2935 3431 2974 nomen
3452 2960 3469 2987 ,

1876 3008 1927 3060 in
1953 3022 2016 3062 ea
2036 3023 2153 3076 qua:
2185 3007 2432 3063 videntur
2451 3022 2480 3062 a
2505 3007 2780 3063 ttativitate
2814 3025 2876 3064 ex
2901 3009 3192 3066 accidentia
3219 3010 3474 3066 adhaesis-

1873 3113 1952 3153 se.
1973 3099 2102 3153 Nam
2134 3103 2178 3154 si
2211 3102 2372 3156 ltomo
2398 3101 2450 3155 in
2472 3111 2698 3157 mortem
2722 3101 2930 3158 directo
2961 3105 3236 3159 institutus
3259 3103 3471 3171 fuisset,

1875 3200 2000 3246 tunc
2025 3191 2240 3246 demum
2265 3208 2410 3246 mors
2437 3202 2642 3248 natura:
2684 3195 3098 3251 adscriberetur.
3135 3197 3322 3262 Porro,
3360 3212 3469 3254 non

172 3287 468 3356 sepultura,
501 3285 711 3341 interim
743 3285 983 3341 oratione
1013 3286 1312 3358 presbyteri
1360 3300 1771 3358 componeretur
1797 3296 1842 3360 ο
1878 3286 1929 3339 in
1958 3293 2183 3340 mortem
2229 3285 2532 3340 institutum
2581 3301 2724 3349 eum.
2773 3289 2966 3358 probat
2995 3289 3105 3359 ipsa
3138 3290 3243 3354 lex,
3287 3290 3476 3344 condi-

174 3377 355 3449 (c),ad
382 3378 614 3449 primum
633 3377 854 3433 Italitum
885 3377 966 3450 (5)
993 3377 1251 3434 orationis
1297 3380 1376 3451 (ά)
1415 3396 1602 3435 manus
1628 3398 1657 3437 a
1687 3384 1764 3438 Ia-

175 3469 379 3526 teribus
405 3469 636 3527 dimotas
666 3471 719 3526 in
764 3469 1004 3526 habitum
1050 3472 1346 3543 supplicem
1374 3474 1761 3546 conformasse,

1875 3377 2059 3434 tionali
2086 3378 2500 3433 cotnntinatimte
2546 3379 2900 3449 suspendens,
2931 3389 2983 3436 et
3030 3382 3253 3438 arbitrio
3301 3382 3476 3436 Itomi-

1875 3473 1956 3527 nis
2006 3471 2260 3526 addicens
2315 3475 2504 3527 mortis
2553 3481 2802 3528 eventum
2848 3470 2936 3545 (ὁ).
2968 3472 3241 3544 Denique,
3281 3475 3324 3530 si
3367 3491 3475 3530 non

1379 3587 1759 3646 LEC'fIUNES
1799 3583 2210 3644 VARIANTES.

269 3677 310 3735 ll
341 3677 526 3728 Exodia
547 3680 669 3729 Jun.

239 3678 310 3870 in
341 3678 526 3728 Exodia
547 3680 669 3729 Jun.

262 3740 314 3867 2;
341 3740 586 3813 Maritum
612 3750 760 3792 Fran.

262 3806 295 3853 ὅ
339 3805 537 3854 Aditum
559 3813 742 3855 Wouw.

262 3802 314 3855 ὅ)
339 3805 537 3854 Aditum
559 3813 742 3855 trante.
767 3802 981 3854 habitum
1005 3804 1154 3855 Fran.
1177 3805 1322 3855 Pam.

1965 3678 2017 3759 ﬁ?
2036 3675 2259 3759 ‘l'if02:
2283 3674 2438 3759 £1.79":

1943 3737 2012 3803 (5]
2045 3740 2256 3789 Accessu
2277 3737 2386 3788 τοὶι.
2412 3737 2567 3802 Agob.

1943 3803 2015 3867 (6)
2047 3801 2185 3852 Unde
2205 3807 2386 3850 tantum
2413 3807 2557 3851 ttttett.
2583 3801 2726 3851 Pam.
2755 3798 2916 3852 Seml.

1535 3884 2100 3945 COMMENTARIUS.

247 4007 326 4081 (a)
383 4006 488 4081 Pro
543 4005 1019 4081 cerebriiubertute.
1077 4003 1154 4081 _Ett
1205 4003 1517 4060 Itumiditate
1569 4005 1773 4081 cerebri

174 4077 458 4150 contingit,
493 4087 550 4134 ut
593 4080 681 4150 pili
709 4079 967 4135 citissime
1008 4077 1270 4142 oriantur,
1318 4084 1662 4148 pereantque.
1697 4077 1772 4131 Ls:

174 4151 334 4294 PRO!)
373 4221 704 4294 Vernaculant
754 4221 1014 4294 Ecclesia
1040 4217 1770 4294 Δ(ἶΙιιῆεξιίίιιιςιρι--ςξιινίσίιίεηιίβ

219 4287 491 4348 arentibus
545 4305 744 4355 natam.
798 4293 875 4346 sic
917 4291 1119 4346 Plinius
1173 4289 1308 4347 libro
1362 4287 1501 4354 XIV,
1549 4304 1667 4414 cap.
1715 4291 1770 4343 2.

219 4363 325 4414 lvas
373 4364 671 4414 necnliares
717 4373 878 4414 atoue
929 4358 1241 4414 vernaculas
1287 4360 1448 4414 Italiae
1481 4361 1602 4414 ttobi
1633 4362 1770 4414 iores

235 4377 325 4416 vas
373 4364 671 4432 peculiares
717 4373 878 4433 atque
929 4358 1448 4433 vernacttlasgltalg;
1481 4358 1773 4416 nobiliores

177 4449 303 4489 esse
331 4430 402 4486 ait
430 4436 641 4489 cmteris
684 4430 809 4503 qua!
841 4433 1168 4488 advenerant
1204 4430 1340 4503 gltio
1381 4431 1645 4486 Tltasove.
1682 4434 1770 4487 Sic

178 4506 342 4559 etiam
385 4504 673 4575 Septimius
706 4501 762 4559 in
794 4505 1117 4573 Apologetico
1141 4519 1159 4556 :
1203 4501 1534 4575 Ifernarulum
1579 4514 1768 4571 septem

178 4576 389 4630 collium
420 4572 630 4645 plebem.
649 4576 717 4631 Et
742 4577 832 4630 lib.
862 4577 912 4631 I.
936 4572 1010 4629 De
1025 4575 1175 4630 Cultu
1195 4572 1564 4629 Faeminttrunt.
1591 4574 1781 4628 Aurum
1810 4581 1860 4641 Ι)

179 4648 325 4715 apud
350 4647 589 4702 barbaros
619 4646 963 4701 rernucultmt.
995 4646 1114 4702 Βία.

257 4715 334 4789 (e)
369 4717 624 4790 Oratione
661 4717 938 4790 presbyteri
976 4728 1378 4790 componeretur.
1430 4715 1579 4790 acit
1612 4717 1771 4772 etiam

184 4786 290 4842 Ime
314 4786 381 4843 ad
421 4786 737 4844 vetustatem
782 4786 1042 4844 orationis
1081 4803 1175 4857 pro
1212 4786 1478 4843 defunctis
1521 4802 1772 4856 compro-

182 4859 437 4924 bandam;
468 4861 554 4914 cui
598 4861 802 4914 similes
851 4859 996 4913 locos
1046 4859 1222 4912 videat
1268 4858 1438 4912 lector
1469 4858 1520 4911 in
1575 4858 1667 4913 lib.
1708 4859 1776 4914 de

186 4930 336 4984 Orat.
366 4945 414 4985 c.
450 4931 503 4994 l,
533 4945 596 4984 ac
621 4930 711 4984 lib.
740 4930 808 4986 de
838 4931 956 4984 Cor.
990 4929 1144 4985 Milit.
1185 4944 1234 4984 c.
1267 4929 1322 4984 5.
1355 4929 1448 4983 llic
1474 4944 1618 4983 certe
1650 4944 1774 4998 pro-

185 5002 302 5070 prie
330 5001 397 5055 de
419 5003 660 5072 oratione
689 5000 1004 5072 presbyteri,
1035 5001 1083 5054 id
1129 5011 1231 5066 est,
1275 5001 1417 5068 juxta
1465 5015 1616 5053 nsum
1647 5001 1777 5055 'l‘er-

185 5072 419 5135 tulliani,
450 5071 709 5127 sacrificio
740 5073 790 5128 in
832 5071 1125 5141 sepultura
1149 5080 1477 5141 mortuorum
1521 5086 1535 5125 :
1570 5087 1688 5124 nam
1721 5079 1776 5125 et

184 5143 277 5198 illa
306 5143 488 5207 verba,
514 5144 582 5197 ad
607 5145 824 5213 primum
853 5139 1077 5214 habitum
1107 5140 1224 5214 (seu
1245 5139 1482 5214 halitum)
1512 5142 1774 5205 orationis,

182 5224 576 5284 et,rttrsnntqtte
604 5217 804 5268 condita
817 5230 962 5280 puce,
993 5213 1058 5267 ad
1085 5213 1404 5268 sacrificium
1428 5213 1595 5284 magis
1617 5229 1776 5280 quam

185 5286 255 5340 ad
317 5287 609 5340 orationem
652 5288 918 5353 pertinere
947 5285 1350 5355 dignoscuntur;
1394 5283 1625 5338 maxime
1655 5299 1776 5337 cum

186 5357 356 5410 etiam
385 5355 645 5424 [trutinam
674 5367 922 5410 mortuam
947 5371 1124 5409 manus
1150 5362 1202 5407 tu
1246 5355 1473 5408 habitum
1499 5355 1777 5422 supplicent

184 5425 356 5498 (quali
399 5426 693 5498 presbyteri
730 5428 908 5498 potius
944 5427 995 5481 in
1030 5424 1295 5498 Sacrificio
1328 5441 1488 5494 quam
1527 5425 1626 5478 alia
1653 5440 1777 5480 ora-

183 5495 336 5570 tione
360 5498 436 5570 uti
463 5495 662 5570 solent)
688 5495 1034 5568 conforntaue
1061 5495 1404 5570 addataPan.

260 5567 539 5640 td)l!anus
565 5585 596 5621 a
622 5566 860 5624 lateribus
888 5570 1103 5622 dimotas
1142 5568 1195 5640 in
1239 5566 1463 5640 habitum
1497 5567 1778 5640 supplicent

183 5637 552 5710 confer-mane.
583 5639 696 5694 Hoc
724 5651 827 5706 est,
855 5640 1138 5710 dispansas
1172 5639 1528 5710 inmodulum
1577 5637 1776 5710 crucis,

180 5725 346 5781 quem
373 5708 540 5766 fuisse
575 5713 780 5766 orantis
812 5708 1086 5768 christiani
1126 5708 1365 5781 habitum
1395 5723 1538 5778 szepe
1579 5708 1781 5781 signifi-

180 5779 270 5837 cat
304 5799 318 5836 :
343 5781 606 5852 hodieque
627 5797 729 5837 non
755 5797 917 5851 pauca
933 5779 1198 5850 ejusmodi
1227 5781 1566 5850 reperiuntttr
1592 5780 1643 5832 in
1673 5779 1782 5834 Bo-

180 5868 290 5906 mae
319 5853 682 5912 subterraneis
715 5866 950 5910 veterunt
995 5852 1404 5909 cltristianorunt
1461 5863 1777 5907 monumen-

178 5933 254 5980 ta.
292 5925 410 5983 lite.

1949 3999 2024 4074 (σε)
2061 4000 2378 4074 Rursumque
2401 4001 2605 4074 condita
2629 4014 2754 4074 pace
2781 3998 2904 4054 silui
2929 4015 3020 4054 suo
3043 4001 3338 4058 reddidisse.
3367 4002 3480 4062 lloc

1875 4070 1981 4136 cst',
2014 4079 2132 4140 post
2152 4071 2392 4125 osculum
2425 4072 2589 4142 pacis,
2613 4070 2755 4140 quod
2778 4074 3248 4142 eratisigttaculutn
3276 4085 3327 4128 et
3350 4091 3478 4129 cnn-

1875 4143 2047 4199 clusio
2076 4142 2356 4204 orationis,
2385 4152 2440 4195 ttt
2485 4141 2598 4210 ipse
2627 4143 2702 4196 ait
2743 4141 2845 4196 sub
2887 4141 3046 4198 finem
3088 4143 3206 4199 libri
3249 4145 3312 4199 de
3341 4148 3479 4200 0m.

1877 4217 2033 4274 tione.
2085 4212 2356 4267 conditam
2405 4227 2588 4284 paean
2633 4213 2846 4284 proprie
2882 4213 3016 4284 dixit
3059 4217 3240 4271 oscula
3289 4229 3473 4271 mutuo

1880 4288 2020 4352 data,
2052 4298 2244 4356 nempe
2292 4284 2430 4356 inter
2477 4283 2699 4356 Fratres
2738 4299 2833 4338 seu
2876 4283 3111 4356 Ifideles,
3151 4287 3239 4356 qui
3284 4291 3478 4344 mortui

1876 4355 2230 4426 componendi
2265 4354 2444 4410 officio
2474 4355 2847 4409 interfuerant.
2874 4354 3106 4410 Condere
3132 4354 3232 4412 ltoc
3259 4359 3374 4413 loco
3401 4361 3445 4413 si
3467 4387 3480 4398 -

1875 4432 2090 4500 gnificat
2131 4448 2144 4482 :
2189 4437 2362 4481 mutuo
2405 4427 2548 4492 dure,
2609 4435 2668 4480 ut
2713 4426 3238 4500 condicere,_tnutuo
3289 4431 3474 4487 dicere.

3022 4497 3139 4554 th.

1959 4594 2025 4668 (f)
2075 4594 2140 4649 In
2180 4596 2478 4668 caemeterio.
2511 4593 2601 4668 _De
2660 4593 2988 4668 cmmeteriis
3048 4592 3474 4668 Christianorum

1879 4665 2019 4738 (qua:
2045 4677 2192 4723 extra
2214 4677 2418 4738 portam
2451 4665 2614 4738 fuisse
2633 4665 2762 4738 olitn
2791 4673 3119 4738 constructa,
3141 4681 3312 4738 supra
3336 4667 3477 4722 disi-

1881 4733 1997 4793 ttttts
2021 4741 2070 4792 itt
2097 4739 2188 4792 lib.
2214 4733 2291 4790 'de
2331 4735 2633 4790 Testimonio
2673 4735 2878 4799 animae,
2909 4749 2957 4790 c.
2992 4733 3072 4804 4).
3105 4733 3230 4791 νῆασ
3251 4739 3479 4791 adnota-

1882 4811 2053 4864 tiones
2104 4819 2314 4863 nostras
2359 4808 2409 4860 itt
2456 4806 2516 4860 Β.
2561 4805 3023 4877 Cypriattuttt.ep.
3069 4805 3138 4862 68
3180 4809 3249 4861 ad
3290 4809 3476 4877 Steph.

1879 4882 2037 4950 Atqui
2080 4897 2153 4950 an
2195 4881 2369 4950 etiant
2395 4877 2535 4944 apud
2573 4878 2825 4950 ethnicos
2872 4876 2978 4950 tale
3036 4879 3162 4950 quid
3212 4876 3474 4947 tradatur,

1881 4947 2253 5019 inquirendum
2276 4948 2520 5017 relinquo
2571 4947 2755 5002 lectori
2776 4947 3009 5003 curioso.
3037 4949 3174 5004 I’nt.

1952 5021 2030 5092 (ε)
2060 5021 2271 5092 Sibitnet
2300 5020 2397 5089 ipsi
2418 5019 3000 5092 refrigerusset.Simili
3027 5019 3230 5091 pltrasi,
3278 5021 3370 5074 lilt.
3411 5021 3481 5075 ad

1882 5090 2181 5164 Scopulum,
2224 5091 2354 5144 dixit
2383 5095 2585 5164 auctor
2619 5105 2757 5164 cap.“
2784 5091 2837 5164 4;
2877 5090 3236 5164 [adigentibus
3267 5094 3480 5164 refrige-

1879 5160 2076 5221 rantur.
2112 5162 2162 5215 id
2191 5173 2295 5228 est,
2328 5161 2660 5233 refrigerium
2685 5160 2977 5219 aﬂerimus.
3005 5160 3152 5217 ῬΑιι.

1952 5254 2101 5311 CAP.
2135 5254 2242 5311 LII.
2265 5284 2333 5295 —
2361 5251 2444 5326 (lt)
2477 5253 2712 5326 Seposita
2734 5255 3033 5326 attentione
3071 5257 3314 5326 fatorum.
3335 5254 3476 5326 iNon

1882 5327 1986 5382 vult
2010 5324 2531 5398 prolixiorem‘tiane
2551 5325 2618 5378 de
2658 5324 2835 5398 anitna
2879 5324 3295 5398 disputationem
3324 5325 3472 5382 face-

1881 5414 1940 5453 re
1969 5415 1981 5451 :
2011 5395 2103 5452 sed
2133 5399 2244 5452 sive
2275 5395 2382 5450 fato
2412 5395 2602 5450 modus
2625 5396 2810 5449 mortis
2834 5395 3058 5461 accidat,
3088 5398 3202 5451 sive
3231 5397 3472 5462 fortuito,

1881 5469 2238 5541 praetermissa
2266 5467 2394 5541 _Itac
2425 5465 2747 5541 __qua:_stione
2801 5466 2866 5518 ad
2911 5466 3229 5541 divisionem
3287 5467 3475 5541 mortis

1880 5536 2239 5612 progreditur,
2264 5539 2315 5592 in
2343 5536 2669 5592 ordiuariam
2699 5546 2750 5591 et
2789 5537 3293 5591 extraordinariam.
3337 5537 3471 5592 Lac.

1955 5628 2017 5714 (ί)
2051 5630 2273 5714 Arbitrio
2295 5629 2510 5714 nomini-5
2535 5629 2793 5714 ntftiieett‘s.
2815 5629 3264 5714 ntortiseventttnt.
3301 5629 3475 5714 Locus

1885 5699 1972 5758 ltie
1993 5699 2186 5760 iterum
2220 5700 2339 5755 facit
2368 5717 2462 5769 pro
2484 5699 2714 5771 hominis
2741 5699 2911 5771 libero
2937 5700 3179 5762 arbitrio,
3207 5702 3345 5769 quod
3387 5703 3473 5771 ip-

1885 5789 2004 5830 sum
2023 5783 2172 5830 vocat
2187 5788 2308 5826 mox
2329 5774 2457 5826 satis
2479 5786 2615 5826 nove
2637 5770 2907 5824 oblationis
2929 5779 3314 5840 potestatem,eo
3330 5770 3473 5841 quod

1889 5847 2055 5913 possit
2083 5853 2359 5914 acceptare
2407 5858 2502 5912 per
2546 5842 2873 5898 voluntatem
2915 5841 3075 5898 vitam
3113 5850 3204 5897 aut
3242 5855 3470 5901 mortem

1882 5918 1986 5974 sibi
2011 5931 2042 5971 a
2074 5918 2180 5974 Deo
2205 5915 2456 5971 oblatam.
2486 5914 2619 5968 Pan.
