4250 6494
192 405 302 461 ’145

1550 397 1753 455 LIBER
1796 399 1882 455 DE
1925 401 2158 462 ANIMA.

3373 417 3479 474 746

198 517 373 569 nullas
409 513 541 569 alias
581 515 786 569 animas
814 513 952 585 apud
976 527 1034 569 se
1059 524 1252 584 prtetcr
1279 521 1573 583 martyrum
1605 521 1786 566 osten-

1893 516 1969 571 ria
2000 519 2347 589 deputabitur
2372 524 2452 594 (5)
2484 523 2674 579 animae
2710 527 2937 580 cessatio
2988 529 3296 598 sepulturzr,
3325 548 3479 602 quam

194 606 320 660 dit?
364 605 645 674 Quomodo
696 605 774 676 (a)
806 607 1064 676 Perpetua
1111 605 1398 662 fortissima
1444 613 1664 674 martyr,
1690 603 1790 658 sub

195 699 280 753 die
310 699 592 769 passionis.
618 699 668 752 in
692 700 1019 756 revelationc
1052 701 1305 771 paradisi,
1336 701 1482 756 solos
1510 699 1616 754 illic
1641 713 1790 752 com-

195 805 462 864 tnartyres
491 808 620 847 suos
650 793 800 857 vidit,
837 794 938 848 nisi
968 795 1090 864 quia
1124 794 1280 848 uultis
1335 790 1605 861 romplnea
1637 803 1790 858 para-

194 884 294 939 disi
320 883 541 954 janitrix
573 884 735 950 cedit,
769 885 869 939 nisi
898 885 987 955 qui
1012 885 1063 940 in
1090 885 1308 941 Christo
1324 883 1651 940 decesserint
1681 879 1786 948 (l),

195 993 304 1032 non
337 979 388 1032 in
418 977 634 1031 Adam?
664 976 806 1031 Nova
839 992 984 1032 mors
1011 994 1109 1048 pro
1138 977 1268 1043 Deo,
1297 973 1787 1032 etextraordinaria

196 1084 296 1139 pro
323 1067 538 1124 Christo
565 1110 578 1133 ,
624 1068 735 1122 alio
775 1078 826 1123 et
856 1069 1060 1137 privato
1085 1069 1348 1138 excipitur
1375 1067 1628 1135 hospitio.
1685 1065 1790 1134 Ag-

195 1176 358 1214 nosce
402 1161 578 1230 itaque
615 1159 970 1215 differentiam
1000 1160 1198 1215 ethnici
1229 1171 1284 1214 et
1318 1158 1489 1213 tidelis
1516 1157 1566 1210 in
1596 1166 1786 1210 morte.

193 1253 248 1308 Si
280 1269 376 1322 pro
407 1253 515 1308 Deo
545 1255 860 1317 occmnhas,
923 1265 980 1308 ut
1027 1253 1334 1308 Paraeletns
1365 1261 1567 1316 monet,
1599 1267 1705 1304 non
1738 1252 1786 1303 in

195 1347 448 1402 mollibus
498 1346 734 1402 febribus
781 1358 834 1401 et
865 1347 914 1400 in
943 1347 1174 1410 lectulis,
1208 1345 1302 1400 scd
1339 1346 1390 1398 in
1420 1344 1713 1415 martyr-iis,
1743 1343 1788 1397 si

193 1454 411 1494 crucem
468 1449 612 1494 tuam
667 1439 846 1504 tollas,
879 1448 933 1494 et
976 1439 1216 1508 sequaris
1253 1436 1560 1499 Dominum,
1591 1444 1646 1488 nt
1677 1437 1791 1505 ipse

193 1535 449 1604 prmccpit
491 1532 668 1603 (Matt.
704 1532 776 1602 Χ)
809 1549 823 1597 ;
874 1542 980 1586 tota
1014 1532 1246 1602 paradisi
1280 1531 1463 1586 clavus
1502 1541 1622 1584 tuus
1663 1546 1788 1583 san-

191 1627 312 1694 guis
363 1634 464 1679 est.
507 1625 580 1694 (ὁ)
617 1625 791 1680 llahes
822 1626 983 1680 etiam
1013 1627 1076 1679 de
1123 1624 1372 1677 Paradiso
1400 1642 1428 1676 a
1458 1623 1617 1676 nobis
1647 1622 1772 1676 lihel

191 1718 325 1779 tum,
362 1732 468 1786 quo
499 1707 879 1771 constituimus
905 1731 1121 1772 onmem
1152 1715 1384 1770 animam
1416 1714 1558 1784 apud
1591 1714 1792 1769 inferos

188 1811 524 1882 sequestrati
555 1811 606 1864 in
637 1809 779 1864 diem
808 1809 1040 1863 Domini.

797 1923 1022 1980 CAPUT
1055 1922 1190 1979 LVI.

262 2016 507 2071 Occurrit
527 2015 863 2085 disceptatio,
881 2031 947 2071 an
972 2019 1132 2071 etiam
1158 2017 1258 2070 hoe
1285 2015 1586 2071 abexcessu
1615 2016 1791 2070 statim

191 2111 304 2172 ﬁat,
337 2127 404 2164 an
434 2109 691 2178 quasdam
725 2111 932 2164 animas
979 2110 1153 2180 aliqua
1185 2111 1321 2164 ratio
1345 2108 1582 2164 detineat
1611 2109 1695 2162 hic
1721 2108 1794 2161 in-

190 2205 356 2259 terim
389 2244 404 2270 ,
457 2217 523 2256 an
566 2203 724 2256 etiam
757 2212 1002 2272 receptas
1035 2203 1190 2258 liceat
1215 2210 1399 2272 postea
1421 2202 1487 2255 ab
1513 2199 1698 2256 inferis
1725 2216 1789 2255 ex

191 2297 422 2351 arbitrio
449 2295 530 2349 vel
559 2309 625 2349 ex
661 2295 886 2363 imperio
915 2294 1254 2349 intervenire
1281 2311 1294 2348 :
1321 2308 1418 2348 nec
1443 2293 1630 2348 harum
1647 2291 1790 2347 enim

193 2389 511 2459 opinionum
538 2386 1024 2442 suasori:edcsunt.
1065 2386 1338 2443 Creditqu
1382 2396 1464 2441 est
1492 2427 1508 2450 ,
1563 2385 1795 2455 insepul-

191 2491 280 2534 tos
315 2496 422 2534 non
455 2488 580 2532 ante
604 2479 668 2532 ad
698 2478 897 2532 inferos
920 2478 1086 2549 redigi
1117 2520 1130 2540 ,
1187 2493 1344 2548 quam
1368 2478 1510 2546 justa
1545 2490 1793 2546 percepe-

186 2573 302 2626 rint
333 2611 350 2635 ,
408 2569 702 2625 secundum
749 2569 1074 2624 homerienm
1108 2569 1408 2624 Patroclum
1439 2566 1515 2638 (c)
1547 2568 1706 2621 funus
1736 2567 1786 2620 in

187 2664 404 2720 sntnnis
456 2663 523 2717 de
570 2661 776 2716 Achille
803 2662 1148 2731 flagitantem,
1182 2662 1324 2732 quod
1357 2679 1461 2716 non
1489 2661 1622 2715 alias
1643 2659 1791 2715 adire

189 2765 382 2827 portas
412 2755 639 2809 inferum
670 2765 872 2824 posset,
902 2754 1210 2810 arcentibus
1241 2770 1362 2809 eum
1400 2754 1556 2822 longe
1583 2751 1790 2806 anima-

191 2852 297 2905 lms
348 2849 698 2918 sepultorum.
751 2848 1010 2903 Novimus
1063 2859 1284 2908 autem,
1358 2857 1554 2917 praeter
1582 2848 1787 2917 poetica

181 2943 313 3012 jura
352 2983 365 3004 ,
423 2941 637 3009 pictatis
684 2956 896 3010 quoque
925 2940 1212 2994 homericw
1247 2939 1584 2994 industriam.
1617 2939 1791 2993 Tanto

185 3033 364 3100 magis
409 3032 549 3084 enim
609 3046 794 3083 curant
855 3032 1149 3098 sepultura:
1205 3030 1538 3096 collocavit,
1595 3041 1793 3099 quanto

185 3123 356 3176 etiam
409 3135 611 3174 moram
662 3119 776 3188 ejus
824 3120 1136 3188 injuriosant
1179 3119 1459 3174 animabus
1487 3121 1786 3184 incusavit;

183 3215 354 3269 simul
405 3223 459 3268 et
501 3228 568 3268 ne
594 3213 714 3282 quis
740 3210 1051 3266 defunctum
1074 3212 1215 3266 domi
1243 3211 1489 3267 detinens
1517 3213 1629 3280 ipse
1666 3227 1782 3264 ani-

1897 626 1994 681 pro
2019 615 2187 684 gratia
2218 616 2442 672 deberet
2470 619 2740 688 amplecti.
2777 618 2973 689 Utique
3000 624 3140 676 enim
3183 626 3389 681 tardius
3417 629 3482 682 ad

1897 707 2097 762 inferos
2138 709 2376 765 abstrahi
2430 714 2592 768 malet
2635 711 2739 784 (i),
2789 731 2906 784 qme
2965 732 3063 770 nec
3109 721 3241 773 mori
3290 721 3478 776 voluit.

1895 799 2110 853 Arnahit
2152 801 2367 870 impimn
2401 803 2688 870 lueredem,
2722 822 2816 873 pcr
2844 822 3004 876 quem
3047 807 3219 862 adhuc
3251 813 3485 879 pascitur

1896 889 2012 944 luce
2040 909 2051 945 :
2084 903 2174 945 attt
2201 892 2247 947 si
2273 910 2375 960 qua
2406 911 2500 961 pro
2525 906 2673 950 certo
2699 897 2889 966 injuria
2917 911 2995 953 est
3023 899 3225 954 tardius
3255 903 3357 954 sub
3377 913 3483 956 ter-

1896 996 2009 1035 ram
2040 982 2270 1047 detrudi,
2306 986 2493 1039 titulus
2533 998 2711 1041 autem
2754 988 2961 1056 injuria:
2991 993 3222 1045 cessatio
3264 1005 3346 1046 est
3393 1011 3482 1047 se-

1896 1076 2142 1146 pullum},
2176 1092 2270 1146 per
2304 1093 2462 1147 quam
2495 1079 2732 1150 iniquum
2780 1096 2897 1135 eam
2945 1081 3142 1150 injuria.
3177 1083 3330 1138 adfici
3354 1126 3368 1148 ,
3401 1087 3486 1139 cui

1897 1185 2002 1223 non
2048 1170 2394 1239 imputabitur
2415 1170 2496 1242 (ὅ)
2523 1174 2750 1227 cessatio
2781 1174 3091 1243 sepulturte,
3119 1175 3181 1227 ad
3215 1179 3488 1245 proximos

1894 1263 2102 1317 scilicet
2132 1263 2421 1331 pertinens.
2460 1265 2616 1318 Aiunt
2645 1274 2699 1320 et
2726 1265 3009 1320 immatura
3041 1279 3214 1322 morte
3245 1285 3488 1338 pra-ven-

1897 1365 1976 1408 tas
2019 1369 2254 1421 eoosquc
2305 1357 2480 1424 vagari
2535 1357 2692 1411 isthic
2737 1357 2848 1428 (6).
2882 1358 3056 1414 donec
3108 1361 3388 1429 reliqnatia
3417 1363 3486 1431 (μ)

1896 1447 2229 1517 compleatur
2271 1457 2486 1502 a-tatmn
2511 1489 2526 1513 ,
2569 1463 2701 1518 quas
2752 1460 2858 1503 tum
2894 1447 2976 1523 (7)
3009 1450 3405 1520 pervixissent,
3446 1454 3490 1508 si

1898 1554 2001 1591 non
2053 1540 2428 1607 intempcStive
2477 1540 2756 1595 obiissent.
2808 1541 2998 1606 Porro,
3057 1553 3150 1598 aut
3195 1546 3485 1600 constituta

1897 1639 2020 1683 sunt
2050 1639 2286 1700 tempora
2319 1632 2624 1702 unicuique,
2656 1642 2710 1687 et
2752 1634 3038 1688 constituta
3071 1637 3286 1705 prteripi
3330 1652 3490 1706 puSsc

1899 1735 2002 1774 non
2033 1721 2284 1786 credam;
2315 1733 2406 1776 aut
2435 1723 2481 1776 si
2530 1723 2818 1778 constituta
2855 1737 2978 1778 sunt
3007 1726 3249 1794 quidem,
3285 1727 3378 1781 Dei
3413 1737 3492 1782 ta-

1900 1829 2020 1867 men
2053 1813 2325 1868 voluntate
2357 1814 2439 1869 vel
2477 1816 2650 1886 aliqua
2677 1825 2948 1886 potestate
2979 1817 3318 1882 nmtitantur,
3347 1821 3488 1874 frus-

1825 1908 1872 1968 B
1902 1913 1980 1959 tra
2018 1904 2361 1968 mutilantur,
2392 1905 2437 1959 si
2465 1907 2574 1975 jam
2617 1907 2818 1977 impleti
2868 1908 3134 1963 su5tinent
3162 1909 3278 1979 (8);
3316 1921 3403 1964 aut
3437 1915 3480 1966 si

1899 2015 2005 2053 non
2052 2010 2176 2054 sunt
2205 2000 2514 2063 censtitnta,
2548 2002 2690 2055 nulla
2735 2003 2838 2056 erit
2866 2003 3150 2073 reliquatio
3183 2013 3487 2074 temporum

1898 2105 2004 2145 non
2033 2093 2465 2147 constitutorum.
2501 2092 2688 2147 Adhuc
2733 2092 2923 2148 addam
2952 2112 2964 2148 :
2995 2109 3123 2151 ecce
3154 2096 3288 2150 obiit
3310 2096 3490 2168 (verbi

1896 2185 2098 2255 gratia)
2129 2184 2302 2240 infans
2331 2187 2432 2241 sub
2471 2186 2691 2240 uberum
2722 2185 2978 2254 rentibus,
3013 2197 3133 2255 puta
3167 2204 3307 2244 nunc
3352 2206 3485 2260 puer

1898 2276 2139 2343 ilH‘CSliS,
2183 2289 2306 2346 puta
2349 2278 2635 2347 vesticeps,
2682 2278 2772 2348 qui
2815 2288 2991 2335 tamen
3025 2281 3292 2352 octoginta
3321 2297 3492 2336 annos

1898 2370 2135 2424 victurus
2178 2369 2366 2426 fuisset
2411 2389 2422 2424 :
2459 2370 2556 2426 hos
2603 2382 2898 2442 prtereptos
2941 2382 2996 2426 ut
3039 2374 3218 2428 anima
3260 2375 3374 2443 ejus
3407 2374 3493 2430 hic

1899 2473 2014 2532 post
2043 2473 2268 2517 mortem
2303 2463 2576 2531 transigat,
2601 2464 2758 2532 quale
2788 2465 2908 2519 est?
2936 2463 3173 2520 {Elatem
3207 2467 3349 2521 enini
3384 2483 3492 2521 non

1899 2565 2072 2626 potest
2110 2570 2306 2628 capere
2349 2557 2464 2610 sine
2493 2571 2752 2624 corpore;
2798 2557 2920 2624 quia
2953 2572 3046 2626 per
3089 2571 3316 2626 Corpora
3359 2573 3490 2626 ope—

1897 2662 2081 2706 rantur
2105 2659 2312 2705 :rtates.
2343 2648 2526 2704 Nostri
2557 2658 2734 2702 autem
2764 2648 2888 2702 illud
2919 2664 3130 2717 quoque
3172 2649 3489 2718 recogilent,

1899 2758 2126 2812 corpora
2157 2741 2347 2796 eadem
2390 2751 2700 2810 recepturas
2747 2740 2798 2792 iu
2844 2740 3236 2794 resurrectione
3266 2740 3491 2802 animas,

1899 2836 1950 2889 in
2001 2835 2194 2904 quibus
2239 2833 2610 2887 decesserunt.
2645 2831 2807 2885 lidcm
2853 2846 2982 2901 ergo
3031 2831 3391 2900 sperabantur
3433 2844 3488 2888 et

1895 2940 2183 2995 corporum
2225 2924 2366 2979 modi
2389 2965 2403 2989 ,
2432 2922 2504 2996 (f)
2535 2934 2587 2978 et
2616 2922 2816 2977 credent
2847 2931 3032 2977 (etates
3057 2939 3177 2990 qua:
3207 2939 3488 2993 corporum

1897 3016 2087 3072 modos
2113 3016 2332 3070 faciunt.
2362 3016 2480 3082 Quo
2510 3029 2638 3085 ergo
2671 3023 2826 3083 pacto
2855 3022 3029 3083 potest
3057 3013 3274 3068 infantis
3315 3014 3492 3068 anima

1897 3110 1983 3165 hie
2013 3107 2308 3179 transigere
2345 3116 2607 3178 praerepta
2637 3114 2875 3174 tempora
2903 3147 2916 3170 ,
2947 3112 3002 3158 nt
3031 3106 3372 3175 octogenaria
3402 3123 3490 3159 re-

1896 3216 2078 3278 surgat
2108 3206 2159 3258 in
2199 3218 2430 3274 corpore
2460 3200 2659 3256 mensis
2694 3199 2884 3253 unius?
2917 3200 3019 3251 Aut
3048 3199 3092 3252 si
3132 3197 3219 3252 hic
3261 3214 3484 3253 necesse

187 3309 331 3379 ptius
357 3322 475 3361 cum
499 3305 590 3359 illo
608 3304 1010 3374 maccretnrw)
1037 3305 1358 3359 enormitate
1398 3303 1571 3358 solatii
1602 3303 1787 3358 dolore
1825 3296 1868 3359 C
1903 3299 2005 3354 erit
2029 3313 2090 3352 ca
2114 3293 2573 3365 tetnporaimpleri
2605 3307 2723 3361 qua:
2748 3289 2959 3345 fuerant
2980 3289 3265 3355 destinata,
3286 3307 3411 3345 num
3440 3300 3493 3345 et

189 3402 409 3456 nutriti.
460 3399 534 3453 Ita
581 3399 828 3468 querelas
878 3399 1071 3452 anima:
1105 3397 1384 3467 insepulttc
1410 3396 1475 3450 ad
1509 3406 1793 3465 utrumque

189 3491 451 3551 coniicit;
487 3499 544 3543 ut
568 3489 817 3542 instantia
846 3489 1066 3555 funeris,
1099 3499 1149 3543 et
1173 3487 1347 3542 honor
1372 3503 1658 3557 corporum
1687 3502 1795 3541 ser-

190 3594 375 3649 vetur,
402 3592 457 3638 et
479 3596 678 3637 maeror
697 3581 776 3651 (2)
808 3581 1109 3636 adfectuum
1133 3590 1479 3652 temperetur.
1505 3583 1791 3646 (Steterunt,

188 3693 354 3748 quam
409 3691 604 3730 vanum
636 3684 693 3730 ut
715 3676 890 3729 anima
908 3675 1308 3746 corporisjusta
1341 3675 1622 3738 sustineat,
1643 3673 1791 3743 quasi

190 3768 396 3839 aliquid
423 3784 488 3823 ex
510 3766 614 3822 illis
631 3766 696 3821 ad
721 3767 922 3822 inferos
937 3766 1337 3823 avehat?Multo
1359 3767 1567 3831 vanius,
1586 3767 1628 3820 si
1657 3765 1792 3832 inju-

1899 3390 2141 3446 ordincm
2185 3390 2308 3441 vitae
2334 3402 2491 3457 quam
2524 3384 2606 3456 (9)
2634 3384 2818 3439 sortita
2842 3394 2965 3438 sunt
2996 3394 3235 3452 tempora
3287 3386 3484 3452 pariter

1897 3497 2018 3535 cum
2046 3479 2148 3533 illis
2175 3478 2262 3532 hic
2291 3476 2635 3540 destinatum,
2666 3476 2864 3544 pariter
2891 3473 2976 3527 hic
3001 3473 3178 3528 anima
3207 3474 3478 3538 deeurrct,

1899 3583 1954 3628 ut
1983 3582 2031 3627 et
2064 3569 2274 3625 studeat
2300 3568 2367 3623 ab
2397 3566 2635 3629 infantia,
2681 3565 2918 3634 pueritiae
2951 3563 3232 3634 delegata;
3265 3577 3315 3620 et
3348 3567 3486 3621 utili-

1901 3674 1976 3720 tet
2014 3664 2082 3718 ah
2125 3659 2505 3723 adolescentia,
2534 3658 2769 3727 juventa:
2800 3655 2919 3726 (10)
2959 3658 3225 3723 excitata;
3261 3667 3316 3712 et
3361 3674 3489 3713 cens

1897 3767 2013 3815 seat
2037 3774 2066 3812 a
2089 3757 2331 3827 juventa,
2379 3760 2612 3809 senectae
2655 3749 2985 3820 ponderata;
3021 3759 3076 3804 et
3103 3751 3278 3807 tamus
3306 3754 3492 3823 eXpri-

1411 3873 1790 3930 LECTIONES
1835 3867 2242 3929 VARIANTES.

257 3973 334 4038 (1)
360 3974 647 4024 Decesserit
674 3971 950 4036 Venetltig.
967 3971 1134 4034 Ctedlt,
1163 3986 1211 4020 n.
1234 3987 1282 4035 q.
1306 3974 1354 4021 in
1380 3971 1466 4021 Ch.
1490 3970 1799 4022 decesserint

191 4042 340 4088 Pam.
367 4045 510 4085 Fran.

257 4097 333 4166 (ξ)
357 4098 591 4166 Memoria
615 4094 766 4166 Rhegi.
797 4097 900 4160 ltig.
924 4095 1071 4148 Sami.
1111 4105 1222 4147 ron.
1251 4097 1362 4148 cod.
1389 4095 1538 4161 Agob.

257 4157 333 4220 (ὃ)
359 4160 634 4220 Deputatur
656 4157 761 4220 alii.

258 4219 334 4280 (ι)
361 4219 528 4272 Mallet
551 4219 700 4272 Seml.

256 4283 334 4348 (5)
360 4283 629 4348 Imputatur
653 4287 773 4336 Par.
795 4285 914 4334 Jun.

1988 3965 2039 4032 6)
2064 3965 2147 4032 isti
2171 3965 2248 4032 hic
2270 3963 2390 4011 Jun.
2417 3961 2516 4032 Lat.

1988 4018 2038 4094 7)
2063 4028 2236 4094 {litatis
2255 4039 2353 4088 qua
2369 4037 2478 4094 cum
2501 4024 2644 4094 Pam.
2670 4018 2820 4071 Rhea.

1963 4083 2035 4151 (‘8)
2058 4083 2375 4138 Sustineutur
2398 4083 2508 4147 Rig.
2542 4093 2655 4132 Ven.

1961 4157 2032 4215 (9)
2058 4152 2177 4210 Qua:
2208 4160 2319 4198 ren.

1961 4207 2298 4279 (liiﬂuventa
2322 4209 2472 4262 Illic».
2496 4207 2635 4256 Pam.

1583 4368 2142 4443 COMMENTARIUS.

192 4484 326 4538 liani
359 4483 619 4538 sententia
645 4483 955 4538 discendum
989 4483 1214 4548 videtur,
1239 4483 1421 4538 altaris
1443 4484 1656 4537 nomine
1671 4481 1773 4548 sig-

198 4556 408 4609 niticati
433 4564 627 4608 terram
653 4563 941 4624 martyrum
971 4543 1227 4622 sanguine
1259 4554 1654 4624 cruentatatnin
1677 4543 1788 4624 mo-
1815 4543 1866 4602 D

197 4626 329 4680 dum
359 4625 559 4678 altaris.
593 4622 912 4683 Bia—llic
938 4626 1107 4680 altare
1139 4625 1289 4689 illud,
1319 4627 1471 4694 cujus
1499 4623 1556 4676 fit
1587 4622 1789 4677 mentio

199 4696 428 4766 Apocal.
491 4694 585 4766 Vl,
637 4695 938 4762 paradisum
983 4699 1396 4762 interpretatur,
1431 4697 1480 4748 in
1509 4709 1615 4763 quo
1645 4694 1792 4766 solos

200 4764 416 4820 videtur
445 4765 717 4836 collocare
749 4775 1038 4836 martyres,
1080 4766 1301 4835 reliquis
1329 4783 1445 4836 non
1487 4764 1791 4836 concedens

203 4839 307 4892 nisi
354 4837 530 4908 sinuin
561 4834 810 4889 Ahralw.
846 4833 952 4908 {Sos
981 4853 1105 4892 vero
1132 4833 1274 4891 etB.
1311 4834 1568 4908 Cyprian.
1598 4851 1684 4902 ep.
1722 4833 1794 4888 52

201 4910 273 4961 ad
303 4907 578 4960 Antonian.
600 4948 614 4969 ,
656 4906 979 4978 ntartyrihns
1025 4908 1215 4962 emtum
1237 4948 1253 4973 ,
1285 4906 1508 4978 reliquis
1540 4917 1795 4975 purgato-

203 4980 269 5035 rii
302 4978 480 5032 locum
513 4978 816 5030 tribuimus.
850 4977 984 5031 ΡΑιί.

275 5069 354 5142 (a)
392 5069 646 5142 Perpetua
701 5071 977 5142 fortissima
1017 5081 1227 5142 martyr.
1283 5073 1580 5142 Perpetua,
1627 5071 1792 5142 impe—

203 5141 362 5198 rante
400 5141 622 5203 Severo,
665 5142 716 5215 in
745 5141 933 5215 Africa
968 5145 1280 5215 martyrium
1314 5141 1411 5215 pro
1443 5143 1638 5196 Christi
1693 5141 1796 5194 fide

201 5228 364 5282 passa
391 5221 475 5267 est
509 5225 628 5265 cum
665 5210 960 5266 Felicitate.
1023 5210 1409 5268 Fortitudinem
1468 5215 1518 5267 in
1573 5222 1796 5278 utraque

204 5286 434 5338 miratus
481 5291 563 5336 est
592 5282 649 5336 S.
692 5282 1051 5350 Augustinus,
1108 5300 1262 5350 quem
1314 5285 1486 5338 adfert
1538 5283 1796 5336 Baronius

203 5355 273 5408 ad
311 5352 659 5423 Martyrolog.
702 5368 1001 5407 romanum.
1044 5353 1430 5408 'l'ertullianum
1469 5354 1568 5407 sub
1598 5354 1796 5406 Smero

206 5426 410 5478 vixisse
434 5425 484 5477 iu
516 5425 766 5478 confesso
793 5435 896 5485 est,
932 5425 1114 5492 sicque
1144 5426 1269 5479 dum
1300 5427 1632 5479 liCttlis’SiIttOs
1657 5439 1797 5475 mar-

211 5507 367 5566 tyres
397 5495 665 5566 nominat,
700 5494 816 5547 falsi
847 5496 1015 5564 arguit
1037 5510 1132 5566 eos
1158 5497 1246 5566 qui
1277 5496 1377 5550 sub
1403 5496 1644 5551 Gallieno
1675 5509 1795 5546 eas-

258 5582 344 5619 etn
374 5579 555 5631 passas
580 5565 741 5617 fuisse
768 5565 1026 5619 srrihunt.
1053 5565 1129 5618 Lr:
1161 5568 1250 5620 l'n.

291 5634 374 5705 (ti)
405 5634 571 5688 Habes
603 5636 750 5687 etiam
778 5635 838 5687 de
867 5635 1118 5689 Paradiso
1145 5657 1173 5690 a
1204 5639 1346 5691 nobis
1375 5639 1617 5691 libellum.
1652 5636 1800 5688 llunc

210 5710 276 5762 de
316 5705 568 5778 l’aradiso
607 5706 839 5778 libellum
883 5707 1062 5759 haluiit
1102 5710 1376 5778 exetnplar
1405 5708 1672 5775 Agabardi
1699 5723 1797 5760 an-

210 5791 427 5844 tequam
459 5776 510 5830 in
545 5776 860 5844 pcrnieiales
889 5794 1077 5832 manus
1107 5776 1398 5833 incidisset.
1427 5779 1546 5832 lito.

285 5843 438 5902 CAP.
471 5845 754 5913 [Ἦν-(τι)
800 5843 1090 5901 Secundam
1123 5853 1431 5903 ltomericum
1481 5848 1796 5904 Patroclum.

212 5919 388 5976 Locus
413 5918 478 5971 ad
501 5933 656 5984 quem
686 5919 870 5971 alludit
901 5923 1160 5984 reperitur
1182 5921 1328 5976 Iliad.
1358 5946 1408 5991 ρ.

466 6010 904 6071 Τειιτυιιιιιθιι
953 6011 1030 6071 ll.

2126 4481 2251 4512 θειπτι
2274 4485 2317 4520 με.
2339 4470 2420 4507 ὅττι
2445 4469 2600 4517 τὰχωη
2627 4467 2741 4510 :JAa;
2761 4461 2874 4503 αίδιο
2897 4468 3052 4517 κιρήσω,

2142 4534 2242 4585 Ti};
2331 4516 2512 4583 deriuari
2529 4531 2638 4579 ψυχαὶ
2662 4525 2794 4566 ιῖδωλα
2819 4516 3016 4576 sapasim.
3114 4516 3236 4566 ΓΔΗ.

1969 4615 2049 4689 (ιι)
2115 4607 2434 4689 Enormitatc
2491 4600 2682 4689 solatiiig
2713 4601 3159 4689 rdolorepnu'triti.
3219 4601 3488 4684 Lugetnns

1897 4671 2234 4756 ademptum,
2281 4689 2333 4756 et
2373 4685 2550 4756 tamen
2591 4672 2822 4753 adempti
2843 4671 3104 4756 (reliquias
3131 4688 3367 4754 servare,
3403 4677 3486 4730 iii-

1897 4741 2002 4814 ttiet
2020 4741 2331 4821 i,'amptccti
2354 4788 2368 4821 ,
2395 4745 2624 4821 osculari
2650 4743 2821 4821 juvat.
2843 4741 2930 4797 Sic
2955 4741 3193 4821 dolorem
3223 4748 3489 4821 nutrimus

1899 4813 2242 4898 reliquiarum
2288 4818 2510 4898 solatio:
2543 4813 2634 4896 Sic
2685 4814 2954 4898 nutrimus
2989 4813 3238 4898 solatium
3279 4816 3486 4872 dolore.

1897 4884 2064 4956 Atrox
2097 4907 2149 4951 ct
2182 4905 2402 4948 enorme
2432 4886 2706 4950 solatium,
2735 4884 2874 4956 quod
2907 4885 3006 4938 nisi
3026 4886 3208 4940 dolore
3231 4903 3334 4944 non
3358 4904 3488 4941 con-

1899 4953 2023 5026 stat.
2057 4963 2366 5035 Fulgentius
2398 4957 2688 5035 Mythnlog.
2724 4971 2774 5009 ιε
2809 4953 3021 5035 Fecerat
3039 4957 3308 5035 enimille,
3353 4962 3489 5035 unde

1901 5043 2068 5096 luctus
2095 5027 2484 5091 resurrectione:
2514 5027 2702 5099 in_dies
2723 5027 3038 5099 acquireret,
3057 5043 3156 5080 non
3178 5029 3232 5081 in
3252 5045 3352 5099 quo
3380 5030 3489 5083 luc-

1901 5123 1979 5167 tus
2005 5108 2242 5166 solatium
2270 5102 2528 5155 inveniret.
2561 5097 2631 5151 Et
2659 5107 2834 5150 tamen
2865 5096 3134 5151 fatendum
3161 5096 3277 5164 est,
3311 5099 3487 5154 inesse

1899 5185 2129 5245 aliquam
2181 5178 2232 5230 in
2274 5172 2531 5245 eoluctn
2568 5168 2903 5245 voluptatem
2930 5207 2944 5231 ,
2998 5168 3208 5245 qualem
3236 5173 3486 5245 exprimit

1902 5238 2132 5309 Achilles
2162 5243 2464 5302 Patroclum
2495 5238 2871 5294 deiunctumin
2897 5239 3100 5293 somnis
3121 5239 3448 5308 amplectens
3471 5260 3483 5295 :

2153 5381 2158 5386 .
2184 5379 2191 5387 .
2216 5379 2222 5386 .
2250 5377 2257 5385 .
2277 5345 2502 5392 ’Μινυυθόπιρ
2519 5340 2725 5391 ἀμφίϐολον
2749 5353 2789 5376 τι

2155 5406 2328 5458 inﬂat;
2343 5408 2464 5445 ὀλοοῖο
2486 5387 2768 5455 ξιοᾷρκόμσοι
2785 5402 2895 5449 γόοιο.
3052 5387 3160 5439 Rm.

1976 5485 2050 5557 (c)
2094 5479 2565 5557 Donec__reliqnatto
2607 5471 2936 5557 compieatur.
2965 5471 3272 5557 ‘Elcgaqter
3302 5472 3488 5557 adnuo.

1902 5543 2242 5614 dutnlvoeem
2272 5543 2929 5616 illamjurcconsultorutn
2964 5544 3235 5616 transtulit
3260 5545 3325 5597 ad
3359 5557 3486 5598 ωιςι-

1906 5612 1970 5684 iis
2015 5625 2306 5684 residuum,
2357 5612 2499 5688 quod
2530 5614 2865 5688 desideratur
2905 5612 2957 5665 in
2992 5612 3269 5688 iniuratora
3317 5632 3490 5670 mora:

1905 5683 2432 5772 prxveutis._l\‘anra
2465 5687 2729 5772 Paulonl.
2756 5684 3156 5772 qui‘nominibtts
3198 5683 3266 5736 ι).
3301 5688 3363 5738 de
3390 5687 3488 5772 ad-

1905 5755 2028 5825 inin.
2059 5779 2102 5821 et
2134 5767 2287 5834 peric.
2317 5769 2464 5834 tuta,
2507 5756 2765 5834 accipitur
2793 5755 3059 5834 reliquqtio
3089 5769 3183 5823 pro
3213 5772 3278 5810 eo
3304 5758 3442 5825 quod
3471 5799 3486 5823 ,

1906 5821 2201 5900 rationibus
2230 5821 2503 5891 deductis,
2536 5821 2929 5896 cst'reliquunt.
2959 5821 3095 5900 Pan.

1977 5893 2042 5983 (Γ)
2096 5907 2160 5962 Et
2185 5904 2371 5962 cantem
2395 5910 2568 5958 wtates
2596 5913 2710 5971 qua:
2745 5893 3034 5965 corporum.
3069 5893 3208 5948 Cave
3239 5911 3306 5952 ne
3339 5905 3496 5965 putes

2682 5990 3211 6071 (Vingt-quutre.)
