4250 6494
743 393 846 448 757

2149 386 2608 444 TERTULLIANI

3923 390 4030 446 ’148

757 521 887 578 "uti,
918 521 969 565 ct
1001 526 1185 578 agrum
1230 519 1435 578 urgeat,
1483 509 1716 578 naviget,
1745 506 1935 578 litiget,
1968 505 2152 568 nnbat,
2184 504 2334 558 labo-
2365 504 2416 564 Α
2446 503 2567 557 Iutis
2615 506 2815 574 pariter
2879 508 3177 577 aninueque
3233 508 3574 563 vastati-iectu
3622 509 3900 562 scientiam
3947 507 4033 578 (6)

761 615 864 666 tet,
912 602 1252 672 a-gritndincs
1301 601 1489 660 obeat;
1532 611 1585 654 et
1633 613 1983 669 qnarcumquc
2033 597 2176 650 illam
2217 611 2338 649 cum

759 696 1088 765 temporibus
1123 693 1410 747 manebant
1456 692 1622 746 tristia
1655 706 1716 746 ac
1748 690 1910 744 heia?
1940 689 2045 744 Sed
2075 689 2186 743 hzec
2225 688 2343 743 sine

749 805 977 857 corpore
994 787 1262 856 quomodo
1292 783 1777 856 tran<igentnr?vita
1792 785 1907 839 sine
1922 781 2049 836 vita?
2063 779 2165 836 Sed
2183 795 2343 834 vacua

760 888 919 935 erunt
961 890 1082 947 lein;
1104 894 1219 941 ora,
1250 879 1365 933 solo
1395 878 1623 932 decursu
1659 874 2020 943 adimplenda.
2046 873 2181 940 Quid
2216 887 2346 942 ergo

761 971 1002 1041 prohibet
1036 971 1172 1039 apud
1209 970 1406 1024 inferos
1437 985 1496 1024 ea
1528 968 1765 1038 impleri,
1797 967 1884 1022 ubi
1912 966 2138 1037 perinde
2165 965 2344 1019 nullus

756 1079 835 1119 est
850 1081 980 1119 usus
1011 1064 1258 1117 illortnn?
1280 1063 1351 1116 Ita
1371 1062 1600 1116 dicimus
1616 1077 1829 1116 omnem
1854 1062 2105 1125 animam,
2136 1073 2344 1130 quaqua

757 1157 1256 1216 tetatech-csserit.
1293 1157 1342 1209 in
1390 1174 1449 1208 ea
1493 1166 1635 1209 stare
1678 1154 1742 1208 ad
1789 1170 1908 1207 eum
1958 1153 2123 1214 diem,
2177 1166 2346 1220 nsque

753 1269 859 1322 quo
887 1250 1181 1323 perfectum
1211 1250 1340 1304 illud
1362 1249 1747 1318 repromittitur
1773 1247 1838 1300 ad
1894 1247 2148 1316 angelica:
2181 1244 2350 1312 pleni-

764 1346 965 1400 tudinis
996 1358 1300 1398 mensuram
1344 1349 1716 1410 temperatum.
1755 1339 1982 1394 Proinde
2003 1353 2098 1392 nec.
2129 1334 2208 1408 (l)
2251 1352 2349 1390 ex-

765 1449 940 1493 torres
989 1434 1214 1490 inferum
1272 1434 1626 1497 habebuntur,
1674 1448 1806 1502 quas
1851 1433 1900 1485 vi
1947 1440 2159 1498 ereptas
2207 1430 2351 1484 arbi-

763 1539 992 1594 trantnr,
1037 1527 1301 1598 praecipue
1347 1542 1440 1596 per
1490 1526 1798 1579 atrocitates
1825 1523 1908 1596 (:2)
1945 1524 2348 1592 suppliciorum,

764 1625 940 1680 crucis
968 1623 1111 1686 dico,
1164 1632 1214 1675 et
1256 1622 1477 1684 securis,
1525 1629 1580 1675 et
1623 1618 1805 1687 gladii,
1842 1627 1896 1672 et
1937 1618 2100 1682 ferte;
2136 1631 2234 1672 nec
2263 1617 2348 1670 isti

767 1732 928 1784 μοι-νο
950 1716 1125 1768 exitus
1152 1713 1394 1774 violenti,
1442 1727 1575 1782 quos
1615 1712 1817 1781 jnstitia
1851 1713 2111 1774 decernit,
2147 1710 2352 1764 violen—

766 1811 851 1864 tize
878 1807 1094 1862 vindex.
1132 1826 1148 1855 ι
1186 1806 1242 1860 Et
1276 1806 1416 1868 ideo,
1443 1805 1671 1874 inquies,
1706 1805 1950 1858 scelesta:
1978 1817 2204 1873 qumque
2241 1803 2353 1856 ani-

2449 598 2657 666 magite,
2705 599 2955 653 secunda:
3001 600 3206 654 scilicet
3238 600 3572 666 idololatriae,
3604 602 3653 654 in
3687 618 3788 669 qua
3836 615 3898 654 se
3923 601 4038 655 daa-

2449 702 2638 743 mones
2678 690 2897 758 perinde
2947 701 3184 745 mortuos
3233 692 3457 762 lingunt,
3487 693 3939 760 quemadmodum
3986 691 4042 747 in

2451 781 2538 834 illa
2576 782 2727 837 deos.
2771 782 3004 851 Quidni?
3035 801 3156 839 cum
3189 795 3242 840 et
3284 786 3355 839 dii
3407 791 3624 841 mortui.
3661 789 3842 856 Itaque
3880 789 4040 843 invo-

2448 887 2641 930 cantur
2669 877 2884 948 quidem
2915 881 3024 932 aori
3058 890 3107 933 et
3141 879 3504 942 himothauati,
3538 883 3636 934 sub
3679 882 3771 936 illo
3797 881 3920 936 lidei
3949 897 4042 936 ar-

2448 977 2727 1036 gumento,
2776 969 2916 1038 quod
2963 969 3221 1025 credibile
3270 971 3512 1025 videatur
3563 988 3653 1026 eas
3699 975 4042 1041 potissimum

2451 1061 2658 1114 animas
2692 1060 2757 1115 ad
2801 1062 2905 1115 vim
2936 1073 2989 1116 et
3021 1063 3269 1133 injuriam
3303 1064 3502 1131 Licere,
3547 1081 3680 1135 «tuas
3723 1083 3818 1134 per
3849 1068 3958 1120 vim
3991 1075 4046 1122 et

2452 1164 2627 1204 saevus
2657 1159 2711 1206 ct
2757 1152 3072 1206 immaturus
3116 1152 3236 1208 linis
3265 1156 3526 1219 extorsit,
3569 1157 3718 1223 quasi
3750 1157 3814 1209 ad
3872 1159 4044 1212 vicem

2455 1242 2692 1297 offensae.
2714 1243 2816 1299 Sed
2841 1243 3118 1299 dzrmoncs
3141 1257 3431 1314 operantur
3451 1247 3552 1300 sub
3573 1247 3793 1302 obtentu
3823 1265 3905 1302 eat
3924 1265 4044 1314 um;

2454 1345 2506 1388 et
2533 1333 2584 1388 Ιιὶ
2619 1335 2698 1388 \‘el
2730 1339 2978 1401 maxime,
3009 1337 3096 1406 qtti
3129 1337 3179 1390 itt
3213 1337 3342 1406 ipsis
3375 1348 3501 1392 tunc
3532 1338 3747 1394 {uertunt
3780 1357 3906 1394 cum
3952 1343 4050 1395 ad-

2455 1428 2713 1491 vivereut,
2745 1429 2941 1499 quique
2973 1430 3088 1483 illas
3140 1431 3192 1484 in
3223 1430 3524 1501 huiusmodi
3582 1433 3918 1503 inipegcrnnt
3965 1434 4046 1506 (7)

2456 1522 2654 1576 exitus.
2687 1521 2844 1587 Nam,
2887 1533 2942 1578 et
2966 1523 3327 1593 suggessimus
3356 1525 3558 1579 nullum
3588 1543 3722 1595 pene
3770 1529 4046 1582 hominem

2457 1630 2643 1670 carere
2669 1615 2962 1681 da'mouio,
2987 1626 3040 1670 et
3069 1617 3310 1686 pluribus
3338 1629 3519 1671 notmu
3545 1629 3626 1672 est
3656 1620 4046 1674 dammniornm

2456 1723 2669 1778 (pioque
2691 1719 2939 1777 opera-et
2972 1710 3281 1763 immaturas
3303 1720 3354 1764 et
3385 1720 3594 1765 atroces
3624 1711 3764 1766 efiici
3817 1724 4046 1776 mortes,

2457 1814 2590 1868 quas
2635 1799 2936 1854 incursibus
2988 1799 3264 1870 deputant.
3322 1801 3469 1856 Ilane
3513 1819 3722 1873 quoque
3775 1805 4048 1859 fallaciam

765 1919 866 1958 tua:
894 1900 1076 1956 inferis
1102 1899 1338 1954 exulant.
1376 1918 1391 1948 ι
1429 1898 1666 1951 Alterum
1698 1913 1826 1965 ergo
1855 1899 2155 1950 constituas
2194 1909 2346 1949 com-
2378 1894 2428 1954 B
2457 1890 2675 1960 Spiritus
2722 1908 2947 1961 nequam
2996 1895 3094 1947 sub
3122 1896 3364 1962 personis
3405 1895 3782 1950 defunctorum
3813 1898 4042 1952 delites-

765 1995 924 2064 pello,
954 2003 1045 2046 aut
1072 1994 1238 2047 boum
1271 1994 1491 2055 inferos,
1526 1999 1615 2042 aut
1643 1989 1833 2043 malus.
1866 1990 1920 2044 Si
1953 1989 2121 2042 malos
2148 1988 2344 2055 placet,

764 2100 818 2145 et
851 2089 960 2158 jam
1005 2085 1324 2156 praecipitari
1366 2084 1492 2139 illuc
1521 2084 1714 2138 animae
1758 2085 2006 2154 pessima:
2047 2083 2262 2137 debent.
2295 2081 2351 2137 Si

767 2182 958 2245 bonos,
991 2195 1089 2234 cur
1135 2179 1297 2241 idem,
1351 2177 1556 2230 animas
1603 2177 1936 2240 immaturas,
1981 2185 2035 2231 ct
2079 2176 2348 2244 imiuptas.

772 2291 870 2344 pro
895 2274 1203 2330 conditione
1235 2273 1408 2326 relatis
1435 2286 1592 2341 puras
1622 2279 1678 2326 et
1708 2272 1984 2337 innocuas,
2026 2272 2240 2328 interim
2276 2271 2355 2326 di-

766 2382 897 2436 gnas
921 2363 1106 2419 inferis
1133 2378 1237 2417 non
1267 2362 1350 2434 (5)
1371 2361 1617 2430 jndieas?

1343 2453 1568 2509 CAPUT
1608 2454 1763 2509 LVII.

841 2552 946 2605 Aut
970 2548 1234 2614 eptimnnt
1256 2555 1338 2601 est
1361 2547 1445 2600 hic
1475 2546 1717 2607 retineri,
1744 2545 1823 2618 (ιι)
1849 2546 2140 2602 secundum
2165 2561 2354 2612 aeros;

772 2653 862 2696 aut
891 2643 1205 2710 pessimum,
1237 2639 1529 2694 secundum
1565 2639 1971 2703 bizcothanatos,
2005 2650 2061 2694 ut
2092 2640 2219 2709 ipsis
2249 2639 2357 2709 jam

773 2734 1048 2790 v0eahulis
1095 2745 1245 2793 ntar,
1291 2731 1484 2800 quibus
1529 2731 1736 2784 auctrix
1783 2732 2092 2798 otinionum
2138 2733 2358 2786 istarum

771 2827 942 2896 magia
995 2833 1169 2888 sonat,
1227 2822 1305 2894 (li)
1363 2822 1621 2875 llostanes
1651 2821 1729 2894 (4)
1780 2832 1833 2876 ct
1871 2822 2092 2892 'I'ypiiou
2123 2863 2138 2885 .
2191 2825 2262 2894 (c)
2311 2836 2364 2879 ct

773 2917 1072 2976 Dardanus.
1121 2924 1176 2968 et
1221 2915 1557 2994 Damigeron,
1603 2923 1657 2967 ct
1700 2912 1966 2979 Nectabis,
1995 2923 2049 2968 ct
2081 2915 2357 2971 Berenice.

772 3010 986 3065 Publica
1023 3009 1133 3078 jam
1194 3007 1466 3061 literatura
1508 3017 1586 3060 est
1644 3005 1748 3078 (5),
1791 3023 1908 3077 qua:
1961 3009 2165 3064 animas
2202 3011 2360 3066 etiam

768 3111 907 3173 iusta
955 3111 1111 3156 aetate
1140 3100 1365 3169 sopitas,
1411 3100 1571 3154 etiam
1623 3104 1787 3168 proba
1833 3111 2004 3155 morte
2043 3102 2360 3172 dis-junctus,

771 3194 932 3248 etiam
964 3201 1207 3263 prompta
1237 3190 1551 3244 humatione
1577 3190 1906 3260 dispunctas,
1938 3205 2280 3247 evneatnram
2305 3210 2363 3249 se

2457 1983 2650 2046 centis,
2697 1983 2797 2035 nisi
2851 1982 3022 2048 fallor,
3057 1986 3216 2038 etiam
3274 1987 3436 2040 rebus
3479 1987 3787 2056 probamus,
3822 2005 3949 2043 cum
3999 1991 4050 2044 in

2457 2075 2771 2129 exorcismis
2798 2075 3060 2131 interdum
3093 2076 3321 2147 aliquem
3354 2093 3412 2133 se
3438 2094 3501 2134 ex
3532 2082 3846 2148 parentibus
3878 2081 4053 2136 ltunti-

2461 2184 2579 2224 nem
2657 2169 2769 2224 suis
2822 2169 2904 2240 (8)
2971 2170 3238 2235 affirmat,
3316 2173 3580 2228 interdum
3654 2174 4054 2244 gladiatorem,

2461 2261 2543 2316 \el
2573 2262 2906 2327 bestiarium,
2940 2265 3076 2318 sicut
3103 2275 3156 2318 et
3199 2265 3322 2318 alibi
3355 2265 3545 2328 deum;
3590 2269 3718 2320 nihil
3753 2270 3922 2338 magis
3960 2283 4057 2323 cu-

2463 2370 2608 2415 rans,
2637 2369 2795 2421 quam
2829 2356 2930 2409 hoc
2959 2357 3128 2424 ipsum
3155 2357 3444 2413 excludere
3467 2359 3605 2429 quod
3654 2361 4014 2429 pia-dicamus
4037 2403 4050 2426 ,

2463 2465 2530 2504 ne
2569 2450 2724 2506 facile
2764 2451 3047 2506 credamus
3076 2452 3282 2507 animus
3322 2455 3599 2509 universas
3633 2456 3698 2508 ad
3729 2457 3931 2511 inferos
3967 2473 4055 2511 re-

2461 2541 2590 2613 digi,
2645 2554 2700 2597 ut
2726 2544 2984 2613 etjudicii
3014 2554 3067 2598 ct
3112 2547 3520 2602 resurrectionis
3556 2547 3714 2601 fidem
3753 2549 3950 2603 turbet.
3989 2548 4060 2603 Et

2466 2647 2640 2689 tamen
2670 2636 2756 2690 ille
2796 2637 3004 2690 ti'd‘lllOll
3038 2646 3317 2706 p'tstqttatn
3356 2639 3769 2694 circumstantes
3819 2642 4059 2695 circum-

2471 2731 2937 2794 vcniretenlavil,
2992 2732 3242 2785 instantia
3283 2732 3477 2786 divina:
3525 2735 3710 2802 gratia:
3761 2735 3957 2798 victus,
4005 2736 4058 2789 id

2464 2821 2604 2890 quod
2633 2823 2685 2874 in
2719 2837 2845 2877 vero
2866 2832 2970 2886 est,
2998 2821 3194 2876 invitus
3215 2822 3523 2876 cenfi:etnr.
3555 2825 3644 2879 Sic
3667 2835 3720 2878 et
3753 2826 3804 2878 in
3836 2825 3924 2877 illa
3952 2826 4058 2879 alia

2464 2915 2644 2983 specie
2673 2915 2880 2984 magne,
2911 2931 3028 2983 qua:
3055 2916 3163 2983 jant
3200 2916 3539 2984 quiescentes
3572 2918 3779 2971 animas
3815 2917 4057 2972 evellere

2465 3008 2534 3062 ab
2566 3006 2749 3061 inferis
2789 3006 3027 3060 creditur
3055 3015 3108 3061 ct
3132 3008 3442 3077 censpcctui
3484 3009 3762 3071 exhibere,
3798 3026 3904 3063 non
3947 3010 4055 3064 alia

2469 3100 2694 3155 fallaciae
2741 3101 2819 3155 vis
2860 3111 2944 3156 est
2982 3102 3269 3169 operatior.
3307 3101 3470 3157 l’lane
3496 3104 3616 3172 quia
3649 3113 3705 3158 et
3735 3103 4056 3172 phantasma

2470 3206 2774 3264 pneSIatnr,
2819 3196 2938 3264 quia
2991 3193 3072 3267 (9)
3112 3205 3168 3249 et
3202 3209 3398 3264 corpus
3436 3196 3755 3264 adlingitnr;
3792 3213 3892 3252 nec
3939 3212 4058 3251 ma-

775 3285 845 3338 ab
891 3285 1116 3339 inferum
1151 3282 1386 3337 incolatu
1430 3281 1731 3351 pollicetur.
1776 3283 1913 3349 Quid
1957 3300 2086 3356 ergo
2125 3287 2364 3342 dicemus
2391 3278 2438 3342 C
2472 3303 2634 3358 gnum
2668 3287 2740 3340 illi
2773 3287 3068 3341 exteriores
3107 3287 3292 3342 oculos
3319 3288 3781 3350 circumscribere,
3811 3291 3898 3343 cui
3921 3290 4060 3344 inte-

775 3376 1034 3444 magiam‘!
1082 3373 1233 3441 Quod
1283 3388 1474 3428 omnes
1523 3389 1702 3445 pene:
1747 3375 2034 3432 fallaciam.
2078 3379 2182 3435 Sed
2226 3381 2362 3436 ratio

773 3466 992 3522 fallacia!
1024 3462 1105 3537 (τι)
1127 3465 1278 3521 solos
1307 3481 1412 3519 non
1447 3467 1587 3536 fugit
1607 3466 1960 3536 Christianos,
1984 3474 2071 3540 qui
2103 3474 2359 3542 spiritalia

774 3557 1047 3628 nequitiae,
1082 3573 1186 3612 non
1214 3555 1428 3627 quidem
1459 3558 1602 3611 socia
1630 3560 1984 3621 conscientia.
2014 3563 2108 3617 sed
2141 3564 2355 3620 inimica

776 3651 995 3706 scientia
1026 3650 1292 3714 novimus,
1325 3662 1425 3703 nec
1455 3648 1756 3704 invitatoria
1787 3653 2124 3721 operatione,
2151 3657 2242 3711 sed
2269 3675 2362 3713 cx-

779 3741 1090 3811 pugnatoria
1146 3739 1512 3795 dominatione
1579 3749 1908 3808 tractamus;
1981 3746 2360 3807 multiformem

778 3834 916 3890 luem
950 3833 1142 3889 mentis
1168 3833 1434 3900 humanm,
1461 3833 1533 3906 (ε)
1563 3833 1724 3890 totius
1744 3837 1944 3892 erroris
1974 3840 2253 3910 artificem,
2277 3859 2363 3899 sa-

2467 3379 2663 3434 ri0rein
2693 3378 2887 3431 mentis
2916 3378 3083 3432 aciem
3101 3391 3376 3432 exciecare
3402 3376 3658 3447 perfacile
3681 3387 3783 3433 est.
3813 3381 4055 3448 Corpora

2467 3469 2697 3538 denique
2749 3467 3063 3523 videbantur
3107 3467 3378 3524 Pharaoni
3419 3478 3473 3524 et
3513 3468 3787 3540 Egyiitiis
3820 3473 4055 3541 magica-

2468 3577 2583 3613 rnm
2609 3561 2876 3629 virgarum
2903 3558 3185 3624 dracones,
3226 3561 3318 3616 sed
3347 3563 3511 3633 Moysi
3539 3560 3657 3633 (10)
3689 3564 3890 3618 veritas
3907 3581 4062 3620 men-

2467 3653 2678 3707 decium
2712 3652 2990 3706 devoravit
3013 3652 3032 3723 (
3059 3650 3254 3718 Exod.,
3287 3652 3374 3706 VII
3398 3651 3436 3723 ).
3470 3653 3629 3706 Multa
3662 3654 3850 3724 utique
3877 3665 3933 3710 et
3961 3657 4062 3711 ad-

2469 3761 2655 3801 versus
2684 3744 2971 3812 Apostolus
2997 3744 3180 3799 Simon
3208 3744 3358 3799 dedit
3406 3746 3450 3816 (i
3472 3746 3542 3816 l),
3573 3755 3626 3800 et
3672 3746 3891 3818 Elymas
3916 3748 4061 3818 magi

2466 3839 2643 3910 (Λα,
2690 3835 2876 3906 XIII);
2909 3837 3002 3891 sed
3050 3839 3198 3907 plaga
3241 3838 3496 3894 ctecitatis
3526 3837 3593 3893 de
3625 3839 3914 3909 prmetigiis
3957 3853 4063 3895 non

1977 3951 2268 4015 LECTION
2275 3961 2356 4019 ES
2392 3956 2806 4020 VARIANTES.

840 4064 913 4124 (l)
936 4063 1040 4114 Nec
1060 4062 1192 4112 obest
1213 4074 1243 4110 (ι
1263 4063 1404 4111 Pam.
1429 4061 1577 4124 Fran.

843 4122 1189 4189 (2)1‘rzecipna
1213 4127 1466 4189 atrocitate
1494 4122 1600 4189 Ilig_.
1633 4125 1926 4189 Ven._Gagu.

843 4133 895 4187 (1'.
941 4133 1189 4185 l’rtecipua
1213 4133 1465 4173 atrocitate
1494 4133 1600 4187 mg.
1633 4133 1744 4172 Ven.
1772 4133 1926 4189 «agn,

841 4133 916 4258 illi
937 4188 1160 4258 Intulit;le
1173 4186 1681 4258 inferisludicasltm.
1700 4185 1810 4251 Itig.
1846 4198 1959 4238 t'eu.

844 4247 916 4313 (ι’)
937 4247 1147 4313 Ostanes
1169 4252 1287 4313 Par.
1311 4247 1413 4299 alii.

840 4308 911 4377 (ἓξ)
936 4311 1099 4377 l_._itera
1124 4308 1230 4373 Εἰς.
1257 4319 1368 4377 I'gtt.

841 4371 913 4434 (6)
938 4371 1256 4423 Vastatorein.
1286 4371 1368 4422 Sic
1385 4373 1530 4423 etiam
1554 4372 1702 4423 I-‘rcat.
1729 4376 1872 4424 Pam.

2537 4073 2608 4134 (7)
2632 4071 2959 4134 lmpegerant_
2977 4075 3108 4116 Pam.
3136 4066 3285 4134 illico}.

2527 4126 2874 4198 (arsuram,
2895 4126 3174 4198 Μαι-θυῖε
3194 4127 3450 4198 Biar-cn.
3477 4132 3585 4181 cotl.
3623 4131 3806 4182 Wouw.

2549 4193 2601 4260 9)
2629 4196 2749 4260 Quia
2774 4193 3385 4260 redartdat_1t_ttt._pr:estat
3409 4200 3463 4242 ct
3492 4203 3527 4240 II
3550 4206 3673 4244 ouw.

2557 4249 2833 4320 tot‘ttopsis
2857 4253 2964 4320 nig.
2985 4255 3130 4320 Musis
3152 4249 3359 4304 s‘mnler.

2391 4363 2443 4422 Β
2533 4315 2634 4388 (ιι)
2653 4315 2800 4371 Dedit
2817 4315 2946 4370 abest
2964 4333 2991 4368 ιι
3016 4315 3124 4382 Ilig.
3156 4327 3267 4366 reti.

2128 4483 2677 4546 COMMENTARIUS.

782 4602 1176 4672 Tertullianum
1195 4600 1428 4654 voluisse
1457 4599 1636 4672 dicere
1665 4596 1894 4672 infantes
1914 4615 1936 4672 ;7
1961 4598 2052 4654 sed
2079 4602 2356 4672 reliquum

787 4673 958 4727 :elatis
988 4671 1331 4740 adimpletum
1361 4679 1485 4724 tunc
1513 4671 1797 4740 CXlllttl'ltlti
1837 4669 1993 4734 dicit,
2025 4671 2160 4726 adeo
2187 4669 2243 4726 ut
2273 4675 2356 4728 tti-

787 4743 862 4797 hil
891 4758 920 4796 a
951 4739 1238 4813 Theologis
1278 4741 1578 4813 discrepare
1613 4739 1873 4800 videatur.
1907 4743 2360 4813 qni_resurrcctu-

787 4829 878 4869 ros
907 4814 1150 4868 homines
1168 4811 1417 4866 sauciant
1445 4811 1630 4865 eadem
1660 4821 1814 4865 tetate
1843 4825 1945 4880 qua
1989 4811 2231 4869 Christus
2271 4831 2360 4871 re-

788 4885 1038 4955 surrexit.
1070 4883 1174 4951 Qni
1201 4882 1349 4955 caeci,
1382 4881 1576 4940 claudi.
1609 4895 1671 4936 ac
1711 4880 1912 4936 debiles
1945 4881 2115 4945 fuere,
2145 4888 2358 4955 corpori

786 4954 1023 5012 debitam
1055 4953 1406 5023 integritatem
1437 4963 1732 5014 assumant.
1763 4960 2025 5020 eruntque
2053 4965 2176 5010 tunc
2203 4953 2256 5010 in
2297 4972 2363 5013 eo

788 5035 930 5081 statu
949 5041 1106 5096 quem
1135 5024 1462 5096 habuissent,
1491 5023 1533 5075 si
1567 5023 1869 5092 incorrupta
1900 5033 1952 5078 et
1981 5024 2182 5096 integra
2215 5043 2366 5083 mau-

784 5096 943 5153 sisset
970 5093 1170 5151 natura.
1203 5093 1279 5149 Le
1311 5093 1406 5151 Pa.

858 5166 1012 5237 CAP.
1032 5166 1185 5237 LVII.
1208 5166 1367 5237 —_(a)
1394 5163 1685 5237 Secundum
1713 5180 1880 5230 aeros,
1899 5172 2002 5220 ctc.
2029 5167 2152 5220 Λοῑί
2189 5167 2368 5224 dicun-

795 5235 1107 5310 ιιινμωροι)
1132 5237 1220 5310 qui
1260 5235 1428 5310 morte
1473 5236 1753 5290 immatura
1801 5247 2056 5310 pereunt;
2092 5238 2367 5310 Bizeotba-

799 5306 928 5368 uati,
948 5306 1034 5378 qui
1064 5306 1293 5360 violenta
1319 5323 1331 5360 :
1355 5306 1454 5358 hoc
1479 5308 1860 5378 autem'mortis
1887 5321 2055 5376 genus
2087 5309 2164 5364 illi
2197 5311 2366 5364 Bima-

800 5377 1284 5447 tltanatiﬁoptimnm
1312 5378 1640 5447 asserebant.
1677 5377 1750 5430 Ls
1781 5377 1874 5430 Pn.

864 5447 946 5519 (h)
982 5445 1231 5503 lloitanes
1261 5458 1320 5519 et,
1336 5445 1570 5519 Typhon,
1616 5456 1719 5519 etc.
1757 5448 2015 5502 llostanes
2060 5464 2239 5517 magus
2269 5450 2366 5505 fuit

793 5517 1015 5590 insignis
1044 5520 1110 5572 de
1144 5535 1249 5590 quo
1278 5517 1644 5590 Minatius__in_
1672 5517 1814 5590 O_ct.,
1844 5519 1997 5590 Plin.
2051 5519 2142 5571 lib.
2176 5520 2324 5590 XXX
2344 5564 2359 5586 ,

785 5587 884 5656 cap
902 5585 962 5644 ’1
989 5606 1004 5655 ;
1033 5585 1354 5659 Augustinus
1391 5588 1480 5641 lib.
1515 5585 1578 5641 Vl
1611 5587 1673 5642 dc
1704 5588 1960 5654 Baptismo
1986 5599 2159 5642 contra
2188 5585 2365 5644 Dona-

790 5662 935 5715 tislus
960 5674 1076 5727 cap.
1111 5658 1204 5714 ult.
1234 5676 1246 5712 :
1285 5658 1552 5728 Magorum
1580 5669 1743 5712 tamen
1773 5661 2057 5729 pra’cipuus
2090 5659 2360 5724 Ilostancr,

791 5740 834 5784 cl
882 5731 1100 5799 [orntum
1126 5732 1243 5801 aeri
1277 5729 1368 5784 Dei
1397 5739 1544 5798 ncgat
1590 5731 1828 5801 conspici
1855 5745 2019 5801 posse,
2052 5739 2112 5801 et,
2143 5731 2363 5801 Angelos

789 5798 927 5856 vero:
952 5801 1059 5856 sedi
1086 5800 1196 5870 ejus
1224 5801 1348 5854 dicit
1390 5805 1640 5854 assistere.
1678 5798 1831 5870 Apud
1857 5798 2066 5855 Persas
2098 5798 2360 5858 Host'anas

791 5870 969 5942 Magos
995 5869 1123 5928 oliui
1150 5871 1444 5942 appellatos
1467 5869 1630 5928 refert
1658 5869 2004 5930 Plt’avorinns.
2036 5870 2261 5944 Typhon
2289 5875 2359 5929 al-

2468 4618 2547 4660 ter
2576 4621 2761 4675 magus
2791 4620 2884 4658 sna
2915 4603 3152 4668 infamia,
3174 4605 3310 4659 sicut
3331 4607 3530 4664 exteri.
3563 4607 3796 4662 Celebris
3824 4625 3836 4660 :
3867 4609 3938 4664 de
3963 4610 4066 4668 hoc

2466 4677 2768 4734 Herodotus
2799 4677 2848 4732 in
2895 4676 3149 4746 Euterpe,
3179 4685 3231 4732 et
3261 4675 3517 4748 Syra-sius
3551 4677 3640 4802 lii'i.
3679 4680 3810 4803 LPde
3839 4678 4060 4738 Prol-id.

3625 4766 3676 4803 ,ιε
3751 4767 3802 4803 ιι.

3625 4766 3676 4804 ,ε
3709 4766 3802 4804 ΙἸι.

2540 4842 2613 4916 (c)
2662 4842 2727 4916 Et
2760 4840 3032 4916 Dardanus
3061 4852 3105 4894 et
3139 4839 3481 4916 Damigeron,
3515 4852 3620 4897 etc.
3646 4843 3932 4916 ‘Ilecensct
3977 4847 4064 4902 hic

2470 4912 2923 4968 noininatissiinos
2975 4912 3025 4965 in
3077 4912 3294 4980 magicis
3340 4912 3603 4968 hoiniues.
3641 4913 3876 4968 Dardani
3909 4934 4063 4972 inen-

2471 4986 2668 5038 tionetu
2720 4981 3182 5054 plurimi‘faciunt
3227 5000 3238 5035 :
3304 4981 3554 5038 Clemens
3608 4986 3759 5038 Alex.
3821 4987 3872 5038 in
3934 5005 4062 5054 pro-

2470 5064 2658 5122 mpt;
2693 5052 2889 5107 Euseb.
2924 5051 2985 5117 ll,
3036 5053 3098 5105 de
3149 5051 3322 5123 Prtt'p.
3347 5069 3365 5115 ;
3395 5056 3658 5108 Arnobius
3690 5056 3780 5108 lib.
3815 5055 3868 5118 I;
3911 5051 4065 5124 Ap"-

2471 5126 2603 5180 leius
2631 5126 2681 5179 in
2708 5125 2848 5195 apol.
2875 5124 2942 5176 ab
2968 5139 3032 5178 eo
3055 5124 3254 5195 magici
3277 5139 3364 5178 ars
3386 5125 3793 5180 Dardaniadicta
3823 5138 3927 5182 est.
3957 5131 4064 5184 So-

2471 5196 2610 5250 lebat
2649 5194 2822 5249 antent
2865 5205 2980 5248 arte
3025 5194 3226 5262 magica
3278 5197 3466 5250 horrea
3512 5198 3803 5258 exinanire,
3863 5209 3918 5252 et
3953 5201 4063 5254 [ιίιο

2469 5277 2645 5321 menta
2668 5267 2717 5318 iu
2740 5281 2834 5319 sua
2863 5263 3103 5330 granaria
3137 5264 3422 5318 attrahere.
3463 5267 3828 5330 Damigeronis
3859 5271 4065 5325 tuemi-

2469 5341 2547 5390 uit
2578 5337 2844 5390 :\rtt0ltiUs
2871 5335 2963 5388 lib.
2989 5334 3123 5386 1.-
3143 5333 3411 5400 Nectabis,
3441 5338 3572 5390 forte
3597 5339 3941 5394 Nectaueltus
3968 5358 4061 5396 rex

2467 5409 2744 5477 a'gyptins.
2776 5435 2848 5446 —
2899 5406 2971 5460 De
3001 5405 3276 5470 Berenice,
3307 5423 3371 5458 an
3419 5408 3520 5472 vir,
3549 5424 3612 5461 an
3647 5407 3864 5464 fmmiua
3898 5414 4064 5466 fuerit

2469 5481 2673 5542 nescio,
2725 5493 2895 5546 neque
2931 5478 3078 5531 enim
3128 5477 3291 5531 credo
3339 5478 3646 5533 Berenicem
3695 5481 3839 5534 illam
3889 5483 4064 5540 fuisse

2469 5560 2691 5604 matrem
2723 5548 2989 5602 Ptolemmi
3015 5546 3369 5617 Philadelphi.
3399 5549 3475 5603 LE
3508 5550 3600 5604 Pa.

2465 5713 2500 5766 ι,
2537 5641 2616 5724 (d)
2641 5640 2792 5765 salo:
2820 5656 2921 5694 non
2952 5640 3079 5711 fugit
3098 5637 3437 5695 Christianos.
3460 5641 3599 5698 Solis
3624 5650 3745 5697 nota
3768 5655 3854 5700 est
3875 5645 4067 5704 Chris-

2489 5729 2640 5766 tanis.
2724 5727 2791 5766 te.

2489 5729 2640 5768 IlllllS.
2673 5727 2791 5768 Hic.

2537 5801 2613 5876 (is)
2643 5803 2820 5876 Totins
2837 5806 3023 5861 erroris
3061 5804 3331 5872 artiﬁcem,
3349 5812 3456 5859 etc.
3480 5803 3643 5875 Magia
3672 5805 3794 5860 ideo
3822 5806 4070 5872 infamis,

2463 5883 2517 5931 ct
2543 5875 2861 5933 Christianis
2892 5877 3160 5948 prohibita
3208 5885 3353 5932 tanta
3397 5875 3524 5931 olim
3569 5877 3890 5944 severitate,
3942 5885 4076 5953 qui:
